1934 3063
151 115 182 148 Il
778 113 974 143 MANUELIS
994 112 1145 143 CALECE
1741 110 1773 141 I2

152 177 218 199 tom.
232 169 265 203 Π,
283 177 309 205 p.
326 170 376 197 174
391 169 443 198 285
473 169 520 206 [aL
535 177 562 205 ι).
581 168 710 205 182-197]
753 176 816 196 cum
833 170 916 197 notis.
936 168 1013 197 Unde
1028 176 1141 197 recusas
1159 168 1265 202 Latine,
1279 168 1388 196 amissis
1405 169 1486 201 notis,
1505 172 1546 196 est
1559 168 1585 195 in
1598 172 1672 195 tomo
1684 167 1771 197 XXVI

151 215 223 242 Bibl.
246 214 360 242 Patrum
385 213 483 248 Lugd.,
503 221 530 249 p.
546 213 608 240 3/.5.
625 212 696 240 Idem
712 211 816 239 Calecm
839 213 970 246 scriptum
985 212 1012 239 in
1026 212 1095 240 duos
1111 212 1225 240 divisum
1245 212 1329 240 libros
1352 212 1448 239 Latina
1474 213 1599 239 versione
1621 211 1772 239 donaverat

151 258 271 286 Jacobus
286 258 436 290 Pontanus,
455 265 534 292 quam
548 257 686 287 editurum
702 263 731 283 se
747 255 868 290 promisit
886 256 1022 289 Labbeus,
1038 261 1104 284 tom.
1125 256 1146 283 II
1166 256 1202 283 De
1224 257 1401 290 scriptoribus
1417 256 1510 283 ecclu.
1524 275 1533 288 ,
1548 263 1611 290 pag.
1634 256 1678 283 45.
1699 255 1770 283 Idem

150 310 217 337 opus
233 301 325 329 Graece
340 302 438 336 legisse
453 309 482 329 se
499 309 606 328 summa
621 308 682 328 cum
698 300 782 327 animi
796 301 976 328 delectatione
1009 305 1125 338 testatur
1137 301 1264 332 Allatins,
1277 308 1309 328 ex
1324 308 1374 327 ms.
1392 299 1538 327 Mediolani
1558 299 1585 326 in
1605 300 1771 327 monasterio

154 346 242 373 sancti
267 345 416 377 Ambrosii,
437 352 502 374 ann.
520 345 602 376 6910,
625 345 670 379 qui
688 344 770 372 fuerit
783 344 886 372 Christi
900 345 978 377 1402,
996 344 1114 372 fortasse
1131 352 1186 371 non
1204 344 1290 371 multo
1311 348 1372 378 post
1394 344 1516 377 ejusdem
1532 343 1636 370 (Ialecaa
1661 348 1770 370 aetatem

151 394 304 416 exaratum.
321 388 392 415 Idem
407 388 521 415 laudans
544 387 691 420 Arcadius,
707 395 731 414 c.
747 388 771 419 7,
788 387 913 415 Calecam
929 388 1018 416 virum
1033 394 1111 416 vocat
1125 396 1189 415 sane
1199 389 1307 423 antiqua
1322 388 1424 415 Grazcia
1435 388 1553 422 dignum,
1567 392 1590 413 et
1601 387 1770 413 catholicum.

151 433 223 459 Idem
248 432 289 459 vir
311 440 409 466 magna
428 435 453 458 et
476 430 599 465 doctrina
627 436 651 458 et
668 431 722 466 ﬁde
744 435 857 459 vocatur
872 439 886 458 a
904 430 1050 461 Fraucisco
1067 433 1201 460 Turriano
1217 433 1287 459 libro
1305 432 1339 460 de
1366 439 1393 459 vt
1412 436 1440 459 et
1454 439 1503 458 vin
1527 431 1644 466 synodo.
1661 429 1768 464 (Pium)

150 475 272 503 Florent.
284 476 309 502 in
322 475 386 502 bibl.
400 474 544 508 Laurent.,
559 475 620 502 cod.
631 476 675 507 15,
690 484 717 502 n.
728 475 773 508 41,
784 475 850 510 plut.
861 475 904 507 Ἠ,

1006 477 1089 503 :siom‘s
1102 477 1162 511 (τῆς
1178 475 1408 511 ἐξομολογήσεως)
1423 475 1529 507 modus,
1540 476 1614 502 dom.
1631 474 1702 500 illan.
1719 473 1769 500 Ca-

150 518 216 547 Iecae
238 519 426 554 interpretatio
445 527 478 546 ex
496 519 607 550 Latino,
624 527 672 547 seu
686 519 774 547 forma
794 520 977 550 confessionis
999 524 1026 546 et
1048 520 1229 547 absolutionis
1243 525 1417 553 peccatorum
1440 519 1589 545 secundum
1610 517 1768 544 Latinorum

150 565 242 597 ritum,
266 572 280 591 a
307 563 379 591 Man.
400 563 497 591 Caleca
525 564 552 590 in
581 563 703 591 Graecam
731 564 850 598 linguam
880 572 913 591 co

1006 571 1023 596 I,
1068 563 1122 590 inc.
1145 562 1376 597 Ἐξομολογοῦμαί
1397 562 1435 597 τῷ
1450 561 1546 597 Κυρίῳ
1564 569 1636 595 μου,
1652 561 1691 596 τῷ
1711 560 1769 596 Θεῷ

151 617 215 642 μου,
237 613 290 636 etc.
314 607 505 642 Subjiciuntur
530 607 629 635 deinde
653 608 836 636 confessionis
864 608 1071 636 sacramentalis
1098 607 1297 642 praerogativae,
1324 614 1385 641 quae
1400 610 1581 633 numerantur
1599 605 1767 639 quindecim.

149 663 300 691 earumque
317 656 529 683 declarationes.
550 655 582 685 V.
592 655 705 683 Bandin.
722 656 781 683 Cat.
799 652 941 693 codd._‘Gr.
958 655 1042 682 Laur.
1057 661 1124 683 tom.
1143 655 1186 687 IIl,
1201 663 1226 690 p.
1242 654 1462 682 lIO.—Monac.
1480 655 1506 681 in
1522 655 1581 681 cod.
1598 654 1693 681 Bavar.
1706 653 1769 685 l27,

150 701 216 734 (sec.
234 705 287 727 cat.
302 707 342 735 gr.
358 707 424 727 mss.
443 700 539 727 Bavar.
556 707 583 735 p.
601 700 646 731 53,
670 700 704 727 ab
719 700 832 727 Hardlio
847 704 1007 728 numeratur
1030 699 1091 726 cod.
1106 698 1160 726 262
1187 699 1218 726 de
1236 698 1369 726 elementis
1390 698 1526 725 calholicw
1543 698 1606 732 ﬁdei
1625 697 1770 725 secundant

149 743 320 770 traditionem
337 748 436 770 sancta:
451 743 599 777 Scriptura?
615 747 639 770 et
659 744 851 770 catholicorum
866 744 1013 770 doctorum.
1033 743 1146 778 (HARL.)

184 786 212 813 4.
234 786 301 821 Περὶ
335 786 385 821 τῆς
403 786 484 820 ἁγίας
501 786 628 822 Τριάδος,
650 787 683 814 de
701 790 797 814 sancta
818 786 947 813 Trinitate

1005 791 1123 814 aetatum
1138 786 1374 821 opulentisaimum
1392 786 1509 814 Allatius
1523 785 1625 813 vidisse
1639 793 1668 813 se
1682 789 1768 813 testa-

151 834 195 855 tur
213 836 239 863 p.
255 828 317 860 853,
334 829 367 856 de
382 837 530 861 consensu,
549 829 639 857 adhuc
656 830 728 864 quod
743 830 828 857 sciam
855 830 914 858 ined

825 839 828 856 ι
855 830 996 858 ineditum.
1012 830 1108 865 Incipit
1130 837 1136 856 :
1156 830 1217 856 Τῶν
1237 831 1360 857 παλαιῶν
1381 830 1527 865 αἱρετικῶν
1543 827 1588 864 ἦν.

185 873 213 900 5.
234 873 316 906 Λόγοι
336 873 493 906 Θεολογικοί
504 894 511 907 ,
527 873 665 901 Oratione:
681 875 834 909 theologica:
847 882 862 902 e
878 882 946 910 quar

1016 878 1091 902 sexta
1107 873 1211 908 profert
1225 875 1351 910 quaedam
1367 874 1438 901 idem
1450 873 1579 905 Allatius,
1600 880 1626 908 p.
1643 873 1695 900 435
1711 881 1768 908 seq.

150 921 246 944 contra
263 916 475 952 Creyglitonum.

186 961 214 988 ϐ.
237 961 330 988 Οκαιὲο
344 962 376 988 de
389 966 479 988 sancto
500 961 634 996 Stephano
661 967 868 997 protomartyre.
886 962 958 989 Citat
971 961 1041 989 idem
1057 961 1106 989 lib.
1123 961 1160 989 De
1180 961 1280 995 synodo
1302 961 1446 991 Pltotiamt,
1462 968 1489 995 p.
1506 960 1568 991 512.
1591 959 1770 994 meminitque

149 1005 218 1032 libro
233 1006 265 1031 de
288 1004 465 1036 Simeonibus,
482 1013 507 1039 p.
527 1006 587 1033 115.
607 1006 704 1040 Incipit
723 1015 729 1034 :
750 1007 855 1041 Ὠσπερ
877 1007 890 1032 ὁ

824 1015 855 1041 ερ
877 1007 890 1032 ὁ
912 1006 988 1041 ἥλιος
1006 1005 1155 1040 πανταχοῦ.
1171 1004 1215 1040 [ν.
1241 1013 1334 1039 supra,
1350 1005 1405 1032 vol.
1419 1004 1453 1037 Χ,
1470 1013 1496 1039 p.
1510 1003 1587 1039 327.]

185 1049 210 1076 7.
233 1049 265 1075 In
282 1049 508 1076 circumcisionem
529 1049 643 1084 Domini.
659 1049 755 1084 Incipit
772 1058 778 1076 :
798 1050 843 1084 Τῷ
857 1049 947 1084 καιρῷ

1003 1049 1074 1084 ξείνῳ
1108 1049 1284 1084 ἐπλήσθησαν
1312 1049 1341 1075 αἱ
1362 1049 1475 1084 ἡμέραι.
1494 1047 1565 1076 Idem
1586 1048 1702 1076 Allalius
1719 1048 1766 1075 lili.

149 1093 182 1119 de
196 1092 371 1119 Simeonibns
384 1100 410 1127 p.
434 1093 494 1119 112.
509 1092 556 1128 [ν.
570 1100 651 1126 supra
668 1093 686 1120 l.
701 1101 725 1120 c.
740 1101 766 1128 p.
783 1092 860 1128 240.]

184 1136 211 1163 8.
231 1135 414 1163 Crammatica
439 1143 490 1163 ms.
516 1136 543 1162 in
569 1136 636 1163 bibl.
661 1135 817 1163 Colberlina
834 1136 895 1164 cod.
922 1136 1001 1164 I992.
1025 1137 1118 1171 Itaque
1137 1144 1185 1172 per
1211 1136 1362 1164 Mannclem
1398 1137 1606 1170 grammaticum
1623 1137 1650 1163 in
1666 1136 1768 1164 Catena

147 1179 256 1207 Macarii
275 1180 486 1214 Clirysoccphali
507 1180 533 1206 in
550 1179 650 1206 Lucam
677 1180 791 1213 intelligi
806 1180 877 1207 hunc
894 1180 1047 1207 Mattuclv-m
1064 1181 1202 1213 Calceam,
1223 1181 1380 1215 suspicatur
1397 1180 1514 1207 Wolﬁus
1536 1185 1630 1207 noster
1651 1181 1679 1207 in
1695 1180 1765 1207 Diss.

147 1225 181 1251 de
197 1224 301 1251 catenis
317 1224 440 1256 Patrum,
456 1231 482 1258 p.
498 1224 544 1251 52.
565 1223 672 1259 (FABR.)
686 1223 764 1250 Conl'.
783 1232 866 1257 snpra
880 1225 913 1251 ad
929 1226 981 1252 vnl.
999 1225 1043 1258 VI,
1060 1233 1086 1259 p.
1101 1225 1164 1252 525.
1176 1240 1209 1245 —
1221 1224 1292 1251 Man.
1309 1225 1414 1252 Calccze
1429 1225 1615 1252 Grammatira
1631 1226 1766 1259 quzcdam,

147 1269 234 1296 Paris.
253 1268 279 1294 in
299 1268 360 1295 cod.
376 1267 507 1295 Mazaiin.
524 1268 568 1295 9|.
588 1267 620 1294 ν.
635 1267 784 1295 Monll'auc.
800 1267 870 1295 Bibl.
889 1269 1007 1296 biblioth.
1025 1277 1100 1300 num,
1118 1277 1143 1303 p.
1161 1269 1230 1296 1519
1255 1268 1289 1295 Ε.
1304 1268 1416 1303 (Hann)

183 1312 299 1348 [Calecze
314 1312 345 1338 ad
363 1311 536 1338 .Ioanriicium
554 1311 685 1346 epistolas.
703 1312 729 1338 in
747 1312 810 1338 cod.
826 1311 971 1340 Vossianu.
991 1312 1023 1340 ν.
1037 1313 1098 1340 Cat.
1131 1321 1198 1340 mss.
1214 1313 1317 1348 Anglim
1334 1318 1387 1340 etc.
1403 1313 1458 1340 vol.
1479 1312 1512 1343 Il,
1529 1320 1558 1339 n.
1575 1312 1645 1339 eam
1660 1312 1668 1348 ]

183 1355 317 1390 Hymnus.
334 1354 369 1381 Te
384 1355 465 1381 Deum
478 1356 629 1387 laudamus,
646 1354 741 1382 Graece
758 1356 908 1383 translatus
925 1364 972 1391 per
989 1356 1123 1388 Calceam.
1135 1357 1175 1384 uti
1187 1357 1287 1392 Irgitut‘
1304 1357 1330 1383 in
1347 1357 1470 1391 margine
1484 1357 1545 1384 cod.
1559 1356 1678 1383 Florent.
1694 1357 1766 1384 Latt-

147 1405 217 1427 ιιι-ιιι.
246 1407 273 1426 n.
289 1399 317 1429 2,
345 1399 413 1432 plut.
437 1399 464 1425 ιι.
490 1399 542 1425 Alii
569 1399 723 1426 versionem
751 1399 823 1426 illam
855 1401 945 1435 hymni
970 1401 1145 1427 Ambrosiani
1171 1401 1295 1428 tribuunt
1317 1400 1445 1428 Sisebuto
1473 1401 1620 1435 monacho,
1637 1401 1683 1435 qui
1701 1401 1767 1428 \'i.\it

148 1451 211 1472 srec.
226 1452 264 1474 χι,
282 1443 328 1469 alii
357 1442 427 1469 aliis.
449 1441 480 1469 V.
500 1442 613 1469 Bandin.
628 1441 689 1469 Cat.
707 1443 789 1469 codd.
803 1442 851 1470 Gr.
868 1443 950 1471 Laur.
966 1443 987 1475 Ι,
1003 1452 1030 1478 p.
1047 1445 1110 1471 555.

183 1487 285 1514 Calecw
305 1486 431 1513 lllonodia
466 1493 544 1517 super
567 1485 712 1518 Meledone,
737 1486 804 1513 ibid.
824 1487 850 1513 in
876 1487 937 1514 cod.
956 1487 1038 1515 Laur.
1060 1489 1093 1516 15
1130 1497 1158 1516 n.
1180 1488 1223 1522 19,
1242 1489 1311 1523 plut.
1336 1487 1380 1516 71,
1406 1489 1438 1516 ν.
1469 1488 1584 1516 Bandin.
1616 1489 1636 1515 l.
1668 1495 1694 1515 c.
1720 1487 1763 1521 Ill,

148 1539 175 1566 p.
196 1530 255 1557 l06.

182 1576 222 1602 Ad
247 1574 372 1603 Calccam
393 1573 509 1609 epistola
533 1573 661 1602 Demetrii
685 1575 789 1610 Cydon.
818 1575 844 1602 in
865 1575 926 1603 cod.
941 1575 1054 1605 Coislin.
1072 1575 1124 1603 5Ιὸ
1142 1575 1188 1603 lin.
1207 1575 1238 1604 ν.
1265 1576 1414 1604 Manliano.
1436 1576 1503 1604 Bibl.
1526 1576 1639 1604 Coislin.
1657 1584 1683 1604 η.
1699 1576 1763 1604 429.

147 1619 257 1655 illaut.)

488 1820 688 1898 MAN
697 1819 973 1899 UELIS
1033 1819 1425 1900 CALECZE

384 1965 673 2025 CONTRA
724 1965 1136 2024 GBZECORUM
1198 1967 1559 2026 ERRORES.

701 2101 865 2146 LIBRI
905 2100 1212 2165 QUATUOR,

219 2204 304 2234 Olim
318 2202 427 2234 Latine
448 2202 530 2233 versi
551 2201 590 2232 ab
610 2200 780 2231 Ambrosio
798 2199 1060 2239 Camaldulensi;
1081 2205 1190 2242 postea
1214 2211 1251 2233 ex
1273 2202 1466 2234 bibliotheca
1495 2203 1641 2235 Bavarica
1657 2204 1690 2235 in

299 2266 401 2296 lucem
419 2263 531 2303 prolati
555 2265 586 2293 et
603 2261 687 2292 notis
703 2261 851 2291 illustrati
878 2270 894 2292 a
911 2263 1005 2293 Petro
1028 2263 1193 2301 Slevartio,
1218 2264 1350 2302 Leodio,
1370 2265 1422 2296 SS.
1447 2265 1632 2305 Theologite

348 2330 383 2359 D.
415 2327 607 2367 professore,
636 2329 667 2356 et
697 2325 878 2356 Academim
898 2325 1167 2366 Ingolstadiensis
1213 2328 1476 2367 procanccllario,
1508 2333 1567 2361 etc.

854 2488 939 2518 ΡΚᾹΞ
945 2489 1078 2520 FATIO.

571 2572 673 2600 Damno
687 2571 715 2600 S.
731 2580 762 2599 ac
781 2572 932 2600 beatissimo
947 2579 1021 2607 papa:
1038 2571 1153 2599 Martino
1168 2572 1332 2601 Ambrosius.

187 2651 270 2679 Parui
292 2651 430 2685 prmreptis
451 2651 518 2685 tuis,
542 2651 636 2678 domne
655 2649 822 2681 beatissime,
842 2657 957 2684 opusque
974 2648 1042 2676 illud
1073 2650 1140 2677 clari
1164 2656 1188 2678 et
1204 2651 1302 2678 eruditi
1321 2652 1372 2679 viri
1391 2652 1527 2680 Manuclis
1552 2652 1657 2681 Calacte
1676 2659 1770 2682 contra

151 2697 248 2725 (ἔνατα
263 2695 375 2722 levitatis
391 2703 505 2727 errores,
520 2695 589 2730 quod
606 2693 716 2728 insignis
733 2692 881 2728 Tlteologim
899 2693 988 2720 cultor
1006 2694 1134 2729 Magister
1153 2696 1282 2723 Antonius
1305 2696 1457 2730 Massanus,
1473 2699 1528 2724 zelo
1541 2698 1603 2732 ﬁdei
1620 2707 1770 2729 “tacemus.

152 2739 382 2773 Constantinopoli
397 2747 428 2766 ea:
443 2739 506 2766 urbe
519 2740 591 2774 regia
607 2745 693 2764 secum
708 2738 813 2764 advein
824 2758 833 2770 ,
847 2738 982 2765 commode
996 2740 1098 2765 ttliuam
1131 2745 1208 2774 atque
1221 2740 1331 2773 utiliter,
1344 2747 1464 2776 prompte
1478 2748 1548 2769 certe
1578 2748 1655 2778 atque
1670 2744 1770 2770 obtem-

151 2789 275 2819 peranter
288 2793 319 2812 ex
333 2785 422 2812 ercu
440 2784 565 2811 converti.
584 2783 642 2815 Quo
657 2791 719 2809 sane
734 2783 761 2809 in
779 2791 866 2815 opere,
883 2784 922 2810 vir
938 2783 983 2810 ille
997 2785 1112 2818 optimm
1145 2785 1183 2810 ita
1199 2786 1313 2819 suscepti
1329 2788 1444 2813 muneri;
1461 2787 1577 2823 implevit
1593 2789 1723 2822 ofﬁcium.
1742 2793 1769 2814 ut

150 2826 316 2862 diligentiam
329 2829 354 2855 in
368 2836 394 2855 se
410 2827 556 2855 desiderari
576 2827 642 2862 (meo
658 2827 761 2854 auident
775 2827 889 2863 indicio)
903 2836 996 2863 passus
1012 2836 1062 2856 non
1077 2829 1122 2856 sit.
1137 2828 1218 2856 Caute
1235 2830 1341 2858 enimut
1359 2831 1385 2857 in
1406 2839 1433 2858 re
1450 2835 1526 2858 tanta
1543 2840 1686 2865 congruum
1704 2832 1765 2865 ruit,
