1934 3063
137 139 169 170 15
714 136 716 138 ’
767 133 935 166 ΜΑΝΗΕΙΛ

989 134 1131 166 :AI.EC.E
1730 133 1762 167 to

136 201 227 223 tamen
247 193 400 221 rationibus
417 199 461 220 me
485 192 517 220 ad
542 191 718 219 scribendum
751 192 926 218 hortantibus
942 194 964 221 Δ
979 193 1051 221 ferre
1081 200 1163 229 atque
1183 193 1245 221 aliis
1263 192 1393 220 tradere?
1414 200 1485 220 nunc
1503 193 1613 227 quidem
1637 193 1764 220 amicitiai

137 246 219 276 atque
251 239 475 275 impellentibus,
508 237 662 272 aggrediar,
696 237 836 269 facultate,
870 245 924 272 qua

136 292 244 322 potero,
270 294 330 320 qua:
355 293 369 312 a
387 284 489 312 sanctis
507 283 636 311 Patribus
653 283 686 310 de
704 283 754 310 hac
778 291 807 310 re
825 284 926 318 scripta

137 340 220 365 sunt,
256 332 365 359 Christo
395 331 473 363 duce,
505 330 641 357 moderate
659 334 741 364 atque
756 329 926 364 simpliciter,

138 370 246 407 servato
268 377 441 412 compendio,
475 375 522 403 tibi
560 383 715 410 exponere:
735 375 859 410 p'urimis
875 377 928 403 sci-

138 425 204 452 licet
233 424 343 451 omissis
370 423 452 458 (nam
491 422 681 456 longissimum
710 425 801 453 esset,
836 422 927 449 omnia

138 470 291 507 prosequi),
319 469 471 505 paucisque
498 469 672 496 solummodo
697 468 804 502 positis,
829 468 929 502 quibus

138 524 266 545 consrare
292 517 377 552 possit
405 523 529 551 quaenam
555 515 607 542 illis
634 515 667 541 de
700 514 749 540 hac
793 521 820 540 re
844 514 929 540 fuerit

138 563 232 599 opinio
247 572 254 590 :
273 568 303 590 ut
315 570 347 590 ex
360 563 410 589 hac
425 561 614 589 moderatione
631 565 737 592 nostra,
755 564 781 586 et
797 565 837 593 tu,
854 560 928 594 quod

138 610 172 636 ah
199 609 289 636 amico
314 608 464 642 requisisti,
492 606 670 641 consequaris
686 626 692 636 ,
719 610 745 632 et
771 606 839 639 ipse,
863 606 927 632 dum

139 656 249 683 illorum
280 655 436 690 prolixitate
469 661 523 680 non
554 657 677 683 terreor,
711 651 929 685 brevitatemque

140 702 271 736 temporis
285 709 340 728 non
357 700 532 735 pertimesco,
549 699 660 726 meliore
675 698 731 733 jam
748 698 840 724 animo
857 698 908 724 sim
921 717 928 730 ,

139 748 177 774 illi
197 755 240 774 me
255 746 381 774 vindictae
396 745 570 773 subdendum
595 752 649 771 non
666 751 738 776 esse,
755 751 816 778 qua:
830 743 867 769 illi
886 743 929 769 in-

138 797 271 823 tentatur,
287 791 334 825 qui
352 791 484 817 talentum
501 789 654 816 abscondit.

175 836 232 864 Non
262 836 346 871 igitur
370 835 476 867 tacebo,
502 841 564 862 cum
590 833 728 868 praecipue
752 833 786 860 de
812 833 926 861 veritate

139 883 203 910 ﬁdei
219 882 284 909 mihi
301 888 393 910 sermo
407 880 517 908 futurus
534 880 580 912 sit,
593 887 680 914 neque
697 879 844 914 ambigam,
859 879 926 914 quin

140 937 188 964 per
205 933 230 956 te
251 927 284 954 ad
301 927 371 954 alios
403 933 513 961 quoque
529 930 679 953 manaturte
695 926 749 952 sint
766 925 863 952 littera:
883 932 934 952 no-

141 980 217 1006 stris,
243 981 313 1008 quos
335 972 437 1007 alloqui
464 971 514 1006 ipsi
541 978 594 998 non
617 972 812 1005 possumus,“
837 978 931 997 eorum

141 1019 272 1047 obtestari
297 1018 330 1045 de
347 1018 462 1044 veritate
485 1016 568 1049 fidei;
587 1016 628 1043 his
652 1020 743 1043 autent
762 1015 854 1043 licebit
871 1015 933 1043 illos

142 1065 243 1100 alloqui
259 1065 336 1100 juxta
353 1063 472 1091 edictum
489 1071 496 1095 ;
524 1068 606 1097 atque
630 1062 676 1094 ita,
691 1062 755 1088 dum
773 1062 935 1097 multiplica-

142 1113 216 1140 bitur
241 1111 315 1138 verbi
341 1109 546 1142 ministerium,
573 1109 639 1135 mihi
668 1109 718 1143 ipsi
745 1108 834 1135 ﬁdelis
861 1110 933 1136 servi

144 1165 248 1185 merces
272 1156 544 1191 cxcompensabitur.
572 1155 736 1189 Quanquam
759 1163 823 1182 vero
848 1162 935 1189 pauca

143 1205 176 1232 de
197 1203 291 1230 multis
316 1202 493 1237 appositurns
516 1201 579 1233 sim,
601 1200 624 1228 si
641 1201 703 1234 quis
724 1205 812 1227 tamen
843 1200 935 1234 jurgio

143 1255 170 1278 et
201 1248 379 1278 contentione
408 1248 554 1282 sepositis,
592 1247 690 1281 ipsam,
715 1254 763 1280 per
804 1246 935 1280 seipsam,

143 1297 285 1324 veritatem
311 1294 361 1327 rei,
387 1303 418 1322 ex
450 1295 503 1326 his,
541 1301 603 1328 quae
630 1294 708 1320 lirrna
733 1297 760 1320 et
785 1296 843 1320 rata
872 1297 936 1319 sunt

144 1343 274 1377 indagare
291 1345 394 1375 pergat,
409 1341 489 1375 longe
503 1339 687 1370 brevioribus,
703 1344 783 1372 atque
798 1338 864 1373 ipsis
879 1344 937 1365 tarr-

146 1393 204 1416 tum
220 1387 281 1415 ﬁdei
306 1386 451 1421 principiis
476 1386 547 1412 hanc
573 1384 706 1411 illustrari
725 1392 805 1419 posse
827 1391 937 1419 compe-

147 1435 217 1462 riet:
243 1439 332 1467 eoque
347 1432 476 1467 “acilius,
500 1438 556 1466 quo
579 1430 664 1458 Deum
689 1430 788 1457 talibus
810 1429 936 1457 auxiliari

147 1485 251 1508 certum
271 1483 324 1510 est,
340 1478 386 1513 qui
405 1485 466 1505 cum
484 1478 585 1512 pietate
598 1482 743 1510 quaerunt:
761 1475 936 1509 Canperator,

147 1526 246 1560 inquit,
263 1524 333 1551 Deus
349 1529 386 1551 est
406 1524 478 1550 omni
492 1523 621 1558 qua'renti
638 1522 733 1549 bonum
748 1522 768 1548 ⁸.
795 1521 874 1557 Isque
890 1522 935 1557 qui
952 1516 973 1545 (ἶ

149 1572 310 1606 Scripturas
343 1571 468 1597 hortatur
498 1569 615 1596 scrutari
640 1569 666 1600 ⁸,
697 1576 781 1602 seque
811 1569 936 1595 daturum

149 1616 298 1651 petentibus
332 1614 575 1651 pulsantibtuque"
611 1618 767 1648 aperturum
802 1614 939 1648 pollicitus

149 1668 200 1697 est,
230 1671 283 1690 non
309 1662 450 1697 pcrntittet
472 1660 628 1695 ltujusmodi
653 1659 760 1695 longius
787 1667 801 1687 a
826 1660 939 1688 veritate

151 1711 290 1737 aberrare.
462 1703 470 1715 “

187 1753 321 1787 Quoniam
337 1752 419 1787 igitur
433 1751 536 1778 dictum
550 1755 592 1778 est
606 1759 612 1776 :
633 1749 674 1777 Da
691 1750 804 1783 sapienti
822 1751 940 1778 occasio—

150 1808 220 1833 nem,
235 1805 259 1826 et
272 1797 417 1832 sapientior
428 1797 477 1824 erit
492 1796 522 1829 ';
538 1796 645 1831 qualem
660 1800 685 1823 te
699 1803 760 1824 esse
773 1797 841 1828 seio,
857 1804 939 1832 quem

152 1846 221 1874 nihil
247 1852 297 1880 pro
323 1843 510 1875 contentione,
529 1842 598 1869 nihil
622 1849 671 1876 pro
694 1843 815 1870 vanitate
841 1844 940 1875 facere,

153 1891 296 1925 solamque
315 1895 405 1916 rerum
422 1887 563 1915 veritatem
580 1887 720 1921 sapienter
750 1894 780 1913 ac
795 1887 942 1921 prudenter

153 1936 293 1972 inquirere
318 1941 368 1970 pro
397 1936 540 1968 comperto
567 1931 675 1959 habeo:
704 1932 854 1967 promptius
873 1932 940 1966 jam,

153 1982 227 2017 quod
249 1982 392 2016 quaeritur,
418 1979 556 2014 explicare
579 1977 732 2013 aggrediar.
759 1976 853 2012 Neque
877 1985 943 2006 sane

154 2031 267 2063 ignarus
284 2034 357 2060 sum,
380 2025 537 2060 complures
561 2025 615 2060 iam
639 2023 774 2058 plurimos
797 2024 831 2051 de
845 2025 896 2052 hac
913 2033 943 2053 re

153 2074 298 2109 scripsisse
323 2073 408 2100 libros
424 2092 431 2105 ,
457 2072 518 2106 qui,
545 2071 610 2098 licet
640 2069 743 2097 veritas
769 2070 943 2105 paucioribus

154 2121 291 2156 indigeret
313 2119 417 2151 verbis,
438 2117 532 2145 multis
548 2121 639 2144 tamen
663 2114 733 2151 ipsis
755 2115 943 2151 indiguerunt,

155 2171 185 2194 ut
213 2174 274 2193 eam
296 2170 392 2192 contra
420 2164 481 2191 illos
507 2167 662 2195 tuerentur,
691 2161 738 2196 qui
759 2162 943 2190 contentionis

155 2212 248 2239 studio
266 2211 338 2237 illam
355 2210 490 2237 lacessere
506 2207 656 2235 tentabant.

189 2257 335 2289 Caeterum,
354 2256 426 2283 sicut
448 2254 641 2289 unusquisque
665 2253 785 2281 ﬁdelium
804 2253 865 2280 ﬁdei
879 2261 942 2288 pro-

156 2304 209 2330 fi-rt
234 2301 456 2329 confessionem:
483 2299 568 2326 Corde
584 2300 653 2326 enim
669 2300 786 2326 creditur
807 2300 842 2326 ad
862 2301 944 2334 justi-

160 2351 246 2381 :iam:
268 2355 311 2374 ore
343 2352 430 2373 autent
449 2346 578 2380 confessio
600 2346 629 2380 fit
652 2345 685 2372 ad
711 2345 864 2373 salutem’:
880 2347 945 2381 quid

157 2395 283 2430 prohibet
298 2394 369 2421 hanc
384 2392 468 2420 etiam
491 2392 629 2419 communi
647 2392 700 2419 ﬁde
718 2392 943 2426 comprehensam

157 2442 312 2474 veritatem,
328 2440 401 2468 sicut:
415 2446 430 2466 ι
444 2439 546 2466 sanetis
560 2437 688 2466 Patrihus
701 2438 869 2473 accepimus,
885 2446 940 2473 pro-

209 2531 220 2548 '
235 2531 314 2559 Rom.
332 2538 389 2564 vin,
404 2530 450 2558 28.

508 2530 518 2546 ‘
533 2529 611 2558 Joan.
627 2537 655 2563 v,
677 2529 721 2557 39.
761 2529 854 2566 ",Lue.
872 2537 908 2561 xi,
925 2530 953 2558 9.

978 240 1115 275 implendo
1144 247 1264 272 munus;
1295 247 1368 266 nunc
1396 243 1486 266 autent
1513 239 1658 271 docendo,
1691 244 1765 265 nunc

978 286 1108 314 studiosis
1121 286 1192 313 illius
1205 285 1393 318 consulendo;
1410 292 1483 311 nunc
1497 284 1662 312 revincendo
1672 285 1767 310 adver-

978 333 1066 359 sarios
1082 341 1088 365 ;
1105 336 1187 367 atque
1210 332 1322 358 omnino
1345 336 1503 358 sanctorum
1527 331 1578 358 hac
1596 331 1628 358 de
1652 330 1768 356 veritate

979 379 1144 411 doctrinam,
1161 379 1253 413 'quam
1280 385 1294 404 a
1324 376 1453 404 Patribus
1477 377 1582 404 uestris
1599 376 1766 410 accepimus,

979 432 1117 459 quamque
1141 423 1179 451 illi
1205 431 1219 450 a
1245 423 1397 458 majoribus
1414 423 1472 450 suis
1489 430 1536 457 per
1563 422 1767 449 successionem

979 475 1139 504 acceperant
1168 469 1356 505 proponendo,
1393 474 1476 504 atque
1496 469 1588 496 omnia
1611 467 1718 495 honesti
1742 472 1769 494 et

979 517 1060 551 aequi,
1079 516 1208 543 fraternae
1225 515 1381 543 dilectionis
1399 523 1482 542 causa
1508 515 1702 549 dispensanda,
1726 506 1769 540 ni:

981 563 1075 596 ltilque
1098 563 1214 589 omnino
1239 562 1392 596 omittendo
1417 561 1576 596 diligentim.
1602 559 1660 587 Non
1677 561 1768 594 itaque

980 608 1073 642 gloria:
1097 608 1189 642 cupidi
1215 607 1372 639 scribimus,
1396 608 1442 634 sed
1464 607 1544 634 amici
1570 607 1639 634 votis
1663 613 1767 632 morem

979 658 1118 688 gerentes,
1134 661 1231 681 eorum
1247 661 1306 687 quae
1323 652 1509 688 prmdixinius,
1527 652 1623 688 gratia,
1646 651 1769 678 laborem

981 700 1054 726 hunc
1070 701 1252 732 suscepimus.
1275 699 1330 726 Nec
1348 704 1444 726 nostra
1468 699 1596 732 dicimus,
1617 698 1664 725 sed
1680 705 1740 732 qua:
1755 704 1770 723 a

982 747 1084 773 sanctis
1100 747 1229 774 Patribus
1252 747 1416 780 illorumque
1447 745 1654 773 successoribus
1667 744 1771 778 scripta

981 792 1107 827 legimus.
1135 800 1178 824 ea,
1211 797 1319 820 servato
1345 791 1541 827 disputationis
1570 791 1676 822 ordine,
1707 789 1772 816 hinc

983 840 1046 868 inde
1070 839 1182 865 collecta
1199 858 1206 871 ,
1236 838 1357 865 breviter
1397 837 1570 872 strictimque
1599 836 1740 871 posuimus
1762 843 1770 862 :

985 884 1077 910 hacin
1100 891 1127 910 re
1150 883 1218 916 sola,
1246 884 1269 910 si
1295 883 1336 911 sic
1361 883 1414 910 dici
1440 883 1575 918 oporteat,
1602 881 1771 916 gloriantes:

984 931 1056 964 quod
1080 935 1238 957 sanctorum
1268 929 1302 957 de
1331 937 1362 956 ea
1387 937 1416 956 re
1439 929 1613 963 opiuionern,
1639 927 1773 962 largiente

985 975 1051 1007 Deo,
1071 983 1120 1002 nos
1138 980 1164 1002 et
1179 975 1260 1006 scire,
1277 979 1303 1002 et
1321 974 1391 1001 tueri
1418 978 1576 1001 constanter
1591 972 1771 999 ostendimus.

985 1021 1077 1056 Neque
1091 1029 1156 1048 sane
1172 1022 1329 1056 ignoramus
1345 1021 1488 1055 plur-imos,
1505 1020 1530 1046 in
1546 1027 1660 1053 qtrorum
1675 1026 1772 1045 manus

987 1070 1037 1095 ista
1056 1068 1125 1094 forte
1145 1067 1330 1102 pervenerint,
1360 1066 1458 1100 quibus
1479 1066 1574 1092 odiosa
1602 1070 1643 1092 est
1660 1065 1770 1096 veritas,

987 1115 1037 1141 hoc
1067 1114 1127 1148 ipsa
1158 1118 1252 1140 uestra
1292 1112 1447 1139 constantia
1484 1116 1510 1138 et
1538 1110 1711 1142 confidentia,
1739 1113 1771 1137 ad

985 1161 1163 1196 jaculandum
1192 1160 1220 1186 in
1246 1167 1296 1186 nos
1316 1159 1429 1185 consilia
1457 1162 1484 1186 et
1512 1158 1654 1185 maledicta
1676 1166 1774 1192 prove.-

987 1207 1106 1239 candos;
1138 1210 1288 1239 contraque
1315 1204 1422 1239 penitus
1452 1203 1585 1238 agendum
1614 1203 1693 1230 nobis
1718 1207 1773 1234 est,

989 1253 1182 1286 contrariaque
1213 1250 1393 1277 incedendum
1425 1250 1488 1281 via,
1515 1257 1596 1283 quam
1618 1250 1640 1276 si
1667 1256 1774 1275 ramus-

988 1301 1065 1327 culos
1080 1299 1173 1326 inanes
1187 1302 1369 1332 captaremus.
1382 1294 1449 1322 Nam
1464 1295 1485 1322 si
1499 1295 1610 1330 quidem
1626 1294 1773 1321 humanam

988 1346 1102 1380 gratiam
1127 1349 1154 1371 et
1174 1343 1287 1379 gloriam
1320 1349 1530 1376 aucuparentur,
1557 1348 1695 1375 nunquam
1724 1348 1775 1366 nus

989 1392 1145 1418 auditorum
1159 1390 1230 1417 odiis
1242 1395 1443 1423 exponeremus
1457 1408 1464 1420 ,
1481 1387 1540 1419 sed,
1554 1395 1614 1422 qua:
1630 1387 1683 1414 illis
1696 1392 1774 1422 grata

990 1437 1047 1464 fore
1063 1442 1234 1471 putaremus,
1250 1443 1282 1462 ea
1300 1436 1486 1469 loqueremur.

1025 1480 1140 1508 Constat
1154 1487 1229 1515 ergo,
1244 1487 1307 1511 nos,
1320 1479 1371 1506 nisi
1387 1478 1528 1505 veritatem
1550 1477 1632 1505 rebus
1646 1477 1776 1504 omnibus

991 1526 1215 1563 pra-tulissemus,
1236 1532 1374 1558 nunquam
1397 1524 1424 1551 in
1453 1525 1525 1550 hunc
1545 1524 1687 1551 verborum
1702 1531 1777 1550 cant-

991 1581 1056 1609 pum
1074 1573 1275 1603 descensuros,
1301 1571 1327 1597 in
1353 1578 1419 1605 quo,
1444 1570 1546 1597 laboris
1572 1570 1718 1605 plurimttm
1745 1576 1777 1596 ac

990 1619 1157 1647 difﬁcultatis
1172 1639 1178 1651 ,
1196 1618 1322 1644 humana)
1340 1624 1405 1644 vero
1420 1617 1513 1650 gratiae
1533 1617 1687 1643 minimum.

1027 1665 1117 1700 lpsurn
1143 1664 1234 1698 itaque
1258 1667 1384 1690 sanetum
1406 1662 1550 1696 Spiritum,
1574 1662 1608 1688 de
1631 1669 1686 1696 quo
1704 1669 1778 1688 nunc

990 1709 1070 1736 nobis
1097 1715 1188 1735 sermo
1214 1707 1379 1738 instituitur,
1409 1706 1527 1741 primum
1554 1706 1722 1737 invocantes,
1740 1706 1776 1733 ita

991 1754 1112 1785 deruunt,
1131 1760 1192 1788 quae
1216 1752 1420 1786 proposuimus,
1442 1752 1646 1786 aggrediamur.
1664 1752 1778 1779 Utemur

991 1805 1083 1828 autem
1101 1807 1150 1834 pro
1177 1798 1350 1826 documentis
1383 1798 1450 1830 ipsis
1473 1797 1558 1825 initiis
1579 1797 1651 1829 ﬁdei,
1673 1802 1699 1825 et
1718 1805 1780 1833 qu'.e

991 1856 1023 1875 ex
1050 1847 1090 1874 eis
1115 1850 1256 1879 assumpta
1284 1852 1316 1871 ac
1339 1843 1461 1871 derivata
1491 1848 1566 1876 sunt,
1590 1849 1722 1879 quantum
1751 1846 1777 1872 in

993 1893 1048 1920 Deo
1079 1892 1237 1926 divinisque
1260 1890 1351 1923 rebus,
1378 1890 1585 1925 probationibus
1607 1891 1643 1918 uti
1669 1890 1710 1918 fas
1724 1896 1777 1923 est,

993 1939 1037 1966 his
1061 1938 1154 1970 etiam,
1179 1944 1240 1972 qua:
1263 1943 1278 1963 a
1306 1936 1448 1964 catholicis
1486 1936 1615 1964 Ecclesiae
1640 1938 1779 1972 magistris

993 1986 1064 2013 dicta
1082 1988 1156 2012 sunt.

1032 2032 1064 2058 Et
1089 2031 1230 2066 quoniam,
1251 2029 1350 2064 quibus
1364 2028 1484 2056 maxime
1508 2028 1659 2057 rationibus
1673 2030 1780 2058 ostendi

995 2078 1083 2114 possit
1097 2078 1188 2112 ejnsee
1207 2075 1368 2111 quaestionis
1386 2075 1497 2106 veritas,
1514 2075 1631 2108 primum
1645 2075 1777 2110 inquiris:

995 2124 1101 2155 deinde,
1123 2131 1183 2158 qua)
1202 2122 1255 2149 illis
1267 2121 1445 2155 objiciuntur,
1464 2119 1574 2154 experti,
1602 2127 1634 2147 ac
1651 2121 1778 2156 deinceps

997 2169 1038 2196 vel
1065 2167 1168 2201 objecta
1196 2166 1296 2199 refelli,
1323 2165 1365 2191 vel
1389 2171 1450 2198 qua
1472 2163 1598 2198 ambigua
1624 2163 1778 2197 videantur,

997 2213 1131 2241 declarari
1159 2211 1302 2246 postulas,
1333 2217 1395 2237 eum
1423 2213 1450 2236 et
1478 2216 1528 2235 nos
1551 2209 1577 2234 in
1603 2209 1780 2242 sequentibus

998 2259 1121 2287 ordinem
1138 2266 1184 2292 per
1204 2257 1296 2283 omnia
1312 2255 1493 2283 servabimus.
1517 2253 1554 2280 Ex
1572 2261 1635 2288 quo,
1652 2254 1675 2281 si
1698 2256 1783 2290 proli-

1000 2306 1090 2332 xiores
1115 2304 1232 2331 fortasse
1249 2303 1363 2333 erimus,
1380 2309 1462 2336 quam
1486 2303 1621 2334 suscepta:
1644 2300 1783 2329 brevitatis

1001 2351 1069 2377 ratio
1085 2350 1223 2384 poscebat,
1242 2348 1400 2376 noeessitati
1422 2345 1618 2380 indulgendum
1635 2352 1697 2374 erit.
1715 2347 1782 2375 lline

999 2401 1090 2424 autem
1108 2396 1215 2423 initium
1233 2402 1385 2424 sumemus.

991 2530 1001 2546 θ
1019 2529 1098 2557 Prov.
1120 2538 1157 2564 rx,
1174 2530 1201 2559 9.
1257 2531 1267 2546 '
1285 2530 1364 2558 Rom.
1381 2538 1406 2565 χ,
1426 2531 1470 2559 to.
