1934 3063
135 130 163 164 17
688 134 890 165 ADVERSUS
909 136 932 164 G

980 136 1067 166 ECOS
1088 136 1151 166 ΗΒ
1170 137 1196 167 Ι.
1724 141 1755 172 18

149 210 976 224 _—____—________

545 309 949 377 MANUELIS
1001 315 1330 380 CALECAE

711 466 892 512 LIBER
930 468 1156 514 PRIMUS

333 572 498 604 CONTRA
535 572 712 606 GRAECOS
750 574 810 604 DE
841 575 1138 608 PROCESSIONE
1169 576 1326 610 SANCTI
1356 579 1567 611 SPIRITUS.

162 747 230 774 Cum
248 746 384 773 Dominus
408 752 503 774 noster
525 746 604 774 Jesus
621 747 750 775 Christus
774 747 915 782 discipulis
930 745 954 775 Δ
967 749 1043 777 illum
1059 752 1086 776 et
1101 749 1133 776 ad
1154 753 1288 776 creaturae
1305 749 1430 776 ordinem
1451 749 1586 777 deducere
1601 770 1607 781 ,
1629 755 1655 777 et
1672 750 1757 782 Patri,

131 793 250 819 dixerit:
268 792 368 819 Euam
385 792 411 818 in
426 793 552 819 mundum
575 795 738 825 universum,
758 793 847 820 docete
863 801 918 819 om-

131 846 172 865 nrs
197 842 299 873 gentes.
326 838 490 870 baptizantes
515 846 558 864 eos
585 838 612 865 in
637 839 742 865 nomine
769 838 869 870 Patris,
896 843 919 865 et

131 882 204 914 Filii.
218 888 244 910 et
263 884 384 918 Spiritu:
400 885 486 911 sancti
501 884 532 916 '°,
551 892 615 911 num
634 884 701 912 ordo
723 885 823 919 aliquis
835 889 877 912 est
892 885 918 912 in

130 929 292 957 nominibus
303 937 334 957 ac
351 930 434 957 rebus
445 936 546 958 sanctae
559 930 704 958 Trinitatis
716 931 803 964 ipsius
819 930 919 963 Patris,

128 980 155 1002 et
185 975 262 1007 Filii,
294 980 322 1002 et
347 974 464 1009 Spiritus
492 976 592 1008 sancti,
629 976 676 1011 qui
705 977 862 1004 necessario
890 984 921 1003 ae

129 1029 239 1055 semper
266 1021 295 1047 in
320 1021 411 1054 seipse
441 1021 512 1048 idem
537 1022 573 1052 sit
599 1030 632 1049 ex
658 1023 725 1057 ipsis
764 1023 921 1050 nominibus

130 1067 291 1094 insinuatus
306 1075 313 1093 :
328 1072 410 1101 atque
428 1072 456 1094 nt
472 1075 501 1094 se
516 1068 550 1094 ad
561 1068 678 1095 invicem
708 1068 810 1096 habent
825 1077 923 1096 secun-

129 1113 193 1139 dum
222 1113 479 1147 pronuntiationem
506 1121 536 1141 ea
561 1115 693 1147 nomina,
720 1115 756 1142 ita
780 1116 863 1142 etiam
889 1116 923 1142 ad

130 1159 247 1185 invicem
269 1159 368 1186 divinae
389 1166 514 1194 personae
528 1160 660 1187 ordinata:
683 1160 760 1187 sint?
777 1160 863 1194 Quem
879 1168 924 1187 or-

129 1204 221 1230 dinem
256 1209 398 1232 servantes
436 1209 519 1238 atque
552 1206 739 1238 honorantes,
767 1207 924 1233 necessario

131 1250 247 1277 immota
276 1251 356 1276 etiam
386 1250 584 1278 haec'nomina
612 1251 735 1285 proferre
763 1252 922 1285 debeamus,

131 1297 197 1322 nihil
225 1304 261 1323 ex
289 1297 389 1323 tralito
416 1298 559 1324 nominum
587 1298 683 1325 ordine
728 1306 760 1326 ac
786 1299 925 1333 positione

130 1342 325 1374 immutantes,
346 1343 368 1370 si
389 1343 504 1371 Vt-linzus
521 1344 600 1371 nobis
626 1345 692 1378 ipsis
709 1344 735 1370 in
752 1344 925 1371 confessione

131 1391 235 1413 rcclam
259 1386 403 1415 Trinitatis
421 1396 530 1414 servare
553 1389 711 1416 rationem?
729 1390 768 1415 An
789 1389 857 1416 ordo
872 1389 926 1416 illic

131 1433 225 1460 nullus
239 1439 294 1464 cs‘.
310 1441 396 1468 caque
417 1434 528 1461 nomina
547 1440 648 1462 temere
671 1435 759 1469 posita
785 1439 849 1462 sunt
864 1443 871 1461 :
887 1439 927 1462 at-

131 1486 184 1513 que
209 1481 237 1505 in
269 1484 362 1506 nostra
388 1483 522 1514 potestate
540 1485 591 1513 est,
620 1486 649 1508 ut
668 1481 710 1508 illa
725 1481 846 1515 proferre
861 1482 927 1509 veli-

131 1533 205 1556 mus,
234 1525 274 1552 ita
302 1530 330 1552 ut
358 1526 434 1553 nullo
460 1531 568 1554 servato
592 1527 688 1553 ordine
713 1527 801 1554 Patris
827 1534 925 1554 nomen

133 1571 288 1604 aliquando
314 1578 481 1605 praeponere,
497 1571 643 1606 aliquando
673 1572 738 1599 item
763 1577 927 1606 postponere

133 1617 234 1648 liccat,
261 1617 409 1651 aliquando
428 1617 491 1644 item
517 1617 648 1652 Spiritum
676 1618 804 1652 praai‘erre
829 1618 898 1646 Filio
916 1638 923 1651 ,

132 1664 211 1697 quasi
231 1663 317 1690 ctiam
343 1663 441 1690 divinae
460 1664 512 1691 illa:
533 1671 666 1698 personae,
695 1673 755 1698 qua:
780 1665 859 1692 nobis
884 1665 927 1693 his

132 1710 299 1736 nominibus
322 1709 505 1742 insinuantur,
527 1710 681 1737 inordinate
696 1718 727 1737 se
755 1711 787 1737 ad
799 1710 927 1746 ,invicem

134 1754 269 1784 habeant,
285 1758 367 1789 atque
377 1753 442 1782 alias
458 1754 558 1782 aliter?

168 1799 202 1826 Et
216 1800 366 1835 quoniam,
390 1808 450 1834 quo:
474 1800 665 1835 proponimus,
698 1805 856 1828 saelorum
887 1801 928 1828 di—

133 1847 186 1874 etis
204 1855 238 1873 ac
257 1846 403 1873 sententiis
415 1852 540 1873 astruere
565 1854 596 1874 ac
623 1847 731 1874 ﬁrmare
747 1847 927 1881 instituimus,

135 1893 205 1919 alsit
222 1900 301 1919 nunc
316 1900 430 1926 magnus
445 1892 574 1925 Basilius,
601 1900 706 1927 nosque
722 1893 785 1926 quid
805 1893 850 1920 hic
864 1901 928 1920 son-

137 1938 262 1964 tiendnm
280 1937 327 1968 sit,
343 1938 449 1964 doceat.
466 1937 509 1964 Ait
522 1937 595 1964 enim
612 1939 639 1964 in
656 1937 778 1972 Epistula
793 1937 825 1964 ad
843 1937 929 1965 Cano-

138 1984 225 2014 nicas,
253 1983 335 2016 cuius
360 1983 466 2010 initium
490 1987 552 2010 est:
578 1992 586 2008 ι
602 1983 709 2016 Quanto
736 1990 786 2010 nos
811 1991 929 2011 mmrore

137 2029 288 2056 condecuit
299 2028 376 2063 prius
390 2027 461 2055 fama
479 2028 648 2060 subtristior,
660 2035 721 2062 quae
733 2028 845 2057 auribus
857 2029 930 2057 inso-

971 801 1017 822 aut
1032 795 1112 826 Filio,
1128 800 1249 830 tempore
1262 795 1303 822 vel
1318 796 1412 822 ordine
1426 803 1596 830 przepunere.
1615 805 1624 822 ι

1005 839 1077 867 Idem
1093 841 1119 866 in
1134 840 1223 874 primo
1234 840 1281 867 lib.
1297 840 1479 873 Quaestionum
1497 841 1546 876 (l),
1560 842 1639 876 cujus
1651 842 1758 869 initium

971 889 1032 912 est:
1049 885 1185 920 Siquidem
1200 894 1291 913 omnes
1302 886 1407 919 vellent,
1419 894 1482 914 cum
1501 895 1556 921 pra:
1573 889 1759 921 upposuiSsct,

972 930 1106 963 duplicem
1122 937 1184 957 esse
1206 931 1344 962 ordinem,
1362 932 1516 958 naturalem
1543 932 1672 964 alterum,
1692 933 1759 959 alte-

972 984 1032 1004 rum
1059 978 1219 1004 inventum:
1248 983 1332 1012 atque
1360 978 1510 1005 naturalem
1538 979 1660 1012 quidem,
1687 980 1761 1006 sicut

973 1027 1014 1051 est
1028 1027 1217 1050 creaturarum
1234 1024 1302 1050 ordo
1318 1023 1476 1051 00nditoris
1494 1025 1600 1051 ratione
1625 1025 1760 1055 instituta.

974 1069 1137 1104 numerique
1155 1069 1266 1101 locatio,
1284 1077 1488 1104 causarumque
1502 1070 1534 1096 ad
1551 1071 1671 1097 causalia
1687 1071 1764 1097 habi-

974 1119 1037 1146 tus;
1070 1115 1211 1141 inventum
1240 1123 1304 1142 vcro
1325 1121 1406 1150 atque
1432 1116 1622 1146 artiﬁciosum.
1648 1116 1719 1144 sicut
1734 1117 1762 1143 in

975 1159 1093 1192 artibus,
1111 1163 1136 1186 et
1154 1160 1320 1194 disciplinis,
1338 1167 1369 1187 ac
1384 1160 1532 1192 similibus,
1548 1160 1666 1194 adjecit:
1685 1170 1693 1186 ι
1708 1161 1763 1187 Πο-

974 1213 1035 1232 rum
1060 1211 1125 1240 ergo
1148 1206 1236 1240 primo
1261 1214 1422 1240 suppresso,
1448 1206 1596 1233 Eunomius
1636 1207 1764 1233 secundae

975 1252 1073 1286 speciei
1091 1252 1214 1278 ordinem
1240 1257 1384 1284 memorat,
1403 1252 1523 1286 dicitque
1538 1260 1544 1278 :
1562 1260 1614 1278 non
1638 1258 1764 1286 oportere

976 1297 1002 1324 in
1020 1297 1074 1324 Deo
1094 1297 1147 1324 diei
1165 1298 1288 1324 ordinem
1303 1318 1311 1330 ,
1329 1305 1390 1324 cum
1402 1298 1470 1323 ordo
1485 1297 1621 1324 secundus
1644 1297 1677 1323 ab
1689 1297 1765 1323 ordi-

976 1349 1071 1370 natm'e
1094 1345 1140 1370 sit.
1166 1342 1234 1369 lllud
1252 1347 1342 1369 autem
1359 1342 1401 1369 vel
1422 1350 1477 1369 non
1507 1342 1584 1374 vidit,
1609 1342 1650 1368 vel
1676 1342 1765 1370 sciens

977 1388 1152 1422 prudensque
1174 1388 1311 1422 pratteriit,
1337 1395 1397 1414 esse
1425 1387 1530 1414 ordinis
1553 1388 1683 1420 speciem.
1709 1394 1764 1414 non

978 1442 1010 1461 ex
1025 1438 1117 1461 nostra
1133 1433 1269 1467 positione
1284 1438 1472 1464 constantem,
1499 1432 1545 1460 sed
1571 1433 1629 1466 ipsa
1647 1432 1765 1458 naturali

978 1479 1173 1514 consequentia
1200 1479 1423 1513 contingentem:
1449 1478 1517 1505 sicut
1542 1477 1608 1512 igni,
1636 1477 1668 1504 ad
1693 1485 1765 1509 cam,

978 1533 1038 1560 qua:
1050 1533 1082 1551 ex
1101 1531 1129 1551 se
1144 1528 1247 1556 manat,
1263 1523 1362 1550 lucem.
1380 1522 1407 1549 In
1421 1522 1463 1550 his
1477 1522 1549 1549 enim
1565 1521 1684 1556 primum
1701 1530 1766 1548 cau-

978 1578 1036 1597 sam
1063 1570 1192 1601 dicimus.
1219 1569 1370 1596 secundum
1396 1569 1467 1603 quod
1486 1575 1517 1595 ex
1534 1575 1567 1595 eo
1582 1568 1682 1602 prodit.
1712 1575 1765 1594 non

979 1616 1124 1643 intervallo
1138 1616 1189 1643 ista
1206 1615 1239 1642 ab
1254 1605 1369 1641 invicem
1391 1614 1605 1648 disseparantes,
1622 1613 1670 1640 sed
1690 1612 1765 1646 cogi-

980 1662 1081 1689 tatione
1099 1661 1174 1695 prius
1194 1667 1307 1687 causam
1325 1658 1415 1690 nobis,
1433 1666 1515 1692 quam
1534 1657 1645 1685 causale
1661 1657 1765 1690 [ingen-

981 1712 1031 1734 tes.
1057 1706 1199 1739 Quomodo
1222 1706 1306 1741 igitur
1322 1705 1363 1732 fas
1386 1709 1428 1732 est
1455 1704 1491 1731 ibi
1513 1711 1612 1738 negare
1627 1702 1763 1734 ordinem,

981 1754 1025 1780 ubi
1042 1753 1178 1780 secundus
1199 1756 1227 1780 et
1252 1751 1349 1778 tertius
1370 1755 1431 1778 est:
1451 1758 1504 1777 nun
1528 1757 1560 1777 ex
1584 1753 1677 1775 nostra
1691 1748 1765 1782 posi-

982 1801 1065 1831 tione,
1098 1798 1146 1826 sed
1179 1805 1209 1825 ex
1244 1796 1405 1824 naturaliter
1438 1795 1520 1822 insita
1551 1793 1767 1828 consequentia?

979 1843 1065 1878 Cujus
1077 1850 1141 1877 ergo
1154 1842 1193 1869 rei
1206 1834 1293 1877 gratia
1305 1841 1429 1868 ordinem
1441 1840 1468 1867 in
1486 1840 1540 1867 Deo
1555 1839 1638 1874 recipi
1655 1838 1767 1865 abnuit?

985 1889 1154 1919 Arhitratur,
1178 1887 1201 1914 si
1219 1886 1331 1921 ieﬂicere
1356 1890 1439 1920 atque
1463 1884 1654 1922 demonstrare
1680 1882 1766 1917 possit

981 1932 1100 1966 primum
1128 1931 1154 1958 in
1180 1931 1235 1958 Deo
1260 1931 1335 1957 nullo
1353 1930 1434 1957 modo
1456 1929 1510 1955 alio
1534 1927 1646 1962 intelligi
1673 1934 1765 1960 posse,

981 1977 1117 2012 reliquum
1131 1977 1188 2012 jam
1207 1976 1260 2004 sibi
1280 1976 1339 2003 fore
1361 1975 1522 2003 substantiae
1545 1973 1632 2008 ipsius
1646 1973 1768 2006 inaequa-

982 2024 1085 2051 litatem
1101 2028 1182 2058 atque
1196 2022 1372 2050 eminentiam
1386 2020 1541 2048 ostendere.
1559 2018 1615 2045 Nos
1629 2024 1718 2045 autem
1733 2024 1766 2043 eo

138 2079 238 2101 nuerat
251 2074 363 2101 nostris.
378 2073 494 2107 Spiritus
506 2077 595 2100 autem
604 2078 716 2101 sanctus
734 2074 805 2101 Patri
817 2075 927 2109 quidem
943 2078 964 2107 α
980 2071 1091 2104 quidem
1107 2069 1214 2101 ordine.
1239 2076 1295 2103 quo
1311 2074 1411 2099 σειιεὶεπ
1436 2065 1610 2092 lllallalllibus
1629 2071 1661 2090 ΘΧ
1676 2066 1706 2090 se
1720 2070 1768 2109 Τιξ·

138 2125 163 2147 ct
180 2120 254 2147 Filio
271 2125 488 2146 connumeratur
501 2140 509 2151 ,
533 2121 596 2154 quia
620 2124 647 2147 et
673 2128 754 2155 supra
773 2126 927 2148 creaturam

138 2169 198 2192 est:
224 2165 324 2191 tertius
347 2170 437 2191 autem
462 2164 558 2191 ordine
583 2165 688 2192 locatus
714 2170 767 2198 est,
798 2166 869 2193 sicut
897 2174 930 2192 ex

140 2211 291 2246 Evangelia
321 2211 471 2243 docemur,
513 2212 620 2239 dicente
650 2211 766 2239 Domino

141 2256 277 2291 bnptizute
304 2257 332 2283 in
354 2257 459 2284 nontt'ue
484 2256 592 2289 Patris,
616 2261 640 2284 et
665 2257 740 2289 Filii.
765 2262 790 2284 et
815 2258 933 2292 Spiritus

141 2303 241 2329 sancti.
265 2302 318 2334 Qui
345 2307 435 2329 autent
460 2301 535 2329 illum
560 2302 601 2329 vel
626 2303 757 2337 pra‘ponit
779 2302 860 2334 Filio,
887 2303 929 2329 vel

142 2346 222 2374 Patre
244 2346 383 2373 Seniorem
408 2347 493 2379 dicit,
514 2347 558 2374 hic
582 2347 733 2375 reluctatur
754 2348 863 2381 quidem
883 2347 930 2375 Dei

142 2393 323 2426 ordinationi,
345 2397 426 2427 atque
454 2401 467 2419 a
494 2401 561 2421 sana
588 2394 639 2421 (ide
665 2393 770 2420 alienus
796 2398 848 2424 est,
875 2401 930 2420 non

142 2447 218 2470 eum,
232 2446 316 2474 quem
333 2440 448 2474 accepit,
465 2440 670 2474 gloriﬁcationis
683 2439 792 2466 modum
809 2447 933 2472 servans,

143 2485 191 2511 sed
211 2485 264 2512 sibi
282 2492 377 2512 meum
392 2485 542 2513 novitatem
554 2487 586 2513 ad
600 2485 761 2520 placendum
778 2485 935 2512 hominibus

144 2530 315 2565 excogitans.
335 2539 346 2555 ι

179 2576 211 2603 Et
227 2577 321 2611 paucis
332 2577 509 2612 interpositis,
523 2576 604 2604 veluti
617 2577 827 2604 coneludensait
841 2586 847 2604 :
865 2587 873 2603 ι
884 2577 937 2604 lta-

145 2629 198 2655 que
217 2622 281 2649 ﬁdei
299 2622 440 2658 abnegatio
463 2628 523 2653 est;
551 2616 628 2658 atque
653 2624 726 2651 enim
756 2623 868 2657 itnp'uln
895 2626 936 2649 est

183 2724 204 2739 "
221 2723 304 2751 Marc.
321 2725 435 2756 xvt,15.

793 2221 799 2238 :
832 2211 931 2239 Euntes
948 2202 951 2207 ’

979 2117 1041 2147 bus,
1057 2118 1252 2150 praeponuntur
1265 2132 1273 2144 ,
1290 2113 1358 2140 Filio
1381 2113 1488 2139 Patrem
1508 2110 1681 2146 praepositum
1699 2107 1769 2136 dici‘

981 2172 1053 2196 mus,
1069 2168 1174 2190 naturae
1188 2166 1280 2188 autem
1296 2160 1450 2188 diﬂerentia
1465 2166 1608 2193 negamus.
1625 2167 1634 2183 ι

1016 2209 1090 2236 Idem
1107 2208 1133 2234 in
1150 2207 1230 2234 tertio
1247 2206 1431 2238 Quwatiomtm
1445 2211 1454 2230 :
1473 2213 1482 2230 ι
1499 2204 1578 2230 Sicut
1592 2202 1664 2230 euim
1680 2200 1767 2228 Filius

983 2253 1079 2279 ordine
1096 2250 1207 2286 quidem
1222 2250 1361 2277 secundus
1376 2257 1389 2276 a
1407 2248 1499 2281 Patre,
1515 2248 1578 2282 quia
1595 2255 1626 2274 ex
1645 2247 1690 2273 illo
1703 2250 1744 2273 est
1758 2265 1766 2277 ,

983 2302 1011 2324 et
1039 2296 1191 2330 dignitate,
1224 2293 1352 2328 quoniam
1383 2293 1491 2319 initium
1534 2295 1560 2318 ct
1578 2298 1667 2317 causa
1694 2290 1768 2317 illius

984 2342 1109 2370 essentia:
1133 2341 1213 2368 Pater
1229 2344 1290 2370 est,
1313 2343 1341 2366 et
1363 2337 1425 2372 quia
1447 2345 1494 2372 per
1515 2337 1603 2371 ipsum
1625 2343 1768 2363 accessqu

985 2388 1117 2415 habemus
1142 2386 1176 2413 ad
1207 2386 1290 2412 Deum
1316 2389 1343 2412 et
1361 2384 1482 2413 Patrem,
1502 2386 1599 2409 natura
1623 2389 1688 2408 vero
1714 2389 1769 2410 non

979 2434 1034 2469 jam
1050 2433 1188 2461 secundus
1202 2436 1254 2463 est,
1272 2430 1335 2466 quia
1359 2429 1448 2456 Deitas
1470 2429 1496 2455 in
1514 2433 1630 2461 utroque
1647 2434 1711 2459 una,
1733 2427 1769 2453 ita

981 2481 1087 2508 seih’cet
1113 2484 1140 2506 et
1161 2482 1275 2506 sam-tus
1299 2477 1436 2512 Spiritus,
1462 2475 1512 2503 etsi
1529 2474 1597 2501 Filio
1625 2473 1768 2506 subjicitur

982 2525 1078 2553 ordine
1096 2528 1123 2551 et
1145 2523 1287 2558 dignitate,
1303 2529 1356 2548 non
1393 2525 1485 2547 tamen
1500 2519 1607 2550 alienae,
1622 2516 1768 2549 sedunius
1785 2554 1787 2557 γ

982 2571 1159 2610 ejusdemque
1183 2573 1287 2596 natura:
1313 2574 1375 2594 cum
1396 2565 1477 2593 Patre
1501 2569 1530 2593 et
1554 2564 1620 2591 Filio
1655 2561 1768 2591 omnino

982 2623 1034 2646 est.
1052 2627 1061 2644 ι

184 2816 223 2849 (t)
240 2815 277 2841 Ita
293 2822 370 2844 vocat
389 2815 484 2845 Caieta
502 2816 586 2844 libros
606 2815 635 2842 S.
653 2814 742 2844 Basilii
765 2818 860 2842 contra
882 2813 1046 2846 Eunomium
1065 2823 1097 2843 ex
1115 2822 1230 2850 quorum
1262 2814 1350 2849 primo
1385 2812 1435 2839 hoc
1478 2809 1662 2838 tc5timonium
1699 2807 1770 2841 ιιειιο

148 2854 205 2877 tulit
222 2857 276 2878 est.
