1934 3063
146 123 179 155 iri
777 122 976 154 MANUELIS
988 123 1143 155 (ἉιΕοίὲ
1742 126 1778 158 ‘20

180 181 245 208 item
273 181 299 208 in
317 181 411 208 eodem
428 190 434 207 :
455 190 463 206 ι
481 180 555 208 ‘Cum
580 180 638 215 ipse
658 180 791 208 Dominus
807 181 932 208 ordinem
949 182 970 210 Α
986 188 1047 207 nem
1067 181 1210 208 nominum
1226 181 1350 209 itnmutat
1368 181 1505 214 ordinrm,
1531 182 1661 210 novitatis
1678 191 1775 210 vocntu

144 228 286 255 tradiderit
304 227 431 262 baptismi
452 227 592 254 salutaris.
610 237 620 254 ι
640 246 646 252 .

180 273 252 300 Idem
278 273 304 300 in
322 273 437 307 cpistola
462 273 495 300 ad
521 273 710 306 Eustachium,
726 272 804 307 cujus
824 272 932 300 initium

143 325 203 347 est:
225 319 278 346 Eos
291 320 406 355 quidem,
431 320 475 355 qui
491 320 617 352 pra’venti
635 324 696 346 sunt
712 320 774 347 alio‘
784 319 847 354 ﬁdei
869 327 932 346 eone

143 366 266 398 l'em'mte,
295 367 334 393 sic
360 366 417 392 ait:
445 375 453 390 ι
470 363 583 400 Oportet
603 370 693 393 autem
718 370 745 393 et
767 366 933 400 eoslugere,

105 423 107 427 ι
143 412 187 444 qui
200 420 259 438 eam
273 412 509 445 consequentiam,
525 420 608 447 quant
624 412 703 440 nobis
718 413 830 440 tradidit
845 412 935 439 Domi-

143 465 206 490 nus,
219 457 364 483 iuunutant
377 478 384 489 ,
399 462 492 492 utpote
519 458 566 493 qui
584 462 677 493 aperte
693 463 789 486 contra
805 459 932 493 pietatem

141 509 261 537 pugnant
275 524 282 535 ,
300 509 325 530 et
341 503 438 530 Filium
453 503 564 538 quidem
583 508 746 539 pra-ponunt
764 504 849 538 Patri,
864 503 933 531 Filio

141 558 206 576 \‘t-rn
222 550 351 582 Spiritum
368 554 506 579 sanctum.
528 560 537 578 ι

179 596 253 623 Idem
275 603 340 623 vero
366 596 392 622 in
406 595 529 629 Epistola
547 595 581 623 ad
597 596 679 631 Greg.
705 593 829 627 fratrem.
855 597 933 631 cujus

141 643 249 670 initium
283 647 343 670 est:
366 642 501 675 Quoniam
533 642 611 669 multi
642 651 778 670 commune
804 643 931 670 substan-

141 689 201 714 tia:
221 698 230 713 ι
247 688 299 721 Qui
323 696 387 715 vero
403 687 536 723 Spiritum
549 689 666 724 cogitat,
681 689 827 724 ipsumque
856 690 882 717 in
904 698 933 718 se

141 734 203 769 ipso
225 733 402 767 intellexerit,
424 739 451 761 et
472 733 571 762 Filium
590 743 643 762 una
669 736 836 769 cogitatione
857 744 933 764 cum.

141 780 298 813 prehendit.
322 779 375 814 Qui
403 785 494 807 autem
522 781 595 808 hunc
627 786 718 809 tuente
749 782 893 816 suscepit,
917 790 931 809 ε

142 825 213 853 Filio
230 825 362 860 Spiritum
380 834 434 853 non
458 825 563 859 divisit,
582 827 629 855 sed
655 833 856 862 consequenter
870 827 932 861 qui-

142 871 205 899 deut
222 871 373 899 secundum
391 872 527 903 ordinem.
545 873 690 907 coujttncte
714 877 816 907 autent,
831 879 930 900 secun-

143 918 208 945 dum
231 922 355 945 naturam
374 918 455 945 trium
480 919 506 945 in
523 926 553 946 se
579 919 639 953 ipso
656 926 835 953 personarum
852 919 931 946 (idem

141 963 218 998 juxta
233 963 405 991 identitatcm
424 964 569 992 commiste
586 964 726 992 formavit.
747 965 780 992 Et
802 965 848 999 qui
870 964 932 999 Spi—

144 1011 226 1037 ritum
253 1010 351 1036 dixeiit
372 1010 474 1043 solum,
494 1018 556 1037 eum
580 1018 691 1045 quoque
713 1011 792 1043 cujus
809 1015 851 1038 est
872 1010 933 1046 Spi-

140 1056 225 1087 ritus,
251 1062 283 1083 ea
309 1055 483 1083 confessione
500 1056 723 1090 comprehendit.
752 1055 785 1083 Et
802 1056 932 1090 quoniam

143 1101 246 1129 Christi
263 1106 305 1129 est
325 1102 452 1136 Spiritus,
473 1108 555 1137 atque
572 1110 604 1130 ex
627 1102 691 1136 Deo,
709 1103 781 1130 sicut
804 1103 843 1130 ait
859 1103 933 1137 Apo-

143 1147 242 1179 stolus.
269 1148 353 1175 veluti
374 1155 406 1176 ex
434 1153 542 1179 catena.
566 1148 613 1183 qtti
640 1156 723 1176 unam
743 1149 931 1176 summitatem

141 1193 391 1228 comprehenderit,
414 1193 526 1221 alteram
549 1194 631 1221 simul
648 1194 772 1225 attraxit,
794 1194 829 1229 ita
845 1199 872 1221 et
885 1193 933 1228 qui

143 1239 275 1274 Spiritum
292 1239 387 1271 trahit,
414 1247 462 1274 per
480 1240 581 1274 ipstttn,
598 1244 625 1267 et
643 1239 755 1273 Filium,
778 1244 805 1267 et
824 1239 931 1267 Patrem

143 1285 228 1313 simul
255 1285 348 1314 trahit.
375 1285 408 1313 Et
432 1284 530 1313 Filium
553 1285 600 1320 qui
623 1286 761 1313 veraciter
785 1286 933 1320 acceperit,

144 1331 252 1359 habebit
270 1336 386 1366 utraque
401 1339 434 1358 ex
447 1336 537 1366 parte.
555 1331 620 1359 hinc.
637 1332 723 1366 ipsius
738 1332 856 1364 Patrem,
870 1332 934 1360 hinc

144 1378 277 1412 Spiritum
295 1381 419 1404 sanctum
433 1381 657 1411 consequentem.
673 1376 767 1412 Neque
790 1378 864 1405 enim
891 1385 935 1405 se-

144 1423 263 1451 ctionetn
289 1427 336 1450 aut
349 1422 511 1449 divisionem
527 1423 647 1457 cogitare
665 1422 777 1455 lieet,ut
788 1427 835 1449 aut
851 1422 935 1450 Filius

145 1467 204 1494 sine
219 1467 321 1502 Spiritu
338 1467 517 1502 intelligatur,
534 1473 582 1494 aut
597 1467 717 1503 Spiritus
734 1474 749 1494 a
764 1466 832 1495 Filio
845 1468 934 1495 disse~

144 1518 266 1548 paretur.
285 1522 295 1540 ι
335 1521 339 1524 ’

181 1557 300 1585 Sanetus
311 1565 419 1592 quoque
432 1557 601 1592 Epiphanius
610 1558 636 1585 in
649 1559 765 1592 quodam
778 1566 859 1594 opere
870 1566 934 1592 suo,

145 1603 218 1638 quod
237 1603 383 1639 appellavit
402 1600 552 1631 Anchoram
574 1605 624 1640 (2),
643 1605 750 1632 tertium
767 1605 865 1639 (auten,
881 1611 934 1633 trr-

145 1649 268 1687 tiamque
292 1657 307 1676 a
334 1648 415 1677 Patre
445 1650 629 1678 substantiam
651 1651 691 1686 (ὅ)
709 1651 841 1686 Spiritum
869 1659 934 1679 san-

145 1699 218 1723 ctum
237 1695 367 1730 appellat.

182 1738 235 1766 Sed
263 1744 290 1767 et
316 1740 346 1767 D.
372 1739 587 1775 Chrysostomus
612 1740 639 1767 in
665 1742 784 1775 quodam
809 1749 935 1770 sermone

145 1793 196 1813 suo
208 1792 290 1819 super
308 1785 373 1812 illud
387 1785 492 1813 dictum
506 1786 639 1813 Abrahae:
656 1786 727 1814 Patre
741 1795 847 1814 manum
862 1795 936 1815 (nam

145 1837 223 1864 super
237 1829 323 1864 femur
333 1838 419 1857 meum
434 1829 467 1862 ”,
480 1830 536 1857 sit:
553 1830 647 1865 itaque
658 1830 812 1857 divinarum
825 1831 935 1865 quidem

145 1882 326 1909 personarum
343 1875 482 1902 discretor
505 1875 575 1902 ordo
594 1875 698 1902 sanctis
718 1876 844 1910 cognitus
860 1875 908 1902 fuit
924 1884 933 1906 ι

145 1921 192 1954 qui
216 1928 280 1948 vero
299 1925 411 1948 naturas
433 1921 460 1948 in
476 1925 572 1949 sancta
599 1921 736 1949 Trinitate
753 1922 936 1955 discerneret,

145 1966 260 1994 omnino
274 1966 452 2000 rejieiendus.
730 1970 734 1974 '

181 2011 339 2047 Theologus
377 2019 487 2047 quoque
511 2011 659 2047 Gregorius
685 2013 712 2041 in
738 2014 859 2042 secundo
881 2022 939 2050 serg

145 2066 227 2086 mone
243 2066 293 2086 suo
312 2059 346 2086 ad
364 2057 493 2091 Lumina,
507 2059 541 2086 do
553 2065 648 2087 sancta
667 2059 802 2088 Trinitate
822 2061 861 2089 sic
879 2062 936 2090 ait:

150 2105 225 2133 Velut
249 2106 277 2132 t'u
297 2105 374 2133 trinis
400 2106 533 2141 contiguis
558 2107 659 2136 solibus
684 2116 736 2135 una
762 2113 804 2136 est
829 2109 938 2137 collatio

146 2152 268 2179 luminis.
788 2186 791 2188 η

182 2199 275 2227 Posito
293 2199 376 2234 igitur
392 2208 478 2227 unum
490 2208 553 2228 esse
578 2209 609 2229 ac
625 2202 675 2229 tria
695 2201 792 2234 Deum,
809 2207 835 2230 et
850 2203 935 2230 altero

146 2254 179 2274 ex
199 2246 241 2273 bis
259 2246 369 2281 quidem
390 2247 425 2274 do
445 2247 564 2274 essentia
604 2252 631 2275 et
655 2249 758 2276 unitate
776 2249 937 2276 substantia:

147 2299 290 2324 concesso,
315 2291 349 2319 de
367 2291 464 2324 altero,
491 2292 616 2320 Videlicet
640 2292 674 2320 de
698 2293 832 2321 Triuitate
851 2294 936 2329 hypo-

147 2343 268 2370 staseon,
294 2345 341 2365 seu
366 2345 558 2372 persona-rum,
584 2339 617 2365 dc
642 2346 737 2366 earum
761 2340 795 2367 ad
821 2340 935 2368 invicem

146 2385 253 2417 ordine,
270 2392 302 2412 ex
320 2384 373 2412 his.
391 2392 452 2419 qua:
466 2385 538 2411 dicta
555 2390 629 2417 sunt,
645 2386 794 2413 rideaums.

182 2433 318 2466 Quoniam
344 2433 438 2468 itaque
462 2441 577 2468 magnus
603 2433 683 2461 Pater
709 2434 826 2463 Basilius
847 2435 938 2463 Enno-

148 2480 233 2507 miutn
250 2478 403 2511 insimulat,
417 2478 543 2506 ordinem
564 2480 591 2506 in
606 2479 660 2507 Deo
675 2482 718 2516 pic
733 2489 786 2508 non
804 2482 938 2517 recipien-

148 2531 214 2558 tem,
244 2525 345 2560 quippe
377 2525 450 2552 hunc
477 2526 634 2559 abnegare,
664 2526 852 2555 irrationabile
877 2536 939 2556 esse

148 2570 299 2598 arbitratur
331 2574 415 2605 atque
430 2577 493 2598 eum
512 2571 635 2605 quidem,
665 2572 711 2607 qui
729 2573 803 2600 circa
817 2574 939 2602 traditio-

186 2674 290 2710 “.Gen.
305 2683 380 2709 xxiv,
397 2675 425 2704 2.

239 2780 425 2818 ,’ᾼγκνρωτδς.
443 2781 603 2806 Αηεοιγιιιιε.
649 2811 655 2818 ,

167 2810 228 2876 ‘C‘ii
239 2810 304 2845 'lioc
320 2810 360 2845 est
379 2810 540 2851 personam;
568 2820 630 2841 nam
649 2811 674 2841 in
691 2811 785 2840 Gneo
801 2815 841 2841 cst
857 2810 937 2846 hypo-

151 2859 163 2877 ⁸
179 2858 241 2878 Βδΐῧ-

985 220 1106 260 appellat
1119 227 1290 258 inventorem.
1304 235 1424 262 eumque
1439 228 1486 255 Dei
1512 229 1678 256 ordinatioui
1706 231 1778 257 resi-

985 277 1058 301 stcre
1073 273 1184 304 asserit,
1195 273 1284 307 ipsum
1297 273 1442 301 Dominum
1456 274 1528 301 hunc
1544 275 1690 302 tradidisse
1704 275 1779 304 ordi-

984 317 1094 352 nem“)
1105 318 1215 346 dicens:
1227 317 1278 352 Qui
1294 323 1386 346 autem
1398 318 1529 353 Spiritum
1544 319 1616 346 Patri
1633 321 1776 355 praponit,

984 367 1032 389 aut
1048 362 1127 395 Filio,
1141 370 1203 390 cum
1217 371 1232 391 a
1248 371 1314 392 sana
1334 364 1459 392 doctrina
1470 363 1602 393 'alienum
1632 366 1775 393 denuntiat

985 409 1087 444 quippe
1107 409 1254 437 novitatem
1270 409 1490 438 introducentem
1517 411 1590 439 circa
1620 412 1774 438 divinarum

985 462 1164 490 personarum
1180 455 1325 488 ordinem;
1350 456 1421 483 hanc
1447 461 1538 484 autem
1558 457 1645 492 ipsam
1666 458 1775 484 novita-

984 506 1038 528 tem
1063 505 1145 535 atque
1183 502 1401 529 immutationem
1425 503 1542 536 ordinis,
1567 503 1668 531 habere
1688 504 1776 530 aboli-

984 547 1087 575 tionem
1117 547 1272 576 divinarum
1308 555 1512 583 personarum,
1544 548 1686 584 t0tiusque
1712 548 1774 576 fidei

985 594 1192 629 ahncgationem
1210 601 1271 621 esse
1287 594 1376 626 docet,
1406 595 1529 629 nihilque
1546 595 1668 626 differre,
1683 599 1774 621 tttrutu

985 641 1116 676 Spiritum
1141 645 1266 668 sanetum
1292 642 1324 667 ad
1349 647 1481 668 creatura:
1505 642 1628 668 ordinetu
1655 640 1774 675 redigas.

984 694 1017 714 an
1034 688 1123 722 ipsum
1141 687 1215 714 Patri
1243 687 1285 714 vel
1301 686 1369 713 Filio
1386 687 1413 714 iu
1432 688 1528 714 ordine
1543 688 1684 723 prmferas.
1707 688 1774 715 Tor-

984 733 1052 760 tium
1068 733 1154 764 enim,
1172 732 1271 766 inquit,
1286 733 1313 758 in
1327 732 1424 759 ordine
1436 733 1554 760 locatttm
1566 741 1628 760 esse
1646 734 1672 760 in
1687 733 1775 761 Evan-

983 778 1053 813 gelio
1067 786 1082 805 a
1101 777 1216 805 Domino
1239 776 1385 805 docetuur.
1416 778 1533 806 Constat
1554 779 1679 813 profecto
1700 780 1775 807 ordi-

984 831 1047 852 nem
1075 819 1135 851 esse
1161 824 1188 851 in
1218 828 1313 851 sancta
1341 823 1486 857 Trinitate,
1515 825 1665 852 secundum
1693 833 1774 860 quem

948 853 968 880 Β
983 870 1069 905 prima
1086 871 1195 904 quidem
1212 877 1328 905 persona
1344 873 1425 898 r’ater
1451 853 1492 898 est
1504 890 1512 903 ,
1530 871 1651 899 secunda
1676 853 1774 905 Filius,

983 916 1063 945 tertia
1079 917 1198 951 Spiritus
1211 922 1334 946 sanctus.

1018 961 1051 989 Et
1064 962 1126 997 quia
1142 969 1195 988 non
1211 962 1298 989 solum
1315 962 1387 990 Patri
1403 963 1489 991 Filius
1518 967 1545 990 et
1566 963 1685 998 Spiritus
1709 971 1775 990 san-

983 1012 1054 1040 ctus,
1069 1015 1162 1035 verum
1179 1012 1206 1036 et
1220 1008 1272 1036 sibi
1283 1007 1399 1036 invicem
1411 1009 1576 1044 junguntur,
1593 1010 1618 1037 id
1635 1015 1725 1037 autem
1741 1009 1775 1037 de

983 1054 1027 1083 Itis
1041 1054 1151 1088 dicitur,
1168 1055 1195 1082 in
1212 1056 1312 1090 quibus
1332 1058 1400 1084 ordo
1417 1061 1468 1087 est,
1483 1062 1510 1084 et
1526 1065 1587 1091 quae
1602 1065 1634 1084 ex
1657 1065 1686 1085 se
1703 1057 1775 1084 invi-

983 1107 1041 1127 cem
1063 1100 1194 1134 pendent,
1219 1101 1295 1127 nullo
1321 1101 1411 1128 medio
1435 1101 1633 1134 intercedente,
1661 1103 1774 1130 omnino

984 1145 1107 1172 ordinem
1121 1145 1155 1173 ad
1172 1146 1287 1173 invicem
1307 1154 1432 1181 persona:
1448 1147 1560 1176 habent.

1021 1190 1072 1218 Sed
1100 1196 1127 1218 et
1150 1191 1184 1224 is,
1208 1192 1256 1224 qui
1280 1197 1382 1220 ealcum
1406 1193 1569 1221 Trinitatem
1594 1194 1776 1229 comparavit,

985 1239 1069 1274 liquet
1087 1239 1148 1274 quia
1163 1240 1244 1267 medii
1259 1239 1291 1267 ad
1308 1240 1440 1275 primum,
1462 1245 1489 1267 et
1506 1241 1577 1268 tertii
1596 1241 1629 1268 ad
1654 1241 1773 1268 medium

985 1285 1108 1313 ordinem
1135 1286 1275 1318 reddidit,
1304 1287 1433 1321 quocirca
1463 1287 1522 1314 ait:
1551 1287 1601 1319 Qui
1640 1287 1772 1322 Spiritum

985 1331 1097 1366 cogitat,
1121 1336 1148 1359 ct
1171 1331 1270 1359 Filium
1288 1339 1342 1359 una
1363 1332 1529 1367 cogitatione
1546 1333 1773 1366 comprehendit;

985 1384 1032 1407 et:
1049 1379 1100 1413 Qui
1130 1378 1262 1413 Spiritum
1289 1378 1388 1406 dixerit
1418 1379 1526 1412 solum,
1557 1387 1618 1406 eum
1644 1386 1775 1413 quoque,

987 1426 1066 1460 cujus
1082 1430 1125 1453 est
1148 1424 1279 1459 Spiritus.
1298 1433 1330 1452 ea
1355 1425 1532 1453 confessione
1547 1425 1775 1460 comprehcndit,

987 1478 1011 1500 et
1028 1471 1097 1505 :Qui
1126 1471 1225 1498 Filium
1249 1471 1388 1505 suscepit,
1419 1479 1433 1497 a
1464 1470 1532 1498 Filio
1559 1470 1691 1505 Spiritqu
1720 1479 1774 1498 non

949 1518 972 1548 C
988 1519 1090 1546 divisit.
1113 1518 1206 1553 Neque
1228 1518 1299 1545 enim
1319 1518 1384 1544 licet
1407 1522 1454 1544 aut
1479 1517 1576 1544 Filium
1590 1517 1649 1544 sine
1671 1516 1774 1551 Spiritu

986 1564 1110 1599 intelligi,
1125 1568 1172 1591 aut
1188 1563 1318 1598 Spiritum
1341 1571 1357 1590 a
1379 1563 1450 1590 Filio
1467 1563 1616 1597 disparari.
1637 1562 1703 1595 Qua:
1728 1571 1775 1588 ne-

986 1618 1122 1646 quaquam
1148 1610 1184 1637 ita
1201 1617 1231 1637 se
1246 1609 1393 1642 haberent,
1417 1609 1469 1636 nisi
1495 1608 1581 1637 Filius
1610 1613 1638 1636 et
1657 1608 1777 1642 Spiritus

986 1661 1099 1683 sanctus
1124 1654 1247 1682 ordinem
1263 1653 1297 1681 ad
1314 1654 1430 1680 invicem
1459 1653 1600 1684 haberent.
1623 1653 1776 1681 sucumlum

986 1709 1068 1736 quem
1100 1701 1168 1728 alter
1192 1700 1343 1728 referretur
1366 1699 1399 1726 ad
1426 1700 1556 1726 alterum.
1582 1698 1649 1726 Nam
1669 1699 1696 1726 in
1722 1699 1777 1731 his,

987 1755 1048 1782 qua:
1072 1747 1162 1775 soluta
1186 1751 1261 1779 sunt,
1287 1753 1314 1774 et
1336 1753 1396 1781 quae
1414 1746 1576 1781 simpliciter
1592 1746 1695 1780 absque
1722 1746 1776 1772 ulla

988 1793 1120 1820 relatione
1159 1797 1187 1820 et
1210 1793 1306 1819 ordine
1336 1799 1365 1819 se
1391 1792 1423 1819 ad
1445 1792 1560 1819 invicem
1583 1791 1693 1823 habent,
1722 1799 1776 1818 non

987 1838 1112 1873 cogimur
1126 1837 1243 1865 alterunt
1265 1837 1421 1871 cogitando.
1435 1838 1551 1864 alterum
1574 1844 1684 1871 quoque
1705 1837 1778 1871 rogi-

989 1884 1090 1910 tatione
1109 1882 1268 1917 complecti.
1297 1882 1324 1908 Id
1352 1882 1455 1917 quippe
1485 1881 1596 1908 illorutu
1613 1880 1699 1907 solum
1723 1885 1775 1913 est,

988 1936 1049 1964 qua
1063 1928 1187 1956 ordinem
1203 1928 1236 1955 ad
1252 1928 1369 1955 invicem
1386 1927 1499 1959 trahent,
1522 1926 1673 1954 secundum
1695 1933 1776 1961 quem

989 1975 1148 2002 necessario
1162 1975 1244 2002 etiam
1261 1973 1344 2001 simul
1359 1973 1526 2008 cogitantur.

1025 2022 1064 2049 Ex
1075 2021 1175 2056 quibus
1193 2025 1312 2054 constat,
1332 2020 1396 2056 quia
1414 2028 1466 2047 non
1482 2020 1560 2047 Pater
1575 2020 1651 2047 solus
1677 2019 1709 2046 ad
1723 2018 1777 2053 _Fi-

989 2069 1066 2103 liunt,
1082 2076 1128 2096 seu
1156 2068 1190 2095 ad
1221 2067 1329 2095 Patrem
1357 2066 1442 2095 Filius
1468 2067 1590 2093 ordinem
1615 2066 1707 2097 habet,
1730 2066 1776 2092 sed

989 2115 1072 2142 etiam
1099 2113 1187 2141 Filius
1213 2113 1248 2140 ad
1288 2112 1423 2147 Spiritum
1471 2115 1609 2139 sanctum.
1648 2110 1705 2138 Hoc
1751 2114 1779 2138 ct

992 2161 1021 2188 Β.
1037 2159 1205 2188 Athanasius
1219 2158 1393 2194 apertissime
1418 2157 1445 2185 in
1462 2158 1576 2192 epistola
1598 2157 1631 2184 ad
1651 2157 1778 2191 Serapio-

990 2213 1050 2232 nem
1065 2205 1099 2232 de
1112 2204 1215 2239 Spiritu
1229 2209 1325 2230 saneto
1346 2203 1436 2237 posuit
1455 2209 1462 2228 :
1485 2212 1494 2228 ι
1516 2202 1659 2234 Euunlem,
1681 2202 1777 2236 inquit,

989 2251 1113 2278 ordinent
1147 2257 1180 2277 ac
1213 2253 1339 2276 naturam
1358 2248 1440 2276 habet
1463 2247 1581 2284 Spiritus
1603 2248 1636 2275 ad
1670 2246 1777 2280 Filium,

989 2297 1097 2333 qualem
1113 2296 1146 2323 ad
1162 2296 1270 2323 Patrem
1284 2294 1379 2323 Filius.
1398 2304 1407 2321 ι
1715 2294 1722 2297 “

1027 2342 1139 2376 Magnus
1153 2348 1264 2376 quoque
1275 2340 1392 2368 Basilius
1404 2340 1430 2367 in
1443 2347 1497 2367 xvtt
1512 2339 1545 2367 ad
1558 2339 1777 2374 Amphilochium

990 2388 1030 2415 sic
1041 2387 1097 2414 ait:
1121 2396 1130 2413 ε
1149 2386 1226 2413 Sicut
1241 2386 1324 2420 igitur
1339 2386 1420 2412 habet
1436 2385 1525 2412 Filius
1541 2385 1574 2411 ad
1597 2385 1715 2416 Patrem,
1741 2383 1777 2410 ita

991 2439 1018 2462 et
1037 2433 1070 2460 ad
1087 2433 1185 2460 Filium
1205 2431 1336 2467 Spiritus,
1349 2431 1428 2466 juxta
1444 2439 1503 2458 eum
1520 2439 1581 2466 qua:
1596 2430 1675 2457 nobis
1691 2430 1717 2456 in
1731 2430 1778 2457 ba-

992 2479 1093 2514 ptitttttu
1103 2478 1231 2507 traditur.
1244 2478 1389 2505 verborum
1403 2478 1609 2504 connexiouem.
1627 2485 1636 2502 ι

1027 2526 1144 2553 Constat
1160 2525 1244 2559 igitur
1258 2532 1291 2551 ex
1315 2524 1367 2556 Itis,
1387 2531 1448 2559 ([th
1462 2522 1622 2554 dicla‘sunt,
1641 2523 1668 2549 in
1684 2526 1778 2549 sancta

993 2571 1129 2600 Trinilate
1146 2579 1325 2607 personarum
1344 2570 1499 2598 divinarum
1526 2570 1558 2598 ad
1583 2568 1700 2597 invicem
1719 2575 1780 2595 esse

992 2775 1066 2838 fagi)
1087 2776 1124 2806 De
1142 2777 1194 2806 hoc
1205 2776 1300 2807 ordine
1314 2776 1400 2806 multa
1418 2774 1446 2807 S.
1462 2776 1630 2813 Epiphanius
1644 2775 1671 2804 in
1691 2775 1776 2802 Anco-

1038 2821 1063 2838 ο.

1038 2821 1063 2840 ο.
