1934 3063
134 130 160 161 2i
692 127 897 160 ADVERSUS
916 125 1072 157 GRECOS
1085 127 1158 158 LIB.
1174 126 1198 156 Ι.
1720 126 1756 157 22

135 183 261 211 ordinem.
276 183 331 216 Qui
348 184 421 210 enim
451 183 510 210 Filii
525 187 551 212 et
568 183 688 218 Spiritus
700 183 733 211 ad
750 182 858 210 Patrem
872 189 918 209 or-
933 183 957 211 Δ
971 185 1001 208 ιιι
1026 181 1175 209 Eunomius
1196 181 1312 212 volebat,
1331 180 1356 207 in
1373 184 1466 207 sancta
1496 179 1628 208 Trinitate
1647 187 1756 210 sanctos

135 231 218 256 dinem
234 230 337 261 reddit,
356 229 417 256 Filii
446 235 536 257 autem
563 234 591 257 et
606 229 730 264 Spirittts
748 229 781 256 ad
802 229 918 256 invicem

135 276 287 308 cnttl'undit.
306 277 415 304 Ordinis
445 277 548 304 bonum
575 277 629 304 Deo
643 285 674 304 ex
691 277 805 304 dimidio
821 276 919 304 reddit.

135 323 231 350 Bonum
247 325 324 350 enim
343 325 414 351 ordo
427 329 478 355 est,
498 328 581 358 atque
596 324 753 351 ordinatum
770 331 838 351 esse.
852 323 920 356 Quia

135 369 202 396 enim
217 370 244 396 in
258 370 315 401 his,
336 377 399 403 quae
414 373 479 396 sunt
503 370 582 401 ordo,
599 370 759 404 praclarum
789 369 920 404 quiddam

135 421 158 441 et
176 416 312 448 optimum
330 420 383 448 est,
398 415 469 450 qttod
484 420 511 442 et
525 415 647 443 ecelestia
665 415 745 442 simul
773 419 800 442 et
816 419 923 442 terrena

134 460 264 490 conliuet,
296 466 380 486 omne
409 464 500 487 autent
527 459 658 494 optimum
683 467 699 486 a
733 459 787 486 Deo
810 462 923 486 manat:

136 503 217 530 mttlto
241 509 337 531 autem
369 505 457 538 magis
484 505 511 531 in
539 504 606 537 Deo,
628 505 703 532 velut
736 504 762 532 in
780 504 924 539 principali

137 555 228 580 causa,
242 549 348 575 bonum
371 549 438 576 illud
458 550 637 578 excellentius
661 550 752 577 inesse
771 550 925 588 intelligen-

136 595 196 621 dmn
214 600 266 622 est.
282 595 363 626 Nam.
382 599 413 622 ut
424 596 460 622 ait
475 594 506 623 D.
520 595 666 631 Dionysius
679 596 706 623 in
722 595 771 623 lib.
799 596 836 623 De
862 596 926 622 divi-

138 643 174 668 nis
189 642 340 669 nominibus
360 649 369 668 :
386 651 396 668 ι
416 641 479 674 Quae
494 643 519 669 itt
537 642 692 670 causalibus
705 647 769 670 sunt
783 642 928 677 perfectio-

137 694 191 715 nes.
204 695 251 714 eas
265 688 293 714 in
310 688 405 715 causis
422 688 488 723 ipsis
503 688 581 722 longe
599 689 690 723 potius
704 696 737 716 ac
751 689 826 724 prius
837 689 928 716 inesse

137 733 314 760 manifestum
328 738 382 760 est.
400 743 410 760 ι
779 732 785 739 “

168 777 234 811 Quis
263 787 332 805 vero
348 779 405 813 jam
425 780 558 808 adversus
581 784 634 807 tam
659 780 773 808 eximios
799 780 928 808 Ecclesia:

136 824 280 857 magistros
313 826 480 852 contendere
506 831 663 861 praesumat,
689 831 783 860 aperte
814 826 841 853 in
873 825 927 852 Deo

136 871 214 896 trimtt
233 871 266 897 ad
285 878 315 898 se
330 871 448 897 imicent
462 879 640 904 personarum
659 873 784 899 ordinem
802 872 927 900 cientes?

137 914 226 948 itaque
242 916 308 943 licet
324 917 436 951 quidem
462 917 588 944 absolute
614 926 645 946 ac
666 918 838 953 simpliciter,
865 926 927 946 cum

137 960 171 987 ita
198 965 254 988 tres
284 969 421 995 personas
452 970 640 994 numeramus.
659 964 824 998 tertiamque
842 964 927 992 solam

137 1007 277 1034 insinuare
290 1008 428 1039 volumus,
446 1008 526 1034 aliatn
543 1017 715 1043 praeponere.
733 1010 813 1036 aliam
842 1011 929 1045 subji-

139 1060 209 1085 cere,
226 1058 256 1079 ttt
273 1058 317 1080 est.
331 1053 399 1080 illud
416 1054 538 1087 Apostoli
554 1063 563 1081 :
586 1063 595 1080 ι
612 1054 704 1082 Gratia
723 1055 829 1083 Domini
843 1056 927 1082 nostri

136 1098 196 1126 Jestt
212 1099 328 1129 Christi,
346 1104 373 1126 ct
389 1100 510 1128 charitas
543 1101 588 1128 Dei
608 1106 635 1128 et
652 1102 751 1135 Patris,
765 1106 790 1129 et
808 1110 929 1130 commu-

137 1145 236 1172 nicatio
257 1146 347 1173 sancti
370 1145 490 1181 Spiritus
514 1146 553 1180 ¹³;
577 1151 650 1174 naut
681 1149 929 1183 quontodoeonque

139 1190 224 1217 aliter.
250 1190 341 1219 Porro
366 1193 522 1219 volentibus
557 1193 713 1220 divinarutu
747 1201 927 1228 personarum

137 1235 244 1261 numina
276 1243 311 1262 eo
337 1236 433 1264 ordine
460 1238 659 1270 pronuntiare,
684 1246 739 1273 qtto
769 1244 871 1267 aeterne
896 1248 929 1267 ac

138 1288 246 1316 semper
260 1282 393 1309 similiter
405 1282 437 1309 ad
455 1283 572 1311 invicem
588 1283 700 1317 habent,
718 1289 746 1312 et
768 1293 822 1320 quo
839 1287 928 1313 Trini-

139 1327 199 1354 tatis
219 1327 356 1362 perfectio
383 1328 553 1363 designatur,
572 1330 647 1357 nulla
678 1332 784 1359 ratione
800 1333 929 1360 t-onredi-

139 1377 188 1400 lllr.
204 1372 341 1405 Quocirca
359 1382 473 1408 magnus
483 1375 598 1404 Basilius
609 1377 636 1403 in
647 1377 694 1404 lib.
709 1386 733 1405 tv
746 1378 929 1410 Quwstionum

138 1419 195 1446 ait:
217 1429 226 1445 ι
247 1419 310 1446 Non
320 1426 414 1448 tamen
436 1421 610 1456 quiaprimo
630 1423 674 1450 hic
697 1424 785 1452 sancti
809 1424 929 1459 Spiritus

139 1465 286 1499 Apostolus
313 1467 450 1500 meminit,
474 1469 595 1494 secundo
616 1468 687 1500 Filii,
717 1470 797 1498 tertio
829 1470 875 1498 Dei
901 1476 929 1499 et

971 226 1083 254 omnino
1095 227 1228 261 ahnegare
1245 235 1252 254 z
1269 234 1331 253 cum
1351 234 1414 252 vero
1430 233 1483 260 quo
1508 234 1632 260 persona:
1656 228 1758 255 discer-

972 277 1085 303 nuntur,
1112 272 1262 299 secundum
1278 280 1356 307 quem
1381 279 1463 298 causa
1481 272 1517 306 (6)
1541 276 1622 307 atque
1650 274 1758 301 causale

973 326 1036 346 cum
1053 311 1188 345 coaeterno
1216 324 1243 345 et
1265 317 1489 344 consubstantiali
1508 319 1654 352 inducitur,
1673 324 1699 346 et
1712 320 1759 347 do-

973 372 1043 396 cere,
1058 369 1084 392 et
1100 369 1127 391 ut
1143 363 1227 398 piunt,
1243 371 1275 390 ac
1289 365 1457 400 religiosum,
1474 366 1598 399 amplecti
1620 373 1651 394 ac
1669 367 1759 394 susci-

974 419 1047 446 pere,
1064 418 1152 444 neque
1166 411 1234 437 idetn
1250 415 1343 437 contra
1357 411 1424 438 idem
1443 418 1564 438 asserere
1580 416 1662 447 atque
1677 412 1760 440 dene-

975 465 1049 493 gare.

1010 503 1111 531 Praeter
1127 505 1182 532 haec
1196 508 1297 536 autem,
1317 511 1377 538 quze
1397 504 1469 532 dicta
1486 509 1560 538 sunt,
1589 511 1759 540 nequaquam

976 554 1048 577 esset
1061 549 1181 577 Trinitas
1198 550 1279 582 Deus,
1296 551 1347 577 nisi
1366 551 1415 577 tria
1434 551 1548 577 invicem
1561 555 1761 578 connecteren-

977 599 1022 622 tttr
1034 617 1041 628 ,
1067 604 1098 623 ac
1114 597 1264 623 secundum
1281 596 1404 623 ordinem
1432 604 1511 623 suum
1527 596 1670 622 unirentur
1687 604 1695 622 :
1714 595 1762 623 sed

977 643 1028 670 tria
1055 643 1215 678 simpliciter
1231 651 1262 670 ac
1278 647 1379 670 tctnere
1399 642 1510 677 (quippe
1523 642 1629 670 sublata
1647 642 1761 672 unitate.

977 697 1059 724 quant
1077 690 1144 716 ordo
1160 690 1186 716 in
1205 689 1297 716 multis
1322 688 1415 722 ellicit)
1429 689 1583 715 inordinata
1610 693 1713 719 essent,
1732 695 1763 715 ac

978 736 1107 771 plurima,
1137 735 1192 762 imo
1218 735 1309 770 potius
1330 735 1407 761 nihil.
1425 734 1518 768 Neque
1533 735 1605 761 enim
1636 733 1675 760 vel
1701 733 1761 765 tria,

979 782 1020 810 vel
1037 787 1155 817 quatuor
1170 789 1230 809 esse
1249 781 1303 807 ullo
1320 781 1399 807 modo
1417 784 1537 814 possent,
1562 779 1614 806 nisi
1629 778 1763 809 Trinitas,

980 828 1021 855 vel
1035 827 1206 863 quaternitas
1224 827 1316 853 animo
1338 831 1401 853 ante
1416 826 1616 860 conciperetur.
1628 824 1762 858 Quoniam

980 875 1062 910 igitur
1081 874 1160 900 tritttn
1191 880 1271 899 unam
1285 872 1484 900 connexionetn
1502 871 1675 903 conﬁtemur,
1692 870 1764 898 sicut

980 929 1062 948 uuam
1095 920 1177 947 etiatu
1201 919 1360 950 essentiam,
1378 918 1520 952 prituoque
1537 917 1596 944 loco
1621 915 1702 943 Pater
1722 921 1765 943 est
1782 930 1789 937 ο

978 974 1072 999 causa,
1088 973 1199 993 necesse
1214 968 1256 991 est
1269 971 1329 990 esse
1348 967 1375 990 et
1393 963 1514 990 tertium.
1536 961 1650 989 Sublato
1664 962 1765 997 quippe

979 1014 1070 1044 tertio,
1086 1020 1136 1039 nec
1156 1012 1274 1046 pritntttn
1286 1009 1350 1037 erit.
1376 1010 1403 1036 lll
1420 1009 1544 1044 plurimis
1559 1009 1631 1036 enim
1648 1008 1694 1036 ubi
1709 1008 1765 1042 pri-

979 1067 1053 1085 tnutn
1068 1063 1119 1089 est,
1137 1057 1304 1088 necessario,
1319 1060 1379 1090 qua:
1395 1059 1456 1090 post
1474 1056 1591 1089 primum
1609 1059 1682 1085 sunt,
1700 1061 1765 1080 eou-

980 1105 1105 1132 nexionis
1122 1104 1192 1130 serie
1218 1103 1251 1129 ad
1277 1102 1393 1136 primum
1410 1101 1575 1128 referuntur.
1596 1100 1685 1134 Atque
1713 1099 1765 1126 hoc

979 1151 1097 1178 maxime
1115 1150 1140 1176 in
1164 1153 1259 1176 sancta
1278 1147 1421 1180 Trinitate,
1437 1147 1482 1174 ubi
1501 1146 1582 1173 trium
1599 1154 1679 1181 unam
1697 1145 1764 1173 late-

979 1203 1042 1223 mur
1055 1195 1262 1224 connexioncm,

1015 1241 1144 1272 Rursum,
1170 1241 1298 1274 quoniam
1324 1238 1432 1266 tert'utu
1463 1246 1478 1265 a
1514 1236 1596 1265 Patre
1631 1236 1763 1271 Spiritum

980 1295 1103 1316 saneutm
1118 1287 1243 1314 doctores
1258 1285 1413 1319 praedicant,
1438 1283 1558 1318 profecto
1584 1284 1681 1310 tertius
1711 1290 1765 1309 non

980 1337 1054 1360 esset
1068 1333 1155 1368 primo
1169 1331 1287 1358 sublato.
1300 1330 1421 1357 Tertium
1437 1331 1508 1357 enim
1523 1329 1625 1356 lthll‘CU
1637 1328 1766 1358 dicimus.

981 1379 1044 1414 quia
1072 1378 1190 1406 refertur
1205 1377 1237 1404 ad
1269 1379 1397 1412 primum.
1416 1375 1448 1402 Et
1470 1375 1519 1402 hoc
1536 1375 1627 1401 itidem
1652 1382 1706 1401 uott
1730 1374 1765 1400 ita

980 1430 1062 1458 esset,
1079 1425 1130 1451 nisi
1144 1429 1170 1452 et
1186 1425 1303 1458 primum
1335 1422 1369 1449 ad
1386 1421 1538 1449 secundant
1555 1420 1668 1447 haberet
1690 1420 1766 1446 ordi-

981 1480 1053 1499 nem.
1068 1471 1141 1498 Alias
1171 1471 1270 1505 quippe
1288 1476 1376 1503 neque
1404 1467 1487 1494 trium
1519 1466 1654 1493 connexio
1682 1470 1765 1497 esset,

139 1509 234 1542 Patris,
251 1513 387 1539 continuo
403 1513 554 1546 putandutn
575 1519 626 1545 est,
641 1522 800 1549 perversum
819 1521 867 1544 aut
878 1517 929 1543 im—
943 1517 964 1545 C
982 1525 1069 1552 neque
1087 1517 1177 1544 unitas
1193 1525 1200 1544 ε
1218 1516 1264 1543 Sed
1283 1515 1345 1544 tria.
1359 1519 1388 1541 ut
1404 1514 1533 1543 diximus,
1549 1512 1719 1547 simpliciter,
1735 1518 1767 1538 ac

140 1562 272 1584 mutatum
299 1565 362 1586 esse
378 1559 515 1588 ordinem.
545 1559 584 1587 Ex
609 1565 705 1588 nostro
727 1561 827 1597 quippe
855 1570 931 1590 more

140 1603 246 1636 initium
274 1605 406 1639 sumpsit.
433 1604 548 1638 Quando
565 1607 638 1633 cnitn
660 1606 731 1634 dona
750 1609 928 1643 suscipimus.

140 1650 225 1683 primo
236 1650 416 1678 distribuenti
435 1651 628 1686 congredimur
640 1672 647 1683 ,
667 1653 764 1681 deinde
778 1653 929 1682 mittentem

139 1696 312 1729 concipimus
344 1696 447 1725 animo.
480 1702 535 1724 tum
553 1697 586 1724 ad
610 1698 698 1732 ipsum
720 1700 851 1728 honorum
869 1700 929 1728 fon-

139 1745 187 1768 ῑ¹ιιι
201 1750 374 1778 causamque
394 1743 556 1777 cogitatione
567 1745 763 1773 convertitnur.
780 1756 789 1772 ι

170 1788 247 1822 Quod
263 1790 286 1815 si
305 1797 338 1816 ex
353 1797 428 1816 more
443 1794 538 1817 nostro
554 1791 661 1818 initium
678 1797 827 1825 sumentes,
843 1793 929 1828 primo

139 1835 318 1862 meminimus
331 1835 460 1868 Spiritus.
486 1843 500 1862 a
525 1844 580 1870 quo
596 1837 624 1863 in
641 1844 690 1864 nos
716 1845 859 1865 munt-rum
876 1839 930 1866 lar—

140 1880 204 1912 gitas
220 1885 331 1910 manat;
344 1880 441 1908 deinde
468 1881 542 1915 Filii,
564 1889 595 1908 ac
614 1882 694 1909 tertio
712 1890 760 1917 per
772 1883 871 1911 Filium
896 1885 928 1912 ad

142 1924 247 1953 Patrem
279 1926 428 1958 tendimus,
448 1927 543 1962 liquet,
574 1928 647 1962 quod
676 1928 730 1956 illic
756 1929 928 1964 incipientes,

141 1972 227 2005 primo
244 1972 347 2003 Patris,
361 1972 460 1999 deinde
475 1972 535 1999 Filii
551 1980 584 2000 ac
601 1975 680 2001 tertio
701 1974 821 2009 Spiritus
842 1976 928 2003 sancti

141 2018 290 2045 st-(undutn
326 2017 468 2045 Trinitatis
503 2018 642 2053 proprium
674 2027 706 2047 ac
734 2021 928 2056 sempiternum

142 2064 263 2092 ordinem
288 2064 474 2093 meminimus.
499 2065 605 2100 Itaque,
640 2066 662 2093 si
687 2075 766 2101 quem
800 2068 928 2096 sacerdos

143 2110 302 2144 lvaptizatet,
317 2116 400 2144 atque
414 2112 449 2138 ita
468 2112 612 2146 haptizans
625 2113 832 2146 pronuntiaret:
852 2123 861 2139 t
877 2114 929 2140 Ba-

144 2157 210 2191 ptizo
222 2163 248 2185 te
267 2158 294 2184 in
313 2158 425 2185 nomine
454 2157 555 2191 Patris,
570 2163 597 2184 et
619 2157 736 2191 Spirittts
748 2164 773 2186 et
788 2159 859 2192 Filii,
876 2159 927 2188 Ec-

143 2203 221 2231 clesia
248 2205 404 2239 huiusmoli
430 2205 596 2240 baptiZaIum
627 2206 675 2240 (5),
692 2206 769 2241 quasi
793 2206 929 2240 baptismo

144 2255 343 2281 consecratum,
372 2259 511 2282 nunquam
533 2251 691 2279 admitteret
727 2260 760 2279 eo
782 2253 854 2287 quod
874 2260 928 2279 non

143 2295 215 2328 juxta
227 2296 336 2324 Domini
364 2296 537 2324 traditionem
563 2296 716 2332 baptizatus
733 2301 816 2327 esset,
832 2304 932 2324 seeuu-
947 2296 954 2302 '

144 2341 201 2368 dum
234 2351 318 2378 quam
342 2343 484 2370 nominum
513 2351 545 2370 ac
569 2351 659 2370 rerum
684 2343 816 2374 Trinitas.
842 2343 931 2370 Patris

143 2386 254 2417 scilicet.
270 2391 297 2413 et
308 2386 380 2418 Filii,
396 2393 422 2414 et
436 2389 523 2415 sancti
537 2388 665 2423 Spiritus,
683 2393 711 2415 ιιι
728 2396 756 2415 se
768 2389 800 2415 ad
813 2388 929 2415 invicem

145 2433 232 2466 habet,
251 2434 351 2460 tradita
372 2437 413 2460 est
427 2434 516 2466 nobis,
533 2442 614 2468 quam
632 2434 776 2461 immutare
789 2442 842 2461 non
855 2434 927 2462 licet.

146 2478 245 2513 Quippe
261 2486 320 2509 eos,
349 2479 396 2514 qui
417 2479 594 2507 intmutarent
617 2485 729 2507 sanctus
749 2479 867 2507 Basilius
882 2488 929 2508 ea-

146 2524 228 2551 rrndo
242 2525 361 2557 monuit,
378 2530 470 2560 utpote
486 2525 612 2560 pietatem
624 2531 716 2560 aperte
730 2531 929 2561 oppugnantes,

143 2573 167 2594 et
195 2578 286 2604 neque
312 2570 338 2597 in
375 2571 509 2598 Trinitate
534 2571 713 2605 baptizautes,
747 2579 835 2607 neque
860 2572 930 2598 hanc

143 2612 213 2646 juxta
235 2615 342 2642 Domini
376 2616 549 2643 traditionem
568 2617 737 2644 conliteutes.
767 2617 885 2652 Apparet
904 2617 929 2644 id

145 2667 251 2694 quoque
266 2667 327 2687 eum
353 2661 488 2695 ordinem,
518 2670 574 2698 quo
590 2667 694 2690 natura:
723 2662 928 2696 discernuntur,

178 2744 198 2760 "
215 2743 236 2770 ll
253 2744 318 2772 Cor.
332 2751 391 2777 χιιι,
411 2745 455 2772 i5.

147 2851 160 2878 ι)
178 2817 214 2857 (5)
235 2816 354 2857 Observa
384 2818 453 2846 hanc
472 2817 630 2854 opinionem
651 2815 752 2845 Caice-te
777 2817 810 2844 de
841 2815 927 2843 forma

161 2858 282 2878 BDIISHH.
909 2859 911 2861 ’

161 2858 282 2886 apttsmt.
909 2859 911 2861 ’

982 1567 1085 1589 temere
1109 1561 1264 1588 inordinate
1291 1567 1318 1586 se
1335 1558 1474 1589 habentia,
1489 1562 1571 1591 atque
1588 1557 1622 1583 ab
1651 1556 1766 1583 invicem

982 1608 1130 1641 dispurala.
1160 1605 1214 1632 Sed
1241 1605 1293 1631 hoc
1310 1604 1351 1631 his
1365 1611 1425 1638 qua:
1445 1611 1458 1629 a
1476 1602 1616 1637 magistris
1639 1601 1767 1628 Eecles‘a:

981 1654 1122 1685 dicuntur,
1150 1651 1343 1685 communique
1371 1649 1537 1678 conleSsioni
1570 1648 1630 1675 tidei
1658 1653 1767 1689 contra-

980 1700 1051 1727 rium
1078 1699 1191 1727 omnino
1220 1702 1271 1726 est.
1288 1697 1408 1724 Primum
1423 1696 1508 1727 enim,
1524 1699 1549 1722 et
1566 1694 1728 1726 secundum,
1741 1698 1768 1721 et

982 1748 1090 1774 tertium
1117 1746 1243 1778 fatemur,
1278 1751 1416 1774 unamque
1446 1741 1641 1770 c0nnexionem
1667 1746 1768 1768 sanctae

981 1793 1135 1824 Trinitatis,
1152 1799 1237 1826 eaqtte
1249 1791 1300 1818 sibi
1326 1790 1442 1816 invicem
1459 1788 1586 1823 conjungi
1600 1794 1627 1814 ct
1643 1787 1768 1815 connecti

980 1840 1061 1871 serie,
1075 1846 1156 1872 sttpra
1172 1838 1228 1873 jam
1245 1837 1346 1864 dictum
1360 1840 1411 1863 est.
1433 1834 1495 1862 llaec
1510 1839 1599 1861 autem
1615 1841 1707 1868 aperte
1723 1841 1769 1861 or.

981 1887 1072 1914 dinctn
1102 1883 1307 1912 commendant.
1334 1882 1431 1916 Liquet
1466 1881 1549 1915 igitur
1574 1888 1606 1907 ex
1629 1880 1682 1912 his,
1709 1887 1770 1914 qua:

980 1932 1051 1958 dicta
1066 1933 1140 1961 sttnt,
1169 1927 1390 1963 quandoquidem
1405 1926 1473 1953 ordo
1489 1925 1607 1952 discreta
1625 1925 1769 1959 signiﬁcat,

980 1977 1026 2011 qui
1045 1973 1289 2003 consubstantialis
1318 1972 1441 1999 ordinem
1460 1977 1521 1998 esse
1537 1971 1640 2003 dicunt,
1670 1976 1718 1996 eos
1742 1969 1770 1995 itt

979 2021 1081 2048 divinis
1098 2017 1222 2055 peccare.
1242 2018 1283 2045 Ita
1299 2018 1370 2044 enitn
1388 2017 1521 2044 unitatem
1539 2015 1653 2042 reddent
1666 2015 1771 2049 potius,

980 2075 1061 2103 quam
1085 2067 1219 2094 ordittem.
1249 2064 1314 2091 Nam
1343 2071 1467 2098 persona:
1486 2068 1553 2094 tres,
1579 2063 1607 2089 in
1633 2068 1767 2096 quantum

980 2117 1045 2140 sunt
1061 2112 1175 2138 invicem
1189 2108 1456 2138 .cousttbstantiales.
1469 2107 1546 2142 juxta
1563 2107 1684 2142 ejusdem
1700 2107 1768 2134 sub-

982 2157 1089 2184 stantiae
1116 2155 1248 2181 rationem
1279 2160 1363 2179 unum
1382 2156 1458 2178 sttut.
1481 2150 1568 2178 Porro
1592 2152 1671 2178 unius
1686 2152 1718 2178 ad
1743 2159 1773 2179 se

984 2201 1085 2235 ipsum,
1103 2198 1252 2226 secundum
1275 2205 1343 2230 rem,
1365 2196 1573 2229 ordinemesse,
1606 2196 1773 2232 impossibile

980 2251 1033 2273 est.

1017 2291 1161 2326 Prmtorca.
1179 2294 1205 2317 ct
1231 2297 1245 2316 a
1276 2289 1356 2316 Patre
1379 2295 1450 2319 esse,
1467 2287 1600 2315 ambobus
1628 2295 1773 2315 commune

983 2344 1043 2364 cum
1061 2337 1108 2369 sit,
1125 2335 1232 2362 ttnionis
1249 2335 1352 2369 potius,
1377 2341 1458 2368 quant
1475 2334 1650 2360 discretionis
1675 2333 1708 2359 ad
1729 2334 1773 2359 lll-

982 2384 1070 2411 vicem
1099 2390 1181 2410 cattsa
1211 2386 1262 2410 est.
1285 2380 1337 2407 uisi
1369 2379 1440 2406 aliud
1470 2379 1572 2414 aliquid
1617 2379 1772 2414 adjiciatur.

985 2429 1091 2464 Quippe
1107 2433 1135 2456 et
1163 2434 1257 2453 omnes
1272 2425 1396 2453 homines
1423 2432 1455 2452 eo
1479 2425 1538 2459 ipso
1556 2425 1676 2459 quidcnt,
1699 2425 1772 2458 quod

985 2485 1018 2504 ex
1036 2476 1120 2502 Adam
1148 2473 1280 2507 originem
1299 2471 1422 2502 trahunt,
1453 2471 1568 2497 invicem
1587 2471 1656 2497 uniti
1682 2474 1769 2502 sunt,

985 2522 1068 2550 certis
1083 2528 1146 2548 vero
1165 2517 1319 2546 rationibus
1346 2521 1374 2554 et
1401 2515 1614 2552 proprietatibus
1635 2516 1670 2543 ab
1684 2524 1713 2543 se
1730 2516 1773 2542 di-

986 2567 1175 2602 stinguuntur.
1191 2565 1283 2598 Itaque
1302 2567 1451 2596 utrutnqtte
1468 2569 1500 2588 ex
1514 2561 1593 2588 Patre
1609 2568 1669 2588 esse
1698 2560 1772 2587 dicc-

986 2620 1025 2645 re,
1061 2612 1129 2640 satis
1144 2618 1196 2638 non
1228 2614 1270 2636 est
1290 2610 1323 2635 ad
1353 2607 1560 2642 exprimendum
1593 2614 1655 2633 eum
1692 2613 1772 2640 quem

987 2659 1088 2687 habent
1106 2658 1140 2685 ad
1177 2656 1305 2686 invicem,
1326 2653 1460 2680 ordinem.
1478 2653 1530 2680 Sed
1552 2652 1623 2679 enim
1646 2651 1773 2686 hyposta-

1023 2813 1060 2846 (6)
1082 2813 1155 2840 More
1171 2811 1327 2839 Grterorum
1347 2811 1458 2838 l‘atrum
1475 2817 1506 2838 ac
1529 2809 1691 2843 scriptorum
1707 2814 1770 2833 cau-

990 2857 1046 2876 sam
1060 2856 1110 2884 pro
1122 2848 1251 2883 principio
1267 2852 1388 2882 usurpat.
1619 2862 1625 2865 ι
