1934 3063
170 140 205 170 23
800 144 997 176 MANL'ELIS
1014 146 1166 177 CALEC/E
1755 147 1791 182 24

171 205 236 223 senn
258 205 307 224 seu
327 206 505 233 personarum
523 199 557 227 ad
574 208 603 228 se
622 200 737 228 invicem
752 202 829 236 juxta
845 202 949 229 incom-
967 204 989 232 Λ
1039 202 1156 230 Sanetus
1185 204 1247 231 item
1277 204 1399 239 Cyrillus,
1418 204 1444 230 in
1470 213 1477 232 l
1507 203 1699 232 Thcsattrorum
1722 206 1759 232 ait
1775 202 1788 227 ’Ξ

170 240 290 281 mistam,
307 248 389 278 atque
407 245 576 273 inconfusam
594 247 738 278 rationem,
753 248 876 274 ordinent
893 255 954 275 esse

168 290 268 320 dicere,
287 288 472 319 irrationabile
487 293 599 319 omnino
612 298 664 320 est.
681 293 746 321 Esse
761 295 833 321 enim
850 294 954 322 incom-

168 335 267 363 miSIas
283 336 314 363 ad
333 337 460 371 invicem,
478 343 619 366 servantes
636 339 687 367 sibi
700 347 810 367 suarum
832 342 952 376 proprie-

168 385 253 408 tatum
281 382 423 415 terminos,
452 391 561 412 necesse
585 389 650 412 est:
679 393 767 420 neque
792 387 864 414 enim
885 387 953 415 alias

167 427 234 454 ordo
250 433 405 455 servaretur
420 437 427 462 ;
448 437 500 456 non
517 435 606 458 tamen
624 431 685 459 ideo
705 440 816 460 necesse
832 438 884 464 est.
910 433 953 460 in-

167 473 388 506 commislarum,’
407 475 433 502 in
450 481 582 510 quantum
599 476 773 504 incontmista
789 482 863 510 sunt,
880 479 952 505 orli-

167 525 228 544 nem
244 519 277 544 ad
305 519 419 547 invicem
457 527 611 553 servantes,
642 523 694 550 nisi
736 523 817 550 etiant
845 523 952 550 habitus

167 565 199 591 a‘l
231 564 345 592 invicem
385 566 496 600 qttidatn
522 567 577 595 illis
612 568 701 595 inesse
733 568 868 596 videatur.
911 567 951 595 Ex

166 617 222 644 quo
241 618 306 638 sane
337 612 433 639 ordine
451 613 483 639 ad
503 613 618 641 invicem
653 618 680 640 et
707 614 811 646 habitu,
838 622 950 642 suarum

167 656 249 682 etiam
265 657 462 691 proprietatum
497 659 604 686 termini
632 659 761 687 confundi
788 660 951 695 miscerique

166 710 222 730 non
243 708 368 738 possunt.
397 704 457 738 Quo
490 706 572 733 etiam
601 712 716 738 remoto,
747 707 949 734 incommistum

167 749 235 776 illud
262 750 412 778 secundum
450 759 489 783 se.
507 752 718 780 inord'nationis
746 752 851 787 potius,
867 761 948 788 quam

167 795 271 821 ordinis
281 795 356 823 ﬂeret
369 799 476 824 causa.‘
486 797 666 829 Qumrcndum
691 797 773 831 igitur
786 798 811 824 in
826 800 949 833 personis

167 839 277 872 divinis.
308 849 431 874 quamam
459 842 494 869 sit
517 843 618 869 ordinis
643 851 736 870 carum
775 844 807 870 ad
834 844 948 871 invicem

166 893 260 918 causa,
277 887 410 921 quaeitem
422 887 647 916 incomntistionis
660 889 809 916 sccundttm
824 890 947 924 proprie-

130 931 136 937 '
166 936 236 959 tates
272 940 346 960 suas.
367 933 441 960 Alias
469 934 553 966 enim,
580 938 758 969 praeterquam
783 935 854 969 quod
880 935 946 962 nihil

166 977 320 1010 coniicitur,
336 979 479 1012 imperitim
499 988 607 1015 quoque
630 982 742 1008 evidens
757 987 947 1015 argumentum

166 1030 220 1056 est,
238 1025 350 1053 causale
364 1026 444 1060 quasi
469 1033 579 1057 causam
597 1034 706 1060 ponere.
722 1027 807 1062 igitur
823 1035 948 1062 oportere

166 1070 277 1104 quidem
307 1071 463 1098 necessario
495 1072 616 1099 ordinem
647 1072 675 1099 in
698 1072 798 1101 divinis
825 1074 948 1108 person?s

165 1115 331 1143 immobilem
350 1116 439 1149 fateri,
455 1125 544 1152 neque
555 1125 616 1145 esse
632 1118 658 1145 in
685 1123 776 1146 nostra
804 1123 948 1154 potestate,

166 1162 334 1194 utlihuerit,
360 1164 488 1190 lraditutn
520 1164 664 1192 immulare
676 1166 810 1195 ordinem.
835 1174 948 1201 eosque,

165 1207 212 1238 qui
231 1208 385 1241 imnttttant,
406 1214 434 1236 ut
450 1217 505 1244 qtto
523 1215 616 1245 aperte
637 1215 793 1245 oppugnant
809 1211 948 1245 pietatem.

164 1254 290 1281 vitandos
319 1262 388 1287 esse,
407 1256 474 1283 satis
491 1263 522 1282 ex
540 1256 727 1290 superioribus
739 1262 878 1284 ostensum
897 1261 947 1284 est.

201 1299 334 1332 Quoniam
369 1308 433 1327 vero
451 1302 582 1328 unitatem
616 1308 647 1329 ac
678 1302 836 1330 Trinitatem
865 1302 949 1330 Deum

165 1345 338 1378 conﬁtemur,
353 1353 385 1372 ac
398 1346 475 1380 juxta
491 1347 622 1374 unitatem
638 1348 747 1382 quidem
764 1356 851 1383 neque
871 1350 949 1383 ordo,

164 1398 253 1424 neque
268 1399 421 1425 processus,
446 1400 533 1426 neque
550 1401 730 1426 personarum
747 1402 878 1422 numerus
910 1395 952 1422 in-

165 1436 280 1470 spicitur
294 1445 301 1463 :
319 1444 372 1463 una
393 1437 464 1464 enim
481 1446 524 1464 res
537 1440 654 1466 essentia
670 1444 712 1466 est
726 1440 839 1467 omnino
863 1441 951 1468 indis-

165 1486 251 1515 creta,
285 1482 422 1517 uniusque
437 1483 469 1510 ad
488 1484 607 1518 seipsnm
626 1485 776 1512 secundum
807 1493 864 1513 rem
884 1487 952 1513 ordo

1008 257 1017 274 ι
1035 247 1124 283 Gignil
1136 242 1240 276 Filium
1262 250 1341 277 Pater
1357 250 1432 276 nullo
1448 249 1547 277 medio.
1567 259 1576 275 ι

1040 291 1113 318 ldetn
1126 300 1208 327 super
1223 293 1370 328 Evangelio
1385 292 1509 325 Joannis,
1534 301 1594 320 rum
1623 294 1649 320 id
1677 293 1790 320 verbum

1003 342 1149 371 exponeret
1171 346 1178 364 :
1208 337 1265 364 Hoc
1290 343 1347 365 erat
1374 339 1402 365 in
1425 339 1554 373 principio
1587 340 1657 374 apud
1686 339 1788 370 Deum,

1004 382 1041 410 ita
1054 383 1114 410 ait:
1131 392 1140 409 t
1160 382 1227 412 Esse
1251 389 1342 412 autem
1360 392 1420 411 cutn
1447 385 1515 412 Filio
1539 385 1645 412 Patrem
1663 385 1791 419 intelligi-

1004 436 1074 461 mus,
1093 434 1203 465 propter
1216 431 1377 458 substantia:
1403 431 1703 458 incommutabilitatem
1722 441 1729 459 :
1749 437 1790 458 at-

1003 481 1056 508 que
1072 475 1140 507 ideo,
1155 474 1227 509 quod
1243 476 1356 503 ontnino
1367 477 1511 511 contiguus
1527 476 1573 509 sit,
1600 477 1675 503 ttullo
1687 477 1787 509 medio,

1003 519 1039 549 ei,
1056 520 1126 554 quod
1141 528 1173 546 ex
1190 528 1218 547 se
1233 522 1396 548 naturaliter
1411 522 1554 556 processit.
1575 531 1585 548 ι

1039 564 1153 600 Magnus
1178 565 1249 593 idem
1266 566 1395 599 Basilius,
1412 567 1438 594 in
1465 569 1545 602 epist.
1573 568 1605 595 ad
1628 567 1788 602 Gregorium

1003 610 1113 638 fratrem
1144 612 1178 639 de
1202 612 1354 639 dillerentia
1384 614 1510 640 essentia:
1547 619 1629 648 atque
1659 614 1788 641 substan-

1001 658 1046 684 tiae
1062 658 1112 692 (7),
1129 659 1167 685 ait
1185 667 1192 685 :
1212 667 1221 684 ‹
1245 658 1331 687 Filius
1349 665 1440 687 autem
1461 660 1548 691 solus,
1565 661 1612 694 qui
1630 661 1788 694 unigenitus

1000 702 1034 730 de
1050 703 1171 739 ingenito
1182 705 1283 732 eﬂ‘ulsit
1298 706 1410 738 lumine,
1427 705 1528 733 nullam
1541 706 1619 740 juxta
1639 707 1790 740 proprieta-

1001 751 1054 774 tem
1072 757 1250 784 personarum
1264 750 1485 777 communionem
1503 749 1585 776 habet
1610 749 1642 775 ad
1671 749 1790 779 Patrem,

999 798 1041 825 vel
1057 797 1089 824 ad
1106 797 1238 831 Spiritum
1255 799 1391 823 sanctum.
1409 804 1418 821 ι
1437 795 1586 830 Gregorius
1607 795 1671 821 item
1691 794 1791 829 Nysse-

1002 853 1051 872 nus
1068 852 1148 879 super
1167 843 1297 871 Oratione
1314 841 1455 869 Dominica
1471 862 1479 874 ,
1508 843 1535 868 in
1550 849 1582 868 eo
1597 846 1727 872 tractatu,
1742 841 1788 874 qui

1000 891 1095 925 incipit
1115 899 1121 916 :
1153 888 1278 916 Umbram
1294 888 1427 914 continens
1455 887 1604 922 futurorum
1624 887 1676 918 lex;
1698 896 1707 912 ‹
1725 886 1790 913 Uni-

999 936 1119 971 genitus,
1133 934 1234 969 inquit,
1259 933 1346 960 Filius
1362 941 1393 960 ex
1411 933 1491 960 Patre
1507 940 1521 958 a
1539 931 1569 959 S.
1585 932 1727 966 Scriptura
1742 939 1791 958 no-

999 983 1136 1014 minatur;
1158 985 1240 1016 atque
1256 980 1392 1007 ltactenus
1409 980 1469 1013 ejus
1487 980 1643 1014 proprietas
1658 979 1756 1006 fertur.
1776 989 1785 1004 ι

1035 1027 1152 1055 Sanctus
1168 1035 1277 1061 quoque
1291 1027 1454 1054 Anastasius
1469 1026 1618 1053 Antiochia:
1645 1026 1788 1059 episcopus

999 1074 1026 1101 in
1042 1074 1089 1100 lib.
1107 1081 1157 1101 suo
1173 1073 1209 1100 De
1220 1073 1388 1107 dogmatibus
1407 1072 1458 1107 (8),
1485 1071 1563 1106 cujus
1591 1072 1698 1098 initium
1724 1076 1766 1098 est
1781 1080 1787 1099 :

1001 1120 1126 1148 Sulubris
1141 1119 1203 1154 ﬁdei
1221 1123 1319 1145 nostra
1345 1119 1472 1145 rationem
1484 1139 1491 1150 ,
1511 1118 1549 1144 ait
1566 1126 1573 1144 :
1592 1126 1601 1142 ε
1617 1117 1744 1151 Spiritus.
1759 1123 1788 1144 ut

999 1167 1068 1199 dixi,
1083 1167 1183 1193 dicitur
1204 1165 1284 1197 Deus,
1310 1169 1337 1192 et
1365 1170 1477 1191 sanctus
1495 1163 1578 1191 Deus.
1611 1163 1673 1190 lla'c
1694 1168 1786 1190 autem

1000 1212 1080 1239 ambo
1096 1211 1244 1245 composita
1260 1210 1369 1237 nomina
1382 1210 1405 1236 ei
1422 1214 1578 1244 congruunt
1591 1230 1597 1240 ,
1616 1209 1662 1243 qui
1680 1210 1787 1243 proprie

1002 1259 1122 1292 Spiritus
1145 1262 1256 1285 sanctus
1285 1257 1447 1292 appellatur,
1468 1256 1539 1283 sicut
1556 1261 1582 1282 et
1602 1255 1690 1283 Patris
1710 1263 1788 1281 vora-

999 1304 1094 1331 bulunt
1110 1311 1213 1335 causae,
1230 1308 1256 1330 et
1272 1302 1342 1335 Filii,
1359 1303 1382 1329 ei
1399 1302 1444 1337 qui
1459 1311 1490 1329 ex
1514 1309 1596 1329 causa
1629 1302 1704 1329 nullo
1731 1310 1787 1329 mc-

1001 1349 1046 1376 dio
1060 1349 1158 1383 prodit,
1177 1349 1412 1376 accommodatur.
1433 1358 1442 1374 ι
1731 1385 1733 1387 μ

1037 1395 1074 1422 Ita
1093 1395 1174 1429 igitur
1190 1394 1250 1422 Filii
1266 1403 1298 1422 ex
1320 1395 1399 1422 Patre
1414 1395 1599 1430 Tprocessum,
1616 1388 1784 1423 nativita'em

1003 1441 1107 1469 scilicet
1123 1441 1308 1468 immedialam
1324 1441 1468 1472 discimus,
1496 1442 1647 1469 secundum
1662 1450 1743 1476 quam
1759 1447 1784 1469 et

1003 1488 1171 1523 unigenitus,
1188 1492 1215 1514 et
1225 1487 1299 1515 solus
1314 1487 1346 1514 de
1359 1488 1417 1514 solo
1429 1487 1542 1519 dicitur.
1560 1488 1785 1522 pcrsoualemque

165 1532 214 1554 attt
227 1527 354 1555 discretio
370 1535 423 1555 non
441 1533 504 1572 est:
535 1529 669 1564 reliquum
697 1534 750 1561 est.
765 1536 794 1557 ut
820 1531 944 1558 ordinem
961 1536 982 1565 (ς
999 1540 1076 1560 suam
1103 1540 1134 1558 ac
1154 1531 1362 1558 substantialem
1391 1531 1582 1566 proprietatem
1599 1531 1663 1557 hinc
1675 1531 1783 1565 accipit,

165 1582 367 1610 numerumque
381 1582 560 1610 personarum
578 1576 655 1611 juxta
671 1584 815 1611 processus
829 1585 895 1605 suos
911 1577 949 1605 la-

166 1625 282 1648 leanutr.

204 1667 261 1692 Duo
277 1666 389 1694 omnino
403 1673 548 1701 processus
565 1666 592 1694 in
608 1666 663 1695 Deo
678 1667 756 1695 nobis
773 1668 862 1696 traditi
873 1672 947 1701 su--t,

165 1712 244 1745 alter,
269 1713 417 1740 secttndum
436 1713 604 1740 nativitatem
616 1735 623 1747 ,
640 1713 718 1746 alter,
742 1715 818 1748 juxta
837 1721 948 1749 proces-

166 1757 282 1793 ciqnctn.
314 1757 397 1784 Deum
425 1758 525 1793 quippe
557 1766 589 1786 ex
620 1759 675 1785 Deo
692 1759 780 1792 nasci,
811 1759 950 1794 Deumque

165 1806 231 1831 item
247 1811 278 1830 ex
310 1803 365 1830 Deo
384 1803 541 1837 procedere,
557 1804 656 1831 divinis
671 1804 780 1833 Litteris
807 1806 947 1834 docentur.

164 1855 254 1884 Atque
263 1849 323 1877 Filii
333 1849 442 1884 quidem
457 1857 473 1877 ι
487 1849 568 1878 Patre
581 1850 767 1878 immediatum
777 1859 947 1887 processum,

165 1901 277 1924 sanctus
294 1896 422 1930 Basilius,
446 1897 472 1924 in
498 1897 546 1924 lib.
564 1897 695 1924 Adversus
721 1897 897 1932 Eunomium._
912 1899 947 1926 ita

165 1943 340 1970 commendat
357 1951 364 1971 :
384 1952 394 1968 ‹
421 1943 531 1970 Initium
548 1942 658 1977 quidem
676 1943 765 1971 Patris
788 1943 948 1978 nullumque

164 1984 262 2016 horum
289 1989 418 2017 medium.
449 1999 458 2016 ι
480 1990 654 2025 Rursumque
687 1990 714 2017 in
744 1990 839 2018 eodem
857 1999 865 2017 :
881 2000 891 2017 ι
913 1990 950 2018 Ut

163 2036 236 2062 enim
261 2035 344 2062 stulta
367 2039 410 2062 est
437 2034 615 2069 interrogatio
631 2035 657 2062 in
671 2042 715 2067 eo,
730 2035 776 2070 qui
797 2035 856 2063 sine
872 2037 947 2069 prin-

164 2081 235 2115 cipio
251 2085 332 2114 atque
360 2080 496 2115 ingenitus
510 2085 561 2113 est,
578 2081 705 2114 superius
726 2080 828 2116 aliquid
842 2089 946 2116 qntere-

164 2135 215 2155 re:
232 2131 260 2154 et
287 2127 331 2154 hic
358 2127 385 2152 in
400 2133 444 2158 eo,
460 2126 506 2160 qui
534 2126 698 2160 sempiterna
714 2134 776 2154 cum
795 2127 872 2154 Patre
896 2132 948 2161 est,

164 2173 323 2207 nullumque
339 2172 420 2199 habet
435 2173 554 2199 medium
569 2173 639 2200 inter
654 2180 683 2200 se
695 2177 721 2200 et
736 2173 896 2206 genitorem.
915 2182 924 2198 ι
963 2195 968 2198 .

968 2207 988 2234 D
1004 2219 1101 2247 reddit.
1133 2217 1211 2244 Aliud
1241 2217 1313 2243 enim
1344 2223 1469 2247 causam,
1495 2215 1569 2242 aliud
1594 2223 1658 2243 vero
1677 2224 1742 2243 caus
1763 2218 1786 2243 le

200 2219 273 2246 ldent
303 2225 399 2245 rursus
413 2219 439 2245 in
456 2225 500 2249 ea,
526 2226 607 2252 quam
629 2226 711 2252 supra
739 2219 950 2246 memoravimus

165 2264 198 2291 ad
212 2262 364 2291 Cattonit‘as
389 2262 509 2297 Epistola
538 2271 545 2290 :
573 2272 582 2288 ι
604 2262 632 2290 Si
655 2263 727 2290 enim
745 2263 799 2291 Deo
825 2263 950 2298 superior

164 2313 207 2337 est
221 2308 351 2343 Spiritus.
364 2315 418 2335 non
433 2308 489 2343 jam
506 2315 538 2334 ex
563 2308 617 2335 Deo
631 2312 683 2340 est,
699 2308 721 2335 si
740 2312 829 2335 autem
846 2315 881 2336 'ex
897 2309 950 2336 Deo

163 2361 218 2388 est,
234 2355 371 2390 quomodo
404 2355 543 2390 antiquior
558 2359 601 2382 est
622 2354 680 2386 illo,
707 2361 739 2381 ex
756 2362 810 2389 quo
825 2355 890 2382 est?
916 2356 951 2382 At

164 2410 199 2430 ne
213 2402 357 2437 Unigenito
373 2401 481 2437 quidem
500 2402 575 2436 prior
593 2406 647 2436 cst,
663 2401 767 2428 nullunt
792 2402 864 2429 enim
881 2401 951 2428 inter

164 2447 271 2474 Patrem
285 2454 317 2474 ac
328 2446 427 2474 Filium
446 2446 563 2474 medium
578 2451 629 2473 est.
653 2456 662 2472 ι

199 2493 348 2527 Gregorius
361 2493 443 2520 etiam
455 2492 596 2528 Nysscnus
622 2493 648 2520 in
678 2500 686 2519 ι
715 2493 846 2521 adversus
859 2493 949 2521 Euno-

164 2541 249 2568 inium
264 2540 344 2573 libro,
361 2539 400 2567 sic
414 2539 452 2567 ait
471 2549 478 2566 :
493 2548 502 2565 t
523 2539 603 2567 Pater
617 2539 726 2574 quidem
740 2540 798 2568 sine
816 2541 949 2575 principio

164 2591 246 2620 atque
261 2585 399 2620 ingenitus
429 2585 603 2620 intelligitur.
620 2585 659 2612 Ex
679 2586 739 2620 ipso
756 2591 857 2619 autem,
872 2586 948 2621 juxta

163 2631 284 2667 contigui
300 2631 444 2664 rationem,
459 2631 678 2666 inseparabiliter
692 2632 848 2669 unigenitus
862 2632 949 2662 Filius

163 2684 225 2703 cum
241 2675 321 2704 Patre
341 2676 421 2703 simul
443 2676 612 2711 intelligitur.
632 2685 642 2702 ι

200 2748 237 2782 (7)
258 2749 351 2777 Graece
376 2753 418 2776 est
435 2749 619 2780 ὑποστᾶσεως.
638 2749 714 2782 Quod
726 2749 816 2784 potius
832 2749 949 2776 retinen-

164 2783 231 2823 dunt
244 2786 283 2811 vel
297 2792 415 2823 persona:
431 2784 590 2812 vocabulum
613 2783 793 2812 adhibendum
807 2790 835 2812 ut
850 2785 949 2812 vitetur

164 2821 352 2850 :equivocatio.

200 2854 238 2887 (8)
260 2854 299 2882 Ex
319 2859 389 2883 orat.
416 2856 476 2884 lex
499 2855 553 2883 illis
576 2855 696 2891 quinque
719 2854 752 2882 de
778 2854 858 2882 rectis
884 2855 945 2882 tidci

1002 1579 1074 1614 quod
1090 1583 1117 1606 et
1131 1579 1239 1611 genitus
1252 1582 1303 1610 est,
1327 1582 1354 1604 et
1368 1585 1383 1604 a
1400 1577 1478 1604 Patre
1504 1577 1661 1612 Spiriluque
1687 1577 1786 1604 distiu-

1003 1625 1103 1660 guitur.
1120 1623 1224 1658 Quippe
1238 1625 1307 1650 hanc
1321 1622 1380 1657 ejus
1395 1622 1531 1656 propriam
1552 1622 1718 1656 agnitionem
1736 1629 1784 1648 no-

1003 1671 1046 1698 bis
1063 1669 1183 1704 ntagistri
1203 1668 1384 1700 tradiderunt,
1400 1668 1472 1703 quod
1488 1668 1562 1695 solus
1579 1667 1635 1702 ipse
1659 1667 1785 1702 unigeni-

1006 1721 1048 1743 lltS
1064 1715 1096 1742 de
1112 1714 1233 1749 ingenito
1266 1714 1367 1741 luntitte
1381 1713 1503 1747 prodeat.
1529 1712 1634 1740 Dictum
1650 1718 1691 1739 est
1712 1713 1785 1750 enim

1003 1761 1126 1789 veritatis
1159 1760 1305 1787 terminum
1339 1763 1365 1786 et
1398 1759 1532 1785 rationem
1567 1758 1699 1785 hactenus
1749 1758 1786 1784 illi

1005 1810 1197 1843 proprietatem
1209 1806 1317 1838 sistere,
1336 1809 1365 1832 ut
1381 1804 1486 1831 scilicet
1500 1804 1664 1835 immediate,
1680 1809 1705 1830 et
1720 1812 1786 1830 cou-

1005 1855 1133 1884 tinenter,
1148 1860 1179 1879 ac
1208 1851 1296 1886 genite
1312 1858 1344 1877 ex
1373 1849 1453 1876 Patre
1476 1849 1521 1880 sit,
1551 1849 1664 1875 ulterius
1696 1853 1785 1875 autem

1005 1899 1161 1926 nullatenus
1186 1897 1323 1932 progredi.
1349 1895 1454 1930 Quippe
1480 1903 1544 1922 eum
1560 1899 1587 1922 et
1611 1894 1731 1928 Spiritus
1752 1903 1784 1922 ex

1003 1946 1082 1973 Patre
1099 1945 1206 1980 quidem
1224 1944 1270 1975 sit,
1299 1948 1453 1970 nectamen
1479 1943 1610 1969 hactenus
1640 1949 1786 1976 processus

1002 1991 1075 2019 illius
1087 1991 1239 2026 proprietas
1255 1994 1335 2024 atque
1350 1988 1454 2022 agnitio
1471 1987 1612 2015 subsistat.

1040 2037 1144 2064 Dictum
1159 2041 1202 2063 est
1215 2041 1316 2066 autem,
1330 2039 1357 2061 et
1380 2032 1440 2060 Filii
1456 2032 1619 2059 vocabulum
1636 2032 1660 2060 ei
1675 2032 1785 2067 proprie

1003 2090 1162 2118 congruere,
1178 2082 1222 2116 qui
1238 2082 1274 2108 sit
1288 2088 1319 2107 ex
1337 2080 1426 2111 Patre,
1443 2079 1516 2106 nullo
1526 2079 1667 2112 interjcrlo
1686 2079 1784 2105 ιιυιῆὶυ.

1003 2116 1163 2164 Quanquam
1187 2132 1283 2162 pra‘ler
1311 2127 1377 2157 haec,
1394 2130 1420 2152 et
1439 2125 1533 2155 Patris.
1548 2130 1576 2153 et
1601 2125 1661 2152 Filii
1688 2134 1784 2153 nomen

1003 2175 1125 2202 habitum
1159 2173 1191 2200 ad
1221 2172 1335 2199 invicem
1363 2178 1394 2198 ac
1431 2171 1590 2198 relationem
1619 2171 1785 2198 individuzun

1000 2263 1185 2293 conuuendat.
1201 2264 1289 2297 Athte
1320 2263 1371 2290 ista
1389 2263 1500 2298 quidem
1517 2263 1556 2290 ita
1584 2271 1613 2291 se
1636 2264 1737 2290 habent
1753 2265 1786 2290 de

1001 2311 1079 2339 Filio.
1368 2302 1372 2307 ’

1037 2356 1129 2384 Sancti
1148 2363 1211 2382 vero
1227 2355 1344 2391 Spiritus
1376 2362 1536 2390 processum
1551 2362 1566 2382 a
1583 2355 1663 2383 Patre
1677 2363 1724 2390 per
1741 2355 1787 2383 Fi-

1002 2403 1067 2430 lium
1097 2411 1158 2430 esse
1181 2403 1339 2434 didicimus,
1376 2411 1408 2429 ex
1436 2410 1490 2436 quo
1516 2404 1642 2430 videlicet
1668 2409 1785 2434 constat,

1001 2449 1065 2482 quia
1082 2456 1136 2475 non
1167 2448 1226 2474 sine
1251 2448 1341 2474 medio
1358 2456 1390 2474 ex
1418 2448 1498 2475 Patre
1514 2449 1615 2483 prodit.
1643 2449 1687 2476 Ait
1713 2450 1784 2476 enim

1001 2493 1149 2528 Gregorius
1174 2493 1313 2529 Nyssenus
1344 2494 1370 2520 in
1402 2494 1471 2520 libro
1490 2502 1570 2527 quem
1584 2494 1618 2521 ad
1643 2495 1784 2522 Ablavium

1000 2539 1111 2573 scripsit
1136 2540 1185 2574 (ἢ),
1212 2539 1291 2574 cujus
1322 2540 1428 2566 initium
1456 2543 1523 2566 est:
1548 2539 1654 2567 Jurtum
1682 2541 1783 2575 quidem

1000 2586 1088 2620 fuerat
1114 2592 1174 2617 vos,
1200 2586 1245 2619 qui
1273 2585 1344 2611 οηιηί
1373 2584 1469 2611 virtute
1494 2584 1617 2618 polletis,
1649 2593 1784 2620 pugnare,

999 2631 1040 2659 sic
1064 2632 1102 2658 ait
1128 2640 1161 2659 εί
1193 2631 1445 2657 lmntutahilitatcm
1475 2635 1580 2658 natura:
1609 2632 1783 2662 conﬁtentes,

1000 2683 1090 2704 causa:
1105 2676 1140 2703 ad
1157 2675 1268 2703 cauSale
1285 2674 1466 2702 tlitlcrentiam
1482 2683 1535 2702 non
1554 2675 1741 2710 abnegantus;
1756 2675 1782 2702 itt

1003 2750 1174 2780 dogmatibus
1189 2757 1249 2780 quae
1263 2753 1371 2776 exstant
1387 2752 1452 2774 tom.
1470 2748 1492 2776 l.

1038 2785 1075 2817 (ω
1099 2784 1165 2811 Vide
1189 2783 1253 2810 Βιιιι.
1273 2785 1291 2811 Ι.
1318 2791 1335 2810 u
1362 2783 1399 2810 De
1417 2783 1533 2810 Clarii/0.
1553 2789 1577 2810 c.
1596 2782 1642 2815 25,
1666 2782 1712 2809 ubi
1734 2782 1785 2809 hoc

1003 2819 1187 2846 lt‘stilltonilllll
1207 2818 1310 2852 profert
1325 2823 1351 2845 et
1365 2818 1493 2850 explicat.
1507 2819 1539 2846 Et
1551 2817 1720 2847 Gcnnadium
1733 2825 1784 2852 pro

1001 2854 1118 2882 COlICtiiO
1133 2854 1301 2888 Florentino,
1318 2857 1384 2881 sect.
1401 2854 1428 2880 5.
