1934 3063
139 145 176 178 95

701 139 899 170 ADVERSUS
921 135 1077 168 GRKECOS
1097 137 1168 169 LIB.
1189 137 1212 167 Ι.
1737 132 1773 161 ‘26

142 212 194 238 quo
209 203 270 230 solo
290 201 405 228 alterum
419 200 453 226 ab
470 198 558 225 altero
584 197 716 231 distingui
734 195 922 230 intelligimus.
942 196 963 223 Δ
978 195 1103 228 quamvis
1117 202 1208 221 causx
1234 192 1412 232 causalisque
1428 191 1543 221 ratione,
1559 197 1703 225 procossns
1722 189 1774 215 dif—
1812 185 1819 189 ’

142 249 198 283 qui,
215 248 332 274 alterum
349 245 472 280 quidem,
484 250 596 270 causam
621 250 682 270 esse
693 262 701 274 ,
720 243 835 269 alterum
851 247 927 271 vero,

143 303 173 321 ex
190 301 274 320 causa
291 291 442 319 credimus.
462 291 548 324 Atque
562 289 621 323 ejus
637 288 709 323 quod
729 295 761 314 ex
777 294 860 314 causa
876 290 928 316 est.

144 340 220 367 aliam
239 346 337 366 rursus
349 335 532 364 didercntiam
557 334 740 369 agnoscimus.
758 333 837 359 Aliud
855 331 927 358 enim

144 390 192 414 est.
207 384 282 418 quod
299 392 330 411 ex
348 383 436 417 primo
448 381 620 407 continenter
633 385 742 411 manat;
760 377 844 409 aliud,
858 376 932 410 quod

144 437 192 464 per
207 429 259 455 hoc
276 428 367 462 ipsunt
404 434 435 453 ex
453 425 541 459 primo
570 424 672 458 prodit,
689 424 725 450 ita
745 426 773 449 ut
796 421 931 455 Uttigeniti

146 481 241 500 nomen
258 472 364 505 abSqne
395 470 446 497 ulla
468 468 647 501 ambiguitate
665 466 735 494 Filio
764 470 888 496 maneat.
906 469 933 492 et

146 525 176 544 ex
192 515 272 542 Patre
292 515 421 548 Spiritum
440 521 511 542 esse.
532 511 714 538 dubitandum
729 518 781 537 non
800 510 852 541 sit;
872 517 933 536 cum

147 565 171 586 et
192 559 250 586 Filii
268 559 408 590 mediatio,
440 562 470 584 ut
493 556 528 583 ita
546 556 648 587 dicam,
675 559 701 581 et
719 554 772 581 sibi
803 553 936 587 mugit-niti

149 607 278 634 honorem
297 610 397 637 servet,
420 609 448 632 et
478 603 612 638 Spiritum
636 601 755 629 naturali
774 601 807 628 a.|
828 599 935 627 Patrem

148 654 237 681 habittt
257 661 311 680 non
326 652 462 679 excludat.
488 660 498 677 ι

179 700 315 732 Quoniam
343 698 426 733 igitur
455 697 590 730 theologia
625 699 718 723 nostra
743 694 843 728 duplex
871 698 909 720 est
927 713 935 724 ,

147 746 222 772 unita
255 745 374 776 scilieet,
402 749 484 778 atque
501 743 633 770 discreta.
651 742 685 767 At
705 741 751 767 illa
767 739 876 774 quidem
895 745 940 764 se-

147 791 265 818 cundum
281 791 365 818 uttitIs
377 789 502 817 essentia:
517 789 662 817 unitatem.
691 787 750 813 haec
763 789 851 811 autem
863 784 942 818 juxta

147 835 318 870 personalem
338 840 516 868 processuum
535 831 752 859 distinctionem.
772 829 859 856 Unum
875 828 940 862 qui-
960 833 1092 888 “uprimis
1109 846 1156 873 per
1169 837 1257 864 media
1283 837 1452 871 junguntur;
1469 835 1585 867 meoque
1615 833 1754 868 subiungit
1771 841 1778 859 ζ

156 881 161 888 ¹
220 880 238 888 ⁵
323 879 329 885 ’
360 887 363 888 ν
405 877 572 888 NHV-Attin»—
605 877 630 888 ιη
663 876 755 888 πλε-υ..-
787 879 869 888 MM...
895 873 922 888 :..
1001 886 1014 888 _
1079 884 1138 888 _____
1220 883 1237 888 η
1270 882 1275 888 _
1358 886 1363 888 _
1500 879 1549 888 ,Π
1573 879 1578 885 1
1618 879 1665 888 WE”
1693 882 1778 888 “Md

147 881 205 907 dem
220 880 305 906 Deum
323 877 574 906 incommutabilem
605 877 632 903 in
662 876 767 910 scipso.
787 879 869 908 atque
895 873 941 900 itt-

148 927 295 953 disvretum
344 925 495 952 secundum
532 923 681 950 essentiam
727 926 775 948 aut
812 925 938 947 naturam

149 967 302 1002 confessus,
316 971 400 997 unius
422 970 494 997 enim
512 970 544 996 ad
557 970 691 1003 seipsum.
708 967 782 994 nulla
798 971 826 994 ut
837 967 939 994 dictum

148 1021 197 1045 est.
222 1017 375 1045 secundum
403 1024 459 1043 rem
490 1016 622 1043 discretio
650 1023 712 1042 esse
738 1017 845 1048 potest;
876 1020 939 1040 cum

150 1063 287 1097 deinceps,
322 1067 352 1090 ut
375 1070 436 1090 sese
460 1062 492 1089 ad
525 1062 641 1088 invicem
672 1060 790 1087 habeant
817 1067 941 1095 persona:

149 1109 245 1135 dit-inae
262 1109 370 1135 ratione
400 1114 546 1142 processus
561 1107 707 1133 enucleare
720 1105 814 1137 vellet;
836 1106 862 1132 in
878 1113 942 1133 catt-

150 1160 216 1185 sam,
230 1159 257 1180 et
273 1151 556 1187 eattsale[causatum]
567 1151 656 1192 prim‘o
668 1150 809 1178 discrevit.
822 1150 940 1178 Causam

152 1198 273 1228 Patrem.
307 1199 419 1226 causale
440 1206 504 1226 vero
524 1198 663 1226 communi
682 1197 864 1232 appellatione
895 1197 942 1224 Fi-

151 1245 212 1274 lium
238 1255 271 1274 ac
288 1246 424 1280 Spiritum
453 1252 565 1276 vocans,
582 1252 643 1279 quae
672 1244 765 1276 etiam,
783 1252 816 1271 ex
846 1251 940 1275 causa.

152 1294 276 1327 appellat.
294 1293 391 1325 aitque
408 1292 497 1318 solum
523 1291 601 1325 juxta
634 1298 747 1318 causam
777 1295 804 1318 et
829 1292 942 1318 eausale

151 1340 253 1366 divinas
266 1338 402 1373 distingui
417 1345 559 1372 personas.

185 1385 299 1416 Deinde,
318 1393 382 1411 cum
410 1384 530 1412 causalia
552 1384 621 1417 haec,
636 1384 735 1411 Filium
751 1389 778 1412 et
807 1384 940 1418 Spiritum

153 1436 273 1459 sanctum
290 1439 394 1462 causm,
415 1430 574 1465 causalique
601 1431 707 1458 ratione
726 1431 910 1459 communiter
927 1441 941 1459 a

153 1479 226 1506 Patre
241 1479 445 1508 discerni-mut,
464 1476 564 1510 quippe
579 1484 641 1503 cum
659 1478 782 1505 causalia
799 1479 850 1505 sibi
870 1479 942 1505 iuvi-

981 241 1096 269 ferentia
1108 241 1271 276 generaliter
1294 247 1468 274 nequaquam
1479 238 1570 265 diﬂert

1016 287 1061 317 At,
1077 295 1110 313 ne
1125 287 1194 313 forte
1205 286 1340 320 quispiam
1366 285 1400 312 ob
1419 285 1469 312 hoc
1482 284 1542 311 Filii
1559 283 1689 315 medium,
1708 289 1776 309 ron-

983 333 1115 360 l‘usiouem
1128 333 1247 367 aliquam
1260 331 1447 365 personalium
1464 330 1663 365 proprietatum
1677 337 1775 356 conse-

983 381 1028 414 qui
1042 379 1232 410 arbitraretur,
1247 382 1410 412 putaretque
1425 376 1522 403 Filium
1542 375 1655 402 naturali
1673 375 1705 401 ad
1724 374 1773 400 Pa-

984 430 1051 452 trem
1065 425 1159 452 ltabitu
1178 425 1295 451 alienum
1314 432 1384 453 esse.
1411 432 1463 450 nun
1487 423 1525 450 ait
1548 423 1626 456 (10);
1647 422 1693 448 sed
1720 423 1776 447 lucc

985 471 1075 504 potius
1097 469 1157 496 Filii
1185 470 1324 500 mediatio,
1354 475 1597 503 personarttmque
1624 467 1774 494 secundum

986 524 1164 552 processuum
1206 515 1386 542 differentiam
1430 515 1456 541 di
1474 514 1580 544 cretio.
1621 512 1776 539 inconlusas

989 563 1168 597 proprietates
1179 567 1280 593 servat,
1296 562 1364 588 alias
1381 561 1485 588 Servari
1503 568 1555 587 non
1571 560 1701 588 valentes.
1720 558 1776 584 Hoc

987 610 1059 636 enim
1078 609 1173 635 ordine
1204 609 1303 642 posito.
1324 607 1404 634 etiam
1421 605 1559 641 Uuigcniti
1579 605 1667 632 honor
1696 604 1777 631 iudu-
1807 610 1810 611 '

989 655 1109 682 bitanler
1130 658 1221 681 manrt
1247 654 1272 680 in
1302 652 1382 679 Filio.
1401 651 1480 679 Solus
1496 651 1568 678 enim
1586 659 1619 677 ex
1640 650 1699 677 solo
1725 655 1776 680 est,

980 705 1071 738 _atque
1084 699 1144 734 ejus
1173 699 1334 726 substantia:
1351 698 1507 732 proprii-tas
1525 698 1656 723 hactenus
1671 696 1777 727 fertur;
1819 699 1822 703 '

993 746 1168 781 Spiritusque
1184 752 1231 778 per
1244 744 1341 770 Filxum
1357 742 1528 770 connectitur
1544 741 1628 774 Patri,
1647 741 1782 775 quentad~

993 793 1105 820 modum
1117 792 1178 819 etin
1191 791 1328 821 omnibus,
1343 790 1369 816 in
1384 789 1484 823 quibus
1495 793 1535 815 est
1549 788 1646 818 series,
1659 791 1778 814 extrema

994 886 1062 913 Cum
1079 884 1139 911 Filii
1168 882 1307 914 mediatio,
1340 886 1366 909 et
1391 881 1506 914 sibiipsi
1527 879 1666 913 Uuigeuiti
1690 882 1781 905 servet

992 931 1138 961 ltouorem,
1156 933 1183 956 et
1213 928 1344 963 Spiritum
1370 925 1486 952 naturali
1504 925 1537 951 ad
1552 923 1671 951 'Patrent
1687 923 1780 950 habitu

991 985 1046 1003 non
1061 975 1199 1004 excludat.
1216 975 1304 1009 Atque
1324 973 1375 1000 ista
1398 971 1508 1007 quidem
1527 969 1664 1005 Nyssenus
1677 968 1781 1003 Grego-

992 1031 1062 1051 l‘lllS.

1028 1069 1094 1102 Quae
1105 1074 1170 1095 vero
1184 1064 1304 1093 secundo
1317 1063 1344 1090 in
1358 1062 1448 1090 Nicaea
1458 1061 1584 1089 convenit
1611 1064 1705 1087 sancta
1737 1066 1781 1095 sy-

992 1118 1081 1146 nodus
1108 1113 1271 1142 universalis
1292 1112 1347 1137 ait:
1368 1119 1378 1135 ‹
1400 1109 1489 1136 Credo
1514 1108 1540 1134 in
1568 1107 1699 1142 Spiritum
1716 1114 1783 1134 sun-

992 1168 1066 1191 ctum
1088 1168 1121 1188 ex
1139 1160 1218 1187 Patre
1239 1165 1287 1192 per
1309 1156 1408 1184 Filium
1423 1153 1614 1190 prodeuntem,
1637 1152 1782 1188 ipsumque

993 1210 1077 1237 Deum
1095 1215 1155 1236 esse
1167 1206 1300 1241 agnitum;
1318 1214 1327 1230 ι

1028 1256 1057 1283 Id
1074 1256 1162 1290 ipsum
1182 1252 1237 1289 (ll)
1254 1257 1281 1279 et
1299 1255 1412 1279 sanctus
1429 1251 1571 1282 ’l‘arasius,
1589 1247 1783 1276 Constantino-

993 1301 1132 1336 politanus
1164 1298 1321 1334 episcopus,
1353 1297 1400 1331 qui
1431 1296 1554 1331 ejusdem
1589 1294 1685 1331 synodi
1721 1301 1783 1328 pars

993 1354 1090 1381 magna
1115 1344 1177 1374 fuit.
1203 1344 1229 1370 iu
1255 1343 1380 1378 epistola,
1415 1349 1496 1377 quam
1522 1342 1556 1369 ad
1589 1341 1732 1375 episcopos
1757 1344 1784 1366 et

993 1392 1148 1421 sacerdotes
1160 1389 1322 1420 Antiochia},
1343 1389 1524 1420 Alexandriae,
1544 1395 1575 1414 ac
1601 1391 1702 1414 sanctae
1717 1386 1783 1413 civi-

993 1439 1058 1466 tatis
1080 1437 1199 1472 scripsit,
1218 1436 1296 1470 cujus
1322 1435 1427 1462 initium
1461 1438 1527 1461 est:
1551 1432 1678 1460 Plurimis
1702 1436 1784 1466 atque

993 1484 1100 1512 exituiis
1116 1481 1367 1518 dispensatiouibus
1380 1481 1519 1508 hominum
1540 1480 1623 1506 vitam
1647 1479 1717 1506 Deus
1751 1485 1784 1504 ac

153 1532 207 1551 rem
223 1523 446 1554 rommunicent,
467 1523 524 1548 haec
541 1530 637 1549 rursus
652 1522 812 1550 abinvirem
839 1524 940 1551 (listin-
955 1534 975 1562 ο
993 1530 1125 1557 οοηιίιιυε
1158 1533 1252 1555 noster
1280 1527 1439 1560 disponens,
1469 1533 1501 1553 ac
1526 1525 1656 1559 dirigens,
1682 1531 1742 1558 quze
1758 1530 1785 1549 θ.

153 1570 207 1604 guit
225 1570 361 1597 varietate
379 1575 538 1603 processus.
549 1574 631 1603 atque
643 1569 679 1595 ita
692 1568 778 1595 ferme
793 1569 849 1597 ait:
865 1579 874 1595 ι
891 1569 941 1597 Et—

153 1616 176 1654 si
191 1616 262 1642 enim
285 1616 370 1642 antbo
388 1622 402 1641 a
425 1613 506 1641 Patre
520 1621 583 1641 cum
602 1616 668 1645 sint.
687 1621 719 1641 eo
733 1614 850 1641 invicem
868 1623 944 1642 eom-

155 1661 305 1692 mnuicent,
321 1659 394 1695 quod
413 1660 533 1686 causalia
560 1663 645 1691 sunt;
662 1655 724 1686 inde
744 1664 834 1686 tamen
866 1660 944 1687 diti--

155 1711 240 1733 renter
258 1715 322 1734 esse
343 1706 453 1733 habent.
471 1704 604 1738 Quocirca
618 1705 705 1739 {aliam
728 1713 825 1733 rursus
845 1705 942 1733 horum

156 1754 336 1781 dilferentiam
363 1752 546 1786 agnoscimus.
569 1761 579 1778 ›
598 1751 721 1785 Denique
747 1748 848 1778 horuui
879 1753 945 1779 altu-

158 1809 225 1832 ru'n,
241 1800 372 1827 videlicet
403 1798 489 1825 Filius
504 1805 536 1824 ex
558 1797 657 1831 primo,
676 1797 701 1824 id
738 1802 791 1829 est.
805 1805 837 1824 ex
865 1798 945 1825 Patro

157 1847 330 1873 continenter
352 1850 412 1875 est;
436 1845 564 1875 alterum,
584 1844 710 1871 videlicet
747 1844 878 1878 Spiritus.
897 1852 945 1879 per

159 1893 322 1926 hoeipsum,
340 1890 411 1925 quod
429 1898 461 1917 ex
475 1892 566 1925 primo
595 1891 768 1918 continenter
781 1895 832 1923 est,
851 1891 876 1917 id
893 1896 944 1922 est,

159 1946 203 1973 per
220 1939 335 1970 Filium,
352 1939 399 1969 qui
415 1945 448 1963 ex
477 1935 569 1968 Patre,
594 1937 669 1963 nullo
685 1937 827 1972 interjecto
845 1938 945 1968 medio.

160 1993 215 2012 esse
230 1986 324 2012 habet.
343 1983 466 2011 Primum
488 1983 611 2018 quidem,
636 1987 729 2018 utpote
745 1991 869 2015 causam,
898 1982 946 2011 Pa-

161 2037 224 2058 trem
244 2032 404 2062 nnminaus,
431 2030 503 2064 quod
522 2034 613 2057 autem
637 2030 766 2064 contigue
791 2030 832 2056 vel
858 2031 945 2058 conti-

159 2082 262 2107 nenter.
277 2083 329 2111 pro
348 2083 391 2103 eo.
410 2075 482 2109 quod
497 2079 538 2102 est
558 2074 724 2104 immediate.
741 2075 833 2109 posuit
848 2083 855 2106 ς
885 2075 948 2108 Spi-

161 2122 238 2148 ritum
253 2130 328 2152 rero.
341 2129 373 2148 ex
392 2120 472 2147 Patre
487 2128 535 2155 per
551 2120 670 2147 medium
693 2119 802 2147 Filium.
821 2119 854 2148 Ut
868 2121 947 2147 Pater

161 2168 278 2202 quidem,
290 2168 336 2202 qui
353 2175 384 2194 ex
400 2167 475 2194 nullo
496 2172 548 2198 est,
561 2174 594 2193 eo
609 2168 667 2201 ipso
684 2174 698 2193 a
715 2166 786 2193 Filio
803 2167 945 2194 discerna-

162 2218 212 2245 tur,
224 2219 250 2241 et
266 2214 382 2249 Spiritu,
397 2213 469 2247 quod
499 2212 581 2240 Pater
603 2213 662 2247 ipse
679 2218 761 2248 atque
775 2214 882 2241 initium
900 2215 945 2242 sit.
963 2205 985 2232 D

162 2259 243 2288 Filius
256 2264 348 2287 autem
365 2267 397 2286 ex
424 2259 471 2285 illo
493 2259 649 2287 immediate
671 2261 791 2293 genitus,
823 2268 855 2286 eo
886 2261 947 2295 ipso

161 2305 351 2338 disreruatur;
381 2313 396 2332 a
414 2306 492 2333 Patre
517 2305 638 2340 quidem,
667 2306 738 2340 qttod
755 2307 894 2334 nascendo
913 2314 946 2333 ex

163 2351 205 2378 illo
221 2352 342 2386 proditt;
359 2360 374 2379 a
393 2351 496 2387 Spiritu
515 2360 592 2383 vero.
609 2353 681 2387 quod
701 2353 758 2386 ipse
770 2353 879 2386 quidem
896 2353 947 2380 itu-

165 2398 277 2426 mediate
312 2403 340 2425 et
374 2398 577 2425 incontinenter
606 2407 637 2425 ex
684 2399 791 2433 primo;
827 2398 947 2433 Spiritus

167 2451 224 2470 vero
244 2452 291 2479 per
310 2452 339 2471 se
370 2451 402 2471 ex
422 2444 511 2478 primo
549 2444 681 2471 manavit.
708 2445 827 2472 Sanctus
857 2452 947 2472 autem

168 2488 281 2523 Spiritus
301 2497 316 2516 a
348 2489 429 2516 Patre
453 2489 562 2523 quidem
595 2489 790 2525 distinguatur,
821 2490 884 2524 quia
916 2483 948 2517 ei

168 2541 220 2568 .pso
233 2538 323 2566 cst;a
349 2533 417 2560 Filio
442 2538 544 2565 autem,
574 2535 638 2568 quia
666 2541 720 2560 non
743 2533 899 2560 immediate.
917 2541 950 2560 ex

170 2579 251 2611 primo
263 2584 314 2609 est,
330 2583 361 2606 ttt
377 2578 473 2611 Filius,
490 2579 537 2606 sed
551 2586 599 2614 per
616 2579 703 2613 illum,
719 2579 765 2615 qui
780 2579 952 2606 continenter

171 2630 235 2652 esset
247 2633 279 2652 ex
293 2625 393 2660 primo.

201 2671 278 2698 Unde
291 2676 318 2698 et
347 2671 445 2698 merito
472 2670 554 2698 aliam
569 2671 638 2698 dixit
665 2679 725 2699 csse
755 2670 951 2698 dill‘erentiam.

174 2714 243 2747 Quod
259 2717 332 2744 enim
345 2716 505 2744 immediate
521 2725 553 2744 ex
574 2718 662 2752 primo
677 2723 728 2749 est.
752 2717 880 2752 quodque
904 2724 952 2751 per

173 2763 285 2790 .uediuut
315 2770 349 2790 ex
375 2764 473 2798 primo,
503 2771 648 2798 processus
669 2764 773 2792 ratione
798 2762 952 2791 dill'cruut:

205 2851 260 2889 (l0)
280 2852 392 2888 Aliquid
411 2852 516 2882 videtur
532 2852 637 2881 deesse.

995 1579 1122 1609 suscepta
1147 1577 1175 1601 et
1203 1572 1313 1599 laudata
1347 1575 1398 1602 est,
1429 1578 1461 1597 ac
1480 1577 1528 1605 per
1557 1568 1659 1600 omnia,
1689 1568 1740 1594 rite
1754 1575 1784 1594 se

994 1620 1106 1651 habere,
1123 1626 1157 1646 ex
1175 1617 1316 1651 rescriptis
1333 1623 1427 1643 eorutn
1438 1614 1626 1649 comprobata,
1646 1617 1705 1647 post
1722 1612 1785 1647 piu-

999 1665 1068 1692 rima
1085 1664 1124 1690 ait
1144 1671 1150 1690 :
1167 1673 1175 1689 ι
1197 1662 1228 1690 Et
1240 1663 1266 1689 in
1281 1661 1413 1695 Spiritum
1428 1666 1564 1691 sanctum,
1580 1658 1627 1693 qui
1650 1666 1684 1686 ex
1705 1657 1785 1685 Patre

995 1719 1043 1745 per
1059 1710 1157 1737 Filium
1188 1707 1321 1744 procedit,
1343 1707 1456 1742 ipseque
1469 1704 1541 1732 Deus
1565 1711 1627 1732 esse
1642 1702 1787 1738 cognosci-
1827 1725 1830 1727 .

996 1762 1050 1783 lut‘.
1068 1765 1078 1781 ›

1031 1812 1149 1839 Sanctus
1177 1807 1362 1843 Sophronias,
1380 1804 1650 1841 llierosolytnitanus
1676 1804 1786 1839 episco-

996 1866 1058 1894 pus,
1077 1855 1254 1892 Expositione
1264 1853 1324 1881 lidei
1339 1861 1396 1881 suae
1407 1852 1444 1879 ait
1461 1860 1489 1879 :1
1508 1851 1595 1878 Credo
1609 1852 1635 1878 in
1654 1851 1786 1885 Spiritum

996 1909 1133 1935 sanctum,
1151 1910 1182 1930 ex
1200 1902 1279 1929 Patre
1290 1905 1316 1928 et
1332 1900 1385 1927 Deo
1397 1899 1564 1934 sempiterna
1577 1898 1765 1932 procedentem
1777 1916 1786 1928 ,

995 1949 1040 1984 qui
1055 1954 1081 1975 et
1092 1947 1150 1982 ipse.
1166 1947 1257 1974 lumen
1277 1943 1443 1981 agnoscitur,
1461 1946 1490 1969 et
1509 1949 1571 1970 vere
1583 1941 1657 1969 Patri
1674 1949 1706 1968 ac
1717 1941 1786 1968 Filio

996 1998 1149 2022 coaeternus
1165 1996 1216 2019 εει.
1239 2001 1248 2018 ι

1032 2050 1147 2084 Magnus
1168 2048 1233 2075 item
1250 2046 1428 2077 Athanasius.
1445 2046 1472 2072 in
1491 2052 1523 2072 eo
1540 2043 1611 2071 libro
1631 2043 1677 2078 qui
1689 2043 1787 2070 inscri-

997 2097 1071 2125 bitur
1095 2093 1273 2129 Repreheusia
1299 2092 1478 2119 simulationis
1505 2090 1604 2118 Meletii
1620 2095 1645 2116 et
1670 2089 1786 2120 Etmbii,

998 2143 1076 2177 cujus
1089 2142 1195 2169 initium
1214 2146 1255 2167 est
1272 2148 1278 2166 :
1295 2139 1381 2166 Ilonw
1397 2138 1431 2165 ad
1456 2136 1656 2165 similitudinem
1677 2135 1724 2162 Dei
1747 2136 1790 2169 [n-

1000 2195 1058 2217 ctus
1087 2193 1135 2220 est,
1163 2189 1200 2214 ita
1228 2187 1318 2214 aitzt
1345 2185 1423 2213 Esset
1436 2189 1527 2211 autent
1550 2182 1729 2218 impossibile,
1761 2181 1787 2208 in

1002 2235 1144 2264 Trinitatis
1164 2233 1306 2267 majestate
1322 2232 1453 2267 Spiritum
1469 2229 1615 2265 gloriﬁcari
1627 2249 1634 2261 ,
1649 2229 1672 2256 si
1688 2236 1740 2256 non
1755 2236 1787 2255 ex

1001 2284 1056 2310 Deo
1072 2289 1119 2317 per
1135 2279 1231 2308 Filium
1261 2279 1432 2314 procederet,
1461 2277 1507 2304 sed
1525 2284 1557 2303 ex
1576 2275 1631 2303 Deo
1648 2274 1734 2302 factus
1762 2279 1789 2302 et

1001 2333 1110 2357 creatus
1124 2331 1206 2359 esset,
1221 2331 1250 2352 ut
1267 2324 1388 2352 lueretici
1407 2323 1514 2352 dicunt.
1534 2331 1543 2348 ›

1037 2383 1154 2411 Sanctus
1165 2388 1275 2416 quoque
1288 2379 1415 2410 Basilius,
1433 2377 1551 2412 quodam
1581 2375 1715 2410 capitulo.
1738 2382 1788 2401 cu-

996 2430 1042 2466 jus
1063 2428 1203 2463 inscriptio
1219 2431 1260 2454 est
1274 2435 1281 2453 :
1298 2426 1354 2453 Cur
1367 2430 1389 2452 et
1403 2423 1521 2459 Spiritus
1539 2421 1605 2448 Filii
1628 2429 1679 2447 non
1699 2419 1787 2446 Filius

1001 2480 1053 2508 est,
1069 2475 1128 2501 ait:
1148 2473 1222 2500 tNon
1240 2472 1304 2506 quia
1318 2479 1370 2498 nou
1385 2470 1421 2498 sit
1435 2477 1465 2497 ex
1481 2469 1535 2495 Deo
1551 2475 1599 2502 per
1615 2466 1723 2496 Filium,
1741 2465 1787 2491 sed

1002 2528 1035 2548 ne
1060 2519 1181 2546 Trinitas
1198 2517 1391 2545 existimetur
1437 2513 1583 2541 multitudo
1604 2511 1721 2541 iniluita.
1746 2518 1790 2542 ae,

1004 2566 1076 2592 sicut
1103 2564 1130 2591 in
1159 2562 1317 2591 hominibus
1332 2561 1477 2595 contingit,
1494 2560 1565 2587 ﬁlios
1579 2567 1639 2586 eam
1667 2566 1700 2586 ex
1730 2558 1792 2584 liliis

1004 2608 1189 2639 arbitremur.
1204 2620 1214 2636 ι

1038 2670 1103 2698 ltetn
1118 2669 1172 2696 alio
1183 2669 1210 2695 in
1228 2668 1298 2698 loco.
1316 2667 1362 2702 qui
1381 2666 1544 2693 inscribitur
1560 2673 1566 2691 :
1581 2663 1643 2691 Nisi
1657 2661 1791 2697 quispiam

1005 2715 1184 2750 Spiritumex
1213 2713 1267 2741 Deo
1282 2721 1336 2740 esse
1357 2710 1435 2744 dicit;
1467 2720 1497 2739 ne
1523 2710 1635 2738 Verbum
1661 2708 1766 2744 quidem
1781 2714 1790 2732 :

1011 2773 1020 2788 ‹
1045 2764 1179 2795 Quonam,
1199 2760 1298 2794 inquit,
1314 2765 1391 2793 pacto
1410 2763 1570 2793 separentur
1588 2754 1721 2791 inSt-para!
1734 2753 1792 2783 ilia,

1047 2850 1103 2887 (ll)
1122 2849 1243 2878 Gennad.
1269 2853 1336 2877 sect.
1352 2849 1378 2876 5.
