1934 3063
119 132 155 162 27
751 130 949 161 ΜΛΝΗΕΗΞ
970 129 1120 160 CALECE
1703 125 1742 156 28

120 188 238 215 Verbum
255 186 360 214 scilicet
378 193 411 214 ex
437 186 501 219 Deo,
525 191 552 214 et
580 185 699 221 Spiritus
725 194 756 214 ex
779 187 834 215 Deo
857 196 904 222 per
920 193 939 218 Α
957 196 987 214 ex
1001 188 1089 221 prittto
1104 186 1225 221 quidem,
1240 185 1286 212 se.l
1306 193 1352 220 per
1370 184 1444 212 illum
1461 185 1549 220 ipsum
1566 189 1743 213 continenter

119 233 230 260 Filium.
245 241 254 258 ι

153 278 302 310 Gregorius
314 281 444 312 prmterea
456 276 611 311 Theologus
625 277 793 313 virginitatis
811 278 906 306 laudes

119 332 198 351 versu
211 324 321 350 heroico
335 323 470 356 scribens,
489 324 526 350 ita
543 323 626 350 canit.
642 332 649 350 :
771 315 777 321 ’

156 379 277 414 Spiritus
291 385 390 405 mlerno
400 383 491 406 manat
504 380 535 406 de
554 379 654 406 lumine
669 379 756 406 lumen

157 416 209 440 Per
224 414 350 446 subolem,
365 415 542 448 unusquisque
555 414 640 440 tribus
654 414 777 448 splendor
788 415 904 442 deitatt‘s.

157 459 276 486 Sanctus
298 459 379 486 etiam
403 458 550 492 Maximus,
570 466 633 486 cum
660 465 819 494 exponeret,
842 460 906 493 quid

121 506 171 532 sibi
197 506 260 532 velit
289 505 359 539 apud
387 505 547 540 prophetam
592 505 753 532 Zachariam
780 506 905 533 candela-

121 552 199 577 brtnn
216 558 341 583 aureum,
365 555 392 578 et
420 558 479 586 qua:
500 558 581 585 super
597 551 644 577 illo
671 555 742 583 erat,
755 551 861 584 lampas
874 559 908 579 ac

121 597 251 629 lucernae,
270 597 308 624 ait
321 596 376 631 (l2)
391 604 398 622 :
419 606 429 623 ‹
446 597 565 631 Spiritus
577 601 689 624 sattctus
702 597 782 624 sicuti
797 602 909 624 natura-

119 642 181 668 liter
197 649 243 676 per
259 643 404 669 essentiam
434 642 479 668 Dei
503 647 530 669 et
565 641 654 669 Patris
679 647 730 672 est.
761 643 796 669 ita
827 643 906 670 etiam

120 687 189 719 Filii,
208 688 356 714 secundum
380 687 542 718 essentiam,
559 688 640 714 veluti
657 695 689 714 ex
714 687 792 715 Patre
815 695 910 715 essen-

122 733 224 760 lialiter
238 741 284 767 per
299 733 398 760 Filium
413 734 532 768 genitum
545 733 722 760 incllabiliter
741 734 879 768 prodicns.
894 743 906 759 ο

157 777 349 805 Joannesitent
366 779 547 805 Damascenus
562 779 617 813 (l5)
639 779 665 805 itt
687 779 768 806 tertio
798 779 908 806 decimo

121 822 207 851 ipsius
231 823 377 858 Theo/agite
395 824 523 858 capitulo,
538 825 617 858 cujus
633 825 737 851 initium
757 829 797 851 est
816 833 823 851 :
842 825 910 852 Deus

121 869 387 901 incomprehensibilis
395 875 443 900 εει,
455 870 490 896 ita
503 870 536 896 de
545 869 625 896 Patre
635 870 692 897 ait:
707 880 716 896 α
730 870 789 905 lpse
799 872 907 906 quidem

122 919 164 941 est
180 921 257 941 utens
274 914 495 950 Verbi,abyssus,
508 915 589 943 Verbi
607 916 722 950 genitor,
734 924 765 944 ac
779 925 826 951 per
843 918 909 944 Ver-

122 960 186 987 bum
217 961 366 994 SpIenililici
394 961 510 995 Spiritus
535 962 692 996 productor.
716 972 725 988 ι
750 963 824 990 Idem
843 983 850 995 ,
881 964 908 991 itt

123 1006 220 1033 eodem
243 1014 250 1032 :
271 1015 280 1031 ε
298 1005 418 1040 Spiritus
446 1008 534 1034 sancti
555 1013 667 1042 paterna
685 1008 725 1036 vis
740 1009 907 1037 ittsittnatira

123 1053 218 1078 arcani
237 1052 363 1085 Deitatis,
375 1060 406 1080 ex
424 1052 504 1080 Patre
521 1059 562 1081 est
575 1062 622 1089 per
634 1054 732 1081 Filium
750 1056 906 1089 prodiens.»

121 1097 160 1124 Ita
176 1098 257 1132 igitur
276 1099 456 1132 plurimorum
476 1100 641 1127 testimoniis
663 1101 796 1128 docemur
811 1121 818 1133 ,
846 1102 909 1136 Spi-

123 1143 205 1170 ritum
222 1150 347 1171 sanctunt
366 1153 397 1172 ex
411 1146 493 1173 Patre
508 1154 553 1180 per
565 1145 664 1173 Filium
675 1147 842 1182 procedere;
857 1149 909 1176 hoe

122 1195 207 1217 estex
227 1189 306 1217 l‘atre
322 1199 377 1217 non
392 1191 453 1218 sine
470 1193 572 1220 medio.

158 1235 292 1268 Quoniam
310 1245 376 1270 ergo
389 1238 540 1264 secundum
569 1247 716 1273 processus
731 1240 836 1268 variam
864 1248 910 1268 ra-

122 1282 237 1313 tionem,
256 1291 435 1316 personaruut
449 1292 559 1318 quoque
579 1285 699 1313 varietas
729 1287 908 1322 designatur;

122 1329 222 1362 quippe
237 1327 296 1355 Filii
315 1336 462 1363 processus
479 1330 636 1357 immediate
657 1330 755 1358 Filiunt
777 1332 860 1359 tradit
876 1341 909 1359 ex

123 1371 203 1399 Patre
215 1372 378 1403 subsistere,
407 1377 489 1408 atque
513 1374 670 1401 immediate
693 1376 842 1404 nativitatis
868 1385 912 1404 ra-

122 1418 195 1444 tione
208 1426 240 1444 ex
257 1418 315 1451 ipso
334 1418 435 1444 habere
460 1420 661 1452 substantiam;
678 1420 799 1455 Spiritus
817 1427 908 1449 autem

122 1471 269 1497 pret-esses
284 1472 332 1499 per
348 1464 446 1491 Filium
465 1465 553 1499 ipsum
573 1473 635 1493 esse
665 1467 851 1500 commendat,
876 1477 910 1495 ex

958 238 1111 260 manantem
1137 231 1269 267 procedit.

991 278 1124 306 Praei-rea
1144 285 1257 312 magnus
1286 276 1404 304 Basilius
1424 277 1450 303 itt
1469 284 1499 303 ea
1516 285 1596 311 qttattt
1615 277 1744 311 praedixi-

959 333 1019 352 mus
1036 325 1068 352 ad
1089 324 1250 358 Gregorium
1267 322 1393 353 fratrem,
1417 323 1544 356 epistola,
1568 322 1742 349 tttanifestins

957 371 990 397 de
1007 371 1066 405 ipso
1081 371 1117 397 ita
1133 369 1276 404 loquitur:
1298 379 1306 394 ε
1334 369 1464 402 Spiritus,
1492 369 1580 402 inquit
1605 369 1666 401 iste,
1691 369 1744 395 hoc

958 417 1038 442 habet
1051 416 1179 442 indicium
1211 420 1237 442 et
1257 415 1362 454 signum
1388 414 1563 448 proprietatis
1577 422 1643 445 suae,
1669 415 1743 447 quod

958 467 1019 497 post
1034 461 1144 492 Filium,
1159 466 1186 487 et
1199 468 1261 488 cuttt
1277 459 1346 487 Filio
1363 460 1498 492 nascitur,
1517 465 1597 495 atque
1619 467 1650 487 ex
1663 460 1744 488 Patre

958 507 1092 534 subsistit.
1116 515 1126 532 ι

992 552 1078 586 Quem
1096 551 1178 587 igitur
1207 551 1332 585 plurimis
1349 551 1376 578 in
1399 551 1467 579 locis
1485 551 1535 579 SS.
1566 551 1659 579 Patres
1689 555 1744 579 ter-

959 598 1025 626 tium
1058 598 1179 631 tradunt,
1210 597 1236 624 id
1261 602 1313 629 est,
1343 605 1358 624 a
1387 597 1467 624 Patre
1485 597 1606 629 tertium,
1627 605 1642 624 a
1673 596 1744 624 Filio

959 645 1119 674 secundum.
1141 645 1218 676 juxta
1241 643 1410 682 personalem
1442 643 1588 670 ordinem:
1608 650 1669 670 cntn
1698 642 1744 669 hic

960 690 1011 716 iste
1026 693 1086 722 post
1105 688 1216 717 Filium.
1233 693 1260 714 et
1275 695 1356 722 quem
1371 695 1403 714 ex
1420 687 1508 721 printo
1525 688 1662 722 Nyssenus
1677 687 1746 714 Gre-

959 735 1051 768 gorius
1067 741 1177 761 manare
1194 733 1273 764 dixit,
1300 733 1349 760 iste
1365 732 1505 766 apertius:
1531 740 1563 759 ex
1588 731 1676 765 Putre,
1695 733 1743 759 ait.

960 779 1094 813 Quoniam
1121 786 1184 805 vero
1212 786 1243 805 ea
1271 778 1415 812 particula,
1432 785 1485 812 qua
1518 778 1659 809 dicimus.
1686 785 1744 811 par,

962 826 1064 852 nullum
1104 825 1158 852 illic
1192 825 1324 858 temporis
1362 824 1537 851 intervallum
1573 823 1743 855 itttroducit,

960 873 1060 907 quippe
1073 871 1234 906 temporales
1250 870 1362 897 morulas
1388 870 1493 897 nullum
1522 869 1550 896 in
1575 875 1675 897 aeterna
1690 870 1745 896 vita

959 919 1049 946 locum
1078 917 1195 948 ltabent,
1223 915 1351 950 quodqtte
1379 915 1510 950 temporis
1536 915 1643 942 ratione
1668 915 1745 949 prius

960 962 1143 994 dicitur,inde
1161 962 1270 996 penitus
1292 961 1463 988 eliminatum
1483 965 1537 993 est,
1555 961 1656 987 idcirco
1671 961 1745 995 qucd

960 1016 1006 1043 per
1021 1008 1116 1035 Filium
1133 1008 1242 1038 dicitur,
1259 1007 1293 1034 ob
1314 1007 1338 1033 id
1359 1007 1411 1034 dici
1438 1010 1538 1041 potest,
1563 1006 1608 1041 qui
1624 1007 1703 1033 simul
1717 1011 1747 1033 et

959 1063 1020 1082 cum
1037 1054 1105 1082 Filio
1115 1058 1174 1087 est;
1196 1060 1284 1081 tamett
1303 1055 1337 1081 ob
1355 1061 1532 1088 personarum
1550 1054 1744 1081 discretionem

958 1110 991 1128 ex
1019 1108 1148 1136 processu
1170 1101 1228 1135 ipso
1266 1101 1467 1135 apparentium,
1502 1108 1580 1134 quem
1605 1100 1671 1128 satis
1699 1109 1745 1134 per

959 1145 1091 1181 particula
1121 1145 1305 1177 commendat,
1331 1145 1395 1172 dum
1415 1152 1502 1179 neque
1518 1145 1598 1172 simul
1614 1145 1695 1177 tollit,
1719 1151 1746 1172 et

960 1199 1139 1225 personarum
1161 1191 1285 1218 ordinem
1301 1198 1362 1217 cum
1380 1198 1508 1224 processu
1526 1191 1612 1218 sancti
1626 1191 1747 1224 Spiritus

961 1238 1091 1269 insinuat,
1102 1237 1170 1264 alias
1182 1237 1297 1264 iudicari
1311 1236 1417 1263 tlillicile
1428 1236 1573 1269 valentem,
1584 1244 1598 1263 a
1611 1237 1747 1272 theologia

960 1283 1181 1310 commodissime
1201 1289 1233 1309 ea
1248 1281 1379 1317 particula
1395 1287 1537 1316 assumpta
1552 1286 1603 1309 est.

997 1329 1088 1364 Itaque
1105 1330 1176 1364 quod
1196 1327 1335 1364 Nyssettus
1352 1328 1441 1362 ipsum
1463 1328 1501 1355 ait
1527 1336 1559 1355 ex
1581 1328 1669 1363 primo
1687 1335 1749 1355 esse

961 1383 1009 1411 per
1022 1383 1083 1402 ettnt
1101 1375 1146 1409 qtti
1162 1375 1333 1401 continenter
1350 1378 1472 1400 tnanaret
1486 1381 1517 1404 es
1533 1374 1621 1408 primo
1633 1393 1640 1406 ,
1658 1374 1709 1400 hoc
1722 1378 1749 1400 et

962 1429 1075 1456 magnus
1103 1420 1221 1448 Basilius
1245 1420 1338 1446 itidem
1364 1419 1488 1452 fatetur;
1522 1419 1587 1454 quia
1613 1419 1686 1446 ettim
1714 1427 1748 1446 ex

963 1467 1052 1499 Patre,
1068 1471 1148 1501 atque
1165 1471 1223 1500 post
1241 1465 1339 1492 Filium
1363 1470 1416 1498 est,
1447 1465 1527 1492 aliter
1554 1466 1591 1492 ita
1604 1473 1666 1492 esse
1693 1473 1747 1491 non

124 1509 205 1536 Patre
221 1510 293 1536 enim
318 1518 364 1544 per
379 1510 477 1537 Filium
497 1511 644 1545 procedere
669 1519 751 1546 supra
775 1519 909 1540 ntonstra-
927 1526 947 1554 ο
964 1518 1064 1548 posset,
1083 1513 1134 1540 ttisi
1147 1520 1179 1540 ex
1199 1513 1288 1547 primo
1300 1520 1346 1547 per
1365 1512 1487 1539 medium
1509 1512 1675 1547 procederet.
1701 1511 1748 1538 Siti

122 1559 182 1584 tum
207 1562 267 1590 est;
296 1565 440 1592 processus
460 1563 549 1585 autem
568 1559 728 1586 vocabulum
747 1560 833 1586 sancti
850 1559 911 1595 Spi-

126 1603 196 1629 rittts
209 1611 333 1637 personae
347 1605 488 1638 proprium
505 1610 556 1636 est,
573 1605 644 1632 sicut
660 1606 741 1632 etiam
757 1605 912 1634 Nativitatis

122 1648 264 1682 proprium
285 1647 345 1675 Filii
369 1649 453 1683 (gigni
477 1650 550 1676 enim
577 1657 609 1677 ac
636 1650 795 1685 procedere.
816 1651 912 1679 ambo-

126 1701 188 1720 rum
208 1702 339 1728 personas
356 1694 500 1729 iusinuat),
516 1699 623 1723 constat
638 1696 771 1730 Spiritum
784 1701 912 1725 sanctum

123 1746 159 1765 ex
175 1739 256 1766 Patre
275 1748 323 1774 per
335 1739 435 1767 Filiuttt
452 1741 553 1768 habere
579 1742 771 1770 substantiam.
788 1743 822 1770 Et
846 1744 911 1770 illud

127 1786 210 1812 simul
223 1790 340 1818 constat,
356 1787 429 1821 quod
444 1792 471 1814 et
495 1787 661 1820 immediate,
687 1793 715 1815 et
741 1789 868 1822 mcdiate,
887 1795 913 1817 et

123 1831 308 1864 continenter,
338 1837 365 1859 et
394 1840 442 1868 per
461 1840 523 1860 eum
543 1835 588 1868 qui
612 1834 786 1861 continenter
809 1839 862 1866 est,
880 1843 912 1862 ex

126 1876 207 1904 Patre
223 1885 294 1910 esse,
310 1877 468 1905 dill'erentcs
482 1878 637 1906 divinarum
661 1886 839 1913 personarum
854 1887 914 1915 pru-

128 1930 222 1949 rcssns
239 1922 371 1954 insinuat,
386 1924 527 1958 nascique,
538 1931 569 1950 ae
585 1931 632 1958 per
646 1924 744 1951 Filium
755 1924 913 1959 procedere,

127 1969 319 1997 substantialia
337 1968 396 1996 Filii
414 1976 446 1996 ac
463 1969 580 2004 Spiritus
596 1976 658 1996 cum
682 1969 748 2002 sint,
780 1977 912 2004 persona-

127 2024 188 2044 rnnt
205 2017 334 2050 ipsarum,
356 2016 416 2043 Filii
435 2015 539 2043 scilicet
568 2023 601 2043 ac
623 2015 742 2050 Spiritus
761 2017 912 2051 proprieta-

128 2067 171 2090 tes
194 2068 267 2097 sunt,
300 2062 400 2097 quibus
416 2063 449 2089 ad
477 2062 608 2095 invicem,
632 2068 715 2096 atque
746 2063 780 2090 ad
807 2062 914 2090 Patrem

128 2103 335 2136 discernuntur.
361 2107 495 2141 Quocirca
519 2110 627 2143 genitus
653 2108 735 2141 alius,
763 2109 916 2143 procedens

963 1565 1053 1587 autem
1071 1568 1103 1587 ex
1124 1559 1205 1586 Patre
1234 1567 1282 1594 per
1314 1558 1412 1585 Filium
1426 1559 1561 1592 procedit.
1579 1559 1663 1592 liquet
1689 1566 1750 1592 pro-

964 1606 1043 1638 fecto,
1066 1614 1128 1633 eum
1155 1605 1291 1640 personali
1320 1605 1390 1631 serie
1425 1604 1534 1631 tertium
1552 1611 1566 1631 a
1586 1604 1666 1631 Patre
1677 1611 1749 1631 esse.

964 1651 990 1678 ld
1003 1656 1092 1678 autent
1109 1657 1149 1679 est
1164 1659 1225 1678 esse
1238 1656 1299 1684 post
1316 1649 1427 1681 Filium,
1441 1654 1468 1676 tit
1484 1650 1580 1677 doctor
1596 1651 1696 1684 inquit.

1000 1697 1057 1724 lloc
1073 1697 1162 1732 ipsum
1179 1696 1318 1732 Nyssenus
1334 1695 1403 1723 idem
1426 1695 1546 1723 lucidius
1571 1695 1710 1730 expressit
1724 1696 1750 1722 in

965 1742 1086 1775 tQuazst.
1104 1746 1230 1769 adversus
1248 1742 1408 1768 lt'uuomium
1428 1742 1497 1768 libro
1516 1749 1522 1768 :
1543 1750 1551 1766 ι
1567 1741 1697 1776 Spiritus.
1712 1742 1753 1768 itt-

964 1786 1073 1820 quiens,
1090 1785 1175 1816 Patri.
1191 1793 1222 1812 ex
1248 1792 1281 1812 eo
1301 1785 1373 1820 quod
1394 1785 1532 1813 increatns
1548 1789 1601 1818 est,
1616 1785 1751 1820 jungitur,

965 1837 1047 1866 atque
1077 1832 1112 1858 ab
1139 1839 1173 1858 eo
1196 1839 1302 1862 rursus,
1315 1832 1379 1866 quia
1395 1831 1487 1864 Pater,
1503 1836 1533 1861 ut
1552 1831 1607 1864 ille,
1627 1839 1678 1858 non
1699 1837 1752 1863 est,

965 1878 1134 1911 disparatur.
1159 1877 1357 1910 conjunctione
1373 1884 1450 1908 vero,
1468 1884 1529 1910 quae
1553 1877 1590 1903 illi
1606 1885 1667 1904 cum
1685 1876 1753 1904 Filio

968 1923 1075 1950 tatiotte
1090 1923 1205 1950 increati
1221 1929 1285 1956 est;
1308 1927 1389 1957 atque
1403 1931 1436 1950 ex
1452 1931 1486 1950 eo
1501 1923 1574 1957 quod
1593 1923 1753 1951 substantiae

968 1977 1076 1996 causam
1105 1977 1186 1996 unaut
1203 1977 1235 1996 ex
1262 1970 1315 1996 Deo
1338 1969 1460 1996 ontnium
1485 1970 1576 2003 habet,
1596 1977 1627 1997 ea
1644 1978 1752 1996 rursum

965 2017 1133 2050 proprietate
1152 2015 1340 2050 distinguitur,
1357 2016 1430 2051 quod
1450 2023 1539 2050 neque
1556 2017 1636 2043 unice
1653 2023 1685 2043 ex
1704 2015 1754 2042 Pa-

968 2068 1008 2089 tre
1024 2062 1159 2093 subsistit,
1179 2066 1206 2089 et
1233 2060 1306 2095 qttod
1324 2069 1370 2096 per
1400 2061 1487 2095 ipsum
1514 2061 1614 2088 Filium
1644 2062 1752 2096 prodiit.

969 2108 1074 2134 ltursus
1089 2107 1181 2139 etiam,
1197 2114 1259 2133 enttt
1276 2114 1324 2140 per
1340 2106 1515 2139 Uuigenitum
1543 2113 1670 2135 creatura
1692 2108 1754 2135 sub-

130 2155 199 2182 alius
211 2155 381 2190 appellatur;
409 2154 481 2181 sicut
508 2154 589 2181 etiam
621 2155 739 2189 quisque
754 2162 786 2182 ex
802 2156 929 2183 substan-
969 2153 1101 2182 sistat.ne
1112 2160 1257 2179 commune
1269 2152 1372 2186 aliqttid
1385 2151 1418 2179 ad
1435 2153 1503 2180 hanc
1515 2152 1634 2186 Spiritus
1644 2158 1754 2181 sanctus

130 2201 188 2228 liztli
208 2203 325 2227 termino
340 2200 382 2227 sui
398 2207 458 2228 esse
480 2201 649 2232 nominatur,
669 2206 749 2234 atque
765 2201 815 2228 hoc
833 2201 918 2236 ipsoa
936 2195 956 2222 Ι)
972 2199 1069 2225 habere
1086 2203 1207 2232 putetur,
1225 2198 1287 2232 quia
1314 2203 1339 2224 et
1367 2198 1425 2232 ipse
1458 2207 1506 2233 per
1528 2198 1626 2226 Filium
1644 2201 1752 2234 prodiit,

130 2248 242 2282 reliquis
259 2247 446 2280 distinguitur.
473 2247 578 2281 Quippe
603 2247 683 2274 unice
705 2255 739 2274 ex
761 2242 842 2274 Patre
856 2255 918 2281 pro-

130 2293 218 2327 gredi,
247 2293 384 2327 propriam
411 2291 473 2318 Filii
502 2291 668 2326 agnitionem
699 2298 772 2323 esse,
800 2291 835 2317 Ba
855 2291 918 2318 ilius

130 2338 230 2365 astruit
248 2346 255 2364 :
272 2343 355 2372 atque
380 2337 433 2364 hoc
446 2345 460 2363 a
476 2336 556 2363 Patre
573 2335 693 2363 discerni
715 2341 743 2363 et
766 2344 781 2362 a
803 2336 916 2371 Spiritu,

131 2391 192 2411 rum
213 2383 318 2411 scilicet
331 2390 378 2417 per
397 2382 467 2409 hanc
483 2382 674 2416 proprietatem
698 2389 788 2414 suam,
814 2381 918 2409 nttllattt

131 2431 165 2457 ad
187 2431 294 2458 Patrent
328 2434 411 2464 atque
429 2429 463 2456 ad
487 2432 613 2455 sanctutn
643 2427 774 2462 Spiritunt
797 2436 920 2456 commu-

132 2479 241 2504 nionem
259 2476 367 2508 habeat,
389 2479 416 2502 et
433 2482 494 2509 qua:
520 2474 546 2501 lll
565 2475 636 2502 ltanc
658 2474 821 2502 sententiam
846 2482 918 2510 pra:-

135 2522 205 2549 diela
224 2526 297 2548 sunt.
318 2520 437 2554 Spiritus
452 2525 542 2546 autent
560 2526 575 2545 a
596 2519 674 2546 Patre
692 2519 814 2554 quidem,
834 2520 916 2547 veluti

135 2576 148 2594 a
167 2575 248 2595 causa
266 2566 373 2593 causale
400 2565 592 2600 distinguitur;
632 2573 645 2591 a
661 2564 730 2592 Filio
744 2570 848 2596 autem,
872 2573 919 2600 per

133 2621 245 2641 causam
272 2621 354 2647 quam
374 2612 486 2639 ltabeta
515 2611 608 2644 Patre,
628 2620 677 2647 per
706 2612 793 2646 ipsunt
823 2619 920 2647 ptoce-

134 2659 202 2686 deus
217 2668 225 2686 :
247 2659 297 2686 hac
312 2659 416 2687 scilicet
431 2666 576 2692 processus
590 2658 752 2690 dill'ercutia,
769 2658 841 2693 quod
874 2658 918 2686 ille

135 2704 291 2732 i.ntttediate
309 2707 392 2740 atque
417 2704 589 2739 continenter
604 2713 635 2732 ex
653 2704 751 2740 primo,
769 2703 812 2732 hic
828 2708 918 2731 autem

170 2804 225 2839 (1‘1)
245 2805 312 2833 Citat
329 2805 511 2833 Bt-llarmiuus
526 2806 573 2832 lib.
592 2813 609 2832 tt
631 2804 665 2831 Dc
691 2804 806 2837 Christo,
826 2812 849 2833 c.
875 2805 921 2838 ‘25,

127 2841 184 2868 Sub
200 2840 298 2875 linem;
315 2841 438 2869 chnad.
456 2846 521 2869 sect.

971 2245 1014 2271 illa
1039 2244 1129 2272 stabili
1155 2249 1237 2279 atque
1268 2245 1485 2271 incontntnlabili
1514 2245 1618 2272 ratione
1637 2245 1754 2279 Spiritus

969 2295 1080 2317 samtus
1109 2298 1124 2316 a
1157 2293 1280 2316 creatura
1308 2286 1482 2317 discernitur.
1503 2299 1511 2315 ι
1543 2290 1571 2317 Si
1604 2290 1687 2326 igitur
1729 2291 1754 2318 id

970 2336 1070 2366 solum,
1090 2335 1162 2369 quod
1178 2335 1257 2361 unice
1280 2333 1365 2362 Filius
1388 2342 1419 2362 ex
1438 2335 1558 2370 ingenito
1573 2335 1677 2363 lumine
1702 2341 1753 2369 est,

972 2381 1079 2416 propria
1092 2381 1164 2408 illius
1181 2382 1299 2415 cognitio
1312 2386 1365 2413 est,
1379 2389 1431 2416 qua
1448 2389 1462 2408 a
1484 2382 1564 2409 Patre
1581 2382 1754 2418 Spititttsque

971 2428 1158 2462 distinguitur,
1176 2428 1200 2454 id
1215 2434 1304 2454 autent
1319 2433 1359 2455 est
1379 2435 1411 2454 ex
1428 2428 1507 2454 Patre
1523 2429 1582 2455 sine
1599 2429 1653 2455 ttllo
1666 2429 1753 2457 medio

956 2474 1041 2505 ‘csse,
1056 2472 1174 2506 Spiritus
1199 2477 1289 2499 autem
1307 2478 1418 2500 sanctus
1433 2480 1447 2499 a
1464 2472 1532 2500 Filio
1549 2481 1578 2499 ea
1593 2474 1754 2508 proprietate

970 2520 1147 2550 discernitur.
1177 2519 1249 2552 quod
1275 2526 1322 2553 per
1348 2518 1446 2546 Filllltll
1480 2519 1569 2553 ipsum
1601 2520 1637 2547 sit
1675 2525 1753 2555 atque

971 2566 1104 2600 procedit,
1128 2570 1234 2592 constat
1260 2565 1382 2599 profecto
1415 2565 1546 2598 Spiritum
1576 2570 1701 2593 sanctum
1722 2574 1753 2593 ex

970 2611 1049 2638 Patre
1059 2612 1117 2639 sine
1133 2611 1223 2637 medio
1237 2619 1289 2637 ttott
1310 2618 1382 2637 esse.
1394 2609 1422 2636 ltl
1433 2610 1588 2645 qnippe.cst
1603 2619 1664 2639 esse
1675 2611 1753 2639 unice

973 2667 1005 2684 ex
1023 2658 1100 2685 Patre
1112 2677 1120 2689 ,
1141 2657 1213 2692 quod
1230 2655 1289 2682 Filii
1307 2663 1431 2690 personae
1447 2657 1585 2691 proprium
1607 2661 1659 2684 est.
1681 2656 1708 2684 lu
1723 2664 1753 2684 eo

975 2705 1046 2731 enim
1075 2703 1147 2738 quod
1172 2709 1259 2737 neque
1281 2701 1360 2730 unice
1372 2709 1404 2728 ex
1419 2701 1509 2735 Patre,
1526 2703 1574 2730 sed
1592 2711 1639 2738 per
1655 2702 1752 2731 Filium

1011 2804 1066 2836 (ιδ)
1090 2803 1116 2829 tn
1144 2790 1296 2829 cditdltilli’i
1315 2807 1351 2829 est
1372 2811 1395 2829 «ι.
1415 2804 1456 2838 15,
1473 2803 1512 2831 l.l
1534 2802 1610 2830 Fidei
1626 2804 1751 2837 ori/1011.;

972 2839 1035 2867 citat
1053 2839 1134 2865 ctiam
1151 2838 1272 2866 Gctniad.
1290 2843 1355 2866 sect.
1371 2838 1396 2866 5.
