1934 3063
154 113 189 145 29
709 120 913 152 aovausus
932 121 1090 152 (succos
1102 123 1177 154 LIB.
1200 124 1226 154 ι.
1742 121 1776 152 30

154 173 199 202 sit.
211 172 346 207 propriam
371 173 490 209 Spiritus
508 175 672 210 agnitionem
703 179 799 204 doctor
814 186 874 205 esse
889 177 938 204 ait.
954 181 977 207 Α
991 179 1080 207 medio
1096 184 1123 208 et
1138 181 1310 208 continenter
1332 187 1363 208 es
1394 179 1482 213 primo
1496 183 1548 206 est.
1576 177 1617 209 Ει.
1641 186 1702 211 tl"?2
1729 187 1776 212 αττ-

191 217 286 245 Verum
309 219 373 253 quia
398 225 555 255 utrumque,
585 226 612 248 et
636 222 754 256 Spiritus
779 224 894 256 scilicet,
911 227 939 250 et

156 268 288 294 creatura,
305 272 365 292 esse
387 273 435 299 per
451 265 550 293 Filium
575 267 686 300 dicitur,
702 269 839 303 quomodo
862 270 940 296 intri-

156 309 288 343 ligendum
303 311 347 338 sit.
364 311 473 344 adjecto
489 312 627 339 diﬂ'erenti
658 321 836 347 processuum
856 315 939 342 modo

157 354 287 382 deﬁnivit.
314 356 447 383 Sanctum
466 359 539 384 enim
572 358 703 392 Spirittttn
733 360 791 387 sine
821 365 940 395 tcmpme

156 401 278 427 stabilem
308 405 389 436 atque
407 401 673 435 incommutabilem,
697 405 761 439 quia
778 413 825 439 per
840 405 938 433 Filium

157 446 323 477 naturaliter,
350 453 376 474 et
405 448 612 481 essentialiter,
643 457 670 477 et
697 451 774 485 juxta
803 451 938 486 insignem

157 492 346 526 Athanasium,
366 502 398 522 ex
420 494 476 522 Deo
494 496 679 531 procedendo,
696 497 940 525 consubstantialis

157 543 197 564 est
211 536 280 564 Patri
305 546 338 565 ac
363 539 444 572 Filio,
473 546 663 575 erratumque
683 543 786 576 pariter
814 544 940 570 conditor

156 589 216 609 eum
234 582 312 610 Patre
326 591 358 610 ac
374 583 452 617 Filio,
469 590 563 620 utpote
580 595 653 614 unus
673 592 794 620 creator,
811 593 938 614 creatura

156 636 219 656 vero
244 631 409 664 temporalis,
449 633 654 660 commutabilis
687 638 770 668 atqtte
800 635 940 662 variabilis

155 678 195 700 est
211 682 218 706 ;
234 682 281 709 per
296 675 392 703 Filium
414 677 486 703 enim
507 678 625 705 tictionis
645 674 865 714 conditionisque
895 688 940 708 ra-

155 719 227 746 tione
243 720 375 754 producta
395 728 446 754 est,
464 723 623 758 longissime
641 732 654 751 a
669 725 823 753 substantia
838 726 939 759 Patris,

155 771 181 792 ct
197 766 256 793 Filii
271 772 298 794 et
318 769 405 795 sancti
425 768 543 804 Spiritus
569 775 683 798 remota.
711 779 721 796 ι
738 770 772 798 Ut
794 771 878 803 enim,
901 771 941 798 itt-

155 813 213 847 qnit
237 813 430 843 Damasccntts,
458 820 583 841 creatura
619 815 794 850 postmodum
827 823 880 843 non
905 823 936 843 ex

155 859 288 885 creatoris
311 860 463 886 substantia
491 864 534 887 est
565 859 647 891 facta.
684 869 693 887 ι
725 861 819 888 nullus
847 861 940 896 itaque

155 909 244 931 mente
276 912 307 931 ac
325 906 430 932 ratione
453 906 594 940 prteditus,
622 914 770 934 commune
783 907 886 941 aliquid
906 907 940 934 ad

156 951 225 978 hanc
247 951 350 978 habere
375 952 554 980 arbitrabitur
581 952 712 988 Spiritum
737 957 863 981 sanctum
881 962 887 981 :
908 962 940 981 es

155 1004 197 1030 ea,
213 998 286 1032 qttod
304 998 413 1030 dicitur,
429 998 518 1033 ipsum
535 1004 616 1034 atque
630 1004 785 1028 creaturam
806 1000 942 1035 prodiisse

155 1049 202 1079 per
226 1044 325 1071 Filium
345 1054 352 1072 :
369 1045 419 1072 nisi
448 1050 579 1079 quantum
603 1049 695 1073 creata
718 1047 752 1073 ad
779 1051 941 1077 creatorem,

155 1096 180 1117 et
204 1090 276 1118 facta
300 1091 333 1119 ad
360 1092 492 1120 factorem
508 1092 664 1120 communia
680 1097 766 1120 sunt:
795 1102 804 1118 ‹
841 1092 940 1120 Stabili

154 1137 236 1170 enim,
249 1138 349 1172 inquit,
363 1143 445 1171 atque
473 1138 687 1165 incommutabili
705 1138 809 1165 ratione
824 1138 943 1172 Spiritus

155 1192 168 1211 a
185 1190 309 1211 creatura
325 1184 503 1212 dtSrernitur.
525 1193 534 1209 ι
556 1183 634 1211 Nunc
648 1189 738 1212 autem
752 1184 941 1212 arbitrandum

154 1236 194 1258 est
207 1231 244 1264 id,
261 1231 334 1266 quod
348 1230 461 1262 dicitur,
478 1230 625 1265 prodiisse.
639 1231 682 1258 vel
700 1238 843 1263 manasse,
865 1236 943 1258 u-ter-

155 1286 214 1305 nam
226 1284 290 1304 ante
299 1278 391 1304 omnia
403 1278 502 1304 saecula
520 1278 700 1304 substantiam
719 1278 805 1305 sancti
822 1277 943 1312 Spiritus

155 1333 206 1352 non
228 1324 397 1358 signiﬁcare.
414 1323 537 1350 Primum
558 1324 630 1350 enim
654 1331 716 1351 cum
745 1324 845 1351 docere
865 1323 944 1351 insti-

155 1375 252 1401 tueret.
275 1378 330 1405 quo
355 1375 436 1405 parto
464 1369 537 1397 Deus
554 1369 676 1397 Trinitas
691 1370 717 1397 in
741 1371 831 1405 seipse
849 1377 944 1404 perso-

154 1411 331 1444 naliter'ante
346 1417 447 1443 saecula
469 1415 696 1450 distingueretur,
725 1424 778 1443 non
805 1416 943 1451 quontodo

155 1471 182 1490 se
195 1463 311 1490 haberet
333 1463 365 1489 ad
381 1468 547 1493 creaturam,
566 1462 617 1489 hoc
634 1462 714 1489 dixit.
735 1462 823 1495 Atque
837 1462 942 1489 utinam

991 226 1059 256 nita,
1075 225 1133 253 haec
1164 225 1302 258 unigenita
1327 229 1378 252 est.
1397 224 1527 255 Rursum,
1553 230 1614 258 qua:
1642 223 1775 257 procedit,

990 272 1047 300 haec
1058 271 1175 305 Spiritus
1189 275 1242 303 est,
1270 275 1298 297 et
1309 278 1370 305 quin.
1396 270 1524 301 mcdiate,
1541 269 1598 295 haec
1616 276 1670 295 non
1687 269 1777 295 couti-

991 322 1106 350 nenter;
1122 325 1181 351 quae
1196 322 1287 344 autent
1305 324 1357 343 non
1379 317 1564 347 continenter,
1586 316 1642 342 lucc
1658 323 1712 341 non
1729 322 1774 348 ge-

991 364 1059 395 nita.
1090 365 1137 392 sed
1164 365 1312 398 procedens
1325 368 1376 390 est.
1403 362 1488 389 Porro
1515 370 1580 396 quae,
1606 369 1653 396 per
1677 361 1775 388 Filium

990 411 1153 445 proceditex
1169 410 1262 440 Patre.
1279 417 1310 436 ea
1325 417 1378 436 non
1395 408 1481 436 Filius
1506 413 1559 435 est.
1581 407 1643 434 Haec
1658 415 1777 440 namque

990 456 1146 484 Nativilatis
1163 456 1286 483 deﬁnitio
1300 460 1350 486 est,
1371 463 1405 482 ex
1434 454 1523 488 primo
1540 453 1696 480 immediate
1713 460 1776 486 pro-

991 502 1059 533 dire,
1095 501 1280 536 proccssionia
1306 505 1397 528 autem
1415 520 1423 533 ,
1447 507 1480 527 ex
1505 499 1593 534 primo
1630 506 1677 533 per
1718 506 1776 525 me-

989 548 1075 574 dium.

1028 594 1059 621 Et
1073 593 1203 628 quoniam
1218 593 1371 619 divinarum
1393 599 1572 625 personarum
1593 591 1777 618 subsistentim

990 644 1096 666 πρίει-ιιύ
1119 645 1200 673 atque
1218 638 1402 665 immutabiles
1415 636 1702 671 suut;semprrenim
1719 640 1779 663 erat

991 685 1111 712 Trinitas
1128 685 1198 711 Deus
1215 684 1304 716 Pater,
1325 687 1353 711 et
1367 683 1460 715 Filius,
1476 688 1502 710 et
1519 682 1639 717 Spiritus
1655 688 1777 714 sanctus,

990 732 1163 759 deﬁnitiones
1179 732 1261 758 etiam
1276 731 1459 765 personalium
1476 730 1692 757 substantiarum
1706 729 1779 765 [hy-

991 783 1135 813 postaseon
1146 778 1167 813 ],
1183 778 1248 812 ipsa:
1261 777 1456 804 substantiales
1465 774 1675 811 [Ityposmticm]
1685 782 1778 802 earnm

991 825 1171 859 proprietates
1184 831 1295 858 prorsus
1307 829 1415 850 ceterum
1442 827 1525 856 atque
1540 821 1779 848 incommutabilt-s

991 875 1066 898 sunt.
1082 871 1114 897 Et
1127 870 1193 896 illud
1218 869 1288 896 idem
1306 872 1424 900 constat,
1439 868 1515 903 quin,
1531 867 1552 894 si
1568 867 1700 894 tollantur
1716 874 1780 901 pro-

991 916 1139 947 cessiones,
1166 915 1348 950 proprietates
1368 914 1450 941 etiam
1485 921 1517 941 ac
1544 921 1669 948 persona:
1696 912 1779 939 simul

990 970 1051 990 esse
1065 962 1200 989 desinent.
1217 959 1296 991 Nam.
1311 960 1332 987 si
1348 959 1475 986 nascendi
1494 959 1615 993 quidem,
1628 962 1675 985 aut
1691 958 1777 992 geniti

990 1016 1023 1035 ex
1040 1009 1128 1042 primo
1158 1014 1217 1034 esse
1239 1006 1341 1040 absque
1366 1005 1466 1038 medio,
1509 1004 1579 1031 ratio
1601 1012 1632 1031 ac
1660 1003 1782 1030 deﬁnitio

992 1059 1035 1082 est
1055 1062 1062 1081 :
1079 1052 1241 1087 procedendi
1255 1060 1330 1083 vero.
1347 1059 1394 1078 seu
1415 1050 1599 1086 procedentis.
1618 1058 1664 1084 per
1678 1049 1777 1076 Filium

992 1107 1052 1128 esse
1069 1100 1202 1126 :omuino
1216 1103 1305 1125 autent
1333 1105 1426 1124 verum
1444 1101 1495 1129 est,
1513 1097 1628 1123 sublatis
1641 1095 1781 1122 deﬁnitio-

993 1147 1074 1173 nil~us
1088 1153 1179 1172 rerum
1194 1144 1294 1180 quibus
1312 1143 1364 1170 illa:
1386 1142 1554 1172 subsistunt.
1571 1147 1597 1168 et
1624 1141 1684 1168 illas
1699 1141 1782 1168 simul

992 1191 1108 1219 auferri.
1125 1189 1192 1217 Nam
1212 1190 1259 1224 qui
1277 1179 1412 1216 rationale
1430 1187 1532 1215 homini
1555 1187 1656 1220 tulerit,
1670 1194 1732 1214 esse
1746 1179 1783 1214 si-

995 1237 1050 1263 mul
1065 1236 1201 1263 hominem
1217 1235 1339 1262 abstulit.
1408 1231 1410 1233 ’

1030 1283 1060 1310 Ει
1077 1283 1139 1309 hinc
1154 1281 1261 1316 liquido
1289 1285 1407 1312 constat,
1432 1280 1547 1308 sublatis
1566 1279 1648 1314 geniti
1668 1286 1699 1306 ac
1716 1285 1783 1312 pro-

993 1318 1117 1357 cedentis
1130 1327 1295 1360 rationibus,
1311 1327 1468 1361 hujusmodi
1482 1325 1629 1357 ablatione,
1655 1325 1784 1351 nativita-

994 1382 1047 1404 tem
1066 1383 1097 1402 ac
1116 1375 1318 1409 processionem
1342 1373 1412 1404 tolli,
1426 1372 1563 1407 simulque
1579 1372 1674 1402 etiam,
1689 1370 1782 1397 Trini-

995 1424 1077 1447 tatem
1104 1419 1187 1446 Deum
1205 1426 1276 1446 esse.
1294 1417 1332 1444 Ex
1348 1417 1448 1452 quibus
1464 1417 1515 1443 hoc
1528 1415 1608 1443 etiam
1627 1414 1782 1445 conﬁcitur,

994 1471 1024 1493 ut
1038 1465 1083 1501 qui
1103 1473 1134 1493 es
1156 1465 1236 1492 Patre
1252 1464 1311 1491 solo
1328 1464 1478 1498 procedere
1503 1463 1635 1498 Spiritum
1658 1466 1782 1489 sanctum

154 1510 202 1541 sic,
220 1513 250 1536 ut
283 1508 336 1541 hic,
366 1507 438 1542 quod
463 1507 563 1534 dicitur
579 1508 717 1543 prodiisse
750 1508 776 1534 in
804 1510 978 1541 creatura.c
995 1516 1143 1543 asseverat,
1177 1511 1333 1538 necessario
1358 1511 1434 1537 illum
1461 1518 1493 1537 ex
1527 1510 1609 1537 Patre
1636 1517 1697 1536 esse
1723 1509 1784 1536 sine

154 1555 361 1583 eubsistentiam
393 1561 425 1580 ex
460 1552 538 1585 Deo,
568 1558 755 1588 creaturaeqne
793 1553 941 1582 essentiam

154 1606 246 1635 aperte
261 1600 398 1634 signiﬁcat
413 1608 421 1627 :
436 1600 473 1627 ita
489 1603 516 1626 et
533 1599 560 1626 in
573 1599 679 1634 Spiritu
697 1604 804 1631 sancto,
819 1607 881 1627 cum
904 1600 943 1627 di-

155 1648 235 1679 citur,
270 1647 332 1682 ejus
348 1651 411 1674 ante
434 1646 526 1674 omnia
552 1646 650 1673 sarcula
677 1653 838 1680 proeessum
867 1654 944 1673 eom—

156 1695 266 1723 mendat
283 1703 290 1720 :
310 1698 392 1729 atque
415 1700 448 1720 eo
472 1693 571 1726 magis,
596 1700 651 1727 quo
666 1693 746 1719 etiam
775 1696 878 1719 aeterne
896 1699 944 1725 per

155 1741 252 1768 Filium
275 1745 388 1770 etesse,
407 1743 433 1767 et
451 1739 573 1773 prodire,
591 1746 623 1765 ac
642 1738 789 1772 procedere
805 1746 818 1765 a
839 1739 944 1765 theolo-

155 1789 194 1823 gis
207 1786 353 1814 asseritur.
366 1785 468 1812 Deinde
487 1785 633 1819 magistros
650 1785 713 1811 item
729 1784 824 1810 audire
842 1784 943 1816 fascst,

156 1840 182 1860 nt
198 1834 262 1865 hoc,
279 1831 351 1867 quod
370 1831 482 1863 dicitur,
510 1831 646 1865 prodisse,
662 1835 780 1858 aeternos
799 1837 945 1865 processus

155 1878 211 1906 Filii
239 1878 417 1912 Spiritusque
432 1875 620 1909 commendat,
636 1875 710 1911 quod
723 1876 750 1903 in
765 1876 944 1911 sequentibus

155 1922 236 1956 proba
243 1921 327 1948 bitur.

187 1968 338 2003 Gregorius
355 1966 530 2001 'l'heologus,
560 1966 588 1994 in
615 1974 744 1995 sermone
775 1966 812 1994 De
836 1966 942 2002 Spiritu

156 2019 247 2041 sancto
262 2014 317 2048 (Η)
343 2013 384 2040 sic
400 2013 438 2040 ait
453 2021 460 2040 :
483 2021 492 2038 ι
511 2012 714 2044 Etnanationis,
728 2012 893 2048 habitusque
910 2014 942 2040 ad

156 2059 271 2086 invicem
286 2058 449 2091 diﬂ‘ereutia,
475 2058 667 2092 appellationis
690 2066 802 2093 quoque
832 2059 942 2086 illorum

156 2105 338 2132 ditiorentiam
355 2104 430 2131 fecit.
452 2114 461 2130 ι
480 2104 528 2132 llie
543 2105 748 2132 emanationem
770 2105 841 2132 idem
863 2105 944 2131 intel-

157 2152 199 2188 ligi
217 2152 317 2184 voluit,
339 2152 411 2186 quod
437 2158 607 2185 pret-essum.
631 2150 826 2179 Processiones
853 2157 942 2178 autem

157 2197 312 2225 diﬁerentes
329 2201 393 2222 sunt
424 2195 554 2222 nzttiritas
580 2200 663 2230 atque
689 2203 845 2230 processus.
861 2196 943 2222 Recte

158 2252 220 2278 ergo
234 2243 340 2270 dictum
356 2247 398 2268 est
414 2241 574 2269 diﬁc-rentes
600 2241 792 2276 processioues
809 2249 942 2276 persona-

158 2297 213 2315 rmu
229 2289 257 2315 id
275 2287 446 2316 eﬁ‘rcisse;ut
468 2286 540 2313 aliud
554 2287 689 2320 genitum,
702 2287 775 2315 aliud
792 2287 944 2321 procedens

157 2335 240 2364 ets-it.
260 2339 287 2360 et
313 2333 431 2360 dicatur.
451 2332 548 2368 Liquet
564 2332 646 2366 igitur
662 2340 694 2359 ex
711 2332 754 2359 Itis
778 2339 841 2367 qute
869 2332 942 2359 dicta

158 2384 230 2411 sunt,
247 2378 318 2405 idem
334 2385 406 2409 esse,
423 2385 485 2404 ctnu
507 2377 624 2405 dicimus
648 2377 748 2405 Filiunt
763 2385 825 2405 esse
841 2382 868 2405 et
883 2377 946 2405 uni-

157 2425 289 2460 genitum,
305 2429 331 2451 et
346 2423 405 2451 sine
417 2424 474 2452 ullo
485 2424 576 2451 medio
599 2431 632 2450 ex
653 2423 744 2457 Patre,
768 2424 944 2460 genitumque

157 2479 226 2504 esse,
248 2478 296 2498 seu
322 2478 468 2505 personam
497 2477 531 2497 ex
549 2477 666 2505 persona
689 2470 786 2506 gigni;
813 2470 944 2506 idemque

157 2524 226 2548 esse,
243 2524 306 2543 cum
321 2516 450 2547 dicimus,
467 2514 602 2551 Spiritum
630 2524 702 2546 esse.
729 2522 757 2544 et
771 2517 921 2551 procedere
936 2525 943 2544 :

159 2567 236 2602 atque
250 2571 283 2590 ex
299 2563 388 2598 pritno
406 2570 455 2597 per
472 2562 591 2590 medium
613 2570 674 2590 esse
693 2569 719 2590 et
746 2571 778 2591 ex
793 2562 873 2591 Patre
898 2571 945 2598 per

159 2608 255 2637 Filium
274 2609 422 2644 procedere
439 2619 447 2637 :
465 2618 552 2645 neque
568 2610 627 2637 sine
644 2609 743 2642 medio,
762 2617 850 2645 neque
866 2611 945 2637 unice

157 2663 226 2688 casia,
243 2663 329 2691 neque
345 2655 519 2684 continenter
533 2664 566 2684 ex
583 2656 684 2691 printo.
712 2655 773 2683 Ilzcc
790 2656 863 2683 enitn
879 2663 945 2683 cott-

159 2706 198 2727 tra
221 2702 347 2729 eumdem
373 2702 447 2729 dit-ta
469 2707 681 2729 convertuntur.
705 2700 771 2734 Quae
794 2701 867 2728 enim
884 2708 946 2735 per-

158 2753 222 2774 sona
252 2754 279 2774 ιιι
311 2752 406 2776 sancta
434 2746 568 2775 Trinitate
606 2747 691 2775 Filius
719 2752 780 2780 est,
804 2747 860 2776 lucc
887 2748 945 2776 sine

195 2834 249 2871 (14)
271 2835 317 2864 Est
333 2835 421 2864 oratio
439 2836 455 2863 3
471 2836 502 2863 de
521 2835 674 2871 Tltcologia.

996 1559 1084 1585 medio
1111 1557 1284 1590 conﬁteatur.
1301 1557 1388 1584 Porro
1426 1556 1582 1591 huiusmodi
1610 1555 1785 1582 confessione

995 1604 1189 1639 proprietatem
1202 1603 1365 1630 substantiae
1384 1602 1469 1632 illius,
1486 1609 1518 1628 ac
1541 1603 1686 1636 personam
1707 1601 1784 1627 illum

994 1657 1055 1676 esse
1085 1648 1113 1675 in
1144 1653 1238 1675 sancta
1268 1647 1404 1674 Trinitate
1428 1654 1482 1674 una
1511 1647 1598 1673 tollet.
1617 1645 1705 1680 Atque
1722 1646 1786 1672 hinc

995 1702 1084 1729 neque
1101 1694 1211 1721 tertium
1227 1702 1240 1720 a
1263 1693 1344 1720 Patre
1369 1692 1519 1720 secundum
1536 1700 1609 1718 sana:
1623 1691 1683 1718 tidei
1703 1690 1785 1717 ratio-

995 1747 1056 1768 nem
1082 1739 1300 1766 aetraditionem
1321 1738 1373 1765 SS.
1398 1737 1510 1764 Patrum
1535 1736 1717 1764 conﬁtebitur.
1745 1735 1784 1762 lta

997 1787 1063 1816 nihil
1081 1785 1235 1821 prohibebit
1252 1785 1333 1812 ctiant
1351 1784 1450 1812 Filium
1479 1792 1540 1811 esse
1554 1783 1677 1810 conﬁteri
1695 1782 1785 1816 Spiri-

995 1836 1053 1859 tum
1069 1835 1209 1862 sanctum,
1221 1830 1282 1858 sine
1308 1830 1399 1857 medio
1412 1838 1445 1857 ex
1468 1829 1547 1856 Patre
1579 1827 1784 1863 procedentem.

995 1876 1055 1904 Filii
1085 1877 1187 1912 quippe
1213 1876 1359 1911 appellatio
1399 1875 1550 1903 secundum
1585 1874 1727 1907 theologos
1760 1873 1784 1898 ci

995 1923 1104 1958 proprie
1123 1923 1259 1958 congruit,
1278 1923 1323 1956 qui
1338 1922 1399 1949 sine
1415 1923 1505 1949 medio
1525 1929 1556 1947 ex
1576 1920 1656 1947 Patre
1678 1924 1732 1946 est.
1745 1919 1785 1945 Ex

994 1976 1051 2003 quo
1066 1969 1201 2004 sequitur,
1218 1972 1249 1995 ut
1272 1967 1345 2002 quod
1363 1967 1440 1994 illinc
1455 1967 1514 1994 sine
1530 1965 1620 1992 medio
1636 1969 1688 1996 est,
1700 1964 1786 1990 Fil'us

995 2015 1040 2042 sit.
1056 2013 1253 2048 Proprietalem
1271 2013 1344 2040 enim
1356 2012 1420 2039 Filii
1455 2019 1514 2038 eam
1531 2019 1590 2038 esse
1603 2009 1787 2045 deprehendi-

995 2068 1068 2092 ntus,
1082 2068 1115 2087 ex
1132 2060 1213 2086 Patre
1226 2066 1287 2086 esse
1302 2059 1363 2086 sitte
1393 2058 1492 2089 medio,
1512 2058 1585 2092 quod
1612 2064 1675 2083 eum
1702 2055 1785 2083 etiam

995 2107 1114 2140 genitum
1141 2104 1232 2132 facit:
1259 2103 1353 2136 sicque
1380 2103 1566 2137 personaliqu
1585 2102 1785 2136 proprietatum

995 2149 1120 2178 confusio
1132 2151 1184 2177 erit
1196 2153 1240 2181 ,et
1257 2153 1304 2176 attt
1320 2149 1374 2176 duo
1391 2148 1453 2175 Filii
1470 2156 1501 2175 ex
1516 2148 1596 2174 Patre
1614 2151 1695 2174 erunt
1706 2147 1786 2172 ambo

996 2197 1055 2223 sine
1069 2194 1170 2227 medio,
1185 2199 1268 2229 atque
1283 2195 1346 2221 ideo
1364 2199 1460 2221 neuter
1489 2193 1688 2229 primogenitus
1710 2211 1717 2224 ,
1740 2197 1787 2218 aut

997 2242 1050 2269 duo
1072 2241 1190 2275 Spiritus
1204 2241 1301 2268 sancti.
1328 2240 1395 2273 Quae
1417 2240 1489 2267 enim
1519 2245 1615 2273 urgeat
1639 2239 1788 2266 necessitas

996 2293 1023 2314 ct.
1042 2286 1210 2318 distributio,
1236 2287 1257 2314 si
1286 2287 1340 2313 sint
1353 2287 1434 2313 ambo
1460 2293 1492 2312 ex
1513 2286 1594 2312 Patre
1610 2284 1668 2311 sine
1686 2284 1787 2314 medio,

998 2333 1078 2360 aliam
1097 2340 1243 2368 personam
1261 2340 1321 2360 esse
1338 2332 1449 2364 Filium,
1466 2333 1547 2359 aliam
1569 2331 1702 2366 Spiritum
1726 2338 1788 2357 san-

998 2384 1084 2411 ctttm,
1102 2386 1134 2406 ac
1145 2387 1199 2406 non
1217 2379 1306 2414 potius
1322 2379 1363 2406 vel
1380 2379 1451 2406 duos
1466 2378 1536 2406 ﬁlios
1563 2385 1624 2406 esse
1641 2378 1669 2404 in
1693 2381 1787 2404 sancta

997 2425 1130 2453 Trinitate
1138 2447 1146 2457 ,
1160 2425 1201 2453 vel
1214 2426 1283 2452 duos
1298 2425 1430 2459 spiritus?

1033 2472 1169 2499 Pratterca
1185 2479 1273 2505 neque
1301 2471 1411 2498 habitus
1435 2468 1604 2506 [habitudo]
1629 2469 1702 2496 ullus
1729 2467 1788 2495 Filii

997 2525 1030 2546 ac
1047 2517 1169 2552 Spiritus
1185 2518 1217 2544 ad
1235 2517 1353 2544 invicem
1369 2524 1432 2544 esse
1459 2516 1609 2547 diceretur,
1627 2522 1715 2549 neque
1742 2515 1790 2541 La-

997 2563 1125 2591 bnrentus
1139 2570 1191 2597 qua
1208 2562 1388 2597 proprietate,
1400 2569 1447 2589 seu
1470 2560 1657 2592 confessione,
1689 2559 1787 2586 Filium

998 2617 1013 2636 a
1029 2609 1133 2643 Spiritu
1158 2609 1403 2643 disliugueremus.
1432 2608 1470 2635 Ex
1497 2608 1599 2643 quibus
1625 2610 1789 2641 sequeretur

999 2656 1166 2687 necessario,
1185 2662 1211 2682 ut
1231 2662 1264 2682 ne
1279 2654 1444 2682 Trinitatem
1460 2654 1572 2689 quidem
1592 2653 1788 2681 conﬁterentur

999 2709 1059 2729 esse
1069 2700 1166 2733 Deum,
1183 2702 1229 2729 sed
1247 2701 1298 2729 tria
1314 2700 1485 2736 simpliciter,
1503 2707 1535 2727 ac
1547 2699 1637 2727 solute
1662 2705 1788 2726 seorsum

999 2747 1113 2783 singula.
1127 2747 1233 2784 Quippe
1250 2747 1359 2776 sublato
1371 2747 1477 2781 ordine,
1494 2746 1625 2781 primum,
1644 2751 1676 2772 ac
1691 2749 1796 2771 secuti-
