1934 3063
133 113 163 145 33
682 107 879 140 ADVERSUS
895 105 1052 137 cumcos
1074 106 1136 136 LIB
1169 105 1192 136 ῐ.
1716 107 1751 139 34

167 171 192 198 Id
208 174 295 197 autem
312 169 420 196 illorum
439 167 636 196 absurditatem
661 168 688 195 in
705 169 800 202 primis
814 168 913 202 arguit,
930 167 952 194 Α
968 164 1085 190 medium
1114 163 1211 190 Filium
1240 169 1272 190 ex
1292 162 1372 189 Patre
1394 169 1453 190 esse
1470 162 1558 195 habet,
1583 163 1666 198 liquet
1687 172 1751 199 pro-

135 216 199 252 quod
212 215 326 248 theologi
340 215 491 241 secundum
507 220 538 240 ea
549 220 609 247 quat
623 221 704 247 supra
719 212 906 247 exposuimus,

135 259 276 295 aliquando
299 267 331 285 cx
355 257 410 285 Deo
425 266 474 293 per
489 258 619 290 Verbum,
636 258 783 292 aliquando
801 265 848 291 per
867 255 910 282 Fi-

134 307 193 333 littttt
209 313 241 332 ex
259 305 313 331 Deo
329 303 462 338 Spiritum
473 310 534 330 esse
544 303 630 330 aiunt.
641 303 708 329 Nam
720 302 743 328 si
756 299 910 334 hujnsutodi

135 349 366 378 ratiocinationem
400 355 492 374 veram
521 354 581 374 ease
605 346 818 374 arbitrarentur,
848 350 909 370 Cum

133 396 270 424 dixissent,
288 402 334 428 per
357 393 488 425 Verbum,
504 399 644 426 nunquam
661 400 691 418 ex
711 390 765 417 Deo
778 390 910 420 dicerent,

134 442 176 467 sed
193 447 238 474 per
253 438 380 470 Verbum,
397 446 429 465 ex
446 441 547 464 tuente.
563 435 682 463 Verbum
701 435 813 469 quippe,
834 433 912 468 juxta

137 487 264 511 rat'onem
280 483 410 514 nominis,
436 491 488 510 non
513 482 546 509 ad
566 481 660 515 Deum,
675 482 721 509 sed
738 480 770 507 ad
795 484 911 507 ntentom

134 531 254 558 refertur.
279 530 331 556 Per
361 529 458 556 Filium
481 533 571 556 autem
599 536 660 554 cttttt
686 528 821 556 dicereut,
843 533 914 552 nuit-

135 583 210 609 quant
238 575 405 609 adjerissent
431 582 437 600 :
464 574 503 600 Ex
532 574 585 600 Deo
606 580 653 607 per
675 572 784 603 Filium,
803 571 850 598 scd
868 578 914 604 per

140 628 300 650 creaturam.
317 622 403 655 Hujus
414 622 514 656 quippe
524 621 605 654 Deus,
622 620 692 647 Deus
707 625 766 651 est;
782 619 836 645 into
851 626 914 644 vero

140 675 223 701 neque
246 667 270 693 id
294 667 433 701 quidpiam
452 666 609 700 prohiberet
628 665 682 692 dici
698 663 795 690 Filium
811 671 842 690 ex
861 663 915 689 Deo

134 719 177 745 per
190 715 333 738 creaturas
347 711 434 737 nasci.
449 710 520 738 Deus
536 711 610 737 enim
626 709 657 735 ad
673 713 814 736 creaturas
831 707 916 734 refer-

133 761 182 782 tur.
197 756 269 782 Iilent
288 761 378 782 autent
395 756 478 788 Deus,
493 761 520 783 et
540 755 619 782 Pater
636 754 696 781 Filii
711 762 772 781 essu
787 752 916 787 ittteiligi-

133 807 183 828 tur.
196 801 248 828 Sed
265 801 423 835 hujusutodi
453 808 542 835 nugas
569 805 650 835 atqtte
669 800 787 834 ineptias
801 798 871 825 absit
889 802 917 824 ut

135 846 290 874 doctoribus
311 846 397 874 sacris
416 854 536 881 unquam
553 846 578 873 iit
592 850 710 872 tuentem
723 844 827 872 vertisse
844 848 920 878 pute-

133 900 206 924 mus,
247 900 283 919 ne
309 893 395 927 magis
416 893 554 927 sophistas
579 893 639 919 illos
666 899 746 926 quant
775 891 919 925 magistros

134 938 237 973 pictatis
264 939 458 969 ostendamus,
475 938 529 965 alia
544 945 592 972 per
609 937 661 964 alia
679 937 813 967 dicentes,
837 940 919 969 atque

133 990 162 1009 ex
185 990 216 1009 ea
239 988 319 1017 parte
337 987 460 1010 nostram
485 983 694 1017 intelligentiam
716 981 919 1012 obltultilantcs,

134 1035 200 1063 quos
215 1029 364 1063 oportebat
380 1029 501 1056 obscura
513 1028 669 1056 elucidandi
688 1028 834 1061 magistros
848 1033 919 1058 esse,

134 1079 160 1100 ut
176 1081 272 1101 revera
291 1078 366 1101 suttt.
384 1074 478 1109 Neque
493 1081 560 1101 sane
575 1074 654 1101 nobis
667 1073 790 1107 expedit,
806 1079 866 1106 qua:
885 1071 919 1098 ab

136 1119 186 1147 illis
201 1125 298 1154 aperte
325 1124 352 1147 et
362 1119 464 1147 utiliter
473 1119 546 1147 dicta
559 1123 632 1151 sunt,
644 1126 771 1154 perverse
781 1118 917 1152 accipere:

135 1173 164 1192 ex
181 1173 236 1200 quo
251 1172 281 1192 et
300 1165 355 1193 illis
370 1166 525 1200 irrogamus
546 1164 672 1199 injurias,
700 1169 726 1191 et
749 1163 828 1191 nobis
853 1163 920 1197 ipsis

135 1211 304 1246 dispendium
321 1211 418 1239 salutis
431 1211 610 1246 acquirimus.

169 1256 248 1283 Certe
264 1256 388 1284 lucidius
403 1257 560 1291 promenda:
575 1255 842 1291 veritatisrmagistri
858 1253 920 1280 aliis

135 1308 192 1328 cunt
210 1306 317 1334 essent,
335 1302 471 1329 dixissent
489 1302 593 1336 utique,
612 1301 634 1328 si
661 1301 697 1327 ita
713 1300 846 1327 veraciter
860 1306 920 1326 esse

136 1347 326 1381 putavissent,
355 1347 488 1382 Spiritum
517 1354 549 1374 ex
575 1347 652 1374 Patre
676 1354 723 1381 per
740 1345 837 1372 Filium
867 1343 920 1371 dici

137 1394 337 1425 tantummodo,
370 1401 422 1419 ttott
442 1397 532 1420 tamett
551 1400 610 1419 esse
628 1400 659 1419 ac
675 1392 831 1427 procedere.
848 1391 921 1424 Quo-

135 1438 207 1465 niam
229 1446 299 1466 vero
318 1439 343 1466 id
369 1446 423 1465 non
441 1439 582 1471 dixerunt,
606 1439 803 1473 expositionem
825 1438 921 1472 hujus-

135 1484 205 1510 modi
231 1484 349 1511 omnino
377 1484 498 1510 tenuisse
524 1483 747 1517 comprobantur.
770 1483 870 1517 Nempe
894 1485 921 1508 et

136 1527 322 1556 Damascenus
330 1529 363 1555 de
371 1528 452 1555 Patre
468 1528 505 1555 ait
514 1527 584 1563 (16):
597 1537 605 1553 ι
617 1527 674 1563 Ipse
682 1528 788 1563 quidem
797 1532 837 1555 est
849 1535 925 1554 tuens

135 1574 207 1600 verbi
231 1574 362 1608 abyssus,
381 1574 455 1600 verbi
482 1574 599 1608 genitor,
617 1578 644 1600 et
660 1581 708 1608 per
724 1573 838 1600 verbum
862 1572 924 1607 Spi-

136 1622 202 1648 ritus
227 1621 389 1656 productor.
411 1630 421 1646 ι
450 1620 546 1648 Dicere
572 1620 654 1655 igitur
680 1620 827 1647 secuttdunt
859 1620 927 1647 istos

122 1667 281 1705 ’debuerat,
298 1668 373 1695 verbi
395 1672 608 1700 commentator,
623 1668 705 1695 tacito
725 1667 851 1701 genitoris
876 1675 927 1693 tto-

138 1714 217 1740 tuiue.
237 1712 360 1740 Verbum
384 1715 456 1741 cttint
473 1714 506 1740 ad
533 1718 650 1740 utentem
668 1713 797 1744 refertur,
814 1720 868 1740 non
892 1711 927 1739 ad

138 1759 301 1793 genitorem.
318 1759 466 1794 Oportebat
488 1760 564 1792 item,
579 1767 640 1786 eunt
662 1760 851 1794 productorem
868 1759 928 1794 Spi-

139 1805 203 1832 ritus
227 1813 278 1840 pcr
304 1812 334 1832 sc
361 1807 449 1833 soluttt
465 1806 566 1839 dicere,
595 1813 761 1840 suppresso,
779 1806 850 1840 quod
879 1806 926 1838 ait,

141 1859 150 1875 ι
170 1850 221 1878 Per
237 1852 366 1879 vet-bum.
387 1861 396 1878 t
417 1851 538 1886 Spiritus
553 1852 654 1886 quippe
677 1852 709 1879 ad
735 1853 926 1886 productorem

139 1898 263 1926 refertur.
279 1898 359 1926 Nunc
374 1907 447 1931 vero,
465 1899 575 1934 quando
589 1899 777 1934 productoretu
800 1907 846 1933 per
860 1906 928 1931 ,ter-

140 1943 263 1975 buut,‘ait
284 1944 425 1972 :Verbnm
444 1950 535 1972 autem
555 1952 644 1978 neque
662 1944 695 1971 ad
705 1949 821 1979 patrem,
841 1951 928 1978 neque

141 1990 170 2015 ad
184 1989 377 2023 productorcm
394 1988 537 2016 relativuttt
547 1991 600 2020 est,
616 1988 756 2022 solamque
767 1987 883 2014 refertur
893 1986 926 2013 ad

141 2038 278 2066 utentem;
296 2041 403 2060 ontncttt
420 2033 544 2068 profecto
570 2032 725 2067 liujusntodi
743 2032 927 2059 curiositatem

141 2085 167 2106 ut
177 2080 299 2106 maxime
310 2079 449 2106 ridendant
463 2087 495 2106 ac
507 2079 689 2113 perniciosam
706 2083 821 2105 resecat.

180 2125 318 2152 Praeterea
333 2132 408 2156 vero,
426 2129 452 2152 et
469 2124 542 2159 quod
557 2123 667 2157 dicitur,
682 2124 799 2158 proprie,
824 2128 850 2150 et
875 2131 927 2150 non

968 209 1049 242 ferto,
1077 209 1190 236 sublatis
1221 209 1445 236 substantialihus
1465 208 1665 246 [ltypostaticis]
1686 219 1751 245 pro-

966 255 1108 287 cessibus,
1137 261 1268 289 personas
1299 262 1408 289 quoque
1452 255 1534 281 simul
1566 255 1750 289 auferendus,

964 308 1051 334 neque
1065 300 1119 335 jam
1136 300 1258 327 ordinem
1274 300 1367 333 ulluut,
1387 308 1474 335 neque
1489 300 1650 328 Trinitateut
1673 303 1751 330 ttohis

966 346 1099 380 reliquam
1126 353 1196 372 csse.
1217 345 1350 378 Quocirca
1377 348 1428 373 rite
1449 347 1552 374 dictutn
1578 352 1620 374 est
1646 349 1750 375 ordinis

964 391 1058 425 ejusce
1082 390 1229 417 novitatem
1263 391 1346 425 ipsitts
1363 399 1423 418 esse
1441 391 1598 419 substantiae
1623 393 1746 420 aboILtio-

965 444 1037 468 nem,
1054 438 1192 470 totiusque
1206 436 1267 463 Iidei
1283 438 1502 471 abuegationcm.

976 492 984 502 -
1002 482 1094 516 Neque
1118 490 1183 509 vero
1201 484 1252 510 ista
1279 484 1377 516 solum,
1402 492 1462 518 qua:
1479 484 1608 516 divimtts,
1628 485 1750 512 ordinem

967 527 993 554 iri
1016 533 1109 554 santta
1133 527 1266 554 Trinitate
1288 530 1490 561 commendant,
1521 537 1753 565 personarumque

967 579 1137 606 processum,
1162 580 1209 605 per
1247 581 1328 607 quem
1347 573 1432 601 Filius
1450 575 1557 608 quidem
1579 576 1640 603 sine
1664 577 1753 603 medio

967 624 1000 642 ex
1028 618 1114 650 primo
1136 623 1191 649 est;
1218 617 1336 652 Spiritus
1355 624 1444 645 atttettt
1464 624 1576 647 sattctus
1599 628 1632 647 ex
1664 621 1752 654 primo

968 669 1016 695 per
1037 662 1165 695 medium,
1179 664 1225 690 sed
1240 671 1272 690 ex
1288 664 1347 690 aliis
1360 665 1496 697 plurimis,
1511 673 1570 699 quae
1585 673 1599 692 a
1617 666 1754 699 magistris

969 706 1040 734 dtcta
1058 712 1133 739 sunt,
1150 709 1279 736 discimus
1300 714 1327 735 ct
1340 709 1399 735 Filii
1418 711 1754 744 tnrdiatiuueut,ctsancti

970 751 1088 786 Spiritus
1102 756 1250 781 naturalem
1269 755 1497 790 essentialetnque
1513 763 1682 790 processum.

1005 797 1118 833 Magnus
1132 799 1231 833 quippe
1249 800 1416 827 Athanasius
1432 801 1458 827 itt
1480 809 1510 828 nt
1526 801 1627 828 Contra
1641 802 1754 828 Ariona:

938 844 960 872 Β
974 842 1053 875 libro,
1077 843 1155 878 cujus
1173 844 1280 871 ittitiuttt
1300 850 1341 872 est
1357 854 1363 872 :
1380 847 1433 879 Qui
1456 847 1515 873 Arii
1533 852 1668 874 sectantur
1683 848 1756 874 insu-

971 889 1053 919 m'am,
1069 895 1096 916 ut
1110 890 1223 925 intelligi
1238 891 1330 922 datur,
1347 892 1515 919 decreverunt
1527 894 1608 919 semel
1624 898 1755 926 apostatte

969 934 1039 968 ﬁeri,
1070 940 1329 971 tt'mtsgressorcrque
1357 938 1486 969 veritatis,
1511 937 1547 964 ita
1571 938 1609 963 ait
1630 945 1637 964 :
1658 947 1667 963 ‹
1696 937 1757 964 Non

972 979 1089 1014 spiritus
1112 980 1226 1008 Verbum
1241 982 1383 1017 conjuugit
1407 981 1491 1015 Patri,
1507 983 1553 1009 sed
1568 983 1619 1010 Itoc
1638 991 1652 1009 a
1669 983 1756 1011 Verbo

971 1026 1063 1060 potius
1079 1027 1179 1060 accipit
1204 1027 1335 1061 Spiritus.
1364 1038 1374 1054 ι
1401 1028 1432 1055 Ει
1449 1034 1510 1064 post
1527 1037 1635 1063 pauca:
1656 1038 1665 1055 ι
1687 1030 1756 1063 Quia

970 1071 1043 1098 enim
1071 1071 1189 1099 Verbum
1216 1073 1242 1100 itt
1264 1072 1345 1100 Patre
1377 1078 1430 1106 est,
1467 1074 1585 1109 Spiritus
1609 1080 1698 1102 autem
1724 1084 1759 1103 ex

973 1115 1061 1144 Verbo
1078 1118 1170 1150 datur,
1190 1119 1250 1146 ideo
1267 1127 1317 1146 nos
1333 1120 1389 1146 vult
1405 1120 1529 1154 accipere
1546 1121 1689 1155 Spiritum,
1719 1129 1757 1154 ut,

971 1169 1033 1189 cum
1054 1163 1128 1190 illum
1151 1165 1351 1199 acceperimus,
1371 1171 1435 1193 tunc
1449 1167 1582 1195 Itabeutcs
1601 1168 1679 1196 Verbi
1695 1168 1758 1204 8τί-

973 1209 1068 1241 ritum,
1085 1210 1157 1244 qttod
1174 1211 1250 1237 estin
1267 1211 1392 1244 Patre,et
1408 1220 1458 1239 nos
1468 1221 1550 1240 unum
1561 1213 1618 1240 licri
1633 1215 1658 1240 in
1674 1215 1760 1242 Verbo

972 1260 1083 1289 propter
1119 1255 1270 1290 Spiritum,
1300 1264 1331 1284 ac
1361 1265 1409 1292 per
1443 1258 1530 1292 ipsum
1559 1259 1584 1286 iit
1614 1259 1693 1287 I‘atre
1723 1261 1761 1287 vi-

971 1300 1092 1328 deamur.
1110 1311 1119 1326 ι

1008 1346 1082 1373 Idem
1097 1347 1124 1373 itt
1151 1347 1266 1382 epistola
1281 1347 1313 1374 ad
1337 1347 1512 1383 Serapionem
1530 1349 1563 1376 de
1578 1355 1672 1377 sancto
1695 1351 1760 1385 Spi-

972 1392 1036 1424 ritu,
1052 1399 1111 1426 qua:
1129 1392 1223 1427 incipit
1239 1402 1247 1420 :
1265 1393 1372 1421 Littera:
1397 1396 1468 1421 sacri
1486 1396 1512 1422 in
1528 1404 1573 1422 nos
1588 1397 1698 1430 a/frctus
1723 1398 1761 1424 tui

971 1436 1036 1462 nti/ti
1047 1437 1073 1463 in
1091 1445 1175 1464 eretria
1188 1438 1298 1466 reddita:
1311 1444 1382 1472 sunt,
1393 1440 1429 1471 ita
1443 1441 1479 1466 ait
1494 1449 1501 1467 :
1518 1449 1527 1465 ε
1544 1440 1682 1474 Ignorant,
1695 1450 1763 1475 quo—

977 1481 1049 1507 niattt
1075 1486 1103 1508 ut
1127 1482 1173 1516 qui
1195 1483 1318 1510 dividunt
1340 1491 1355 1510 ει
1375 1483 1456 1511 Patre
1474 1483 1584 1517 Filium,
1601 1493 1684 1512 unnnt
1701 1495 1762 1514 esse

977 1526 1060 1553 Deum
1074 1527 1186 1554 tollunt:
1206 1529 1252 1561 ita,
1265 1529 1335 1563 quod
1351 1537 1366 1555 a
1381 1529 1468 1557 Verbo
1478 1531 1607 1559 diritttunt
1620 1532 1760 1566 Spit-itum,

977 1580 1029 1599 non
1042 1572 1097 1607 jam
1115 1581 1196 1600 unam
1215 1574 1242 1600 in
1255 1573 1389 1601 Trinitate
1405 1574 1536 1602 Deitatcm
1555 1582 1674 1604 servant.
1697 1587 1707 1604 ι

1012 1617 1083 1644 Idem
1100 1626 1194 1645 rursus
1214 1619 1240 1645 itt
1261 1619 1313 1646 alia
1347 1621 1379 1647 de
1398 1627 1494 1649 sancto
1511 1622 1612 1656 Spiritu
1634 1623 1667 1650 ad
1687 1632 1763 1651 cum-

977 1664 1037 1690 dem
1056 1665 1181 1699 cpistola,
1205 1665 1284 1699 cujus
1311 1666 1416 1693 ittitiuttt
1437 1674 1479 1695 est
1500 1677 1507 1694 :
1530 1668 1658 1696 Fortasse
1678 1671 1763 1696 miru-

981 1710 1077 1737 beris:
1099 1720 1107 1736 ι
1133 1711 1190 1738 Non
1215 1712 1306 1746 enim,
1337 1714 1443 1747 inquit,
1468 1718 1544 1741 extra
1577 1714 1694 1743 Verbum
1723 1723 1764 1745 est

979 1756 1105 1792 Spiritus.
1120 1758 1166 1784 sed
1188 1758 1214 1784 iu
1238 1758 1326 1786 Verbo
1347 1767 1409 1786 cum
1431 1760 1477 1791 sit,
1492 1760 1518 1786 in
1538 1761 1592 1788 Deo
1609 1769 1656 1796 per
1675 1763 1763 1797 ipsutn

977 1807 1029 1829 est.
1055 1813 1064 1828 ι
1084 1802 1115 1829 Et
1132 1808 1193 1838 pust
1226 1811 1311 1838 pauca
1334 1813 1340 1831 :
1361 1813 1371 1830 t
1400 1805 1467 1832 Cum
1488 1812 1578 1833 autem
1599 1807 1717 1842 Spiritus
1737 1809 1764 1835 in

979 1849 1066 1876 Verbo
1083 1850 1126 1882 sit,
1144 1850 1227 1884 liquet
1242 1851 1374 1884 profecto,
1391 1851 1417 1878 itt
1433 1852 1487 1879 Deo
1503 1860 1551 1886 per
1565 1852 1682 1880 Verbum
1704 1861 1764 1881 csso

979 1895 1120 1930 Spiritum.
1142 1905 1151 1921 t

1016 1940 1133 1968 Santtus
1164 1947 1255 1968 autettt
1282 1941 1398 1970 Basilius
1429 1943 1456 1970 in
1486 1943 1603 1978 quodam
1633 1944 1763 1978 capitulo,

979 1988 1057 2021 cujus
1069 1988 1209 2022 inscriptio
1223 1992 1264 2015 est
1284 1997 1291 2015 ε
1309 1988 1513 2023 Ccttglort’ﬁcari
1541 1997 1601 2014 cum
1627 1989 1681 2015 Deo
1704 1989 1766 2024 Spi-

979 2034 1070 2065 ritum,
1099 2033 1136 2059 ait
1154 2043 1160 2060 :
1180 2043 1188 2058 ι
1206 2033 1281 2066 Qtod
1313 2038 1404 2060 autem
1424 2035 1450 2060 itt
1465 2034 1566 2061 eisdem
1584 2034 1684 2061 divinis
1701 2044 1766 2069 ope-

979 2079 1055 2105 riltus
1085 2078 1206 2105 Trinitas
1226 2079 1406 2113 gloriﬁcatur,
1421 2080 1501 2107 unius
1519 2080 1668 2107 divinitatis
1689 2083 1765 2108 testi-

980 2125 1102 2151 monium
1123 2129 1227 2151 certum
1248 2128 1307 2158 est,
1335 2126 1405 2159 quod
1437 2133 1522 2159 neque
1549 2126 1608 2153 sine
1632 2125 1702 2153 Ftlio
1718 2127 1767 2154 I'a-

143 2173 266 2206 proprie,
284 2171 395 2206 etquod
409 2170 559 2198 secuttdum
576 2177 606 2197 se
632 2175 659 2197 et
678 2171 804 2197 accidens
819 2171 845 2197 in
859 2170 928 2197 tlivi-
942 2175 969 2204 ,ο
985 2176 1025 2197 ter
1041 2174 1180 2204 operatur,
1194 2178 1283 2205 neque
1301 2171 1361 2198 sine
1375 2171 1478 2206 Spiritu
1496 2170 1588 2198 Filius.
1606 2181 1616 2197 ι

142 2218 183 2245 nis
205 2218 333 2253 personis
360 2217 470 2244 habebit
496 2217 597 2244 Iocunt.
621 2215 734 2250 Proprie
761 2217 833 2243 enim
858 2216 930 2250 quod

142 2265 274 2291 dicuntur
291 2270 318 2291 et
341 2264 491 2291 secundum
509 2271 549 2296 se,
574 2262 609 2290 ad
628 2263 754 2291 accidens
775 2263 931 2298 opponitur.

143 2309 269 2345 Insuper,
295 2314 323 2337 et
348 2310 421 2344 quod
445 2317 460 2336 a
484 2309 565 2336 Patre
589 2316 644 2336 non
664 2309 773 2344 proprie
800 2310 931 2343 Spiritum

144 2363 203 2384 esse
214 2361 356 2388 asserunt,
373 2363 387 2382 a
398 2356 476 2383 I‘atre
485 2356 580 2390 utique
593 2363 646 2383 tton
660 2356 870 2383 discetneretur.
882 2356 933 2382 Sed

145 2404 208 2441 ista,
224 2409 257 2430 ttt
271 2403 402 2434 diximus,
420 2403 606 2438 intelligentiie
619 2403 806 2437 theologorum
822 2403 935 2429 omnino

145 2448 340 2481 adversantur,
368 2449 414 2484 qui
431 2449 618 2476 monumentis
639 2449 697 2476 suis
717 2449 824 2476 divinas
842 2456 935 2483 perso-

146 2502 193 2522 nas
213 2496 417 2522 discreverunt.
431 2495 510 2528 Quod
533 2502 598 2530 ergo
609 2495 664 2530 jam
680 2495 784 2522 dictum
800 2498 851 2527 est,
869 2502 934 2522 con-

147 2546 199 2569 stat
219 2549 255 2568 ex
277 2542 328 2574 Itis,
343 2549 403 2576 qua:
420 2542 616 2577 praediximus;
638 2541 685 2576 qui
706 2540 829 2568 ordinem
853 2540 934 2572 tollit,

150 2596 211 2621 eum
228 2590 322 2623 ipsum
341 2595 449 2623 quoque
465 2595 642 2623 personarum
658 2595 826 2623 processum,
843 2595 874 2614 ac
888 2595 935 2622 per

150 2641 339 2667 consequens,
357 2641 489 2669 personas
512 2635 594 2661 etiam
619 2634 692 2668 ipsas
706 2632 936 2661 sustttlisse.Nam

152 2679 308 2705 secundum
333 2685 479 2712 processus
506 2679 548 2706 sui
571 2679 721 2708 rationem,
746 2678 797 2705 alia
826 2677 935 2712 quidem

162 2724 206 2751 ine
242 2723 333 2751 medio
360 2724 482 2758 procedit
521 2731 553 2751 ex
585 2723 683 2758 Patre,
708 2723 760 2751 alia
794 2731 856 2751 vero
888 2730 936 2758 per

185 2828 245 2865 (I6)
273 2828 308 2855 De
320 2828 372 2863 fide
389 2827 491 2855 orlltod.
508 2835 532 2855 c.
548 2827 574 2854 5.

1019 2217 1089 2244 Itlent
1120 2217 1147 2243 in
1169 2216 1223 2243 alio
1245 2216 1377 2250 capitulo,
1394 2217 1465 2251 qttod
1484 2212 1642 2244 inscribitur
1660 2227 1666 2245 :
1689 2218 1766 2251 ουςά

983 2272 1014 2290 ea:
1028 2264 1118 2290 divina
1136 2268 1235 2290 natura
1258 2262 1396 2290 Trinitatis
1421 2265 1509 2290 unitas
1526 2265 1687 2298 insinuatur,
1704 2267 1741 2293 ait
1759 2275 1766 2293 :

988 2317 997 2334 ι
1017 2308 1160 2342 Nunquam
1180 2308 1231 2336 fuit
1250 2307 1330 2336 Pater
1345 2309 1404 2336 sine
1419 2308 1499 2342 Filio,
1515 2317 1603 2343 neque
1622 2311 1681 2338 sine
1706 2311 1768 2345 Spi-

985 2354 1039 2380 ritu
1059 2353 1152 2381 Filius.
1174 2363 1183 2380 ι

1021 2401 1092 2427 ldcut
1111 2403 1137 2426 iit
1153 2407 1214 2434 cap.
1234 2400 1277 2431 l6.
1294 2400 1326 2427 ad
1341 2401 1559 2436 Amphilochium
1575 2410 1582 2428 :
1601 2411 1610 2427 ε
1630 2402 1664 2429 Ut
1687 2402 1770 2437 igitur

987 2453 1017 2473 se
1033 2445 1114 2472 habet
1127 2446 1159 2472 ad
1180 2444 1286 2472 Patroni
1303 2445 1396 2477 Filius.
1414 2446 1450 2473 ita
1469 2452 1495 2473 et
1512 2447 1545 2474 ad
1563 2446 1661 2474 Filium
1684 2448 1771 2482 Spiri-

987 2497 1043 2524 tus.
1063 2492 1140 2525 juxta
1160 2493 1306 2520 verboruut
1328 2492 1537 2524 connexioncut,
1559 2492 1638 2520 nobis
1658 2493 1685 2520 iit
1707 2494 1771 2528 bap-

989 2539 1070 2566 tismo
1089 2539 1227 2566 traditam.
1242 2538 1318 2571 Quod
1336 2539 1357 2565 si
1379 2537 1495 2572 Spiritus
1516 2538 1584 2565 Filio
1609 2540 1680 2566 serie
1703 2548 1771 2566 cott-

988 2585 1124 2617 nectitur,
1152 2584 1226 2611 Patri
1252 2590 1341 2611 autem
1370 2582 1465 2616 Filius,
1489 2587 1516 2610 et
1543 2583 1675 2618 Spiritus,
1697 2584 1773 2611 Patri

990 2631 1105 2659 scilicet.
1128 2640 1137 2656 ι

1025 2677 1098 2705 Idem
1115 2677 1158 2704 tibi
1181 2684 1262 2712 supra
1285 2685 1291 2703 :
1312 2684 1320 2700 t
1337 2675 1415 2703 Unus
1428 2679 1519 2702 autem
1534 2679 1561 2702 et
1577 2674 1694 2710 Spiritus
1710 2683 1774 2703 san-

990 2730 1049 2752 ctus
1062 2724 1186 2752 uniPatri
1196 2731 1244 2758 per
1257 2731 1339 2750 uttuttt
1351 2721 1448 2749 Filintn
1458 2722 1638 2750 connectitur.
1651 2731 1660 2748 ι
1675 2721 1776 2756 Ειροδι
