1934 3063
140 112 186 144 35

771 114 974 145 MANUELIS
992 114 1145 145 cauam
1413 100 1415 102 ’
1734 123 1768 155 36

142 188 228 217 pauca
239 190 246 208 ι
259 189 268 206 ε
280 180 417 215 Estigitur
427 181 476 208 iter
485 181 517 208 ad
527 181 691 215 agnitionem
705 182 750 210 Dei
760 183 793 210 ab
806 191 860 210 uno
869 182 930 218 Spi-
945 174 969 202 Α
983 173 1117 206 essem”!
1135 180 1223 208 neque
1238 173 1357 207 "abimsv
1377 182 1466 209 "‘“l'le
1488 176 1618 205 δίεθτείῖο
1639 184 1772 213 Persona;

143 227 197 254 n'tu
207 234 254 261 per
266 235 349 253 unum
357 226 468 257 Filium,
479 226 512 253 ad
527 235 610 254 unum
622 227 739 262 Patrem,
747 233 828 262 atque
838 236 852 255 e
861 236 928 255 con-

142 280 223 300 vvrso
241 272 376 300 naturalis
401 273 519 306 bonitas,
534 274 721 308 naturalisque
736 274 927 308 sanctificatio,

142 325 173 344 ac
184 317 257 351 regia
267 317 399 351 dignitas.
412 325 444 344 ex
461 317 541 344 Patre
553 326 600 352 per
612 317 789 352 Unigenitum
797 319 829 346 ad
842 319 929 354 Spiri-

142 369 198 388 tum
224 367 357 397 penetrat.
384 361 421 389 Ita
438 367 464 389 et
488 370 612 397 personae
635 365 822 396 consentiunt,
847 370 929 400 alque

142 407 215 434 unici
235 407 402 441 principatus
420 407 493 441 pium
510 407 606 441 dogma
623 416 677 434 non
695 408 806 435 decidit.
827 417 836 434 ›

176 442 359 469 Damascenus
391 443 417 468 in
455 447 556 475 quarto
587 442 805 478 Tlteologicorum
841 443 928 479 ipsius

138 487 281 522 capitulo:
302 496 310 513 ι
330 486 413 519 Deus,
441 488 539 522 inquit,
568 489 687 524 Spiritus
728 495 839 517 sanctus
868 495 926 523 est,

141 533 250 560 medius
277 533 389 567 iugcnili
413 540 444 560 ac
465 534 568 568 geniti;
604 539 631 561 et
656 543 704 569 per
726 535 824 563 Filium
851 536 926 564 Patri

138 578 321 605 Connectitur.
351 587 360 604 ›
380 579 408 606 Si
435 579 520 614 igitur
543 588 592 614 per
617 581 675 609 haec
700 583 791 608 omnia
815 581 875 609 Filii
900 583 926 609 in

139 628 234 650 sancta
261 623 397 651 Trinitate
419 625 551 652 modiatio
580 626 680 657 elucet,
708 627 845 661 quomodo
867 629 928 655 sine

139 668 228 695 ιιοει.ἰο
241 676 273 695 ex
287 668 366 696 Patre
381 669 501 704 Spiiitus
518 675 569 702 est,
587 676 634 698 aut
647 674 785 706 quomodo
801 673 846 706 qtti
867 675 927 700 sine

138 714 228 742 medio
251 719 409 742 asseverant
433 715 566 750 Spiritum
584 724 598 743 a
618 715 687 743 Filio
711 725 764 744 non
788 718 928 745 dividunt?

138 760 282 792 Quomodo
301 768 382 787 ttuam
413 762 437 788 in
458 761 592 789 Trinitate
618 763 750 790 Deitatem
771 772 800 791 se
818 772 927 792 scrvare

138 805 322 833 coulilcntur?
337 806 479 839 Quomodo
500 808 651 835 secundum
675 809 736 836 illos
767 814 848 836 extta-
861 809 926 837 Ver-

138 854 203 881 bum
219 855 339 889 Spiritus
359 863 414 882 non
431 856 494 884 est?
508 857 654 889 Quornodo
683 857 709 884 id
727 866 836 885 servare
853 864 928 893 potc-

137 906 211 932 runt,
237 901 309 934 quod
336 900 438 928 dicitttr
463 909 471 928 :
497 902 589 936 Neque
614 902 712 930 Filium
737 904 797 931 sine
823 903 926 938 Spiritu

138 945 239 976 facere.
259 946 331 973 sicut
354 954 442 980 neque
467 948 527 974 sine
550 948 620 975 Filio
644 947 927 982 Palrettt?Qttontod0

136 999 190 1018 non
203 991 256 1018 erit
269 992 329 1019 sine
348 992 452 1026 Spiritu
475 992 562 1020 Filius
576 993 587 1019 ?
611 994 756 1027 Quomodo
772 996 928 1022 sanctiﬁca-

136 1037 210 1064 tione
234 1037 364 1067 naturali,
382 1042 409 1065 et
431 1039 549 1065 naturali
575 1039 695 1067 bonitate
718 1048 750 1067 ex
775 1040 857 1067 Patre
880 1048 927 1075 per

141 1082 314 1118 U_nigenitum
328 1083 360 1109 ad
374 1083 505 1117 Spiritum
518 1088 642 1111 sanctum
658 1085 823 1120 pertingere.
835 1092 928 1120 perso-

137 1136 186 1156 nas
213 1129 292 1162 juxta
320 1129 450 1156 traditum
476 1129 599 1156 ordinem
627 1130 851 1163 conﬁtebuntur,
879 1132 927 1164 qni

137 1173 270 1207 Spiritum
299 1181 331 1201 ex
357 1173 440 1201 Patre
467 1174 526 1202 solo
549 1182 610 1201 esse
634 1175 747 1202 dicunt?
771 1176 927 1210 Unicuique

136 1219 306 1254 principatus
326 1219 401 1254 pium
425 1220 533 1254 dogma,
551 1220 688 1255 quomodo
709 1228 764 1248 non
781 1221 835 1249 illis
850 1222 924 1249 doci-

135 1264 201 1291 det?
216 1264 347 1296 Quzenam
359 1273 423 1292 vero
434 1265 598 1298 necessitas,
616 1273 756 1299 nunquam
771 1266 810 1293 vel
825 1266 922 1300 fuisse,

135 1311 176 1338 vel
195 1310 253 1338 fore
276 1311 334 1338 sine
361 1310 466 1346 Spiritu
490 1311 699 1347 FiliumiNam
720 1313 742 1338 si
761 1303 826 1339 sunt
843 1314 924 1341 ambo

134 1364 165 1382 ex
182 1355 261 1384 Patre
278 1356 338 1383 sine
358 1357 460 1388 medio,
478 1364 531 1383 non
551 1357 602 1384 ista
620 1357 706 1391 magis
723 1357 757 1384 de
774 1358 878 1392 Spiritu
892 1358 923 1385 ad

135 1401 245 1435 Filium,
274 1409 357 1436 quam
380 1402 414 1429 de
430 1402 500 1430 Filio
520 1403 552 1429 ad
576 1402 707 1437 Spiritum
733 1403 866 1430 dicentur.
895 1403 924 1431 Si

136 1448 209 1475 enim
226 1448 276 1475 ista
292 1452 404 1482 propter
415 1448 731 1475 consubstantialitatem
753 1449 923 1483 dicerentur,

135 1493 251 1521 omnino
270 1494 380 1521 illorum
408 1494 440 1521 ad
471 1502 500 1522 sc
529 1494 643 1522 invicem
670 1495 813 1522 conversio
836 1496 959 1541 lierct.c

135 1540 235 1574 quippe
249 1539 405 1575 hujnsmodi
418 1545 617 1568 convertuntur
634 1549 640 1568 :
661 1541 707 1568 sed
730 1546 838 1568 constat
862 1550 924 1576 pro-

136 1587 217 1620 fecto,
231 1592 339 1622 propter
357 1587 482 1614 ordinem
499 1592 581 1622 atque
608 1587 729 1614 habitum
753 1588 786 1614 ad
805 1584 923 1615 invitam

135 1633 188 1660 ista
212 1633 286 1660 dicta
314 1641 386 1665 esse,
404 1633 554 1661 secundum
578 1640 658 1667 quem
681 1640 805 1667 pcrsome
826 1634 924 1660 divina:

134 1678 317 1706 substantiam
346 1679 511 1712 sempiterno
536 1679 647 1711 habent,
674 1679 749 1713 iuxta
774 1686 922 1714 processus

134 1724 327 1757 dilferentiam,
363 1725 408 1759 qui
435 1725 517 1751 etiam
543 1724 692 1752 immobilis
727 1729 785 1758 est;
808 1725 871 1760 quia
896 1729 923 1752 et

135 1769 291 1797 substantia
308 1770 457 1798 immobilis
472 1763 524 1798 est.
537 1771 642 1798 Idcirco
651 1771 732 1798 etiam
744 1765 846 1798 dictum
858 1775 899 1797 est
913 1779 920 1797 :

134 1815 221 1843 Filius
248 1821 338 1843 autem
364 1821 477 1843 sanctus
503 1816 621 1851 Spiritus
652 1824 739 1850 neque
761 1821 814 1849 est,
835 1823 923 1851 neque

130 1863 248 1896 dicitur.
267 1871 357 1900 neque
384 1864 556 1892 convertitur
580 1863 726 1892 habitualis
747 1863 798 1891 iata
823 1869 922 1891 conse-

133 1911 256 1943 quentia.

168 1956 251 1984 Certe
264 1964 380 1992 magnus
392 1963 500 1991 quoque
514 1956 694 1990 Athanasius,
709 1956 734 1984 in
750 1962 824 1985 tomo
840 1966 919 1993 quem

134 2003 167 2030 ad
188 2001 376 2031 Antiochcnos
395 2003 508 2037 scripsit
525 2011 532 2030 :
547 2002 678 2038 Oportet,
702 2003 805 2038 inquit,
819 2009 845 2032 ct
873 2013 921 2033 eos

132 2049 375 2082 auathematizare,
400 2050 446 2084 qui
471 2054 598 2077 asserunt
623 2049 754 2084 Spiritum
794 2056 919 2078 sanctum

133 2103 148 2122 a
164 2095 266 2122 Christi
293 2095 413 2122 essentia
442 2094 560 2122 divisum
591 2102 664 2122 esse.
690 2103 699 2121 ›
721 2093 843 2128 Qualiter
870 2095 920 2129 igi-

131 2146 179 2168 tur
208 2146 234 2168 ct
248 2142 296 2176 qui
315 2141 447 2177 Spiritum
479 2145 632 2169 creaturam
650 2149 709 2169 esse
737 2142 874 2174 sentiunt,
891 2146 919 2169 et

981 226 1042 245 rmn
1063 223 1115 245 est.
1133 219 1189 246 Aut
1214 219 1296 253 igitur
1322 227 1376 246 una
1401 228 1518 255 pt'rsona
1534 228 1606 250 esset
1634 222 1719 251 Filius
1744 230 1772 252 et

981 265 1114 300 Spiritus,
1142 270 1190 293 aut
1216 267 1373 294 nullatenus
1391 268 1424 294 ad
1452 268 1568 295 invicem
1584 277 1613 297 se
1630 270 1770 298 haberent.

980 311 1045 345 Qua:
1059 312 1131 339 enim
1147 311 1214 339 nihil
1230 312 1262 339 ad
1276 320 1304 339 se
1318 312 1435 340 invicem
1451 313 1562 344 habent.
1574 315 1641 342 nihil
1659 324 1772 343 nccosse

980 362 1033 389 est,
1048 357 1113 384 dum
1139 357 1256 385 alterum
1281 357 1455 393 intelligitur,
1476 363 1504 386 et
1529 360 1666 395 reliquum
1689 360 1771 389 simul

980 403 1106 438 intelligi.

1015 447 1163 480 Ca-terum,
1181 448 1254 476 sicut
1278 457 1339 476 cum
1360 449 1470 476 Patrem
1491 450 1653 484 cogitamus,
1676 456 1704 477 et
1726 450 1771 479 Fi-

979 494 1032 520 lius
1048 494 1208 521 necessario
1232 495 1422 530 subsequitur,
1441 503 1503 522 cum
1526 496 1569 523 hic
1594 504 1627 524 ex
1649 505 1683 524 eo
1705 498 1769 524 sub-

979 541 1109 567 stantiam
1123 541 1235 575 reperit,
1263 542 1307 568 ille
1324 542 1442 573 dederit,
1458 547 1541 577 atque
1559 543 1622 570 hinc
1641 543 1721 570 simul
1741 547 1768 570 ct

978 592 1061 611 causa
1075 588 1102 611 «ιι
1116 585 1226 612 rausale
1240 586 1403 620 intelttgitur
1426 595 1433 613 :
1449 587 1485 614 ita
1503 587 1597 619 etiam,
1612 588 1675 614 dum
1693 589 1768 621 cogi-

979 634 1052 656 tatur
1076 629 1172 663 Filius,
1197 632 1326 665 quoniam
1344 633 1425 660 simul
1448 638 1474 659 et
1491 632 1622 667 Spiritum
1645 634 1767 669 cogitare

979 677 1134 703 necessario
1149 677 1282 712 cogimur,
1298 678 1411 705 omnino
1425 679 1530 705 ordinis
1544 683 1626 713 atque
1651 680 1682 706 ad
1699 680 1768 706 invi-

978 728 1036 747 (ει-ιιι
1055 721 1166 748 habitus
1182 722 1252 749 ratio
1264 730 1345 750 causa
1363 728 1414 753 est.
1427 731 1475 758 per
1486 732 1567 758 quam
1580 733 1612 751 ex
1626 723 1706 751 Patro
1718 733 1767 760 per

978 765 1075 792 Filium
1092 775 1154 795 esse
1168 767 1287 802 Spiritus
1301 768 1381 795 habet
1401 778 1408 796 :
1427 774 1454 796 et
1468 770 1619 796 secundum
1632 778 1712 804 quam
1729 778 1763 798 cx

979 812 1067 845 primo
1080 820 1127 847 per
1145 813 1265 840 medium
1281 817 1309 840 et
1321 821 1394 845 esse,
1407 818 1434 841 et
1446 814 1593 848 procedere
1603 822 1617 841 a
1632 815 1765 850 theologis

979 857 1123 889 asseritur,
1154 862 1236 892 atque
1263 858 1296 884 ad
1323 857 1440 884 invicem
1463 862 1490 885 ct
1511 858 1714 891 discernuntur,
1738 863 1766 886 et

979 903 1147 929 referuntur.

1016 947 1114 975 Verum
1140 948 1280 975 enimvero
1297 949 1353 983 ipsa
1371 956 1479 982 quoque
1491 956 1505 975 a
1518 949 1620 976 sanctis
1639 947 1765 976 Patribtts

977 994 1011 1021 de
1039 998 1133 1021 sancta
1166 993 1302 1021 Trinitate
1330 994 1409 1021 nobis
1433 994 1531 1021 tradita
1562 994 1696 1028 exempla,
1724 994 1765 1021 vel

977 1039 1181 1071 similitudines,
1214 1039 1373 1074 praedictum
1404 1039 1558 1066 divinarum
1586 1046 1764 1074 personarum

976 1086 1099 1112 ordinem
1145 1085 1515 1120 consubstantialitatemque
1561 1086 1762 1113 commendant.

977 1129 1100 1164 Denique
1124 1136 1151 1158 et
1178 1130 1328 1166 Gregorius
1344 1131 1464 1158 eximius
1480 1131 1507 1158 in
1523 1131 1582 1159 suis
1603 1131 1763 1166 theologicis

977 1176 1149 1203 sermonibus
1189 1177 1227 1204 ait
1245 1185 1252 1204 :
1270 1186 1279 1202 ι
1296 1177 1407 1205 Oculum
1423 1181 1451 1204 et
1465 1176 1575 1210 fontem,
1596 1177 1764 1212 ﬂuviumque

976 1221 1228 1253 animadvertimus,
1262 1230 1272 1248 ι
1299 1221 1407 1249 oculum
1436 1222 1558 1255 quidem,
1588 1221 1614 1248 in
1644 1222 1763 1256 imagine

976 1267 1064 1293 Patris
1089 1267 1248 1301 accipiens,
1280 1267 1383 1295 fontem
1412 1273 1514 1300 autem,
1539 1266 1618 1298 Filii;
1648 1267 1760 1294 fluvium

975 1321 1039 1340 vero
1051 1318 1147 1341 saneto
1163 1313 1274 1348 Spiritui
1291 1313 1448 1347 assignans.
1472 1313 1549 1340 Sicut
1571 1314 1654 1347 igitur
1671 1314 1697 1340 in
1714 1315 1762 1340 tri-

976 1359 1026 1384 bus
1048 1358 1090 1386 Itis
1114 1359 1182 1387 ordo
1208 1358 1364 1394 inspicitur,
1388 1359 1537 1386 secundum
1562 1367 1641 1393 quem
1656 1359 1760 1393 aliquid

975 1404 1034 1430 sino
1049 1405 1137 1431 medio
1157 1412 1189 1432 ex
1212 1405 1301 1440 primo
1316 1412 1363 1440 per
1380 1405 1513 1437 modium,
1531 1413 1563 1432 ac
1584 1413 1632 1440 per
1655 1406 1759 1432 fluitem

975 1449 1084 1482 ﬂuvius,
1102 1457 1156 1476 non
1173 1451 1252 1484 quasi
1265 1458 1313 1484 per
1327 1451 1540 1478 instrumentum
1557 1451 1695 1485 proditus,
1712 1458 1761 1485 per

977 1496 1066 1530 ipsum
1095 1495 1278 1523 substantiam
1310 1496 1407 1529 habet,
1439 1502 1466 1524 et
1492 1504 1544 1523 una
1577 1496 1687 1531 quidem
1715 1504 1760 1524 res

975 1540 1127 1576 eademque
1143 1540 1296 1568 substantia
1318 1541 1372 1569 illis
1394 1541 1480 1572 inest;
1501 1548 1571 1576 aqua
1592 1542 1665 1568 enim
1684 1545 1758 1573 sunt,

974 1586 1069 1612 ordine
1084 1593 1150 1611 vero
1169 1586 1331 1613 substantia:
1356 1585 1391 1612 ab
1408 1586 1525 1612 invicem
1543 1585 1669 1612 differunt
1686 1595 1692 1612 :
1715 1593 1762 1620 pa-

975 1631 1017 1658 rili
1044 1631 1135 1664 modo,
1170 1632 1368 1666 pra‘supposita
1390 1639 1442 1658 una
1469 1632 1497 1658 iu
1522 1637 1615 1659 sancta
1631 1631 1763 1658 'lrinitate

974 1677 1103 1707 essentia.
1136 1677 1214 1704 tertia
1243 1684 1361 1711 persona
1383 1684 1416 1703 ex
1447 1677 1545 1710 prima,
1571 1684 1619 1711 per
1642 1676 1761 1703 mediam
1783 1702 1789 1707 _

974 1723 1136 1750 naturaliter
1161 1727 1242 1757 atque
1259 1722 1442 1750 essentialiter
1460 1723 1642 1750 substantiam
1656 1723 1759 1750 habet:

973 1768 1043 1795 unde
1060 1773 1087 1796 et
1102 1769 1239 1803 per-illam
1265 1769 1416 1804 prooederc
1436 1769 1548 1796 dicitur.

1010 1814 1067 1842 Hoc
1098 1819 1126 1842 et
1144 1814 1264 1842 Joannes
1289 1815 1484 1848 Damascenus,
1513 1815 1546 1842 de
1566 1814 1670 1849 Spiritu
1696 1823 1762 1843 con-

975 1861 1084 1900 cinens,
1099 1861 1137 1888 ait
1156 1861 1237 1896 (l6):
1257 1870 1266 1887 ι
1281 1861 1320 1888 Tu
1344 1869 1463 1896 natnquc
1480 1860 1577 1887 ﬂuvios
1596 1860 1708 1888 Deitatis
1727 1869 1760 1888 ex

972 1907 1052 1936 Patre
1067 1916 1113 1944 per
1128 1908 1226 1936 Filium
1248 1909 1408 1943 procedens.
1432 1917 1442 1934 ι
1459 1907 1533 1935 Idem
1561 1908 1642 1934 etiam
1669 1907 1759 1935 Theo-

973 1956 1050 1991 logus
1077 1965 1084 1983 :
1109 1964 1118 1981 ι
1147 1955 1238 1982 Solem
1254 1976 1260 1987 ,
1287 1955 1393 1990 inquit,
1420 1954 1620 1986 animadverti,
1652 1955 1758 1981 radium

941 1999 947 2006 '
972 2008 999 2029 et
1024 2002 1126 2029 lucem.
1156 2011 1165 2028 ι
1191 2002 1269 2029 Sicut
1285 2008 1350 2036 ergo
1374 2001 1419 2027 lux
1442 2007 1474 2026 ex
1492 2000 1550 2027 sole
1572 2008 1618 2035 per
1641 2000 1759 2027 medium

972 2047 1154 2076 substantiam
1170 2047 1260 2079 habet,
1279 2046 1440 2074 naturaliter
1454 2046 1558 2073 scilicet
1570 2051 1650 2082 atque
1667 2053 1762 2074 csse-n-

969 2095 1084 2121 tialiter.
1097 2093 1350 2121 Cousubstantialis
1364 2094 1437 2119 enim
1461 2097 1502 2119 est
1519 2092 1608 2124 radio.
1628 2093 1688 2121 sine
1705 2101 1760 2127 quo

972 2140 1018 2167 lux
1039 2140 1161 2175 profecto
1188 2147 1242 2166 non
1259 2143 1333 2166 esset
1356 2146 1364 2165 :
1381 2139 1417 2166 ita
1440 2143 1466 2166 et
1483 2138 1517 2165 de
1542 2144 1637 2166 sancto
1657 2138 1685 2173 Si
1698 2139 1759 2166 iiitu

132 2187 178 2220 qui
194 2187 268 2214 illum
293 2192 431 2221 utcunque
451 2187 520 2213 alias
540 2187 675 2219 dividunt,
692 2187 754 2214 huic
779 2188 919 2215 sententiae
938 2186 958 2213 Β
971 2187 1128 2218 dicendum,
1150 2186 1197 2220 qui
1226 2193 1258 2212 ex
1282 2177 1366 2212 Patre
1390 2191 1439 2219 per
1455 2183 1553 2211 Filium
1577 2184 1724 2219 procedure
1744 2191 1760 2211 a

131 2232 243 2258 obnoxii
257 2237 333 2259 sunt.
345 2232 399 2259 Sed
415 2231 561 2259 dicendum
579 2232 767 2267 potius,juxta
779 2232 922 2265 Basilium,

131 2278 208 2306 nullo
228 2279 309 2306 utodo
322 2278 362 2305 fas
383 2285 444 2305 esse
458 2278 501 2304 vel
523 2279 675 2305 sectionem
695 2279 778 2305 ullam
792 2279 833 2306 vcl
852 2279 924 2306 divi-

132 2325 241 2352 sionem
261 2323 384 2358 cogitare
409 2332 417 2350 :
441 2324 520 2359 quasi
534 2324 575 2351 vel
594 2323 681 2351 Filius
703 2324 763 2351 sine
785 2319 865 2352 Patre
884 2326 924 2352 in-

131 2370 284 2405 tciligatur,
303 2370 346 2398 vel
364 2378 379 2397 a
394 2369 464 2397 Filio
478 2368 598 2405 Spiritus
613 2370 816 2404 disseparetur;
835 2379 922 2405 neque

131 2416 229 2443 decere
256 2416 375 2450 penitus,
398 2419 427 2442 ut
450 2420 497 2442 aut
516 2414 597 2441 Pater
617 2415 676 2442 sine
700 2414 778 2447 Filio,
794 2419 840 2442 aut
859 2416 918 2443 sine

131 2454 238 2495 Spiritu
270 2459 357 2487 Filius
384 2467 503 2494 unquam
538 2459 630 2493 fuerit,
656 2459 733 2494 juxta
760 2459 916 2495 theologum

129 2506 292 2541 Gregorium
320 2506 347 2534 in
362 2513 488 2534 sermone
511 2506 544 2534 de
563 2506 732 2534 Pentecoste.
753 2506 812 2534 Nisi
832 2507 916 2540 enim,

131 2556 161 2579 ut
185 2552 289 2579 dictum
317 2555 371 2584 est,
397 2552 549 2585 personalis
573 2551 678 2579 ordinis
702 2551 774 2579 ratio
798 2556 916 2586 cogeret.

130 2598 278 2624 secundum
295 2604 388 2632 quem,
413 2602 442 2624 ut
456 2604 485 2624 se
501 2597 536 2624 ad
561 2596 680 2624 invicem
705 2597 807 2624 habent
826 2597 918 2625 distri-

129 2642 242 2669 butione
256 2650 433 2678 processuum
449 2648 567 2675 constat.
581 2643 646 2670 nihil
662 2643 819 2678 prohiberet
834 2643 917 2670 etiam

127 2688 189 2716 sine
212 2687 317 2724 Spiritu
332 2688 445 2723 intelligi
471 2688 584 2716 Filium.
606 2688 674 2715 Nam
688 2688 765 2724 juxta
784 2689 917 2717 unitatem

130 2789 220 2854 bills)
246 2790 371 2819 Gennad.
403 2794 471 2819 sect.
505 2791 522 2817 3
557 2791 609 2819 hoc
647 2790 804 2826 Theophani
837 2790 914 2818 attri-

150 2833 198 2852 Ul.

150 2833 198 2852 υιι.

973 2231 1109 2266 theologis
1126 2230 1295 2258 conceditur.

1008 2277 1057 2304 llis
1072 2276 1269 2304 consentientia
1283 2280 1310 2303 et
1325 2274 1515 2303 Damasccnus
1532 2275 1558 2302 in
1576 2275 1634 2302 suis
1658 2275 1763 2302 theolo-

972 2323 1042 2354 gicis
1056 2321 1183 2356 capitulis
1197 2321 1319 2355 loquitur
1336 2321 1432 2348 dicens
1447 2320 1504 2356 (Π)
1524 2329 1530 2348 :
1551 2330 1560 2346 ε
1582 2320 1702 2355 Spiritus
1713 2328 1761 2354 per

972 2367 1071 2395 Filium
1090 2372 1220 2402 tanquam
1242 2375 1276 2395 ex
1300 2367 1356 2395 sole
1379 2367 1474 2395 radius
1490 2376 1498 2395 :
1512 2375 1561 2402 per
1575 2367 1679 2393 radium
1696 2373 1761 2393 vcro

973 2415 1050 2442 nobis
1067 2414 1156 2449 fulgor
1169 2414 1298 2442 traditur.
1317 2423 1325 2440 ι
1345 2413 1462 2441 Prorsus
1475 2420 1539 2441 vero
1559 2419 1697 2447 nunquam
1714 2419 1762 2446 per

972 2460 1060 2487 Patris
1083 2460 1200 2492 radium,
1226 2459 1326 2486 Filium
1353 2459 1495 2490 videlicet,
1521 2457 1612 2493 fulgor
1641 2458 1760 2493 Spiritus

971 2507 1094 2538 daretur,
1113 2506 1164 2533 nisi
1184 2514 1231 2541 per
1251 2506 1341 2542 ipsum
1363 2505 1522 2532 naturaliter
1548 2504 1756 2539 haberetesse;

972 2553 1039 2580 alias
1053 2553 1153 2588 quippe
1167 2560 1214 2588 per
1230 2553 1442 2580 instrumentum
1461 2555 1543 2578 esset.

1007 2596 1078 2624 Idem
1093 2601 1223 2632 praetcrea
1239 2596 1397 2631 'l'heologus
1414 2604 1421 2623 :
1437 2594 1619 2628 t'lndividua,
1636 2594 1762 2622 sivbrevi‘

972 2647 1014 2671 ter
1027 2643 1174 2671 dicendmn
1189 2642 1236 2675 sit,
1251 2643 1277 2669 in
1293 2642 1411 2670 dividuis
1429 2641 1517 2670 deitas
1528 2646 1579 2675 est,
1597 2649 1629 2670 ac
1642 2641 1714 2669 velut
1734 2642 1759 2668 in

972 2690 1059 2718 tribus
1072 2690 1177 2718 solibus
1192 2688 1340 2723 contiguis,
1356 2695 1410 2715 una
1426 2693 1467 2716 est
1482 2688 1551 2716 lucis
1570 2692 1761 2723 contempera-

1004 2789 1060 2822 (Π)
1081 2788 1206 2816 Genuad.
1222 2793 1289 2817 sect.
1317 2790 1334 2816 5
1350 2788 1417 2817 citat
1443 2789 1555 2825 capitul.
1577 2788 1612 2816 58
1630 2786 1750 2822 theolog.

970 2825 1138 2867 Dautasgctti.

1124 2877 1172 2892 ‘x.
