  <div class='ocr_page' id='page_1' title='image "/cluster/home/n/w/nwhite01/storage/ocr_20150623/152/njp.32101077773206/024.png"; bbox 0 0 1934 3063; ppageno 0'>
   <div class='ocr_carea' id='block_1_1' title="bbox 134 149 948 198">
    <p class='ocr_par' dir='ltr' id='par_1_1' title="bbox 134 149 948 198">
     <span class='ocr_line' id='line_1_1' title="bbox 134 149 948 198; baseline 0.028 -24"><span class='ocrx_word' id='word_1_1' title='bbox 134 149 182 176; x_wconf 86' lang='lat' dir='ltr'><strong>lio.</strong></span> <span class='ocrx_word' id='word_1_2' title='bbox 200 158 210 175; x_wconf 73' lang='grc' dir='ltr'><strong><em>ι</em></strong></span> <span class='ocrx_word' id='word_1_3' title='bbox 232 149 259 178; x_wconf 89' lang='lat' dir='ltr'><strong>Si</strong></span> <span class='ocrx_word' id='word_1_4' title='bbox 281 151 362 185; x_wconf 82' lang='lat' dir='ltr'><strong>igitur</strong></span> <span class='ocrx_word' id='word_1_5' title='bbox 382 161 411 182; x_wconf 80' lang='lat' dir='ltr'><strong>se</strong></span> <span class='ocrx_word' id='word_1_6' title='bbox 427 155 543 185; x_wconf 77' lang='lat' dir='ltr'><strong>invicem</strong></span> <span class='ocrx_word' id='word_1_7' title='bbox 568 161 711 191; x_wconf 80' lang='lat' dir='ltr'><strong>continere</strong></span> <span class='ocrx_word' id='word_1_8' title='bbox 725 166 775 193; x_wconf 87' lang='lat' dir='ltr'><strong>hoc</strong></span> <span class='ocrx_word' id='word_1_9' title='bbox 790 172 842 198; x_wconf 82' lang='lat' dir='ltr'><strong>est,</strong></span> <span class='ocrx_word' id='word_1_10' title='bbox 859 173 911 196; x_wconf 85' lang='lat' dir='ltr'><strong>ter-</strong></span> <span class='ocrx_word' id='word_1_11' title='bbox 928 169 948 196; x_wconf 85' lang='grc' dir='ltr'><strong>Α</strong></span> 
     </span>
    </p>
   </div>
   <div class='ocr_carea' id='block_1_2' title="bbox 132 194 913 246">
    <p class='ocr_par' dir='ltr' id='par_1_2' title="bbox 132 194 913 246">
     <span class='ocr_line' id='line_1_2' title="bbox 132 194 913 246; baseline 0.027 -26"><span class='ocrx_word' id='word_1_12' title='bbox 132 194 197 221; x_wconf 82' lang='lat' dir='ltr'><strong>tium</strong></span> <span class='ocrx_word' id='word_1_13' title='bbox 213 203 244 222; x_wconf 79' lang='lat' dir='ltr'><strong>ex</strong></span> <span class='ocrx_word' id='word_1_14' title='bbox 260 197 348 230; x_wconf 86' lang='lat' dir='ltr'><strong>primo</strong></span> <span class='ocrx_word' id='word_1_15' title='bbox 362 207 409 234; x_wconf 87' lang='lat' dir='ltr'><strong>per</strong></span> <span class='ocrx_word' id='word_1_16' title='bbox 423 202 541 231; x_wconf 82' lang='lat' dir='ltr'><strong>medium</strong></span> <span class='ocrx_word' id='word_1_17' title='bbox 555 213 635 240; x_wconf 83' lang='lat' dir='ltr'><strong>esse;</strong></span> <span class='ocrx_word' id='word_1_18' title='bbox 651 209 730 237; x_wconf 80' lang='lat' dir='ltr'><strong>aliter</strong></span> <span class='ocrx_word' id='word_1_19' title='bbox 747 213 846 246; x_wconf 82' lang='lat' dir='ltr'><strong>quippe</strong></span> <span class='ocrx_word' id='word_1_20' title='bbox 861 223 913 241; x_wconf 83' lang='lat' dir='ltr'><strong>non</strong></span> 
     </span>
    </p>
   </div>
   <div class='ocr_carea' id='block_1_3' title="bbox 130 240 912 293">
    <p class='ocr_par' dir='ltr' id='par_1_3' title="bbox 130 240 912 293">
     <span class='ocr_line' id='line_1_3' title="bbox 130 240 912 293; baseline 0.031 -29"><span class='ocrx_word' id='word_1_21' title='bbox 130 244 200 266; x_wconf 83' lang='lat' dir='ltr'><strong>esset</strong></span> <span class='ocrx_word' id='word_1_22' title='bbox 224 240 343 271; x_wconf 75' lang='lat' dir='ltr'><strong>Trinitas</strong></span> <span class='ocrx_word' id='word_1_23' title='bbox 363 245 446 279; x_wconf 85' lang='lat' dir='ltr'><strong>Deus,</strong></span> <span class='ocrx_word' id='word_1_24' title='bbox 467 256 554 284; x_wconf 89' lang='lat' dir='ltr'><strong>neque</strong></span> <span class='ocrx_word' id='word_1_25' title='bbox 572 252 712 282; x_wconf 88' lang='lat' dir='ltr'><strong>individua</strong></span> <span class='ocrx_word' id='word_1_26' title='bbox 736 256 842 293; x_wconf 82' lang='lat' dir='ltr'><strong>Deitas;</strong></span> <span class='ocrx_word' id='word_1_27' title='bbox 859 269 912 288; x_wconf 91' lang='lat' dir='ltr'><strong>una</strong></span> 
     </span>
    </p>
   </div>
   <div class='ocr_carea' id='block_1_4' title="bbox 129 286 911 336">
    <p class='ocr_par' dir='ltr' id='par_1_4' title="bbox 129 286 911 336">
     <span class='ocr_line' id='line_1_4' title="bbox 129 286 911 336; baseline 0.031 -26"><span class='ocrx_word' id='word_1_28' title='bbox 129 286 197 312; x_wconf 87' lang='lat' dir='ltr'><strong>enim</strong></span> <span class='ocrx_word' id='word_1_29' title='bbox 211 286 370 316; x_wconf 78' lang='lat' dir='ltr'><strong>estlttminis</strong></span> <span class='ocrx_word' id='word_1_30' title='bbox 384 297 598 329; x_wconf 85' lang='lat' dir='ltr'><strong>eontemperatio</strong></span> <span class='ocrx_word' id='word_1_31' title='bbox 608 298 693 334; x_wconf 84' lang='lat' dir='ltr'><strong>liquet</strong></span> <span class='ocrx_word' id='word_1_32' title='bbox 703 303 822 336; x_wconf 70' lang='lat' dir='ltr'><strong>proli-ctu</strong></span> <span class='ocrx_word' id='word_1_33' title='bbox 838 313 845 333; x_wconf 95' lang='lat'><strong>:</strong></span> <span class='ocrx_word' id='word_1_34' title='bbox 858 314 911 334; x_wconf 87' lang='lat' dir='ltr'><strong>una</strong></span> 
     </span>
    </p>
   </div>
   <div class='ocr_carea' id='block_1_5' title="bbox 127 334 909 380">
    <p class='ocr_par' dir='ltr' id='par_1_5' title="bbox 127 334 909 380">
     <span class='ocr_line' id='line_1_5' title="bbox 127 334 909 380; baseline 0.029 -23"><span class='ocrx_word' id='word_1_35' title='bbox 127 337 186 357; x_wconf 87' lang='lat' dir='ltr'><strong>cum</strong></span> <span class='ocrx_word' id='word_1_36' title='bbox 200 334 490 367; x_wconf 83' lang='lat' dir='ltr'><strong>consubstantialitate</strong></span> <span class='ocrx_word' id='word_1_37' title='bbox 504 343 586 370; x_wconf 86' lang='lat' dir='ltr'><strong>etiam</strong></span> <span class='ocrx_word' id='word_1_38' title='bbox 605 353 784 379; x_wconf 84' lang='lat' dir='ltr'><strong>personarum</strong></span> <span class='ocrx_word' id='word_1_39' title='bbox 806 354 909 380; x_wconf 82' lang='lat' dir='ltr'><strong>servari</strong></span> 
     </span>
    </p>
   </div>
   <div class='ocr_carea' id='block_1_6' title="bbox 126 375 910 434">
    <p class='ocr_par' dir='ltr' id='par_1_6' title="bbox 126 375 910 434">
     <span class='ocr_line' id='line_1_6' title="bbox 126 375 910 434; baseline 0.036 -35"><span class='ocrx_word' id='word_1_40' title='bbox 126 375 258 410; x_wconf 80' lang='lat' dir='ltr'><strong>ordinem,</strong></span> <span class='ocrx_word' id='word_1_41' title='bbox 277 382 426 410; x_wconf 86' lang='lat' dir='ltr'><strong>secundum</strong></span> <span class='ocrx_word' id='word_1_42' title='bbox 447 392 529 420; x_wconf 89' lang='lat' dir='ltr'><strong>quem</strong></span> <span class='ocrx_word' id='word_1_43' title='bbox 547 375 624 418; x_wconf 84' lang='lat' dir='ltr'><strong>tertia</strong></span> <span class='ocrx_word' id='word_1_44' title='bbox 648 398 689 420; x_wconf 85' lang='lat' dir='ltr'><strong>est</strong></span> <span class='ocrx_word' id='word_1_45' title='bbox 708 401 740 422; x_wconf 83' lang='lat' dir='ltr'><strong>ex</strong></span> <span class='ocrx_word' id='word_1_46' title='bbox 758 397 845 431; x_wconf 87' lang='lat' dir='ltr'><strong>prima</strong></span> <span class='ocrx_word' id='word_1_47' title='bbox 863 407 910 434; x_wconf 90' lang='lat' dir='ltr'><strong>per</strong></span> 
     </span>
     <span class='ocr_line' id='line_1_7' title="bbox 126 422 238 434; baseline 0.027 -3"><span class='ocrx_word' id='word_1_48' title='bbox 126 428 166 434; x_wconf 63' lang='grc' dir='ltr'><strong>..η</strong></span> <span class='ocrx_word' id='word_1_49' title='bbox 178 422 238 434; x_wconf 41' lang='grc' dir='ltr'><strong>,ιω</strong></span> 
     </span>
    </p>
   </div>
   <div class='ocr_carea' id='block_1_7' title="bbox 125 422 251 452">
    <p class='ocr_par' dir='ltr' id='par_1_7' title="bbox 125 422 251 452">
     <span class='ocr_line' id='line_1_8' title="bbox 125 422 251 452; baseline 0.04 -5"><span class='ocrx_word' id='word_1_50' title='bbox 125 422 251 452; x_wconf 85' lang='lat' dir='ltr'><strong>mediam.</strong></span> 
     </span>
    </p>
   </div>
   <div class='ocr_carea' id='block_1_8' title="bbox 158 469 908 523">
    <p class='ocr_par' dir='ltr' id='par_1_8' title="bbox 158 469 908 523">
     <span class='ocr_line' id='line_1_9' title="bbox 158 469 908 523; baseline 0.035 -29"><span class='ocrx_word' id='word_1_51' title='bbox 158 469 298 504; x_wconf 78' lang='lat' dir='ltr'><strong>Nyssenus</strong></span> <span class='ocrx_word' id='word_1_52' title='bbox 312 474 394 502; x_wconf 86' lang='lat' dir='ltr'><strong>etiam</strong></span> <span class='ocrx_word' id='word_1_53' title='bbox 410 476 436 503; x_wconf 92' lang='lat' dir='ltr'><strong>in</strong></span> <span class='ocrx_word' id='word_1_54' title='bbox 450 477 520 506; x_wconf 86' lang='lat' dir='ltr'><strong>libro</strong></span> <span class='ocrx_word' id='word_1_55' title='bbox 539 481 576 509; x_wconf 80' lang='lat' dir='ltr'><strong>De</strong></span> <span class='ocrx_word' id='word_1_56' title='bbox 593 490 684 512; x_wconf 71' lang='lat' dir='ltr'><strong>sancto</strong></span> <span class='ocrx_word' id='word_1_57' title='bbox 698 486 799 523; x_wconf 79' lang='lat' dir='ltr'><strong>Spiritu</strong></span> <span class='ocrx_word' id='word_1_58' title='bbox 816 497 908 520; x_wconf 78' lang='lat' dir='ltr'><strong>contra</strong></span> 
     </span>
    </p>
   </div>
   <div class='ocr_carea' id='block_1_9' title="bbox 122 514 906 565">
    <p class='ocr_par' dir='ltr' id='par_1_9' title="bbox 122 514 906 565">
     <span class='ocr_line' id='line_1_10' title="bbox 718 514 906 523; baseline 0.032 -9"><span class='ocrx_word' id='word_1_59' title='bbox 718 514 742 523; x_wconf 65' lang='lat'><strong>,,</strong></span> <span class='ocrx_word' id='word_1_60' title='bbox 817 514 906 520; x_wconf 73' lang='lat'><strong>--...._</strong></span> 
     </span>
     <span class='ocr_line' id='line_1_11' title="bbox 122 514 906 565; baseline 0.033 -26"><span class='ocrx_word' id='word_1_61' title='bbox 122 514 329 552; x_wconf 74' lang='lat' dir='ltr'><strong>Macedonianol,</strong></span> <span class='ocrx_word' id='word_1_62' title='bbox 356 521 608 556; x_wconf 83' lang='lat' dir='ltr'><strong>incommutabilem</strong></span> <span class='ocrx_word' id='word_1_63' title='bbox 636 538 814 565; x_wconf 84' lang='lat' dir='ltr'><strong>personarum</strong></span> <span class='ocrx_word' id='word_1_64' title='bbox 838 538 906 565; x_wconf 86' lang='lat' dir='ltr'><strong>divi-</strong></span> 
     </span>
    </p>
   </div>
   <div class='ocr_carea' id='block_1_10' title="bbox 122 567 903 614">
    <p class='ocr_par' dir='ltr' id='par_1_10' title="bbox 122 567 903 614">
     <span class='ocr_line' id='line_1_12' title="bbox 122 567 903 614; baseline 0.032 -28"><span class='ocrx_word' id='word_1_65' title='bbox 122 567 215 588; x_wconf 87' lang='lat' dir='ltr'><strong>narum</strong></span> <span class='ocrx_word' id='word_1_66' title='bbox 235 567 384 594; x_wconf 77' lang='lat' dir='ltr'><strong>secundum</strong></span> <span class='ocrx_word' id='word_1_67' title='bbox 408 572 556 600; x_wconf 87' lang='lat' dir='ltr'><strong>essentiam</strong></span> <span class='ocrx_word' id='word_1_68' title='bbox 588 577 769 614; x_wconf 90' lang='lat' dir='ltr'><strong>ordinemqtte</strong></span> <span class='ocrx_word' id='word_1_69' title='bbox 796 581 903 610; x_wconf 87' lang='lat' dir='ltr'><strong>Illarum</strong></span> 
     </span>
    </p>
   </div>
   <div class='ocr_carea' id='block_1_11' title="bbox 121 606 904 664">
    <p class='ocr_par' dir='ltr' id='par_1_11' title="bbox 121 606 904 664">
     <span class='ocr_line' id='line_1_13' title="bbox 121 606 904 664; baseline 0.031 -31"><span class='ocrx_word' id='word_1_70' title='bbox 121 606 152 634; x_wconf 80' lang='lat' dir='ltr'><strong>ad</strong></span> <span class='ocrx_word' id='word_1_71' title='bbox 164 607 279 636; x_wconf 84' lang='lat' dir='ltr'><strong>invicem</strong></span> <span class='ocrx_word' id='word_1_72' title='bbox 297 613 419 646; x_wconf 84' lang='lat' dir='ltr'><strong>tradens.</strong></span> <span class='ocrx_word' id='word_1_73' title='bbox 435 625 537 653; x_wconf 89' lang='lat' dir='ltr'><strong>eosque</strong></span> <span class='ocrx_word' id='word_1_74' title='bbox 550 620 722 656; x_wconf 86' lang='lat' dir='ltr'><strong>insimulans,</strong></span> <span class='ocrx_word' id='word_1_75' title='bbox 734 628 780 661; x_wconf 96' lang='lat' dir='ltr'><strong>qui</strong></span> <span class='ocrx_word' id='word_1_76' title='bbox 795 635 904 664; x_wconf 75' lang='lat' dir='ltr'><strong>propter</strong></span> 
     </span>
    </p>
   </div>
   <div class='ocr_carea' id='block_1_12' title="bbox 120 656 904 707">
    <p class='ocr_par' dir='ltr' id='par_1_12' title="bbox 120 656 904 707">
     <span class='ocr_line' id='line_1_14' title="bbox 120 656 904 707; baseline 0.031 -28"><span class='ocrx_word' id='word_1_77' title='bbox 120 656 286 686; x_wconf 69' lang='lat' dir='ltr'><strong>personalem</strong></span> <span class='ocrx_word' id='word_1_78' title='bbox 304 660 441 695; x_wconf 84' lang='lat' dir='ltr'><strong>ordinem,</strong></span> <span class='ocrx_word' id='word_1_79' title='bbox 459 664 561 700; x_wconf 78' lang='lat' dir='ltr'><strong>ﬁliique</strong></span> <span class='ocrx_word' id='word_1_80' title='bbox 581 669 784 707; x_wconf 85' lang='lat' dir='ltr'><strong>mediationem,</strong></span> <span class='ocrx_word' id='word_1_81' title='bbox 814 676 904 702; x_wconf 87' lang='lat' dir='ltr'><strong>immi-</strong></span> 
     </span>
    </p>
   </div>
   <div class='ocr_carea' id='block_1_13' title="bbox 120 701 900 750">
    <p class='ocr_par' dir='ltr' id='par_1_13' title="bbox 120 701 900 750">
     <span class='ocr_line' id='line_1_15' title="bbox 120 701 900 750; baseline 0.033 -25"><span class='ocrx_word' id='word_1_82' title='bbox 120 701 256 729; x_wconf 90' lang='lat' dir='ltr'><strong>nutionem</strong></span> <span class='ocrx_word' id='word_1_83' title='bbox 273 704 446 736; x_wconf 75' lang='lat' dir='ltr'><strong>introducere</strong></span> <span class='ocrx_word' id='word_1_84' title='bbox 463 712 604 744; x_wconf 80' lang='lat' dir='ltr'><strong>auderent.</strong></span> <span class='ocrx_word' id='word_1_85' title='bbox 622 716 726 745; x_wconf 76' lang='lat' dir='ltr'><strong>addidit</strong></span> <span class='ocrx_word' id='word_1_86' title='bbox 746 729 752 746; x_wconf 74' lang='grc' dir='ltr'><strong>ε</strong></span> <span class='ocrx_word' id='word_1_87' title='bbox 777 729 787 746; x_wconf 77' lang='grc' dir='ltr'>ι</span> <span class='ocrx_word' id='word_1_88' title='bbox 811 721 900 750; x_wconf 72' lang='lat' dir='ltr'><strong>Veluti</strong></span> 
     </span>
    </p>
   </div>
   <div class='ocr_carea' id='block_1_14' title="bbox 117 744 900 794">
    <p class='ocr_par' dir='ltr' id='par_1_14' title="bbox 117 744 900 794">
     <span class='ocr_line' id='line_1_16' title="bbox 117 744 900 794; baseline 0.033 -25"><span class='ocrx_word' id='word_1_89' title='bbox 117 744 138 771; x_wconf 86' lang='lat' dir='ltr'><strong>si</strong></span> <span class='ocrx_word' id='word_1_90' title='bbox 152 746 212 779; x_wconf 85' lang='lat' dir='ltr'><strong>quis</strong></span> <span class='ocrx_word' id='word_1_91' title='bbox 230 747 257 774; x_wconf 91' lang='lat' dir='ltr'><strong>in</strong></span> <span class='ocrx_word' id='word_1_92' title='bbox 273 749 361 777; x_wconf 78' lang='lat' dir='ltr'><strong>tribus</strong></span> <span class='ocrx_word' id='word_1_93' title='bbox 387 751 538 784; x_wconf 86' lang='lat' dir='ltr'><strong>luminibus</strong></span> <span class='ocrx_word' id='word_1_94' title='bbox 558 758 674 787; x_wconf 75' lang='lat' dir='ltr'><strong>divisam</strong></span> <span class='ocrx_word' id='word_1_95' title='bbox 691 762 799 791; x_wconf 84' lang='lat' dir='ltr'><strong>intuens</strong></span> <span class='ocrx_word' id='word_1_96' title='bbox 821 766 900 794; x_wconf 83' lang='lat' dir='ltr'><strong>ﬂam-</strong></span> 
     </span>
    </p>
   </div>
   <div class='ocr_carea' id='block_1_15' title="bbox 116 798 898 842">
    <p class='ocr_par' dir='ltr' id='par_1_15' title="bbox 116 798 898 842">
     <span class='ocr_line' id='line_1_17' title="bbox 116 798 898 842; baseline 0.032 -26"><span class='ocrx_word' id='word_1_97' title='bbox 116 798 328 825; x_wconf 67' lang='lat' dir='ltr'><strong>ma.n;cau&lt;am</strong></span> <span class='ocrx_word' id='word_1_98' title='bbox 356 805 420 824; x_wconf 81' lang='lat' dir='ltr'><strong>vero</strong></span> <span class='ocrx_word' id='word_1_99' title='bbox 446 802 517 828; x_wconf 88' lang='lat' dir='ltr'><strong>tertii</strong></span> <span class='ocrx_word' id='word_1_100' title='bbox 543 802 653 833; x_wconf 91' lang='lat' dir='ltr'><strong>luminis</strong></span> <span class='ocrx_word' id='word_1_101' title='bbox 676 808 790 842; x_wconf 73' lang='lat' dir='ltr'><strong>primum</strong></span> <span class='ocrx_word' id='word_1_102' title='bbox 822 811 898 840; x_wconf 83' lang='lat' dir='ltr'><strong>ﬂant-</strong></span> 
     </span>
    </p>
   </div>
   <div class='ocr_carea' id='block_1_16' title="bbox 115 844 898 893">
    <p class='ocr_par' dir='ltr' id='par_1_16' title="bbox 115 844 898 893">
     <span class='ocr_line' id='line_1_18' title="bbox 115 844 898 893; baseline 0.033 -32"><span class='ocrx_word' id='word_1_103' title='bbox 115 844 180 863; x_wconf 91' lang='lat' dir='ltr'><strong>ntam</strong></span> <span class='ocrx_word' id='word_1_104' title='bbox 193 845 257 866; x_wconf 83' lang='lat' dir='ltr'><strong>esse</strong></span> <span class='ocrx_word' id='word_1_105' title='bbox 271 847 476 878; x_wconf 88' lang='lat' dir='ltr'><strong>supponamus;</strong></span> <span class='ocrx_word' id='word_1_106' title='bbox 498 855 558 882; x_wconf 65' lang='lat' dir='ltr'><strong>quae</strong></span> <span class='ocrx_word' id='word_1_107' title='bbox 587 858 619 878; x_wconf 83' lang='lat' dir='ltr'><strong>ex</strong></span> <span class='ocrx_word' id='word_1_108' title='bbox 638 852 830 885; x_wconf 83' lang='lat' dir='ltr'><strong>distributione</strong></span> <span class='ocrx_word' id='word_1_109' title='bbox 850 867 898 893; x_wconf 76' lang='lat' dir='ltr'><strong>per</strong></span> 
     </span>
     <span class='ocr_line' id='line_1_19' title="bbox 115 883 442 893; baseline 0.034 -11"><span class='ocrx_word' id='word_1_110' title='bbox 115 883 197 893; x_wconf 32' lang='grc' dir='ltr'><strong>μὴ</strong></span> <span class='ocrx_word' id='word_1_111' title='bbox 220 892 226 893; x_wconf 23' lang='grc' dir='ltr'><em>γ</em></span> <span class='ocrx_word' id='word_1_112' title='bbox 439 892 442 893; x_wconf 65' lang='lat'>,</span> 
     </span>
    </p>
   </div>
   <div class='ocr_carea' id='block_1_17' title="bbox 114 883 898 938">
    <p class='ocr_par' dir='ltr' id='par_1_17' title="bbox 114 883 898 938">
     <span class='ocr_line' id='line_1_20' title="bbox 798 883 893 893; baseline 0.032 -9"><span class='ocrx_word' id='word_1_113' title='bbox 850 883 893 893; x_wconf 47' lang='grc' dir='ltr'><strong>,,η-</strong></span> 
     </span>
     <span class='ocr_line' id='line_1_21' title="bbox 114 883 898 938; baseline 0.034 -31"><span class='ocrx_word' id='word_1_114' title='bbox 114 883 229 911; x_wconf 86' lang='lat' dir='ltr'><strong>medium</strong></span> <span class='ocrx_word' id='word_1_115' title='bbox 254 892 412 920; x_wconf 82' lang='lat' dir='ltr'><strong>supremum</strong></span> <span class='ocrx_word' id='word_1_116' title='bbox 437 892 594 923; x_wconf 82' lang='lat' dir='ltr'><strong>intenderit.</strong></span> <span class='ocrx_word' id='word_1_117' title='bbox 621 897 738 933; x_wconf 78' lang='lat' dir='ltr'><strong>Deinde,</strong></span> <span class='ocrx_word' id='word_1_118' title='bbox 762 902 787 929; x_wconf 88' lang='lat' dir='ltr'><strong>in</strong></span> <span class='ocrx_word' id='word_1_119' title='bbox 812 906 898 938; x_wconf 85' lang='lat' dir='ltr'><strong>prima</strong></span> 
     </span>
     <span class='ocr_line' id='line_1_22' title="bbox 114 927 398 938; baseline 0.032 0"><span class='ocrx_word' id='word_1_120' title='bbox 114 927 195 938; x_wconf 39' lang='grc' dir='ltr'><strong>Ω-ηκγ</strong></span> <span class='ocrx_word' id='word_1_121' title='bbox 269 931 276 938; x_wconf 90' lang='grc'><strong><em>“</em></strong></span> <span class='ocrx_word' id='word_1_122' title='bbox 392 936 398 938; x_wconf 67' lang='grc'><strong>“</strong></span> 
     </span>
    </p>
   </div>
   <div class='ocr_carea' id='block_1_18' title="bbox 113 927 897 980">
    <p class='ocr_par' dir='ltr' id='par_1_18' title="bbox 113 927 897 980">
     <span class='ocr_line' id='line_1_23' title="bbox 732 927 897 938; baseline 0.03 -10"><span class='ocrx_word' id='word_1_123' title='bbox 732 927 738 933; x_wconf 85' lang='grc'>,</span> <span class='ocrx_word' id='word_1_124' title='bbox 812 927 897 938; x_wconf 56' lang='grc' dir='ltr'><strong>νη...-</strong></span> 
     </span>
     <span class='ocr_line' id='line_1_24' title="bbox 113 927 897 980; baseline 0.033 -27"><span class='ocrx_word' id='word_1_125' title='bbox 113 927 216 956; x_wconf 89' lang='lat' dir='ltr'><strong>ﬂamma</strong></span> <span class='ocrx_word' id='word_1_126' title='bbox 232 931 355 960; x_wconf 83' lang='lat' dir='ltr'><strong>calorem</strong></span> <span class='ocrx_word' id='word_1_127' title='bbox 374 936 515 965; x_wconf 73' lang='lat' dir='ltr'><strong>abundare</strong></span> <span class='ocrx_word' id='word_1_128' title='bbox 528 946 624 975; x_wconf 79' lang='lat' dir='ltr'><strong>parat;</strong></span> <span class='ocrx_word' id='word_1_129' title='bbox 649 944 675 971; x_wconf 90' lang='lat' dir='ltr'><strong>in</strong></span> <span class='ocrx_word' id='word_1_130' title='bbox 693 949 817 980; x_wconf 66' lang='lat' dir='ltr'><strong>Sequenti</strong></span> <span class='ocrx_word' id='word_1_131' title='bbox 832 958 897 978; x_wconf 91' lang='lat' dir='ltr'><strong>vero</strong></span> 
     </span>
    </p>
   </div>
   <div class='ocr_carea' id='block_1_19' title="bbox 112 973 898 1024">
    <p class='ocr_par' dir='ltr' id='par_1_19' title="bbox 112 973 898 1024">
     <span class='ocr_line' id='line_1_25' title="bbox 112 973 898 1024; baseline 0.032 -25"><span class='ocrx_word' id='word_1_132' title='bbox 112 973 280 1009; x_wconf 86' lang='lat' dir='ltr'><strong>decrescere,</strong></span> <span class='ocrx_word' id='word_1_133' title='bbox 307 987 421 1015; x_wconf 75' lang='lat' dir='ltr'><strong>eamque</strong></span> <span class='ocrx_word' id='word_1_134' title='bbox 439 983 659 1016; x_wconf 79' lang='lat' dir='ltr'><strong>immutationem</strong></span> <span class='ocrx_word' id='word_1_135' title='bbox 680 991 706 1018; x_wconf 90' lang='lat' dir='ltr'><strong>in</strong></span> <span class='ocrx_word' id='word_1_136' title='bbox 729 994 820 1024; x_wconf 84' lang='lat' dir='ltr'><strong>minus</strong></span> <span class='ocrx_word' id='word_1_137' title='bbox 836 1004 898 1023; x_wconf 85' lang='lat' dir='ltr'><strong>vcr-</strong></span> 
     </span>
    </p>
   </div>
   <div class='ocr_carea' id='block_1_20' title="bbox 111 1025 895 1073">
    <p class='ocr_par' dir='ltr' id='par_1_20' title="bbox 111 1025 895 1073">
     <span class='ocr_line' id='line_1_26' title="bbox 111 1025 895 1073; baseline 0.032 -27"><span class='ocrx_word' id='word_1_138' title='bbox 111 1029 184 1056; x_wconf 76' lang='lat' dir='ltr'><strong>gere;</strong></span> <span class='ocrx_word' id='word_1_139' title='bbox 201 1025 311 1052; x_wconf 77' lang='lat' dir='ltr'><strong>tertiam</strong></span> <span class='ocrx_word' id='word_1_140' title='bbox 329 1035 363 1054; x_wconf 90' lang='lat' dir='ltr'><strong>ne</strong></span> <span class='ocrx_word' id='word_1_141' title='bbox 388 1028 478 1063; x_wconf 78' lang='lat' dir='ltr'><strong>ignem</strong></span> <span class='ocrx_word' id='word_1_142' title='bbox 504 1033 613 1066; x_wconf 89' lang='lat' dir='ltr'><strong>quidem</strong></span> <span class='ocrx_word' id='word_1_143' title='bbox 633 1037 691 1071; x_wconf 83' lang='lat' dir='ltr'><strong>jam</strong></span> <span class='ocrx_word' id='word_1_144' title='bbox 707 1039 770 1073; x_wconf 91' lang='lat' dir='ltr'><strong>dici,</strong></span> <span class='ocrx_word' id='word_1_145' title='bbox 788 1042 895 1072; x_wconf 89' lang='lat' dir='ltr'><strong>etiamsi</strong></span> 
     </span>
    </p>
   </div>
   <div class='ocr_carea' id='block_1_21' title="bbox 110 1067 896 1121">
    <p class='ocr_par' dir='ltr' id='par_1_21' title="bbox 110 1067 896 1121">
     <span class='ocr_line' id='line_1_27' title="bbox 110 1067 896 1121; baseline 0.033 -29"><span class='ocrx_word' id='word_1_146' title='bbox 110 1067 229 1096; x_wconf 80' lang='lat' dir='ltr'><strong>similiter</strong></span> <span class='ocrx_word' id='word_1_147' title='bbox 256 1071 363 1105; x_wconf 84' lang='lat' dir='ltr'><strong>ardeat,</strong></span> <span class='ocrx_word' id='word_1_148' title='bbox 387 1079 414 1102; x_wconf 86' lang='lat' dir='ltr'><strong>et</strong></span> <span class='ocrx_word' id='word_1_149' title='bbox 439 1076 540 1110; x_wconf 84' lang='lat' dir='ltr'><strong>luceat.</strong></span> <span class='ocrx_word' id='word_1_150' title='bbox 567 1086 591 1108; x_wconf 86' lang='lat' dir='ltr'><strong>ct</strong></span> <span class='ocrx_word' id='word_1_151' title='bbox 615 1089 714 1112; x_wconf 85' lang='lat' dir='ltr'><strong>cuncta</strong></span> <span class='ocrx_word' id='word_1_152' title='bbox 739 1094 800 1121; x_wconf 72' lang='lat' dir='ltr'><strong>qua:</strong></span> <span class='ocrx_word' id='word_1_153' title='bbox 828 1095 896 1117; x_wconf 92' lang='lat' dir='ltr'><strong>sunt</strong></span> 
     </span>
    </p>
   </div>
   <div class='ocr_carea' id='block_1_22' title="bbox 109 1111 760 1148">
    <p class='ocr_par' dir='ltr' id='par_1_22' title="bbox 109 1111 760 1148">
     <span class='ocr_line' id='line_1_28' title="bbox 109 1111 760 1148; baseline 0.023 -10"><span class='ocrx_word' id='word_1_154' title='bbox 109 1111 173 1146; x_wconf 69' lang='lat' dir='ltr'><strong>ignis</strong></span> <span class='ocrx_word' id='word_1_155' title='bbox 193 1121 336 1148; x_wconf 75' lang='lat' dir='ltr'><strong>operetur.</strong></span> <span class='ocrx_word' id='word_1_156' title='bbox 360 1127 370 1143; x_wconf 73' lang='grc' dir='ltr'>ι</span> <span class='ocrx_word' id='word_1_157' title='bbox 749 1111 760 1148; x_wconf 61' lang='grc' dir='ltr'><em>ἰ</em></span> 
     </span>
    </p>
   </div>
   <div class='ocr_carea' id='block_1_23' title="bbox 138 1156 893 1214">
    <p class='ocr_par' dir='ltr' id='par_1_23' title="bbox 138 1156 893 1214">
     <span class='ocr_line' id='line_1_29' title="bbox 138 1156 893 1214; baseline 0.033 -31"><span class='ocrx_word' id='word_1_158' title='bbox 138 1156 169 1184; x_wconf 84' lang='lat' dir='ltr'><strong>Et</strong></span> <span class='ocrx_word' id='word_1_159' title='bbox 181 1166 213 1186; x_wconf 77' lang='lat' dir='ltr'><strong>ex</strong></span> <span class='ocrx_word' id='word_1_160' title='bbox 231 1160 285 1187; x_wconf 91' lang='lat' dir='ltr'><strong>hoc</strong></span> <span class='ocrx_word' id='word_1_161' title='bbox 303 1161 384 1197; x_wconf 78' lang='lat' dir='ltr'><strong>igitur</strong></span> <span class='ocrx_word' id='word_1_162' title='bbox 399 1168 523 1202; x_wconf 78' lang='lat' dir='ltr'><strong>exemplo</strong></span> <span class='ocrx_word' id='word_1_163' title='bbox 534 1169 628 1205; x_wconf 84' lang='lat' dir='ltr'><strong>liquet,</strong></span> <span class='ocrx_word' id='word_1_164' title='bbox 643 1175 751 1202; x_wconf 88' lang='lat' dir='ltr'><strong>tertium</strong></span> <span class='ocrx_word' id='word_1_165' title='bbox 761 1185 792 1205; x_wconf 78' lang='lat' dir='ltr'><strong>ex</strong></span> <span class='ocrx_word' id='word_1_166' title='bbox 804 1180 893 1214; x_wconf 86' lang='lat' dir='ltr'><strong>primo</strong></span> 
     </span>
    </p>
   </div>
   <div class='ocr_carea' id='block_1_24' title="bbox 107 1205 892 1252">
    <p class='ocr_par' dir='ltr' id='par_1_24' title="bbox 107 1205 892 1252">
     <span class='ocr_line' id='line_1_30' title="bbox 107 1205 892 1252; baseline 0.033 -25"><span class='ocrx_word' id='word_1_167' title='bbox 107 1208 151 1235; x_wconf 85' lang='lat' dir='ltr'><strong>per</strong></span> <span class='ocrx_word' id='word_1_168' title='bbox 172 1205 295 1232; x_wconf 80' lang='lat' dir='ltr'><strong>medium</strong></span> <span class='ocrx_word' id='word_1_169' title='bbox 318 1211 503 1240; x_wconf 86' lang='lat' dir='ltr'><strong>essentialiter</strong></span> <span class='ocrx_word' id='word_1_170' title='bbox 522 1222 583 1243; x_wconf 73' lang='lat' dir='ltr'><strong>esse</strong></span> <span class='ocrx_word' id='word_1_171' title='bbox 607 1217 717 1248; x_wconf 84' lang='lat' dir='ltr'><strong>habere.</strong></span> <span class='ocrx_word' id='word_1_172' title='bbox 734 1221 771 1250; x_wconf 80' lang='lat' dir='ltr'><strong>Ex</strong></span> <span class='ocrx_word' id='word_1_173' title='bbox 796 1205 892 1252; x_wconf 58' lang='lat' dir='ltr'><strong>(tristri-</strong></span> 
     </span>
    </p>
   </div>
   <div class='ocr_carea' id='block_1_25' title="bbox 107 1246 888 1305">
    <p class='ocr_par' dir='ltr' id='par_1_25' title="bbox 107 1246 888 1305">
     <span class='ocr_line' id='line_1_31' title="bbox 107 1246 888 1305; baseline 0.035 -33"><span class='ocrx_word' id='word_1_174' title='bbox 107 1246 213 1276; x_wconf 83' lang='lat' dir='ltr'><strong>butione</strong></span> <span class='ocrx_word' id='word_1_175' title='bbox 228 1251 304 1278; x_wconf 88' lang='lat' dir='ltr'><strong>enim</strong></span> <span class='ocrx_word' id='word_1_176' title='bbox 321 1255 403 1282; x_wconf 87' lang='lat' dir='ltr'><strong>medii</strong></span> <span class='ocrx_word' id='word_1_177' title='bbox 419 1264 580 1292; x_wconf 80' lang='lat' dir='ltr'><strong>supremum</strong></span> <span class='ocrx_word' id='word_1_178' title='bbox 596 1262 704 1292; x_wconf 87' lang='lat' dir='ltr'><strong>incendi</strong></span> <span class='ocrx_word' id='word_1_179' title='bbox 721 1267 822 1296; x_wconf 87' lang='lat' dir='ltr'><strong>dictum</strong></span> <span class='ocrx_word' id='word_1_180' title='bbox 833 1276 888 1305; x_wconf 85' lang='lat' dir='ltr'><strong>est;</strong></span> 
     </span>
    </p>
   </div>
   <div class='ocr_carea' id='block_1_26' title="bbox 106 1297 888 1348">
    <p class='ocr_par' dir='ltr' id='par_1_26' title="bbox 106 1297 888 1348">
     <span class='ocr_line' id='line_1_32' title="bbox 106 1297 888 1348; baseline 0.032 -29"><span class='ocrx_word' id='word_1_181' title='bbox 106 1297 180 1328; x_wconf 84' lang='lat' dir='ltr'><strong>atque</strong></span> <span class='ocrx_word' id='word_1_182' title='bbox 215 1305 271 1325; x_wconf 83' lang='lat' dir='ltr'><strong>una</strong></span> <span class='ocrx_word' id='word_1_183' title='bbox 297 1300 408 1333; x_wconf 90' lang='lat' dir='ltr'><strong>quidem</strong></span> <span class='ocrx_word' id='word_1_184' title='bbox 433 1303 550 1334; x_wconf 79' lang='lat' dir='ltr'><strong>ﬂamma:</strong></span> <span class='ocrx_word' id='word_1_185' title='bbox 576 1310 729 1339; x_wconf 73' lang='lat' dir='ltr'><strong>substantia</strong></span> <span class='ocrx_word' id='word_1_186' title='bbox 753 1319 809 1348; x_wconf 86' lang='lat' dir='ltr'><strong>est;</strong></span> <span class='ocrx_word' id='word_1_187' title='bbox 835 1297 888 1344; x_wconf 77' lang='lat' dir='ltr'><strong>noti</strong></span> 
     </span>
    </p>
   </div>
   <div class='ocr_carea' id='block_1_27' title="bbox 105 1342 889 1390">
    <p class='ocr_par' dir='ltr' id='par_1_27' title="bbox 105 1342 889 1390">
     <span class='ocr_line' id='line_1_33' title="bbox 105 1342 889 1390; baseline 0.034 -26"><span class='ocrx_word' id='word_1_188' title='bbox 105 1342 199 1374; x_wconf 85' lang='lat' dir='ltr'><strong>tamen,</strong></span> <span class='ocrx_word' id='word_1_189' title='bbox 223 1344 299 1376; x_wconf 82' lang='lat' dir='ltr'><strong>quod</strong></span> <span class='ocrx_word' id='word_1_190' title='bbox 327 1349 477 1386; x_wconf 79' lang='lat' dir='ltr'><strong>secundum</strong></span> <span class='ocrx_word' id='word_1_191' title='bbox 504 1354 684 1384; x_wconf 79' lang='lat' dir='ltr'><strong>substantiam</strong></span> <span class='ocrx_word' id='word_1_192' title='bbox 716 1364 758 1387; x_wconf 78' lang='lat' dir='ltr'><strong>est</strong></span> <span class='ocrx_word' id='word_1_193' title='bbox 783 1361 810 1388; x_wconf 88' lang='lat' dir='ltr'><strong>itt</strong></span> <span class='ocrx_word' id='word_1_194' title='bbox 834 1363 889 1390; x_wconf 89' lang='lat' dir='ltr'><strong>ullo</strong></span> 
     </span>
    </p>
   </div>
   <div class='ocr_carea' id='block_1_28' title="bbox 105 1383 474 1429">
    <p class='ocr_par' dir='ltr' id='par_1_28' title="bbox 105 1383 474 1429">
     <span class='ocr_line' id='line_1_34' title="bbox 105 1383 474 1429; baseline 0.038 -19"><span class='ocrx_word' id='word_1_195' title='bbox 105 1385 180 1413; x_wconf 86' lang='lat' dir='ltr'><strong>trium</strong></span> <span class='ocrx_word' id='word_1_196' title='bbox 201 1390 297 1419; x_wconf 90' lang='lat' dir='ltr'><strong>minus</strong></span> <span class='ocrx_word' id='word_1_197' title='bbox 316 1383 474 1429; x_wconf 76' lang='lat' dir='ltr'><strong>inspicitur.</strong></span> 
     </span>
    </p>
   </div>
   <div class='ocr_carea' id='block_1_29' title="bbox 135 1431 884 1486">
    <p class='ocr_par' dir='ltr' id='par_1_29' title="bbox 135 1431 884 1486">
     <span class='ocr_line' id='line_1_35' title="bbox 135 1431 884 1486; baseline 0.033 -28"><span class='ocrx_word' id='word_1_198' title='bbox 135 1431 265 1463; x_wconf 86' lang='lat' dir='ltr'><strong>Summus</strong></span> <span class='ocrx_word' id='word_1_199' title='bbox 293 1439 373 1467; x_wconf 82' lang='lat' dir='ltr'><strong>etiam</strong></span> <span class='ocrx_word' id='word_1_200' title='bbox 397 1442 611 1478; x_wconf 79' lang='lat' dir='ltr'><strong>Cltrysostomtts</strong></span> <span class='ocrx_word' id='word_1_201' title='bbox 630 1448 657 1476; x_wconf 90' lang='lat' dir='ltr'><strong>in</strong></span> <span class='ocrx_word' id='word_1_202' title='bbox 672 1452 777 1486; x_wconf 72' lang='lat' dir='ltr'><strong>psalmo</strong></span> <span class='ocrx_word' id='word_1_203' title='bbox 798 1462 884 1483; x_wconf 84' lang='lat' dir='ltr'><strong>xcttt:</strong></span> 
     </span>
    </p>
   </div>
   <div class='ocr_carea' id='block_1_30' title="bbox 105 1478 920 1540">
    <p class='ocr_par' dir='ltr' id='par_1_30' title="bbox 105 1478 920 1540">
     <span class='ocr_line' id='line_1_36' title="bbox 105 1478 920 1540; baseline 0.031 -35"><span class='ocrx_word' id='word_1_204' title='bbox 105 1487 113 1506; x_wconf 82' lang='lat' dir='ltr'><strong>t</strong></span> <span class='ocrx_word' id='word_1_205' title='bbox 131 1478 240 1508; x_wconf 81' lang='lat' dir='ltr'><strong>Fontem</strong></span> <span class='ocrx_word' id='word_1_206' title='bbox 256 1485 369 1517; x_wconf 88' lang='lat' dir='ltr'><strong>quidem</strong></span> <span class='ocrx_word' id='word_1_207' title='bbox 393 1489 510 1522; x_wconf 83' lang='lat' dir='ltr'><strong>appellat</strong></span> <span class='ocrx_word' id='word_1_208' title='bbox 532 1491 652 1528; x_wconf 86' lang='lat' dir='ltr'><strong>Patrem,</strong></span> <span class='ocrx_word' id='word_1_209' title='bbox 669 1478 769 1526; x_wconf 83' lang='lat' dir='ltr'><strong>ﬂumen</strong></span> <span class='ocrx_word' id='word_1_210' title='bbox 793 1507 884 1530; x_wconf 87' lang='lat' dir='ltr'><strong>autem</strong></span> <span class='ocrx_word' id='word_1_211' title='bbox 899 1513 920 1540; x_wconf 74' lang='grc' dir='ltr'>ο</span> 
     </span>
     <span class='ocr_line' id='line_1_37' title="bbox 105 1522 587 1540; baseline 0 0"><span class='ocrx_word' id='word_1_212' title='bbox 105 1522 191 1540; x_wconf 53' lang='lat' dir='ltr'><strong>Fili...“</strong></span> <span class='ocrx_word' id='word_1_213' title='bbox 220 1535 319 1540; x_wconf 50' lang='grc' dir='ltr'><strong>λη..-»</strong></span> <span class='ocrx_word' id='word_1_214' title='bbox 339 1539 352 1540; x_wconf 50' lang='grc' dir='ltr'><em>η</em></span> <span class='ocrx_word' id='word_1_215' title='bbox 394 1539 397 1540; x_wconf 66' lang='lat'>,</span> <span class='ocrx_word' id='word_1_216' title='bbox 425 1533 440 1540; x_wconf 71' lang='grc' dir='ltr'><strong>ι.</strong></span> <span class='ocrx_word' id='word_1_217' title='bbox 493 1535 498 1540; x_wconf 97' lang='grc'>.</span> <span class='ocrx_word' id='word_1_218' title='bbox 524 1537 530 1540; x_wconf 94' lang='grc'>.</span> <span class='ocrx_word' id='word_1_219' title='bbox 572 1537 587 1540; x_wconf 85' lang='grc'><strong>-</strong></span> 
     </span>
    </p>
   </div>
   <div class='ocr_carea' id='block_1_31' title="bbox 101 1522 882 1578">
    <p class='ocr_par' dir='ltr' id='par_1_31' title="bbox 101 1522 882 1578">
     <span class='ocr_line' id='line_1_38' title="bbox 101 1522 882 1578; baseline 0.032 -29"><span class='ocrx_word' id='word_1_220' title='bbox 101 1522 202 1555; x_wconf 83' lang='lat' dir='ltr'><strong>Filium.</strong></span> <span class='ocrx_word' id='word_1_221' title='bbox 218 1535 321 1562; x_wconf 86' lang='lat' dir='ltr'><strong>aquam</strong></span> <span class='ocrx_word' id='word_1_222' title='bbox 338 1539 402 1559; x_wconf 81' lang='lat' dir='ltr'><strong>vero</strong></span> <span class='ocrx_word' id='word_1_223' title='bbox 423 1533 546 1564; x_wconf 88' lang='lat' dir='ltr'><strong>ﬂuntinis</strong></span> <span class='ocrx_word' id='word_1_224' title='bbox 570 1537 700 1573; x_wconf 81' lang='lat' dir='ltr'><strong>Spiritum</strong></span> <span class='ocrx_word' id='word_1_225' title='bbox 715 1550 852 1578; x_wconf 80' lang='lat' dir='ltr'><strong>sanctum,</strong></span> <span class='ocrx_word' id='word_1_226' title='bbox 873 1556 882 1572; x_wconf 75' lang='grc' dir='ltr'>ι</span> 
     </span>
    </p>
   </div>
   <div class='ocr_carea' id='block_1_32' title="bbox 102 1573 886 1622">
    <p class='ocr_par' dir='ltr' id='par_1_32' title="bbox 102 1573 886 1622">
     <span class='ocr_line' id='line_1_39' title="bbox 102 1573 886 1622; baseline 0.029 -26"><span class='ocrx_word' id='word_1_227' title='bbox 102 1573 285 1601; x_wconf 83' lang='lat' dir='ltr'><strong>testimonium</strong></span> <span class='ocrx_word' id='word_1_228' title='bbox 302 1583 447 1607; x_wconf 86' lang='lat' dir='ltr'><strong>assumens</strong></span> <span class='ocrx_word' id='word_1_229' title='bbox 468 1581 586 1615; x_wconf 87' lang='lat' dir='ltr'><strong>Domini,</strong></span> <span class='ocrx_word' id='word_1_230' title='bbox 610 1587 655 1620; x_wconf 89' lang='lat' dir='ltr'><strong>qui</strong></span> <span class='ocrx_word' id='word_1_231' title='bbox 675 1588 713 1615; x_wconf 84' lang='lat' dir='ltr'><strong>ait</strong></span> <span class='ocrx_word' id='word_1_232' title='bbox 729 1598 735 1616; x_wconf 93' lang='lat'>:</span> <span class='ocrx_word' id='word_1_233' title='bbox 752 1589 803 1622; x_wconf 82' lang='lat' dir='ltr'><strong>Qui</strong></span> <span class='ocrx_word' id='word_1_234' title='bbox 816 1591 886 1619; x_wconf 82' lang='lat' dir='ltr'><strong>bibe-</strong></span> 
     </span>
    </p>
   </div>
   <div class='ocr_carea' id='block_1_33' title="bbox 103 1616 883 1667">
    <p class='ocr_par' dir='ltr' id='par_1_33' title="bbox 103 1616 883 1667">
     <span class='ocr_line' id='line_1_40' title="bbox 103 1616 883 1667; baseline 0.032 -26"><span class='ocrx_word' id='word_1_235' title='bbox 103 1616 131 1641; x_wconf 90' lang='lat' dir='ltr'><strong>rit</strong></span> <span class='ocrx_word' id='word_1_236' title='bbox 138 1624 168 1643; x_wconf 75' lang='lat' dir='ltr'><strong>ea:</strong></span> <span class='ocrx_word' id='word_1_237' title='bbox 177 1627 258 1653; x_wconf 80' lang='lat' dir='ltr'><strong>aqua.</strong></span> <span class='ocrx_word' id='word_1_238' title='bbox 265 1628 348 1655; x_wconf 83' lang='lat' dir='ltr'><strong>quam</strong></span> <span class='ocrx_word' id='word_1_239' title='bbox 357 1631 403 1657; x_wconf 75' lang='lat' dir='ltr'><strong>ego</strong></span> <span class='ocrx_word' id='word_1_240' title='bbox 413 1625 481 1653; x_wconf 82' lang='lat' dir='ltr'><strong>dabo</strong></span> <span class='ocrx_word' id='word_1_241' title='bbox 491 1628 525 1659; x_wconf 80' lang='lat' dir='ltr'><strong>ei,</strong></span> <span class='ocrx_word' id='word_1_242' title='bbox 536 1637 587 1656; x_wconf 87' lang='lat' dir='ltr'><strong>non</strong></span> <span class='ocrx_word' id='word_1_243' title='bbox 596 1631 665 1658; x_wconf 77' lang='lat' dir='ltr'><strong>sitiet</strong></span> <span class='ocrx_word' id='word_1_244' title='bbox 677 1634 703 1660; x_wconf 86' lang='lat' dir='ltr'><strong>in</strong></span> <span class='ocrx_word' id='word_1_245' title='bbox 713 1640 840 1664; x_wconf 70' lang='lat' dir='ltr'><strong>retentum</strong></span> <span class='ocrx_word' id='word_1_246' title='bbox 851 1638 883 1667; x_wconf 83' lang='lat'><strong>&quot;.</strong></span> 
     </span>
    </p>
   </div>
   <div class='ocr_carea' id='block_1_34' title="bbox 100 1660 883 1717">
    <p class='ocr_par' dir='ltr' id='par_1_34' title="bbox 100 1660 883 1717">
     <span class='ocr_line' id='line_1_41' title="bbox 100 1660 883 1717; baseline 0.031 -30"><span class='ocrx_word' id='word_1_247' title='bbox 100 1660 169 1692; x_wconf 78' lang='lat' dir='ltr'><strong>Quod</strong></span> <span class='ocrx_word' id='word_1_248' title='bbox 197 1672 347 1699; x_wconf 79' lang='lat' dir='ltr'><strong>exponens</strong></span> <span class='ocrx_word' id='word_1_249' title='bbox 371 1669 557 1706; x_wconf 75' lang='lat' dir='ltr'><strong>Evangelista,</strong></span> <span class='ocrx_word' id='word_1_250' title='bbox 582 1675 638 1703; x_wconf 68' lang='lat' dir='ltr'><strong>llo:</strong></span> <span class='ocrx_word' id='word_1_251' title='bbox 661 1684 759 1714; x_wconf 82' lang='lat' dir='ltr'><strong>autem,</strong></span> <span class='ocrx_word' id='word_1_252' title='bbox 784 1682 883 1717; x_wconf 87' lang='lat' dir='ltr'><strong>inquit,</strong></span> 
     </span>
     <span class='ocr_line' id='line_1_42' title="bbox 102 1706 330 1717; baseline 0.026 -6"><span class='ocrx_word' id='word_1_253' title='bbox 102 1706 159 1717; x_wconf 44' lang='grc' dir='ltr'><strong>μη,</strong></span> <span class='ocrx_word' id='word_1_254' title='bbox 188 1714 193 1717; x_wconf 87' lang='lat'>_</span> <span class='ocrx_word' id='word_1_255' title='bbox 217 1711 224 1717; x_wconf 95' lang='lat'><strong>.</strong></span> <span class='ocrx_word' id='word_1_256' title='bbox 256 1710 274 1717; x_wconf 77' lang='lat'><strong>..</strong></span> <span class='ocrx_word' id='word_1_257' title='bbox 299 1713 304 1717; x_wconf 83' lang='lat'><strong>.</strong></span> <span class='ocrx_word' id='word_1_258' title='bbox 325 1714 330 1717; x_wconf 90' lang='lat'><strong><em>_</em></strong></span> 
     </span>
    </p>
   </div>
   <div class='ocr_carea' id='block_1_35' title="bbox 100 1706 882 1757">
    <p class='ocr_par' dir='ltr' id='par_1_35' title="bbox 100 1706 882 1757">
     <span class='ocr_line' id='line_1_43' title="bbox 752 1706 882 1717; baseline 0.023 -3"><span class='ocrx_word' id='word_1_259' title='bbox 752 1706 759 1714; x_wconf 72' lang='grc' dir='ltr'><em>ι</em></span> <span class='ocrx_word' id='word_1_260' title='bbox 784 1706 882 1717; x_wconf 69' lang='lat'><strong>---~.«--.</strong></span> 
     </span>
     <span class='ocr_line' id='line_1_44' title="bbox 100 1706 882 1757; baseline 0.032 -25"><span class='ocrx_word' id='word_1_261' title='bbox 100 1706 194 1735; x_wconf 77' lang='lat' dir='ltr'><strong>dicebat</strong></span> <span class='ocrx_word' id='word_1_262' title='bbox 206 1711 239 1737; x_wconf 81' lang='lat' dir='ltr'><strong>de</strong></span> <span class='ocrx_word' id='word_1_263' title='bbox 252 1710 359 1747; x_wconf 79' lang='lat' dir='ltr'><strong>Spiritu</strong></span> <span class='ocrx_word' id='word_1_264' title='bbox 382 1723 456 1750; x_wconf 82' lang='lat' dir='ltr'><strong>quem</strong></span> <span class='ocrx_word' id='word_1_265' title='bbox 475 1723 607 1754; x_wconf 67' lang='lat' dir='ltr'><strong>accepturi</strong></span> <span class='ocrx_word' id='word_1_266' title='bbox 622 1729 696 1751; x_wconf 87' lang='lat' dir='ltr'><strong>erant</strong></span> <span class='ocrx_word' id='word_1_267' title='bbox 709 1727 842 1756; x_wconf 70' lang='lat' dir='ltr'><strong>credentes</strong></span> <span class='ocrx_word' id='word_1_268' title='bbox 855 1729 882 1757; x_wconf 78' lang='lat' dir='ltr'><strong>in</strong></span> 
     </span>
    </p>
   </div>
   <div class='ocr_carea' id='block_1_36' title="bbox 99 1755 869 1803">
    <p class='ocr_par' dir='ltr' id='par_1_36' title="bbox 99 1755 869 1803">
     <span class='ocr_line' id='line_1_45' title="bbox 99 1755 869 1803; baseline 0.032 -25"><span class='ocrx_word' id='word_1_269' title='bbox 99 1759 149 1780; x_wconf 78' lang='lat' dir='ltr'><strong>eum</strong></span> <span class='ocrx_word' id='word_1_270' title='bbox 163 1755 193 1782; x_wconf 69' lang='grc' dir='ltr'><strong>ιδ.</strong></span> <span class='ocrx_word' id='word_1_271' title='bbox 208 1756 289 1784; x_wconf 87' lang='lat' dir='ltr'><strong>Sicut</strong></span> <span class='ocrx_word' id='word_1_272' title='bbox 303 1767 367 1795; x_wconf 83' lang='lat' dir='ltr'><strong>ergo</strong></span> <span class='ocrx_word' id='word_1_273' title='bbox 387 1770 457 1796; x_wconf 84' lang='lat' dir='ltr'><strong>aqua</strong></span> <span class='ocrx_word' id='word_1_274' title='bbox 474 1764 556 1794; x_wconf 79' lang='lat' dir='ltr'><strong>fontis</strong></span> <span class='ocrx_word' id='word_1_275' title='bbox 579 1775 628 1802; x_wconf 87' lang='lat' dir='ltr'><strong>per</strong></span> <span class='ocrx_word' id='word_1_276' title='bbox 643 1771 753 1800; x_wconf 86' lang='lat' dir='ltr'><strong>ﬂuvium</strong></span> <span class='ocrx_word' id='word_1_277' title='bbox 771 1778 869 1803; x_wconf 84' lang='lat' dir='ltr'><strong>natura</strong></span> 
     </span>
    </p>
   </div>
   <div class='ocr_carea' id='block_1_37' title="bbox 100 1798 880 1855">
    <p class='ocr_par' dir='ltr' id='par_1_37' title="bbox 100 1798 880 1855">
     <span class='ocr_line' id='line_1_46' title="bbox 100 1798 880 1855; baseline 0.029 -30"><span class='ocrx_word' id='word_1_278' title='bbox 100 1798 151 1826; x_wconf 81' lang='lat' dir='ltr'><strong>liter</strong></span> <span class='ocrx_word' id='word_1_279' title='bbox 164 1809 293 1836; x_wconf 90' lang='lat' dir='ltr'><strong>manans,</strong></span> <span class='ocrx_word' id='word_1_280' title='bbox 313 1804 361 1840; x_wconf 81' lang='lat' dir='ltr'><strong>per</strong></span> <span class='ocrx_word' id='word_1_281' title='bbox 385 1807 472 1842; x_wconf 86' lang='lat' dir='ltr'><strong>ipsum</strong></span> <span class='ocrx_word' id='word_1_282' title='bbox 492 1811 674 1842; x_wconf 86' lang='lat' dir='ltr'><strong>substantiam</strong></span> <span class='ocrx_word' id='word_1_283' title='bbox 691 1817 781 1850; x_wconf 83' lang='lat' dir='ltr'><strong>habet,</strong></span> <span class='ocrx_word' id='word_1_284' title='bbox 798 1825 880 1855; x_wconf 84' lang='lat' dir='ltr'><strong>atque</strong></span> 
     </span>
    </p>
   </div>
   <div class='ocr_carea' id='block_1_38' title="bbox 99 1849 879 1900">
    <p class='ocr_par' dir='ltr' id='par_1_38' title="bbox 99 1849 879 1900">
     <span class='ocr_line' id='line_1_47' title="bbox 99 1849 879 1900; baseline 0.029 -29"><span class='ocrx_word' id='word_1_285' title='bbox 99 1852 151 1873; x_wconf 79' lang='lat' dir='ltr'><strong>tum</strong></span> <span class='ocrx_word' id='word_1_286' title='bbox 171 1849 271 1877; x_wconf 81' lang='lat' dir='ltr'><strong>ordine</strong></span> <span class='ocrx_word' id='word_1_287' title='bbox 287 1859 346 1878; x_wconf 77' lang='lat' dir='ltr'><strong>una</strong></span> <span class='ocrx_word' id='word_1_288' title='bbox 371 1857 397 1881; x_wconf 86' lang='lat' dir='ltr'><strong>et</strong></span> <span class='ocrx_word' id='word_1_289' title='bbox 412 1855 507 1884; x_wconf 86' lang='lat' dir='ltr'><strong>eadem</strong></span> <span class='ocrx_word' id='word_1_290' title='bbox 523 1865 600 1893; x_wconf 70' lang='lat' dir='ltr'><strong>aquae</strong></span> <span class='ocrx_word' id='word_1_291' title='bbox 612 1861 775 1897; x_wconf 86' lang='lat' dir='ltr'><strong>substantia,</strong></span> <span class='ocrx_word' id='word_1_292' title='bbox 793 1873 879 1900; x_wconf 85' lang='lat' dir='ltr'><strong>quatt-</strong></span> 
     </span>
    </p>
   </div>
   <div class='ocr_carea' id='block_1_39' title="bbox 101 1894 877 1944">
    <p class='ocr_par' dir='ltr' id='par_1_39' title="bbox 101 1894 877 1944">
     <span class='ocr_line' id='line_1_48' title="bbox 101 1894 877 1944; baseline 0.028 -27"><span class='ocrx_word' id='word_1_293' title='bbox 101 1896 147 1919; x_wconf 90' lang='lat' dir='ltr'><strong>tum</strong></span> <span class='ocrx_word' id='word_1_294' title='bbox 165 1894 191 1920; x_wconf 91' lang='lat' dir='ltr'><strong>in</strong></span> <span class='ocrx_word' id='word_1_295' title='bbox 207 1895 343 1926; x_wconf 79' lang='lat' dir='ltr'><strong>humanis</strong></span> <span class='ocrx_word' id='word_1_296' title='bbox 372 1899 568 1938; x_wconf 78' lang='lat' dir='ltr'><strong>fragilibusque</strong></span> <span class='ocrx_word' id='word_1_297' title='bbox 584 1906 665 1934; x_wconf 86' lang='lat' dir='ltr'><strong>rebus</strong></span> <span class='ocrx_word' id='word_1_298' title='bbox 682 1894 812 1943; x_wconf 72' lang='lat' dir='ltr'><strong>possibile</strong></span> <span class='ocrx_word' id='word_1_299' title='bbox 825 1917 877 1944; x_wconf 83' lang='lat' dir='ltr'><strong>est,</strong></span> 
     </span>
    </p>
   </div>
   <div class='ocr_carea' id='block_1_40' title="bbox 100 1941 876 1988">
    <p class='ocr_par' dir='ltr' id='par_1_40' title="bbox 100 1941 876 1988">
     <span class='ocr_line' id='line_1_49' title="bbox 100 1941 876 1988; baseline 0.026 -26"><span class='ocrx_word' id='word_1_300' title='bbox 100 1941 371 1974; x_wconf 75' lang='lat' dir='ltr'><strong>:pparcre_ceruitur,</strong></span> <span class='ocrx_word' id='word_1_301' title='bbox 393 1944 429 1970; x_wconf 86' lang='lat' dir='ltr'><strong>ita</strong></span> <span class='ocrx_word' id='word_1_302' title='bbox 441 1950 467 1972; x_wconf 93' lang='lat' dir='ltr'><strong>et</strong></span> <span class='ocrx_word' id='word_1_303' title='bbox 486 1946 519 1973; x_wconf 90' lang='lat' dir='ltr'><strong>de</strong></span> <span class='ocrx_word' id='word_1_304' title='bbox 540 1946 610 1975; x_wconf 86' lang='lat' dir='ltr'><strong>Filio</strong></span> <span class='ocrx_word' id='word_1_305' title='bbox 619 1957 650 1977; x_wconf 89' lang='lat' dir='ltr'><strong>ac</strong></span> <span class='ocrx_word' id='word_1_306' title='bbox 664 1941 760 1980; x_wconf 74' lang='lat' dir='ltr'><strong>saneto</strong></span> <span class='ocrx_word' id='word_1_307' title='bbox 775 1941 876 1988; x_wconf 79' lang='lat' dir='ltr'><strong>Spiritu</strong></span> 
     </span>
    </p>
   </div>
   <div class='ocr_carea' id='block_1_41' title="bbox 98 1980 242 2014">
    <p class='ocr_par' dir='ltr' id='par_1_41' title="bbox 98 1980 242 2014">
     <span class='ocr_line' id='line_1_50' title="bbox 98 1980 242 2014; baseline 0.049 -7"><span class='ocrx_word' id='word_1_308' title='bbox 98 1980 242 2014; x_wconf 75' lang='lat' dir='ltr'><strong>dicendum.</strong></span> 
     </span>
    </p>
   </div>
   <div class='ocr_carea' id='block_1_42' title="bbox 125 2029 873 2076">
    <p class='ocr_par' dir='ltr' id='par_1_42' title="bbox 125 2029 873 2076">
     <span class='ocr_line' id='line_1_51' title="bbox 125 2029 873 2076; baseline 0.025 -21"><span class='ocrx_word' id='word_1_309' title='bbox 125 2029 171 2056; x_wconf 81' lang='lat' dir='ltr'><strong>Alii</strong></span> <span class='ocrx_word' id='word_1_310' title='bbox 184 2037 278 2060; x_wconf 84' lang='lat' dir='ltr'><strong>autem</strong></span> <span class='ocrx_word' id='word_1_311' title='bbox 303 2038 461 2063; x_wconf 83' lang='lat' dir='ltr'><strong>sanctorum</strong></span> <span class='ocrx_word' id='word_1_312' title='bbox 486 2036 595 2066; x_wconf 89' lang='lat' dir='ltr'><strong>Patrttm</strong></span> <span class='ocrx_word' id='word_1_313' title='bbox 617 2041 719 2076; x_wconf 73' lang='lat' dir='ltr'><strong>ignem,</strong></span> <span class='ocrx_word' id='word_1_314' title='bbox 737 2044 873 2074; x_wconf 84' lang='lat' dir='ltr'><strong>ﬂammam</strong></span> 
     </span>
    </p>
   </div>
   <div class='ocr_carea' id='block_1_43' title="bbox 97 2075 873 2125">
    <p class='ocr_par' dir='ltr' id='par_1_43' title="bbox 97 2075 873 2125">
     <span class='ocr_line' id='line_1_52' title="bbox 97 2075 873 2125; baseline 0.026 -26"><span class='ocrx_word' id='word_1_315' title='bbox 97 2078 118 2100; x_wconf 84' lang='lat' dir='ltr'><strong>et</strong></span> <span class='ocrx_word' id='word_1_316' title='bbox 138 2075 235 2110; x_wconf 89' lang='lat' dir='ltr'><strong>lucem,</strong></span> <span class='ocrx_word' id='word_1_317' title='bbox 261 2078 291 2105; x_wconf 89' lang='lat' dir='ltr'><strong>in</strong></span> <span class='ocrx_word' id='word_1_318' title='bbox 307 2079 424 2115; x_wconf 81' lang='lat' dir='ltr'><strong>imagine</strong></span> <span class='ocrx_word' id='word_1_319' title='bbox 443 2081 583 2112; x_wconf 81' lang='lat' dir='ltr'><strong>Trinitatis</strong></span> <span class='ocrx_word' id='word_1_320' title='bbox 602 2093 819 2125; x_wconf 79' lang='lat' dir='ltr'><strong>assumpserunt,</strong></span> <span class='ocrx_word' id='word_1_321' title='bbox 840 2100 873 2119; x_wconf 83' lang='lat' dir='ltr'><strong>ex</strong></span> 
     </span>
    </p>
   </div>
   <div class='ocr_carea' id='block_1_44' title="bbox 97 2119 871 2171">
    <p class='ocr_par' dir='ltr' id='par_1_44' title="bbox 97 2119 871 2171">
     <span class='ocr_line' id='line_1_53' title="bbox 97 2119 871 2171; baseline 0.026 -26"><span class='ocrx_word' id='word_1_322' title='bbox 97 2119 182 2152; x_wconf 75' lang='lat' dir='ltr'><strong>quibus</strong></span> <span class='ocrx_word' id='word_1_323' title='bbox 197 2124 298 2151; x_wconf 82' lang='lat' dir='ltr'><strong>eadem</strong></span> <span class='ocrx_word' id='word_1_324' title='bbox 311 2125 440 2161; x_wconf 73' lang='lat' dir='ltr'><strong>colligere</strong></span> <span class='ocrx_word' id='word_1_325' title='bbox 460 2129 531 2156; x_wconf 87' lang='lat' dir='ltr'><strong>licet.</strong></span> <span class='ocrx_word' id='word_1_326' title='bbox 545 2130 644 2159; x_wconf 76' lang='lat' dir='ltr'><strong>Beatus</strong></span> <span class='ocrx_word' id='word_1_327' title='bbox 664 2119 727 2161; x_wconf 53' lang='lat' dir='ltr'><strong>ite-th</strong></span> <span class='ocrx_word' id='word_1_328' title='bbox 741 2119 871 2171; x_wconf 77' lang='lat' dir='ltr'><strong>Cyl-illus,</strong></span> 
     </span>
    </p>
   </div>
   <div class='ocr_carea' id='block_1_45' title="bbox 912 837 935 867">
    <p class='ocr_par' dir='ltr' id='par_1_45' title="bbox 912 837 935 867">
     <span class='ocr_line' id='line_1_54' title="bbox 912 837 935 867; baseline 0 0"><span class='ocrx_word' id='word_1_329' title='bbox 912 837 935 867; x_wconf 91' lang='grc' dir='ltr'>Β</span> 
     </span>
    </p>
   </div>
   <div class='ocr_carea' id='block_1_46' title="bbox 96 2162 910 2217">
    <p class='ocr_par' dir='ltr' id='par_1_46' title="bbox 96 2162 910 2217">
     <span class='ocr_line' id='line_1_55' title="bbox 96 2162 910 2217; baseline 0.025 -27"><span class='ocrx_word' id='word_1_330' title='bbox 96 2162 116 2189; x_wconf 87' lang='lat' dir='ltr'><strong>in</strong></span> <span class='ocrx_word' id='word_1_331' title='bbox 137 2164 279 2196; x_wconf 66' lang='lat' dir='ltr'><strong>Thesauri;</strong></span> <span class='ocrx_word' id='word_1_332' title='bbox 304 2169 372 2204; x_wconf 83' lang='lat' dir='ltr'><strong>suis,</strong></span> <span class='ocrx_word' id='word_1_333' title='bbox 398 2173 528 2206; x_wconf 86' lang='lat' dir='ltr'><strong>radicem,</strong></span> <span class='ocrx_word' id='word_1_334' title='bbox 565 2183 670 2204; x_wconf 86' lang='lat' dir='ltr'><strong>ramum</strong></span> <span class='ocrx_word' id='word_1_335' title='bbox 698 2177 910 2217; x_wconf 82' lang='lat' dir='ltr'><strong>l&#39;ruetnmqueD</strong></span> 
     </span>
    </p>
   </div>
   <div class='ocr_carea' id='block_1_47' title="bbox 95 2212 870 2262">
    <p class='ocr_par' dir='ltr' id='par_1_47' title="bbox 95 2212 870 2262">
     <span class='ocr_line' id='line_1_56' title="bbox 95 2212 870 2262; baseline 0.028 -27"><span class='ocrx_word' id='word_1_336' title='bbox 95 2215 134 2242; x_wconf 82' lang='lat' dir='ltr'><strong>pro</strong></span> <span class='ocrx_word' id='word_1_337' title='bbox 153 2212 337 2242; x_wconf 82' lang='lat' dir='ltr'><strong>similitudine</strong></span> <span class='ocrx_word' id='word_1_338' title='bbox 369 2219 505 2252; x_wconf 83' lang='lat' dir='ltr'><strong>sutnps&#39;t;</strong></span> <span class='ocrx_word' id='word_1_339' title='bbox 529 2226 610 2256; x_wconf 85' lang='lat' dir='ltr'><strong>atque</strong></span> <span class='ocrx_word' id='word_1_340' title='bbox 636 2223 743 2253; x_wconf 83' lang='lat' dir='ltr'><strong>Patrem</strong></span> <span class='ocrx_word' id='word_1_341' title='bbox 768 2235 870 2262; x_wconf 89' lang='lat' dir='ltr'><strong>rosam,</strong></span> 
     </span>
     <span class='ocr_line' id='line_1_57' title="bbox 95 2253 254 2262; baseline 0.025 -4"><span class='ocrx_word' id='word_1_342' title='bbox 95 2253 106 2262; x_wconf 84' lang='lat'><strong>,.</strong></span> <span class='ocrx_word' id='word_1_343' title='bbox 204 2258 254 2262; x_wconf 36' lang='grc' dir='ltr'><strong>-..ν</strong></span> 
     </span>
    </p>
   </div>
   <div class='ocr_carea' id='block_1_48' title="bbox 95 2253 870 2307">
    <p class='ocr_par' dir='ltr' id='par_1_48' title="bbox 95 2253 870 2307">
     <span class='ocr_line' id='line_1_58' title="bbox 95 2253 870 2307; baseline 0.026 -25"><span class='ocrx_word' id='word_1_344' title='bbox 95 2253 173 2284; x_wconf 82' lang='lat' dir='ltr'><strong>ﬂorem</strong></span> <span class='ocrx_word' id='word_1_345' title='bbox 204 2258 323 2293; x_wconf 84' lang='lat' dir='ltr'><strong>Filium,</strong></span> <span class='ocrx_word' id='word_1_346' title='bbox 362 2263 510 2299; x_wconf 72' lang='lat' dir='ltr'><strong>odor-isque</strong></span> <span class='ocrx_word' id='word_1_347' title='bbox 537 2253 714 2302; x_wconf 67' lang='lat' dir='ltr'><strong>ﬂagrantiam</strong></span> <span class='ocrx_word' id='word_1_348' title='bbox 739 2271 870 2307; x_wconf 89' lang='lat' dir='ltr'><strong>Spiritum</strong></span> 
     </span>
    </p>
   </div>
   <div class='ocr_carea' id='block_1_49' title="bbox 93 2306 869 2354">
    <p class='ocr_par' dir='ltr' id='par_1_49' title="bbox 93 2306 869 2354">
     <span class='ocr_line' id='line_1_59' title="bbox 93 2306 869 2354; baseline 0.026 -26"><span class='ocrx_word' id='word_1_349' title='bbox 93 2306 203 2331; x_wconf 75' lang='lat' dir='ltr'><strong>sanctum</strong></span> <span class='ocrx_word' id='word_1_350' title='bbox 213 2306 382 2340; x_wconf 85' lang='lat' dir='ltr'><strong>appellavit;</strong></span> <span class='ocrx_word' id='word_1_351' title='bbox 399 2308 516 2345; x_wconf 82' lang='lat' dir='ltr'><strong>Filiique</strong></span> <span class='ocrx_word' id='word_1_352' title='bbox 533 2311 664 2347; x_wconf 87' lang='lat' dir='ltr'><strong>Spiritum</strong></span> <span class='ocrx_word' id='word_1_353' title='bbox 675 2317 710 2343; x_wconf 91' lang='lat' dir='ltr'><strong>ita</strong></span> <span class='ocrx_word' id='word_1_354' title='bbox 720 2306 779 2346; x_wconf 71' lang='lat' dir='ltr'><strong>esse</strong></span> <span class='ocrx_word' id='word_1_355' title='bbox 790 2319 869 2354; x_wconf 68' lang='lat' dir='ltr'><strong>dixit,</strong></span> 
     </span>
    </p>
   </div>
   <div class='ocr_carea' id='block_1_50' title="bbox 93 2348 867 2400">
    <p class='ocr_par' dir='ltr' id='par_1_50' title="bbox 93 2348 867 2400">
     <span class='ocr_line' id='line_1_60' title="bbox 93 2348 867 2400; baseline 0.028 -28"><span class='ocrx_word' id='word_1_356' title='bbox 93 2348 159 2379; x_wconf 82' lang='lat' dir='ltr'><strong>quasi</strong></span> <span class='ocrx_word' id='word_1_357' title='bbox 173 2357 305 2384; x_wconf 79' lang='lat' dir='ltr'><strong>vaporem</strong></span> <span class='ocrx_word' id='word_1_358' title='bbox 328 2361 360 2380; x_wconf 79' lang='lat' dir='ltr'><strong>ex</strong></span> <span class='ocrx_word' id='word_1_359' title='bbox 384 2362 464 2390; x_wconf 84' lang='lat' dir='ltr'><strong>aqua,</strong></span> <span class='ocrx_word' id='word_1_360' title='bbox 481 2365 514 2385; x_wconf 85' lang='lat' dir='ltr'><strong>ac</strong></span> <span class='ocrx_word' id='word_1_361' title='bbox 530 2359 612 2387; x_wconf 68' lang='lat' dir='ltr'><strong>Vt&#39;iuli</strong></span> <span class='ocrx_word' id='word_1_362' title='bbox 625 2362 781 2396; x_wconf 86' lang='lat' dir='ltr'><strong>qualitatem</strong></span> <span class='ocrx_word' id='word_1_363' title='bbox 798 2366 867 2400; x_wconf 78' lang='lat' dir='ltr'><strong>ejus.</strong></span> 
     </span>
     <span class='ocr_line' id='line_1_61' title="bbox 93 2390 285 2400; baseline 0.021 -2"><span class='ocrx_word' id='word_1_364' title='bbox 93 2390 114 2400; x_wconf 66' lang='grc' dir='ltr'><strong>ρ.</strong></span> <span class='ocrx_word' id='word_1_365' title='bbox 151 2394 177 2400; x_wconf 85' lang='grc'><strong>,.</strong></span> <span class='ocrx_word' id='word_1_366' title='bbox 198 2395 204 2400; x_wconf 90' lang='grc'>.</span> <span class='ocrx_word' id='word_1_367' title='bbox 277 2397 285 2400; x_wconf 95' lang='grc'>.</span> 
     </span>
    </p>
   </div>
   <div class='ocr_carea' id='block_1_51' title="bbox 93 2390 868 2439">
    <p class='ocr_par' dir='ltr' id='par_1_51' title="bbox 93 2390 868 2439">
     <span class='ocr_line' id='line_1_62' title="bbox 633 2390 867 2400; baseline 0.021 -4"><span class='ocrx_word' id='word_1_368' title='bbox 633 2390 639 2396; x_wconf 81' lang='grc' dir='ltr'>ι</span> <span class='ocrx_word' id='word_1_369' title='bbox 758 2390 781 2391; x_wconf 52' lang='grc' dir='ltr'><em>⁷η</em></span> <span class='ocrx_word' id='word_1_370' title='bbox 813 2390 867 2400; x_wconf 68' lang='lat'><strong>1&quot;&quot;</strong></span> 
     </span>
     <span class='ocr_line' id='line_1_63' title="bbox 93 2390 868 2439; baseline 0.028 -22"><span class='ocrx_word' id='word_1_371' title='bbox 93 2390 159 2420; x_wconf 83' lang='lat' dir='ltr'><strong>Sicut</strong></span> <span class='ocrx_word' id='word_1_372' title='bbox 171 2394 254 2428; x_wconf 77' lang='lat' dir='ltr'><strong>igitur</strong></span> <span class='ocrx_word' id='word_1_373' title='bbox 274 2397 380 2426; x_wconf 79' lang='lat' dir='ltr'><strong>fructus</strong></span> <span class='ocrx_word' id='word_1_374' title='bbox 395 2407 427 2428; x_wconf 84' lang='lat' dir='ltr'><strong>ex</strong></span> <span class='ocrx_word' id='word_1_375' title='bbox 445 2403 537 2430; x_wconf 82' lang='lat' dir='ltr'><strong>radice</strong></span> <span class='ocrx_word' id='word_1_376' title='bbox 553 2412 600 2439; x_wconf 91' lang='lat' dir='ltr'><strong>per</strong></span> <span class='ocrx_word' id='word_1_377' title='bbox 614 2413 718 2434; x_wconf 88' lang='lat' dir='ltr'><strong>ramum</strong></span> <span class='ocrx_word' id='word_1_378' title='bbox 736 2412 868 2438; x_wconf 66' lang='lat' dir='ltr'><strong>naturali-</strong></span> 
     </span>
    </p>
   </div>
   <div class='ocr_carea' id='block_1_52' title="bbox 92 2439 864 2490">
    <p class='ocr_par' dir='ltr' id='par_1_52' title="bbox 92 2439 864 2490">
     <span class='ocr_line' id='line_1_64' title="bbox 92 2439 864 2490; baseline 0.026 -25"><span class='ocrx_word' id='word_1_379' title='bbox 92 2439 124 2463; x_wconf 77' lang='lat' dir='ltr'><strong>let</strong></span> <span class='ocrx_word' id='word_1_380' title='bbox 143 2441 284 2476; x_wconf 87' lang='lat' dir='ltr'><strong>prodiens,</strong></span> <span class='ocrx_word' id='word_1_381' title='bbox 311 2445 492 2476; x_wconf 83' lang='lat' dir='ltr'><strong>substantiam</strong></span> <span class='ocrx_word' id='word_1_382' title='bbox 513 2458 545 2477; x_wconf 80' lang='lat' dir='ltr'><strong>ex</strong></span> <span class='ocrx_word' id='word_1_383' title='bbox 573 2451 664 2480; x_wconf 78' lang='lat' dir='ltr'><strong>radice</strong></span> <span class='ocrx_word' id='word_1_384' title='bbox 685 2462 734 2490; x_wconf 69' lang='lat' dir='ltr'><strong>per</strong></span> <span class='ocrx_word' id='word_1_385' title='bbox 758 2464 864 2485; x_wconf 81' lang='lat' dir='ltr'><strong>ramum</strong></span> 
     </span>
    </p>
   </div>
   <div class='ocr_carea' id='block_1_53' title="bbox 91 2484 865 2532">
    <p class='ocr_par' dir='ltr' id='par_1_53' title="bbox 91 2484 865 2532">
     <span class='ocr_line' id='line_1_65' title="bbox 91 2484 865 2532; baseline 0.031 -25"><span class='ocrx_word' id='word_1_386' title='bbox 91 2484 188 2518; x_wconf 84' lang='lat' dir='ltr'><strong>accipit,</strong></span> <span class='ocrx_word' id='word_1_387' title='bbox 215 2495 271 2514; x_wconf 75' lang='lat' dir='ltr'><strong>non</strong></span> <span class='ocrx_word' id='word_1_388' title='bbox 291 2497 324 2516; x_wconf 79' lang='lat' dir='ltr'><strong>ex</strong></span> <span class='ocrx_word' id='word_1_389' title='bbox 348 2492 452 2525; x_wconf 78' lang='lat' dir='ltr'><strong>radice,</strong></span> <span class='ocrx_word' id='word_1_390' title='bbox 476 2495 536 2523; x_wconf 87' lang='lat' dir='ltr'><strong>sine</strong></span> <span class='ocrx_word' id='word_1_391' title='bbox 552 2499 658 2532; x_wconf 86' lang='lat' dir='ltr'><strong>medio;</strong></span> <span class='ocrx_word' id='word_1_392' title='bbox 679 2501 783 2529; x_wconf 80' lang='lat' dir='ltr'><strong>sublata</strong></span> <span class='ocrx_word' id='word_1_393' title='bbox 801 2502 865 2530; x_wconf 69' lang='grc' dir='ltr'><strong>νρὴ</strong></span> 
     </span>
    </p>
   </div>
   <div class='ocr_carea' id='block_1_54' title="bbox 91 2530 862 2581">
    <p class='ocr_par' dir='ltr' id='par_1_54' title="bbox 91 2530 862 2581">
     <span class='ocr_line' id='line_1_66' title="bbox 91 2530 862 2581; baseline 0.027 -26"><span class='ocrx_word' id='word_1_394' title='bbox 91 2530 145 2556; x_wconf 76' lang='lat' dir='ltr'><strong>rami</strong></span> <span class='ocrx_word' id='word_1_395' title='bbox 168 2533 359 2569; x_wconf 79' lang='lat' dir='ltr'><strong>mediatione,</strong></span> <span class='ocrx_word' id='word_1_396' title='bbox 398 2537 504 2567; x_wconf 78' lang='lat' dir='ltr'><strong>fructus</strong></span> <span class='ocrx_word' id='word_1_397' title='bbox 533 2548 659 2571; x_wconf 86' lang='lat' dir='ltr'><strong>constare</strong></span> <span class='ocrx_word' id='word_1_398' title='bbox 682 2554 734 2573; x_wconf 86' lang='lat' dir='ltr'><strong>non</strong></span> <span class='ocrx_word' id='word_1_399' title='bbox 753 2549 862 2581; x_wconf 79' lang='lat' dir='ltr'><strong>poterit,</strong></span> 
     </span>
    </p>
   </div>
   <div class='ocr_carea' id='block_1_55' title="bbox 90 2578 861 2628">
    <p class='ocr_par' dir='ltr' id='par_1_55' title="bbox 90 2578 861 2628">
     <span class='ocr_line' id='line_1_67' title="bbox 90 2578 861 2628; baseline 0.027 -27"><span class='ocrx_word' id='word_1_400' title='bbox 90 2578 157 2608; x_wconf 66' lang='lat' dir='ltr'><strong>atque</strong></span> <span class='ocrx_word' id='word_1_401' title='bbox 182 2586 236 2606; x_wconf 87' lang='lat' dir='ltr'><strong>ttna</strong></span> <span class='ocrx_word' id='word_1_402' title='bbox 271 2585 299 2607; x_wconf 91' lang='lat' dir='ltr'><strong>et</strong></span> <span class='ocrx_word' id='word_1_403' title='bbox 322 2584 454 2611; x_wconf 79' lang='lat' dir='ltr'><strong>naturalis</strong></span> <span class='ocrx_word' id='word_1_404' title='bbox 479 2587 596 2621; x_wconf 86' lang='lat' dir='ltr'><strong>qualitas</strong></span> <span class='ocrx_word' id='word_1_405' title='bbox 621 2595 647 2617; x_wconf 87' lang='lat' dir='ltr'><strong>et</strong></span> <span class='ocrx_word' id='word_1_406' title='bbox 670 2592 736 2619; x_wconf 88' lang='lat' dir='ltr'><strong>ordo</strong></span> <span class='ocrx_word' id='word_1_407' title='bbox 755 2594 861 2628; x_wconf 87' lang='lat' dir='ltr'><strong>elucet;</strong></span> 
     </span>
    </p>
   </div>
   <div class='ocr_carea' id='block_1_56' title="bbox 91 2618 858 2673">
    <p class='ocr_par' dir='ltr' id='par_1_56' title="bbox 91 2618 858 2673">
     <span class='ocr_line' id='line_1_68' title="bbox 488 2618 858 2628; baseline 0.019 -7"><span class='ocrx_word' id='word_1_408' title='bbox 488 2618 495 2621; x_wconf 89' lang='lat'><strong>.</strong></span> <span class='ocrx_word' id='word_1_409' title='bbox 728 2618 731 2619; x_wconf 51' lang='grc' dir='ltr'><em>ν</em></span> <span class='ocrx_word' id='word_1_410' title='bbox 759 2618 858 2628; x_wconf 40' lang='grc' dir='ltr'><strong>νηί-ι</strong></span> 
     </span>
     <span class='ocr_line' id='line_1_69' title="bbox 91 2618 858 2673; baseline 0.03 -28"><span class='ocrx_word' id='word_1_411' title='bbox 91 2618 169 2648; x_wconf 77' lang='lat' dir='ltr'><strong>itidem</strong></span> <span class='ocrx_word' id='word_1_412' title='bbox 185 2628 213 2651; x_wconf 82' lang='lat' dir='ltr'><strong>et</strong></span> <span class='ocrx_word' id='word_1_413' title='bbox 229 2625 265 2652; x_wconf 81' lang='lat' dir='ltr'><strong>de</strong></span> <span class='ocrx_word' id='word_1_414' title='bbox 283 2632 376 2654; x_wconf 86' lang='lat' dir='ltr'><strong>saneto</strong></span> <span class='ocrx_word' id='word_1_415' title='bbox 391 2628 493 2663; x_wconf 89' lang='lat' dir='ltr'><strong>Spiritu</strong></span> <span class='ocrx_word' id='word_1_416' title='bbox 509 2633 665 2669; x_wconf 86' lang='lat' dir='ltr'><strong>dicendum,</strong></span> <span class='ocrx_word' id='word_1_417' title='bbox 682 2637 708 2664; x_wconf 90' lang='lat' dir='ltr'><strong>in</strong></span> <span class='ocrx_word' id='word_1_418' title='bbox 727 2645 858 2673; x_wconf 88' lang='lat' dir='ltr'><strong>quantum</strong></span> 
     </span>
    </p>
   </div>
   <div class='ocr_carea' id='block_1_57' title="bbox 90 2669 509 2706">
    <p class='ocr_par' dir='ltr' id='par_1_57' title="bbox 90 2669 509 2706">
     <span class='ocr_line' id='line_1_70' title="bbox 90 2669 509 2706; baseline 0.033 -16"><span class='ocrx_word' id='word_1_419' title='bbox 90 2669 190 2702; x_wconf 81' lang='lat' dir='ltr'><strong>exempli</strong></span> <span class='ocrx_word' id='word_1_420' title='bbox 209 2672 342 2704; x_wconf 73' lang='lat' dir='ltr'><strong>permittit</strong></span> <span class='ocrx_word' id='word_1_421' title='bbox 357 2674 509 2706; x_wconf 74' lang='lat' dir='ltr'><strong>inﬁrmitas.</strong></span> 
     </span>
    </p>
   </div>
   <div class='ocr_carea' id='block_1_58' title="bbox 116 2709 860 2760">
    <p class='ocr_par' dir='ltr' id='par_1_58' title="bbox 116 2709 860 2760">
     <span class='ocr_line' id='line_1_71' title="bbox 116 2709 860 2760; baseline 0.032 -23"><span class='ocrx_word' id='word_1_422' title='bbox 116 2709 209 2741; x_wconf 80' lang='lat' dir='ltr'><strong>Beatus</strong></span> <span class='ocrx_word' id='word_1_423' title='bbox 226 2716 300 2743; x_wconf 79' lang='lat' dir='ltr'><strong>idem</strong></span> <span class='ocrx_word' id='word_1_424' title='bbox 323 2719 440 2754; x_wconf 76' lang='lat' dir='ltr'><strong>Cyrillus</strong></span> <span class='ocrx_word' id='word_1_425' title='bbox 457 2723 482 2750; x_wconf 93' lang='lat' dir='ltr'><strong>in</strong></span> <span class='ocrx_word' id='word_1_426' title='bbox 509 2724 650 2754; x_wconf 61' lang='lat' dir='ltr'><strong>Thesauri:</strong></span> <span class='ocrx_word' id='word_1_427' title='bbox 670 2729 727 2757; x_wconf 87' lang='lat' dir='ltr'><strong>ait:</strong></span> <span class='ocrx_word' id='word_1_428' title='bbox 749 2739 759 2757; x_wconf 74' lang='grc' dir='ltr'><strong><em>ι</em></strong></span> <span class='ocrx_word' id='word_1_429' title='bbox 780 2731 860 2760; x_wconf 67' lang='grc' dir='ltr'><strong>(ῖΙιιιῐ-</strong></span> 
     </span>
    </p>
   </div>
   <div class='ocr_carea' id='block_1_59' title="bbox 116 2799 624 2844">
    <p class='ocr_par' dir='ltr' id='par_1_59' title="bbox 116 2799 624 2844">
     <span class='ocr_line' id='line_1_72' title="bbox 116 2799 624 2844; baseline 0.03 -18"><span class='ocrx_word' id='word_1_430' title='bbox 116 2799 136 2815; x_wconf 91' lang='grc'><strong>¹³</strong></span> <span class='ocrx_word' id='word_1_431' title='bbox 148 2799 226 2830; x_wconf 69' lang='lat' dir='ltr'><strong>toan.</strong></span> <span class='ocrx_word' id='word_1_432' title='bbox 246 2811 286 2837; x_wconf 87' lang='lat' dir='ltr'><strong>tv,</strong></span> <span class='ocrx_word' id='word_1_433' title='bbox 302 2805 344 2833; x_wconf 81' lang='lat' dir='ltr'><strong>i5.</strong></span> <span class='ocrx_word' id='word_1_434' title='bbox 385 2809 406 2825; x_wconf 68' lang='grc' dir='ltr'>η</span> <span class='ocrx_word' id='word_1_435' title='bbox 421 2809 498 2838; x_wconf 83' lang='lat' dir='ltr'><strong>Joan.</strong></span> <span class='ocrx_word' id='word_1_436' title='bbox 513 2820 562 2844; x_wconf 89' lang='lat' dir='ltr'><strong>vtt,</strong></span> <span class='ocrx_word' id='word_1_437' title='bbox 581 2813 624 2841; x_wconf 79' lang='lat'><strong>39.</strong></span> 
     </span>
    </p>
   </div>
   <div class='ocr_carea' id='block_1_60' title="bbox 689 109 1213 150">
    <p class='ocr_par' dir='ltr' id='par_1_60' title="bbox 689 109 1213 150">
     <span class='ocr_line' id='line_1_73' title="bbox 689 109 1213 150; baseline 0.021 -11"><span class='ocrx_word' id='word_1_438' title='bbox 689 109 891 141; x_wconf 72' lang='lat' dir='ltr'><strong>ADVERFUS</strong></span> <span class='ocrx_word' id='word_1_439' title='bbox 909 112 1071 146; x_wconf 63' lang='lat' dir='ltr'><strong>GRAECOS</strong></span> <span class='ocrx_word' id='word_1_440' title='bbox 1092 116 1167 149; x_wconf 82' lang='lat' dir='ltr'><strong>LIB.</strong></span> <span class='ocrx_word' id='word_1_441' title='bbox 1188 119 1213 150; x_wconf 86' lang='grc' dir='ltr'><strong>Ῑ.</strong></span> 
     </span>
    </p>
   </div>
   <div class='ocr_carea' id='block_1_61' title="bbox 667 2817 950 2856">
    <p class='ocr_par' dir='ltr' id='par_1_61' title="bbox 667 2817 950 2856">
     <span class='ocr_line' id='line_1_74' title="bbox 667 2817 950 2856; baseline 0.032 -14"><span class='ocrx_word' id='word_1_442' title='bbox 667 2817 687 2834; x_wconf 76' lang='grc'><strong>³⁸</strong></span> <span class='ocrx_word' id='word_1_443' title='bbox 704 2817 771 2844; x_wconf 79' lang='lat' dir='ltr'><strong>Luc.</strong></span> <span class='ocrx_word' id='word_1_444' title='bbox 787 2827 817 2853; x_wconf 92' lang='lat' dir='ltr'><strong>tt,</strong></span> <span class='ocrx_word' id='word_1_445' title='bbox 840 2821 880 2856; x_wconf 80' lang='grc'><strong>19,</strong></span> <span class='ocrx_word' id='word_1_446' title='bbox 906 2821 950 2852; x_wconf 68' lang='grc' dir='ltr'><strong>ΞΟ.</strong></span> 
     </span>
    </p>
   </div>
   <div class='ocr_carea' id='block_1_62' title="bbox 1723 132 1757 162">
    <p class='ocr_par' dir='ltr' id='par_1_62' title="bbox 1723 132 1757 162">
     <span class='ocr_line' id='line_1_75' title="bbox 1723 132 1757 162; baseline 0 0"><span class='ocrx_word' id='word_1_447' title='bbox 1723 132 1757 162; x_wconf 77' lang='grc'><strong>38</strong></span> 
     </span>
    </p>
   </div>
   <div class='ocr_carea' id='block_1_63' title="bbox 965 171 1756 220">
    <p class='ocr_par' dir='ltr' id='par_1_63' title="bbox 965 171 1756 220">
     <span class='ocr_line' id='line_1_76' title="bbox 965 171 1756 220; baseline 0.02 -24"><span class='ocrx_word' id='word_1_448' title='bbox 965 177 1026 199; x_wconf 81' lang='lat' dir='ltr'><strong>stus</strong></span> <span class='ocrx_word' id='word_1_449' title='bbox 1044 171 1156 201; x_wconf 83' lang='lat' dir='ltr'><strong>Judaeos</strong></span> <span class='ocrx_word' id='word_1_450' title='bbox 1180 175 1332 211; x_wconf 77' lang='lat' dir='ltr'><strong>alloquens.</strong></span> <span class='ocrx_word' id='word_1_451' title='bbox 1349 177 1380 206; x_wconf 86' lang='lat' dir='ltr'><strong>Si</strong></span> <span class='ocrx_word' id='word_1_452' title='bbox 1398 183 1495 213; x_wconf 78' lang='lat' dir='ltr'><strong>autent,</strong></span> <span class='ocrx_word' id='word_1_453' title='bbox 1514 181 1600 217; x_wconf 82' lang='lat' dir='ltr'><strong>inquit</strong></span> <span class='ocrx_word' id='word_1_454' title='bbox 1631 185 1657 211; x_wconf 78' lang='lat' dir='ltr'><strong>in</strong></span> <span class='ocrx_word' id='word_1_455' title='bbox 1673 185 1756 220; x_wconf 76' lang='lat' dir='ltr'><strong>digito</strong></span> 
     </span>
    </p>
   </div>
   <div class='ocr_carea' id='block_1_64' title="bbox 967 215 1754 266">
    <p class='ocr_par' dir='ltr' id='par_1_64' title="bbox 967 215 1754 266">
     <span class='ocr_line' id='line_1_77' title="bbox 967 215 1754 266; baseline 0.022 -25"><span class='ocrx_word' id='word_1_456' title='bbox 967 215 1015 243; x_wconf 75' lang='grc' dir='ltr'><strong>Ι)ιὶ</strong></span> <span class='ocrx_word' id='word_1_457' title='bbox 1028 217 1105 251; x_wconf 80' lang='lat' dir='ltr'><strong>ejicio</strong></span> <span class='ocrx_word' id='word_1_458' title='bbox 1119 220 1261 254; x_wconf 77' lang='lat' dir='ltr'><strong>t/wmont&#39;u,</strong></span> <span class='ocrx_word' id='word_1_459' title='bbox 1290 225 1408 258; x_wconf 79' lang='lat' dir='ltr'><strong>pro/ecta</strong></span> <span class='ocrx_word' id='word_1_460' title='bbox 1420 228 1534 259; x_wconf 74' lang='lat' dir='ltr'><strong>pervenit</strong></span> <span class='ocrx_word' id='word_1_461' title='bbox 1549 229 1574 255; x_wconf 88' lang='lat' dir='ltr'><strong>in</strong></span> <span class='ocrx_word' id='word_1_462' title='bbox 1589 237 1632 256; x_wconf 76' lang='lat' dir='ltr'><strong>vos</strong></span> <span class='ocrx_word' id='word_1_463' title='bbox 1647 239 1754 266; x_wconf 78' lang='lat' dir='ltr'><strong>regnum</strong></span> 
     </span>
    </p>
   </div>
   <div class='ocr_carea' id='block_1_65' title="bbox 965 261 1751 309">
    <p class='ocr_par' dir='ltr' id='par_1_65' title="bbox 965 261 1751 309">
     <span class='ocr_line' id='line_1_78' title="bbox 965 261 1751 309; baseline 0.022 -22"><span class='ocrx_word' id='word_1_464' title='bbox 965 261 1013 288; x_wconf 86' lang='lat' dir='ltr'><strong>Dei</strong></span> <span class='ocrx_word' id='word_1_465' title='bbox 1029 263 1060 290; x_wconf 72' lang='grc' dir='ltr'><strong>η.</strong></span> <span class='ocrx_word' id='word_1_466' title='bbox 1079 264 1196 299; x_wconf 76' lang='lat' dir='ltr'><strong>Digitum:</strong></span> <span class='ocrx_word' id='word_1_467' title='bbox 1217 268 1269 295; x_wconf 86' lang='lat' dir='ltr'><strong>hoc</strong></span> <span class='ocrx_word' id='word_1_468' title='bbox 1287 269 1312 296; x_wconf 93' lang='lat' dir='ltr'><strong>in</strong></span> <span class='ocrx_word' id='word_1_469' title='bbox 1335 270 1393 298; x_wconf 86' lang='lat' dir='ltr'><strong>loco</strong></span> <span class='ocrx_word' id='word_1_470' title='bbox 1410 272 1541 307; x_wconf 82' lang='lat' dir='ltr'><strong>Spiritum</strong></span> <span class='ocrx_word' id='word_1_471' title='bbox 1561 282 1685 303; x_wconf 72' lang='lat' dir='ltr'><strong>sanctum</strong></span> <span class='ocrx_word' id='word_1_472' title='bbox 1702 280 1751 309; x_wconf 85' lang='lat' dir='ltr'><strong>ait,</strong></span> 
     </span>
    </p>
   </div>
   <div class='ocr_carea' id='block_1_66' title="bbox 964 308 1751 355">
    <p class='ocr_par' dir='ltr' id='par_1_66' title="bbox 964 308 1751 355">
     <span class='ocr_line' id='line_1_79' title="bbox 964 308 1751 355; baseline 0.022 -22"><span class='ocrx_word' id='word_1_473' title='bbox 964 308 1171 341; x_wconf 73' lang='lat' dir='ltr'><strong>quodammodo</strong></span> <span class='ocrx_word' id='word_1_474' title='bbox 1194 312 1286 340; x_wconf 86' lang='lat' dir='ltr'><strong>divina</strong></span> <span class='ocrx_word' id='word_1_475' title='bbox 1310 318 1428 343; x_wconf 85' lang='lat' dir='ltr'><strong>essentia</strong></span> <span class='ocrx_word' id='word_1_476' title='bbox 1456 324 1593 348; x_wconf 69' lang='lat' dir='ltr'><strong>exurlum,</strong></span> <span class='ocrx_word' id='word_1_477' title='bbox 1613 326 1694 355; x_wconf 78' lang='lat' dir='ltr'><strong>atque</strong></span> <span class='ocrx_word' id='word_1_478' title='bbox 1718 331 1751 350; x_wconf 81' lang='lat' dir='ltr'><strong>t-x</strong></span> 
     </span>
    </p>
   </div>
   <div class='ocr_carea' id='block_1_67' title="bbox 961 355 1752 399">
    <p class='ocr_par' dir='ltr' id='par_1_67' title="bbox 961 355 1752 399">
     <span class='ocr_line' id='line_1_80' title="bbox 961 355 1752 399; baseline 0.02 -22"><span class='ocrx_word' id='word_1_479' title='bbox 961 358 991 377; x_wconf 84' lang='lat' dir='ltr'><strong>ea</strong></span> <span class='ocrx_word' id='word_1_480' title='bbox 1009 355 1170 382; x_wconf 83' lang='lat' dir='ltr'><strong>naturaliter</strong></span> <span class='ocrx_word' id='word_1_481' title='bbox 1184 358 1345 390; x_wconf 83' lang='lat' dir='ltr'><strong>pendentem</strong></span> <span class='ocrx_word' id='word_1_482' title='bbox 1361 380 1368 391; x_wconf 84' lang='lat'><strong>,</strong></span> <span class='ocrx_word' id='word_1_483' title='bbox 1381 384 1391 395; x_wconf 55' lang='grc' dir='ltr'>ι</span> <span class='ocrx_word' id='word_1_484' title='bbox 1405 362 1475 389; x_wconf 85' lang='lat' dir='ltr'><strong>sicut</strong></span> <span class='ocrx_word' id='word_1_485' title='bbox 1495 367 1520 389; x_wconf 87' lang='lat' dir='ltr'><strong>et</strong></span> <span class='ocrx_word' id='word_1_486' title='bbox 1537 356 1638 399; x_wconf 74' lang='lat' dir='ltr'><strong>digitus</strong></span> <span class='ocrx_word' id='word_1_487' title='bbox 1654 373 1684 392; x_wconf 86' lang='lat' dir='ltr'><strong>cx</strong></span> <span class='ocrx_word' id='word_1_488' title='bbox 1701 367 1752 393; x_wconf 88' lang='lat' dir='ltr'><strong>htt-</strong></span> 
     </span>
    </p>
   </div>
   <div class='ocr_carea' id='block_1_68' title="bbox 961 399 1751 440">
    <p class='ocr_par' dir='ltr' id='par_1_68' title="bbox 961 399 1751 440">
     <span class='ocr_line' id='line_1_81' title="bbox 961 399 1751 440; baseline 0.02 -19"><span class='ocrx_word' id='word_1_489' title='bbox 961 403 1042 422; x_wconf 84' lang='lat' dir='ltr'><strong>mana</strong></span> <span class='ocrx_word' id='word_1_490' title='bbox 1064 399 1163 432; x_wconf 85' lang='lat' dir='ltr'><strong>pendet</strong></span> <span class='ocrx_word' id='word_1_491' title='bbox 1179 407 1272 427; x_wconf 89' lang='lat' dir='ltr'><strong>ntanu.</strong></span> <span class='ocrx_word' id='word_1_492' title='bbox 1290 402 1435 431; x_wconf 84' lang='lat' dir='ltr'><strong>Bracbium</strong></span> <span class='ocrx_word' id='word_1_493' title='bbox 1452 407 1552 440; x_wconf 87' lang='lat' dir='ltr'><strong>quippe</strong></span> <span class='ocrx_word' id='word_1_494' title='bbox 1568 407 1625 439; x_wconf 67' lang='lat' dir='ltr'><strong>Dei,</strong></span> <span class='ocrx_word' id='word_1_495' title='bbox 1642 415 1665 435; x_wconf 89' lang='lat' dir='ltr'><strong>et</strong></span> <span class='ocrx_word' id='word_1_496' title='bbox 1685 410 1751 437; x_wconf 81' lang='lat' dir='ltr'><strong>dex-</strong></span> 
     </span>
    </p>
   </div>
   <div class='ocr_carea' id='block_1_69' title="bbox 961 441 1749 484">
    <p class='ocr_par' dir='ltr' id='par_1_69' title="bbox 961 441 1749 484">
     <span class='ocr_line' id='line_1_82' title="bbox 961 441 1749 484; baseline 0.019 -19"><span class='ocrx_word' id='word_1_497' title='bbox 961 444 1058 473; x_wconf 76' lang='lat' dir='ltr'><strong>teram,</strong></span> <span class='ocrx_word' id='word_1_498' title='bbox 1088 441 1186 470; x_wconf 84' lang='lat' dir='ltr'><strong>Filium</strong></span> <span class='ocrx_word' id='word_1_499' title='bbox 1215 453 1301 472; x_wconf 68' lang='lat' dir='ltr'><strong>sacrae</strong></span> <span class='ocrx_word' id='word_1_500' title='bbox 1328 445 1440 476; x_wconf 68' lang='lat' dir='ltr'><strong>Littera:</strong></span> <span class='ocrx_word' id='word_1_501' title='bbox 1466 450 1619 484; x_wconf 86' lang='lat' dir='ltr'><strong>appellant,</strong></span> <span class='ocrx_word' id='word_1_502' title='bbox 1647 457 1676 479; x_wconf 89' lang='lat' dir='ltr'><strong>ttt</strong></span> <span class='ocrx_word' id='word_1_503' title='bbox 1707 458 1749 481; x_wconf 87' lang='lat' dir='ltr'><strong>cst</strong></span> 
     </span>
    </p>
   </div>
   <div class='ocr_carea' id='block_1_70' title="bbox 959 485 1750 528">
    <p class='ocr_par' dir='ltr' id='par_1_70' title="bbox 959 485 1750 528">
     <span class='ocr_line' id='line_1_83' title="bbox 959 485 1750 528; baseline 0.018 -17"><span class='ocrx_word' id='word_1_504' title='bbox 959 485 1024 512; x_wconf 88' lang='lat' dir='ltr'><strong>illttd</strong></span> <span class='ocrx_word' id='word_1_505' title='bbox 1048 494 1055 513; x_wconf 91' lang='lat'><strong>:</strong></span> <span class='ocrx_word' id='word_1_506' title='bbox 1077 485 1196 515; x_wconf 73' lang='lat' dir='ltr'><strong>Salvavit</strong></span> <span class='ocrx_word' id='word_1_507' title='bbox 1218 490 1267 516; x_wconf 80' lang='lat' dir='ltr'><strong>sibi</strong></span> <span class='ocrx_word' id='word_1_508' title='bbox 1288 492 1395 519; x_wconf 68' lang='lat' dir='ltr'><strong>dextera</strong></span> <span class='ocrx_word' id='word_1_509' title='bbox 1411 494 1479 528; x_wconf 79' lang='lat' dir='ltr'><strong>ejus,</strong></span> <span class='ocrx_word' id='word_1_510' title='bbox 1493 501 1517 521; x_wconf 88' lang='lat' dir='ltr'><strong>et</strong></span> <span class='ocrx_word' id='word_1_511' title='bbox 1539 496 1673 524; x_wconf 75' lang='lat' dir='ltr'><strong>brae/tium</strong></span> <span class='ocrx_word' id='word_1_512' title='bbox 1688 507 1750 526; x_wconf 78' lang='lat' dir='ltr'><strong>srm-</strong></span> 
     </span>
    </p>
   </div>
   <div class='ocr_carea' id='block_1_71' title="bbox 958 532 1747 572">
    <p class='ocr_par' dir='ltr' id='par_1_71' title="bbox 958 532 1747 572">
     <span class='ocr_line' id='line_1_84' title="bbox 958 532 1747 572; baseline 0.02 -16"><span class='ocrx_word' id='word_1_513' title='bbox 958 535 1028 557; x_wconf 81' lang='lat' dir='ltr'><strong>ctum</strong></span> <span class='ocrx_word' id='word_1_514' title='bbox 1051 532 1109 566; x_wconf 77' lang='lat' dir='ltr'><strong>ejus</strong></span> <span class='ocrx_word' id='word_1_515' title='bbox 1126 534 1158 561; x_wconf 81' lang='lat'><strong>”.</strong></span> <span class='ocrx_word' id='word_1_516' title='bbox 1178 535 1218 562; x_wconf 80' lang='lat' dir='ltr'><strong>Ae</strong></span> <span class='ocrx_word' id='word_1_517' title='bbox 1244 544 1354 565; x_wconf 91' lang='lat' dir='ltr'><strong>rursum</strong></span> <span class='ocrx_word' id='word_1_518' title='bbox 1381 547 1387 566; x_wconf 89' lang='lat'>:</span> <span class='ocrx_word' id='word_1_519' title='bbox 1414 540 1534 571; x_wconf 82' lang='lat' dir='ltr'><strong>Domine.</strong></span> <span class='ocrx_word' id='word_1_520' title='bbox 1557 543 1689 570; x_wconf 69' lang='lat' dir='ltr'><strong>excelsum</strong></span> <span class='ocrx_word' id='word_1_521' title='bbox 1709 550 1747 572; x_wconf 73' lang='lat' dir='ltr'><strong>est</strong></span> 
     </span>
    </p>
   </div>
   <div class='ocr_carea' id='block_1_72' title="bbox 957 577 1748 618">
    <p class='ocr_par' dir='ltr' id='par_1_72' title="bbox 957 577 1748 618">
     <span class='ocr_line' id='line_1_85' title="bbox 957 577 1748 618; baseline 0.019 -15"><span class='ocrx_word' id='word_1_522' title='bbox 957 577 1094 606; x_wconf 73' lang='lat' dir='ltr'><strong>brae/tium</strong></span> <span class='ocrx_word' id='word_1_523' title='bbox 1115 585 1199 613; x_wconf 86' lang='lat' dir='ltr'><strong>tuum,</strong></span> <span class='ocrx_word' id='word_1_524' title='bbox 1218 587 1242 609; x_wconf 86' lang='lat' dir='ltr'><strong>et</strong></span> <span class='ocrx_word' id='word_1_525' title='bbox 1267 584 1414 612; x_wconf 77' lang='lat' dir='ltr'><strong>nescierunt</strong></span> <span class='ocrx_word' id='word_1_526' title='bbox 1431 595 1439 613; x_wconf 96' lang='lat'><em>:</em></span> <span class='ocrx_word' id='word_1_527' title='bbox 1456 589 1566 615; x_wconf 72' lang='lat' dir='ltr'><strong>scientes</strong></span> <span class='ocrx_word' id='word_1_528' title='bbox 1582 596 1667 616; x_wconf 81' lang='lat' dir='ltr'><strong>autem</strong></span> <span class='ocrx_word' id='word_1_529' title='bbox 1684 599 1748 618; x_wconf 82' lang='lat' dir='ltr'><strong>con-</strong></span> 
     </span>
    </p>
   </div>
   <div class='ocr_carea' id='block_1_73' title="bbox 955 624 1743 665">
    <p class='ocr_par' dir='ltr' id='par_1_73' title="bbox 955 624 1743 665">
     <span class='ocr_line' id='line_1_86' title="bbox 955 624 1743 665; baseline 0.019 -15"><span class='ocrx_word' id='word_1_530' title='bbox 955 624 1101 658; x_wconf 70' lang='lat' dir='ltr'><strong>fundantur</strong></span> <span class='ocrx_word' id='word_1_531' title='bbox 1121 627 1153 654; x_wconf 87' lang='lat'><strong>&quot;.</strong></span> <span class='ocrx_word' id='word_1_532' title='bbox 1173 627 1249 656; x_wconf 81' lang='lat' dir='ltr'><strong>Sicut</strong></span> <span class='ocrx_word' id='word_1_533' title='bbox 1265 638 1330 665; x_wconf 77' lang='lat' dir='ltr'><strong>ergo</strong></span> <span class='ocrx_word' id='word_1_534' title='bbox 1351 632 1493 660; x_wconf 87' lang='lat' dir='ltr'><strong>brachium</strong></span> <span class='ocrx_word' id='word_1_535' title='bbox 1518 636 1677 663; x_wconf 76' lang='lat' dir='ltr'><strong>naturaliter</strong></span> <span class='ocrx_word' id='word_1_536' title='bbox 1695 638 1743 665; x_wconf 79' lang='grc' dir='ltr'><strong>ιιιιί</strong></span> 
     </span>
    </p>
   </div>
   <div class='ocr_carea' id='block_1_74' title="bbox 955 669 1744 715">
    <p class='ocr_par' dir='ltr' id='par_1_74' title="bbox 955 669 1744 715">
     <span class='ocr_line' id='line_1_87' title="bbox 955 669 1744 715; baseline 0.016 -20"><span class='ocrx_word' id='word_1_537' title='bbox 955 669 1062 703; x_wconf 88' lang='lat' dir='ltr'><strong>corpori</strong></span> <span class='ocrx_word' id='word_1_538' title='bbox 1079 675 1234 705; x_wconf 80' lang='lat' dir='ltr'><strong>coaptatum</strong></span> <span class='ocrx_word' id='word_1_539' title='bbox 1256 677 1308 706; x_wconf 86' lang='lat' dir='ltr'><strong>est,</strong></span> <span class='ocrx_word' id='word_1_540' title='bbox 1343 681 1442 703; x_wconf 85' lang='lat' dir='ltr'><strong>cuncta</strong></span> <span class='ocrx_word' id='word_1_541' title='bbox 1471 685 1603 712; x_wconf 82' lang='lat' dir='ltr'><strong>operans,</strong></span> <span class='ocrx_word' id='word_1_542' title='bbox 1629 689 1744 715; x_wconf 64' lang='lat' dir='ltr'><strong>quaeque</strong></span> 
     </span>
    </p>
   </div>
   <div class='ocr_carea' id='block_1_75' title="bbox 954 717 1743 762">
    <p class='ocr_par' dir='ltr' id='par_1_75' title="bbox 954 717 1743 762">
     <span class='ocr_line' id='line_1_88' title="bbox 954 717 1743 762; baseline 0.015 -20"><span class='ocrx_word' id='word_1_543' title='bbox 954 717 1038 743; x_wconf 85' lang='lat' dir='ltr'><strong>menti</strong></span> <span class='ocrx_word' id='word_1_544' title='bbox 1054 717 1110 745; x_wconf 79' lang='lat' dir='ltr'><strong>visa</strong></span> <span class='ocrx_word' id='word_1_545' title='bbox 1135 717 1248 752; x_wconf 81' lang='lat' dir='ltr'><strong>fuerint,</strong></span> <span class='ocrx_word' id='word_1_546' title='bbox 1277 722 1353 755; x_wconf 70' lang='lat' dir='ltr'><strong>ungit</strong></span> <span class='ocrx_word' id='word_1_547' title='bbox 1376 728 1478 755; x_wconf 82' lang='lat' dir='ltr'><strong>autent,</strong></span> <span class='ocrx_word' id='word_1_548' title='bbox 1504 732 1635 753; x_wconf 79' lang='lat' dir='ltr'><strong>consuete</strong></span> <span class='ocrx_word' id='word_1_549' title='bbox 1657 727 1743 762; x_wconf 71' lang='lat' dir='ltr'><strong>d‘gito</strong></span> 
     </span>
    </p>
   </div>
   <div class='ocr_carea' id='block_1_76' title="bbox 953 761 1741 806">
    <p class='ocr_par' dir='ltr' id='par_1_76' title="bbox 953 761 1741 806">
     <span class='ocr_line' id='line_1_89' title="bbox 953 761 1741 806; baseline 0.016 -19"><span class='ocrx_word' id='word_1_550' title='bbox 953 761 987 788; x_wconf 87' lang='lat' dir='ltr'><strong>ad</strong></span> <span class='ocrx_word' id='word_1_551' title='bbox 1012 762 1064 790; x_wconf 88' lang='lat' dir='ltr'><strong>hoc</strong></span> <span class='ocrx_word' id='word_1_552' title='bbox 1091 767 1186 798; x_wconf 85' lang='lat' dir='ltr'><strong>utens;</strong></span> <span class='ocrx_word' id='word_1_553' title='bbox 1212 767 1247 791; x_wconf 79' lang='lat' dir='ltr'><strong>ita</strong></span> <span class='ocrx_word' id='word_1_554' title='bbox 1272 771 1298 793; x_wconf 90' lang='lat' dir='ltr'><strong>et</strong></span> <span class='ocrx_word' id='word_1_555' title='bbox 1323 766 1439 795; x_wconf 88' lang='lat' dir='ltr'><strong>Verbttm</strong></span> <span class='ocrx_word' id='word_1_556' title='bbox 1458 770 1503 797; x_wconf 72' lang='lat' dir='ltr'><strong>Dei</strong></span> <span class='ocrx_word' id='word_1_557' title='bbox 1521 779 1552 798; x_wconf 84' lang='lat' dir='ltr'><strong>ex</strong></span> <span class='ocrx_word' id='word_1_558' title='bbox 1572 771 1642 806; x_wconf 82' lang='lat' dir='ltr'><strong>ipso,</strong></span> <span class='ocrx_word' id='word_1_559' title='bbox 1663 777 1687 799; x_wconf 91' lang='lat' dir='ltr'><strong>ct</strong></span> <span class='ocrx_word' id='word_1_560' title='bbox 1714 774 1741 800; x_wconf 90' lang='lat' dir='ltr'><strong>in</strong></span> 
     </span>
    </p>
   </div>
   <div class='ocr_carea' id='block_1_77' title="bbox 953 806 1742 853">
    <p class='ocr_par' dir='ltr' id='par_1_77' title="bbox 953 806 1742 853">
     <span class='ocr_line' id='line_1_90' title="bbox 953 806 1742 853; baseline 0.016 -20"><span class='ocrx_word' id='word_1_561' title='bbox 953 806 1014 841; x_wconf 87' lang='lat' dir='ltr'><strong>ipso</strong></span> <span class='ocrx_word' id='word_1_562' title='bbox 1037 809 1199 837; x_wconf 89' lang='lat' dir='ltr'><strong>naturaliter</strong></span> <span class='ocrx_word' id='word_1_563' title='bbox 1219 815 1302 846; x_wconf 88' lang='lat' dir='ltr'><strong>atque</strong></span> <span class='ocrx_word' id='word_1_564' title='bbox 1332 815 1514 843; x_wconf 82' lang='lat' dir='ltr'><strong>essentialiter</strong></span> <span class='ocrx_word' id='word_1_565' title='bbox 1527 823 1694 853; x_wconf 74' lang='lat' dir='ltr'><strong>ccuptatum,</strong></span> <span class='ocrx_word' id='word_1_566' title='bbox 1713 823 1742 846; x_wconf 90' lang='lat' dir='ltr'><strong>ut</strong></span> 
     </span>
    </p>
   </div>
   <div class='ocr_carea' id='block_1_78' title="bbox 951 853 1740 896">
    <p class='ocr_par' dir='ltr' id='par_1_78' title="bbox 951 853 1740 896">
     <span class='ocr_line' id='line_1_91' title="bbox 951 853 1740 896; baseline 0.018 -17"><span class='ocrx_word' id='word_1_567' title='bbox 951 853 987 879; x_wconf 89' lang='lat' dir='ltr'><strong>ita</strong></span> <span class='ocrx_word' id='word_1_568' title='bbox 1003 853 1128 888; x_wconf 84' lang='lat' dir='ltr'><strong>dixerim,</strong></span> <span class='ocrx_word' id='word_1_569' title='bbox 1151 861 1232 890; x_wconf 81' lang='lat' dir='ltr'><strong>atque</strong></span> <span class='ocrx_word' id='word_1_570' title='bbox 1263 864 1386 886; x_wconf 86' lang='lat' dir='ltr'><strong>exortum</strong></span> <span class='ocrx_word' id='word_1_571' title='bbox 1414 862 1567 896; x_wconf 79' lang='lat' dir='ltr'><strong>cogitamus</strong></span> <span class='ocrx_word' id='word_1_572' title='bbox 1589 873 1595 891; x_wconf 93' lang='lat'>:</span> <span class='ocrx_word' id='word_1_573' title='bbox 1618 865 1644 892; x_wconf 93' lang='lat' dir='ltr'><strong>in</strong></span> <span class='ocrx_word' id='word_1_574' title='bbox 1669 865 1740 893; x_wconf 86' lang='lat' dir='ltr'><strong>Filio</strong></span> 
     </span>
    </p>
   </div>
   <div class='ocr_carea' id='block_1_79' title="bbox 950 902 1740 944">
    <p class='ocr_par' dir='ltr' id='par_1_79' title="bbox 950 902 1740 944">
     <span class='ocr_line' id='line_1_92' title="bbox 950 902 1740 944; baseline 0.019 -20"><span class='ocrx_word' id='word_1_575' title='bbox 950 903 1041 926; x_wconf 90' lang='lat' dir='ltr'><strong>autem</strong></span> <span class='ocrx_word' id='word_1_576' title='bbox 1061 902 1222 929; x_wconf 75' lang='lat' dir='ltr'><strong>naturaliter</strong></span> <span class='ocrx_word' id='word_1_577' title='bbox 1246 904 1320 938; x_wconf 83' lang='lat' dir='ltr'><strong>item,</strong></span> <span class='ocrx_word' id='word_1_578' title='bbox 1341 911 1367 933; x_wconf 84' lang='lat' dir='ltr'><strong>et</strong></span> <span class='ocrx_word' id='word_1_579' title='bbox 1389 908 1575 936; x_wconf 79' lang='lat' dir='ltr'><strong>essentialiter</strong></span> <span class='ocrx_word' id='word_1_580' title='bbox 1593 915 1740 944; x_wconf 77' lang='lat' dir='ltr'><strong>pettetran~</strong></span> 
     </span>
    </p>
   </div>
   <div class='ocr_carea' id='block_1_80' title="bbox 950 944 1737 989">
    <p class='ocr_par' dir='ltr' id='par_1_80' title="bbox 950 944 1737 989">
     <span class='ocr_line' id='line_1_93' title="bbox 950 944 1737 989; baseline 0.019 -20"><span class='ocrx_word' id='word_1_581' title='bbox 950 947 1003 970; x_wconf 88' lang='lat' dir='ltr'><strong>tem</strong></span> <span class='ocrx_word' id='word_1_582' title='bbox 1023 951 1037 971; x_wconf 87' lang='lat' dir='ltr'><strong>a</strong></span> <span class='ocrx_word' id='word_1_583' title='bbox 1058 944 1140 973; x_wconf 84' lang='lat' dir='ltr'><strong>Patre</strong></span> <span class='ocrx_word' id='word_1_584' title='bbox 1167 946 1300 982; x_wconf 88' lang='lat' dir='ltr'><strong>Spiritum</strong></span> <span class='ocrx_word' id='word_1_585' title='bbox 1322 956 1460 984; x_wconf 77' lang='lat' dir='ltr'><strong>sanctum,</strong></span> <span class='ocrx_word' id='word_1_586' title='bbox 1482 961 1529 988; x_wconf 75' lang='lat' dir='ltr'><strong>per</strong></span> <span class='ocrx_word' id='word_1_587' title='bbox 1543 963 1623 989; x_wconf 83' lang='lat' dir='ltr'><strong>quem</strong></span> <span class='ocrx_word' id='word_1_588' title='bbox 1644 958 1737 985; x_wconf 82' lang='lat' dir='ltr'><strong>omnia</strong></span> 
     </span>
    </p>
   </div>
   <div class='ocr_carea' id='block_1_81' title="bbox 948 988 1737 1030">
    <p class='ocr_par' dir='ltr' id='par_1_81' title="bbox 948 988 1737 1030">
     <span class='ocr_line' id='line_1_94' title="bbox 948 988 1737 1030; baseline 0.019 -15"><span class='ocrx_word' id='word_1_589' title='bbox 948 988 1084 1025; x_wconf 76' lang='lat' dir='ltr'><strong>iuungens</strong></span> <span class='ocrx_word' id='word_1_590' title='bbox 1097 993 1259 1021; x_wconf 77' lang='lat' dir='ltr'><strong>sanctiﬁcat.</strong></span> <span class='ocrx_word' id='word_1_591' title='bbox 1273 993 1330 1022; x_wconf 84' lang='lat' dir='ltr'><strong>Non</strong></span> <span class='ocrx_word' id='word_1_592' title='bbox 1347 995 1430 1030; x_wconf 69' lang='lat' dir='ltr'><strong>igitur</strong></span> <span class='ocrx_word' id='word_1_593' title='bbox 1440 998 1545 1026; x_wconf 81' lang='lat' dir='ltr'><strong>alienus</strong></span> <span class='ocrx_word' id='word_1_594' title='bbox 1566 1007 1598 1027; x_wconf 80' lang='lat' dir='ltr'><strong>ac</strong></span> <span class='ocrx_word' id='word_1_595' title='bbox 1617 1007 1737 1030; x_wconf 91' lang='lat' dir='ltr'><strong>remotus</strong></span> 
     </span>
    </p>
   </div>
   <div class='ocr_carea' id='block_1_82' title="bbox 947 1034 1733 1076">
    <p class='ocr_par' dir='ltr' id='par_1_82' title="bbox 947 1034 1733 1076">
     <span class='ocr_line' id='line_1_95' title="bbox 947 1034 1733 1076; baseline 0.015 -15"><span class='ocrx_word' id='word_1_596' title='bbox 947 1041 962 1061; x_wconf 88' lang='lat' dir='ltr'><strong>a</strong></span> <span class='ocrx_word' id='word_1_597' title='bbox 982 1034 1072 1061; x_wconf 85' lang='lat' dir='ltr'><strong>divina</strong></span> <span class='ocrx_word' id='word_1_598' title='bbox 1095 1037 1214 1064; x_wconf 65' lang='lat' dir='ltr'><strong>essentia</strong></span> <span class='ocrx_word' id='word_1_599' title='bbox 1236 1039 1344 1066; x_wconf 87' lang='lat' dir='ltr'><strong>videtur</strong></span> <span class='ocrx_word' id='word_1_600' title='bbox 1362 1041 1482 1074; x_wconf 82' lang='lat' dir='ltr'><strong>Spiritus</strong></span> <span class='ocrx_word' id='word_1_601' title='bbox 1504 1049 1627 1076; x_wconf 75' lang='lat' dir='ltr'><strong>sanctus,</strong></span> <span class='ocrx_word' id='word_1_602' title='bbox 1644 1046 1688 1073; x_wconf 84' lang='lat' dir='ltr'><strong>sed</strong></span> <span class='ocrx_word' id='word_1_603' title='bbox 1706 1047 1733 1073; x_wconf 91' lang='lat' dir='ltr'><strong>in</strong></span> 
     </span>
    </p>
   </div>
   <div class='ocr_carea' id='block_1_83' title="bbox 946 1078 1735 1124">
    <p class='ocr_par' dir='ltr' id='par_1_83' title="bbox 946 1078 1735 1124">
     <span class='ocr_line' id='line_1_96' title="bbox 946 1078 1735 1124; baseline 0.016 -20"><span class='ocrx_word' id='word_1_604' title='bbox 946 1078 1016 1112; x_wconf 86' lang='lat' dir='ltr'><strong>ipsa,</strong></span> <span class='ocrx_word' id='word_1_605' title='bbox 1032 1084 1113 1114; x_wconf 87' lang='lat' dir='ltr'><strong>atque</strong></span> <span class='ocrx_word' id='word_1_606' title='bbox 1127 1089 1157 1108; x_wconf 85' lang='lat' dir='ltr'><strong>ex</strong></span> <span class='ocrx_word' id='word_1_607' title='bbox 1177 1083 1234 1116; x_wconf 83' lang='lat' dir='ltr'><strong>ipsa</strong></span> <span class='ocrx_word' id='word_1_608' title='bbox 1258 1085 1422 1122; x_wconf 74' lang='lat' dir='ltr'><strong>naturaliter</strong></span> <span class='ocrx_word' id='word_1_609' title='bbox 1443 1090 1485 1113; x_wconf 87' lang='lat' dir='ltr'><strong>est</strong></span> <span class='ocrx_word' id='word_1_610' title='bbox 1502 1096 1508 1114; x_wconf 89' lang='lat'><strong>:</strong></span> <span class='ocrx_word' id='word_1_611' title='bbox 1528 1087 1600 1115; x_wconf 90' lang='lat' dir='ltr'><strong>sicut</strong></span> <span class='ocrx_word' id='word_1_612' title='bbox 1618 1097 1705 1124; x_wconf 84' lang='lat' dir='ltr'><strong>neque</strong></span> <span class='ocrx_word' id='word_1_613' title='bbox 1720 1098 1735 1118; x_wconf 84' lang='lat' dir='ltr'><strong>a</strong></span> 
     </span>
    </p>
   </div>
   <div class='ocr_carea' id='block_1_84' title="bbox 945 1127 1733 1169">
    <p class='ocr_par' dir='ltr' id='par_1_84' title="bbox 945 1127 1733 1169">
     <span class='ocr_line' id='line_1_97' title="bbox 945 1127 1733 1169; baseline 0.015 -17"><span class='ocrx_word' id='word_1_614' title='bbox 945 1132 1062 1160; x_wconf 87' lang='lat' dir='ltr'><strong>corpore</strong></span> <span class='ocrx_word' id='word_1_615' title='bbox 1086 1127 1188 1162; x_wconf 76' lang='lat' dir='ltr'><strong>digitus</strong></span> <span class='ocrx_word' id='word_1_616' title='bbox 1209 1128 1259 1163; x_wconf 85' lang='lat' dir='ltr'><strong>ipsi</strong></span> <span class='ocrx_word' id='word_1_617' title='bbox 1290 1131 1384 1158; x_wconf 83' lang='lat' dir='ltr'><strong>manui</strong></span> <span class='ocrx_word' id='word_1_618' title='bbox 1412 1131 1549 1166; x_wconf 76' lang='lat' dir='ltr'><strong>ingenitus</strong></span> <span class='ocrx_word' id='word_1_619' title='bbox 1573 1139 1657 1169; x_wconf 84' lang='lat' dir='ltr'><strong>atque</strong></span> <span class='ocrx_word' id='word_1_620' title='bbox 1680 1144 1733 1164; x_wconf 87' lang='lat' dir='ltr'><strong>una</strong></span> 
     </span>
    </p>
   </div>
   <div class='ocr_carea' id='block_1_85' title="bbox 945 1173 1733 1217">
    <p class='ocr_par' dir='ltr' id='par_1_85' title="bbox 945 1173 1733 1217">
     <span class='ocr_line' id='line_1_98' title="bbox 945 1173 1733 1217; baseline 0.014 -20"><span class='ocrx_word' id='word_1_621' title='bbox 945 1176 1068 1199; x_wconf 80' lang='lat' dir='ltr'><strong>exortus.</strong></span> <span class='ocrx_word' id='word_1_622' title='bbox 1085 1173 1117 1199; x_wconf 83' lang='lat' dir='ltr'><strong>Et</strong></span> <span class='ocrx_word' id='word_1_623' title='bbox 1129 1181 1226 1202; x_wconf 83' lang='lat' dir='ltr'><strong>manus</strong></span> <span class='ocrx_word' id='word_1_624' title='bbox 1245 1184 1354 1203; x_wconf 87' lang='lat' dir='ltr'><strong>rursum</strong></span> <span class='ocrx_word' id='word_1_625' title='bbox 1369 1178 1521 1213; x_wconf 76' lang='lat' dir='ltr'><strong>incorpore</strong></span> <span class='ocrx_word' id='word_1_626' title='bbox 1534 1187 1589 1207; x_wconf 91' lang='lat' dir='ltr'><strong>non</strong></span> <span class='ocrx_word' id='word_1_627' title='bbox 1606 1181 1733 1217; x_wconf 55' lang='lat' dir='ltr'><strong>alterius,</strong></span> 
     </span>
    </p>
   </div>
   <div class='ocr_carea' id='block_1_86' title="bbox 943 1219 1483 1253">
    <p class='ocr_par' dir='ltr' id='par_1_86' title="bbox 943 1219 1483 1253">
     <span class='ocr_line' id='line_1_99' title="bbox 943 1219 1483 1253; baseline 0.015 -10"><span class='ocrx_word' id='word_1_628' title='bbox 943 1225 1025 1252; x_wconf 85' lang='lat' dir='ltr'><strong>quam</strong></span> <span class='ocrx_word' id='word_1_629' title='bbox 1038 1219 1123 1253; x_wconf 62' lang='lat' dir='ltr'><strong>ipsius</strong></span> <span class='ocrx_word' id='word_1_630' title='bbox 1140 1220 1298 1249; x_wconf 76' lang='lat' dir='ltr'><strong>substantia:</strong></span> <span class='ocrx_word' id='word_1_631' title='bbox 1317 1223 1462 1251; x_wconf 70' lang='lat' dir='ltr'><strong>exsistcns.</strong></span> <span class='ocrx_word' id='word_1_632' title='bbox 1474 1234 1483 1250; x_wconf 69' lang='grc' dir='ltr'>ι</span> 
     </span>
    </p>
   </div>
   <div class='ocr_carea' id='block_1_87' title="bbox 979 1263 1771 1306">
    <p class='ocr_par' dir='ltr' id='par_1_87' title="bbox 979 1263 1771 1306">
     <span class='ocr_line' id='line_1_100' title="bbox 979 1263 1771 1306; baseline 0.015 -16"><span class='ocrx_word' id='word_1_633' title='bbox 979 1263 1034 1291; x_wconf 75' lang='lat' dir='ltr'><strong>Hoc</strong></span> <span class='ocrx_word' id='word_1_634' title='bbox 1057 1265 1083 1291; x_wconf 92' lang='lat' dir='ltr'><strong>in</strong></span> <span class='ocrx_word' id='word_1_635' title='bbox 1101 1265 1163 1292; x_wconf 80' lang='lat' dir='ltr'><strong>loco</strong></span> <span class='ocrx_word' id='word_1_636' title='bbox 1186 1274 1233 1301; x_wconf 90' lang='lat' dir='ltr'><strong>per</strong></span> <span class='ocrx_word' id='word_1_637' title='bbox 1259 1267 1409 1303; x_wconf 73' lang='lat' dir='ltr'><strong>Scriptnrte</strong></span> <span class='ocrx_word' id='word_1_638' title='bbox 1435 1271 1579 1305; x_wconf 71' lang='lat' dir='ltr'><strong>imaginem</strong></span> <span class='ocrx_word' id='word_1_639' title='bbox 1605 1271 1732 1301; x_wconf 60' lang='lat' dir='ltr'><strong>Ecclesiae</strong></span> <span class='ocrx_word' id='word_1_640' title='bbox 1770 1303 1771 1306; x_wconf 35' lang='grc' dir='ltr'><strong>η</strong></span> 
     </span>
    </p>
   </div>
   <div class='ocr_carea' id='block_1_88' title="bbox 941 1310 1731 1354">
    <p class='ocr_par' dir='ltr' id='par_1_88' title="bbox 941 1310 1731 1354">
     <span class='ocr_line' id='line_1_101' title="bbox 941 1310 1731 1354; baseline 0.015 -19"><span class='ocrx_word' id='word_1_641' title='bbox 941 1310 1072 1344; x_wconf 80' lang='lat' dir='ltr'><strong>magister</strong></span> <span class='ocrx_word' id='word_1_642' title='bbox 1087 1312 1220 1344; x_wconf 78' lang='lat' dir='ltr'><strong>Ostendit,</strong></span> <span class='ocrx_word' id='word_1_643' title='bbox 1236 1318 1262 1340; x_wconf 87' lang='lat' dir='ltr'><strong>et</strong></span> <span class='ocrx_word' id='word_1_644' title='bbox 1279 1322 1457 1348; x_wconf 83' lang='lat' dir='ltr'><strong>personarum</strong></span> <span class='ocrx_word' id='word_1_645' title='bbox 1476 1318 1609 1352; x_wconf 74' lang='lat' dir='ltr'><strong>ordinem,</strong></span> <span class='ocrx_word' id='word_1_646' title='bbox 1628 1327 1682 1354; x_wconf 81' lang='lat' dir='ltr'><strong>quo</strong></span> <span class='ocrx_word' id='word_1_647' title='bbox 1697 1327 1731 1349; x_wconf 61' lang='lat' dir='ltr'><strong>ex</strong></span> 
     </span>
    </p>
   </div>
   <div class='ocr_carea' id='block_1_89' title="bbox 945 1355 1729 1401">
    <p class='ocr_par' dir='ltr' id='par_1_89' title="bbox 945 1355 1729 1401">
     <span class='ocr_line' id='line_1_102' title="bbox 945 1355 1729 1401; baseline 0.015 -20"><span class='ocrx_word' id='word_1_648' title='bbox 945 1355 1062 1383; x_wconf 78' lang='lat' dir='ltr'><strong>invicem</strong></span> <span class='ocrx_word' id='word_1_649' title='bbox 1093 1357 1229 1392; x_wconf 89' lang='lat' dir='ltr'><strong>pendent,</strong></span> <span class='ocrx_word' id='word_1_650' title='bbox 1256 1367 1318 1394; x_wconf 87' lang='lat' dir='ltr'><strong>puta</strong></span> <span class='ocrx_word' id='word_1_651' title='bbox 1346 1369 1443 1389; x_wconf 80' lang='lat' dir='ltr'><strong>manus</strong></span> <span class='ocrx_word' id='word_1_652' title='bbox 1470 1365 1596 1398; x_wconf 78' lang='lat' dir='ltr'><strong>corpori,</strong></span> <span class='ocrx_word' id='word_1_653' title='bbox 1624 1365 1729 1401; x_wconf 77' lang='lat' dir='ltr'><strong>digitus</strong></span> 
     </span>
    </p>
   </div>
   <div class='ocr_carea' id='block_1_90' title="bbox 939 1404 1727 1439">
    <p class='ocr_par' dir='ltr' id='par_1_90' title="bbox 939 1404 1727 1439">
     <span class='ocr_line' id='line_1_103' title="bbox 939 1404 1727 1439; baseline 0.015 -12"><span class='ocrx_word' id='word_1_654' title='bbox 939 1407 1029 1428; x_wconf 87' lang='lat' dir='ltr'><strong>autem</strong></span> <span class='ocrx_word' id='word_1_655' title='bbox 1056 1404 1147 1430; x_wconf 88' lang='lat' dir='ltr'><strong>manui</strong></span> <span class='ocrx_word' id='word_1_656' title='bbox 1186 1405 1226 1432; x_wconf 87' lang='lat' dir='ltr'><strong>vel</strong></span> <span class='ocrx_word' id='word_1_657' title='bbox 1253 1406 1366 1434; x_wconf 74' lang='lat' dir='ltr'><strong>brachio</strong></span> <span class='ocrx_word' id='word_1_658' title='bbox 1386 1408 1524 1436; x_wconf 66' lang='lat' dir='ltr'><strong>t-oltmrcnt</strong></span> <span class='ocrx_word' id='word_1_659' title='bbox 1553 1412 1727 1439; x_wconf 86' lang='lat' dir='ltr'><strong>;secttndum</strong></span> 
     </span>
    </p>
   </div>
   <div class='ocr_carea' id='block_1_91' title="bbox 939 1450 1726 1491">
    <p class='ocr_par' dir='ltr' id='par_1_91' title="bbox 939 1450 1726 1491">
     <span class='ocr_line' id='line_1_104' title="bbox 939 1450 1726 1491; baseline 0.014 -17"><span class='ocrx_word' id='word_1_660' title='bbox 939 1455 1018 1482; x_wconf 85' lang='lat' dir='ltr'><strong>quem</strong></span> <span class='ocrx_word' id='word_1_661' title='bbox 1035 1450 1158 1477; x_wconf 77' lang='lat' dir='ltr'><strong>ordinem</strong></span> <span class='ocrx_word' id='word_1_662' title='bbox 1175 1452 1259 1478; x_wconf 87' lang='lat' dir='ltr'><strong>etiam</strong></span> <span class='ocrx_word' id='word_1_663' title='bbox 1282 1454 1378 1480; x_wconf 79' lang='lat' dir='ltr'><strong>tertius</strong></span> <span class='ocrx_word' id='word_1_664' title='bbox 1392 1462 1423 1481; x_wconf 73' lang='lat' dir='ltr'><strong>ex</strong></span> <span class='ocrx_word' id='word_1_665' title='bbox 1441 1455 1529 1489; x_wconf 88' lang='lat' dir='ltr'><strong>primo</strong></span> <span class='ocrx_word' id='word_1_666' title='bbox 1543 1464 1590 1491; x_wconf 74' lang='lat' dir='ltr'><strong>per</strong></span> <span class='ocrx_word' id='word_1_667' title='bbox 1607 1459 1726 1486; x_wconf 90' lang='lat' dir='ltr'><strong>tnedittm</strong></span> 
     </span>
    </p>
   </div>
   <div class='ocr_carea' id='block_1_92' title="bbox 937 1496 1727 1533">
    <p class='ocr_par' dir='ltr' id='par_1_92' title="bbox 937 1496 1727 1533">
     <span class='ocr_line' id='line_1_105' title="bbox 937 1496 1727 1533; baseline 0.013 -12"><span class='ocrx_word' id='word_1_668' title='bbox 937 1498 988 1526; x_wconf 86' lang='lat' dir='ltr'><strong>est,</strong></span> <span class='ocrx_word' id='word_1_669' title='bbox 1008 1496 1239 1529; x_wconf 89' lang='lat' dir='ltr'><strong>quemadmodum</strong></span> <span class='ocrx_word' id='word_1_670' title='bbox 1257 1502 1283 1524; x_wconf 88' lang='lat' dir='ltr'><strong>et</strong></span> <span class='ocrx_word' id='word_1_671' title='bbox 1301 1499 1412 1533; x_wconf 80' lang='lat' dir='ltr'><strong>digitus,</strong></span> <span class='ocrx_word' id='word_1_672' title='bbox 1430 1503 1548 1528; x_wconf 76' lang='lat' dir='ltr'><strong>naturali</strong></span> <span class='ocrx_word' id='word_1_673' title='bbox 1565 1503 1597 1529; x_wconf 89' lang='lat' dir='ltr'><strong>ad</strong></span> <span class='ocrx_word' id='word_1_674' title='bbox 1613 1511 1642 1530; x_wconf 90' lang='lat' dir='ltr'><strong>se</strong></span> <span class='ocrx_word' id='word_1_675' title='bbox 1658 1511 1727 1530; x_wconf 82' lang='lat' dir='ltr'><strong>con-</strong></span> 
     </span>
    </p>
   </div>
   <div class='ocr_carea' id='block_1_93' title="bbox 941 1539 1727 1584">
    <p class='ocr_par' dir='ltr' id='par_1_93' title="bbox 941 1539 1727 1584">
     <span class='ocr_line' id='line_1_106' title="bbox 941 1539 1727 1584; baseline 0.015 -19"><span class='ocrx_word' id='word_1_676' title='bbox 941 1539 1069 1573; x_wconf 82' lang='lat' dir='ltr'><strong>nexione,</strong></span> <span class='ocrx_word' id='word_1_677' title='bbox 1088 1545 1115 1568; x_wconf 90' lang='lat' dir='ltr'><strong>et</strong></span> <span class='ocrx_word' id='word_1_678' title='bbox 1130 1543 1297 1575; x_wconf 82' lang='lat' dir='ltr'><strong>substantia,</strong></span> <span class='ocrx_word' id='word_1_679' title='bbox 1317 1552 1349 1572; x_wconf 91' lang='lat' dir='ltr'><strong>ac</strong></span> <span class='ocrx_word' id='word_1_680' title='bbox 1367 1545 1468 1574; x_wconf 86' lang='lat' dir='ltr'><strong>virtute</strong></span> <span class='ocrx_word' id='word_1_681' title='bbox 1490 1548 1661 1583; x_wconf 73' lang='lat' dir='ltr'><strong>pertingente</strong></span> <span class='ocrx_word' id='word_1_682' title='bbox 1678 1557 1727 1584; x_wconf 76' lang='lat' dir='ltr'><strong>per</strong></span> 
     </span>
    </p>
   </div>
   <div class='ocr_carea' id='block_1_94' title="bbox 940 1586 1724 1626">
    <p class='ocr_par' dir='ltr' id='par_1_94' title="bbox 940 1586 1724 1626">
     <span class='ocr_line' id='line_1_107' title="bbox 940 1586 1724 1626; baseline 0.013 -13"><span class='ocrx_word' id='word_1_683' title='bbox 940 1586 1096 1614; x_wconf 86' lang='lat' dir='ltr'><strong>brachium.</strong></span> <span class='ocrx_word' id='word_1_684' title='bbox 1113 1586 1188 1615; x_wconf 71' lang='lat' dir='ltr'><strong>Sicut</strong></span> <span class='ocrx_word' id='word_1_685' title='bbox 1205 1593 1232 1615; x_wconf 86' lang='lat' dir='ltr'><strong>et</strong></span> <span class='ocrx_word' id='word_1_686' title='bbox 1246 1597 1362 1624; x_wconf 78' lang='lat' dir='ltr'><strong>magnus</strong></span> <span class='ocrx_word' id='word_1_687' title='bbox 1377 1592 1414 1618; x_wconf 87' lang='lat' dir='ltr'><strong>ait</strong></span> <span class='ocrx_word' id='word_1_688' title='bbox 1431 1592 1558 1626; x_wconf 85' lang='lat' dir='ltr'><strong>Basilius,</strong></span> <span class='ocrx_word' id='word_1_689' title='bbox 1572 1595 1724 1623; x_wconf 83' lang='lat' dir='ltr'><strong>naturalem</strong></span> 
     </span>
    </p>
   </div>
   <div class='ocr_carea' id='block_1_95' title="bbox 939 1631 1725 1675">
    <p class='ocr_par' dir='ltr' id='par_1_95' title="bbox 939 1631 1725 1675">
     <span class='ocr_line' id='line_1_108' title="bbox 939 1631 1725 1675; baseline 0.011 -16"><span class='ocrx_word' id='word_1_690' title='bbox 939 1631 1089 1659; x_wconf 65' lang='lat' dir='ltr'><strong>bonitatem</strong></span> <span class='ocrx_word' id='word_1_691' title='bbox 1123 1634 1280 1669; x_wconf 81' lang='lat' dir='ltr'><strong>rcgiamque</strong></span> <span class='ocrx_word' id='word_1_692' title='bbox 1316 1636 1476 1671; x_wconf 81' lang='lat' dir='ltr'><strong>dignitatem</strong></span> <span class='ocrx_word' id='word_1_693' title='bbox 1501 1645 1536 1665; x_wconf 72' lang='grc' dir='ltr'><strong>ἰιι</strong></span> <span class='ocrx_word' id='word_1_694' title='bbox 1567 1638 1646 1667; x_wconf 87' lang='lat' dir='ltr'><strong>Patre</strong></span> <span class='ocrx_word' id='word_1_695' title='bbox 1677 1648 1725 1675; x_wconf 82' lang='lat' dir='ltr'><strong>per</strong></span> 
     </span>
    </p>
   </div>
   <div class='ocr_carea' id='block_1_96' title="bbox 939 1676 1724 1718">
    <p class='ocr_par' dir='ltr' id='par_1_96' title="bbox 939 1676 1724 1718">
     <span class='ocr_line' id='line_1_109' title="bbox 939 1676 1724 1718; baseline 0.013 -14"><span class='ocrx_word' id='word_1_696' title='bbox 939 1676 1112 1712; x_wconf 81' lang='lat' dir='ltr'><strong>Unigcnitum</strong></span> <span class='ocrx_word' id='word_1_697' title='bbox 1123 1679 1154 1705; x_wconf 88' lang='lat' dir='ltr'><strong>ad</strong></span> <span class='ocrx_word' id='word_1_698' title='bbox 1169 1677 1299 1713; x_wconf 87' lang='lat' dir='ltr'><strong>Spiritum</strong></span> <span class='ocrx_word' id='word_1_699' title='bbox 1312 1683 1473 1717; x_wconf 73' lang='lat' dir='ltr'><strong>pertingere.</strong></span> <span class='ocrx_word' id='word_1_700' title='bbox 1490 1683 1582 1718; x_wconf 89' lang='lat' dir='ltr'><strong>Neque</strong></span> <span class='ocrx_word' id='word_1_701' title='bbox 1599 1686 1650 1713; x_wconf 90' lang='lat' dir='ltr'><strong>hoc</strong></span> <span class='ocrx_word' id='word_1_702' title='bbox 1676 1694 1724 1714; x_wconf 75' lang='lat' dir='ltr'><strong>so-</strong></span> 
     </span>
    </p>
   </div>
   <div class='ocr_carea' id='block_1_97' title="bbox 937 1722 1722 1762">
    <p class='ocr_par' dir='ltr' id='par_1_97' title="bbox 937 1722 1722 1762">
     <span class='ocr_line' id='line_1_110' title="bbox 937 1722 1722 1762; baseline 0.013 -13"><span class='ocrx_word' id='word_1_703' title='bbox 937 1722 1005 1753; x_wconf 78' lang='lat' dir='ltr'><strong>lum,</strong></span> <span class='ocrx_word' id='word_1_704' title='bbox 1022 1724 1067 1750; x_wconf 90' lang='lat' dir='ltr'><strong>sed</strong></span> <span class='ocrx_word' id='word_1_705' title='bbox 1088 1728 1114 1750; x_wconf 89' lang='lat' dir='ltr'><strong>et</strong></span> <span class='ocrx_word' id='word_1_706' title='bbox 1132 1725 1222 1751; x_wconf 82' lang='lat' dir='ltr'><strong>munia</strong></span> <span class='ocrx_word' id='word_1_707' title='bbox 1243 1734 1273 1753; x_wconf 82' lang='lat' dir='ltr'><strong>ex</strong></span> <span class='ocrx_word' id='word_1_708' title='bbox 1295 1726 1374 1754; x_wconf 82' lang='lat' dir='ltr'><strong>Patre</strong></span> <span class='ocrx_word' id='word_1_709' title='bbox 1393 1736 1440 1762; x_wconf 83' lang='lat' dir='ltr'><strong>per</strong></span> <span class='ocrx_word' id='word_1_710' title='bbox 1459 1729 1558 1757; x_wconf 77' lang='lat' dir='ltr'><strong>Filium</strong></span> <span class='ocrx_word' id='word_1_711' title='bbox 1582 1731 1608 1758; x_wconf 95' lang='lat' dir='ltr'><strong>in</strong></span> <span class='ocrx_word' id='word_1_712' title='bbox 1626 1738 1722 1760; x_wconf 85' lang='lat' dir='ltr'><strong>sancto</strong></span> 
     </span>
    </p>
   </div>
   <div class='ocr_carea' id='block_1_98' title="bbox 936 1768 1720 1814">
    <p class='ocr_par' dir='ltr' id='par_1_98' title="bbox 936 1768 1720 1814">
     <span class='ocr_line' id='line_1_111' title="bbox 936 1768 1720 1814; baseline 0.015 -20"><span class='ocrx_word' id='word_1_713' title='bbox 936 1768 1039 1802; x_wconf 83' lang='lat' dir='ltr'><strong>Spiritu</strong></span> <span class='ocrx_word' id='word_1_714' title='bbox 1061 1774 1089 1797; x_wconf 84' lang='lat' dir='ltr'><strong>et</strong></span> <span class='ocrx_word' id='word_1_715' title='bbox 1113 1770 1244 1803; x_wconf 72' lang='lat' dir='ltr'><strong>producta</strong></span> <span class='ocrx_word' id='word_1_716' title='bbox 1273 1780 1344 1804; x_wconf 83' lang='lat' dir='ltr'><strong>esse,</strong></span> <span class='ocrx_word' id='word_1_717' title='bbox 1369 1778 1396 1800; x_wconf 87' lang='lat' dir='ltr'><strong>et</strong></span> <span class='ocrx_word' id='word_1_718' title='bbox 1419 1781 1556 1809; x_wconf 77' lang='lat' dir='ltr'><strong>constare,</strong></span> <span class='ocrx_word' id='word_1_719' title='bbox 1585 1779 1720 1814; x_wconf 79' lang='lat' dir='ltr'><strong>throlngia</strong></span> 
     </span>
    </p>
   </div>
   <div class='ocr_carea' id='block_1_99' title="bbox 935 1814 1721 1853">
    <p class='ocr_par' dir='ltr' id='par_1_99' title="bbox 935 1814 1721 1853">
     <span class='ocr_line' id='line_1_112' title="bbox 935 1814 1721 1853; baseline 0.017 -13"><span class='ocrx_word' id='word_1_720' title='bbox 935 1814 1036 1842; x_wconf 83' lang='lat' dir='ltr'><strong>docuit.</strong></span> <span class='ocrx_word' id='word_1_721' title='bbox 1064 1815 1154 1850; x_wconf 88' lang='lat' dir='ltr'><strong>lpstttn</strong></span> <span class='ocrx_word' id='word_1_722' title='bbox 1179 1825 1243 1852; x_wconf 76' lang='lat' dir='ltr'><strong>ergo</strong></span> <span class='ocrx_word' id='word_1_723' title='bbox 1267 1826 1445 1853; x_wconf 81' lang='lat' dir='ltr'><strong>personarum</strong></span> <span class='ocrx_word' id='word_1_724' title='bbox 1472 1822 1597 1851; x_wconf 85' lang='lat' dir='ltr'><strong>ordinem</strong></span> <span class='ocrx_word' id='word_1_725' title='bbox 1624 1826 1721 1853; x_wconf 89' lang='lat' dir='ltr'><strong>doctor</strong></span> 
     </span>
    </p>
   </div>
   <div class='ocr_carea' id='block_1_100' title="bbox 907 1857 1720 1899">
    <p class='ocr_par' dir='ltr' id='par_1_100' title="bbox 907 1857 1720 1899">
     <span class='ocr_line' id='line_1_113' title="bbox 907 1857 1720 1899; baseline 0.017 -14"><span class='ocrx_word' id='word_1_726' title='bbox 907 1861 913 1867; x_wconf 92' lang='lat'><strong><em>‘</em></strong></span> <span class='ocrx_word' id='word_1_727' title='bbox 933 1857 1062 1892; x_wconf 79' lang='lat' dir='ltr'><strong>ostendit.</strong></span> <span class='ocrx_word' id='word_1_728' title='bbox 1076 1869 1226 1898; x_wconf 82' lang='lat' dir='ltr'><strong>earumque</strong></span> <span class='ocrx_word' id='word_1_729' title='bbox 1236 1865 1468 1894; x_wconf 65' lang='lat' dir='ltr'><strong>consubstantinle</strong></span> <span class='ocrx_word' id='word_1_730' title='bbox 1484 1868 1548 1896; x_wconf 86' lang='lat' dir='ltr'><strong>hinc</strong></span> <span class='ocrx_word' id='word_1_731' title='bbox 1563 1872 1720 1899; x_wconf 80' lang='lat' dir='ltr'><strong>necessario</strong></span> 
     </span>
    </p>
   </div>
   <div class='ocr_carea' id='block_1_101' title="bbox 933 1905 1719 1950">
    <p class='ocr_par' dir='ltr' id='par_1_101' title="bbox 933 1905 1719 1950">
     <span class='ocr_line' id='line_1_114' title="bbox 933 1905 1719 1950; baseline 0.02 -19"><span class='ocrx_word' id='word_1_732' title='bbox 933 1905 1094 1935; x_wconf 85' lang='lat' dir='ltr'><strong>insinuavit.</strong></span> <span class='ocrx_word' id='word_1_733' title='bbox 1120 1908 1176 1936; x_wconf 90' lang='lat' dir='ltr'><strong>Una</strong></span> <span class='ocrx_word' id='word_1_734' title='bbox 1202 1910 1277 1937; x_wconf 87' lang='lat' dir='ltr'><strong>enim</strong></span> <span class='ocrx_word' id='word_1_735' title='bbox 1295 1916 1336 1938; x_wconf 89' lang='lat' dir='ltr'><strong>est</strong></span> <span class='ocrx_word' id='word_1_736' title='bbox 1361 1914 1498 1948; x_wconf 87' lang='lat' dir='ltr'><strong>corporis,</strong></span> <span class='ocrx_word' id='word_1_737' title='bbox 1516 1920 1543 1942; x_wconf 88' lang='lat' dir='ltr'><strong>et</strong></span> <span class='ocrx_word' id='word_1_738' title='bbox 1562 1916 1677 1950; x_wconf 83' lang='lat' dir='ltr'><strong>brachii,</strong></span> <span class='ocrx_word' id='word_1_739' title='bbox 1691 1923 1719 1946; x_wconf 87' lang='lat' dir='ltr'><strong>et</strong></span> 
     </span>
    </p>
   </div>
   <div class='ocr_carea' id='block_1_102' title="bbox 931 1950 1718 1997">
    <p class='ocr_par' dir='ltr' id='par_1_102' title="bbox 931 1950 1718 1997">
     <span class='ocr_line' id='line_1_115' title="bbox 931 1950 1718 1997; baseline 0.017 -20"><span class='ocrx_word' id='word_1_740' title='bbox 931 1950 1010 1986; x_wconf 73' lang='lat' dir='ltr'><strong>digiti</strong></span> <span class='ocrx_word' id='word_1_741' title='bbox 1041 1954 1174 1981; x_wconf 86' lang='lat' dir='ltr'><strong>naturalis</strong></span> <span class='ocrx_word' id='word_1_742' title='bbox 1188 1957 1398 1992; x_wconf 77' lang='lat' dir='ltr'><strong>essentialisque</strong></span> <span class='ocrx_word' id='word_1_743' title='bbox 1420 1960 1572 1988; x_wconf 84' lang='lat' dir='ltr'><strong>substantia</strong></span> <span class='ocrx_word' id='word_1_744' title='bbox 1594 1969 1601 1987; x_wconf 87' lang='lat'>:</span> <span class='ocrx_word' id='word_1_745' title='bbox 1619 1970 1718 1997; x_wconf 85' lang='lat' dir='ltr'><strong>quatu-</strong></span> 
     </span>
    </p>
   </div>
   <div class='ocr_carea' id='block_1_103' title="bbox 929 1999 1715 2043">
    <p class='ocr_par' dir='ltr' id='par_1_103' title="bbox 929 1999 1715 2043">
     <span class='ocr_line' id='line_1_116' title="bbox 929 1999 1715 2043; baseline 0.017 -19"><span class='ocrx_word' id='word_1_746' title='bbox 929 1999 972 2025; x_wconf 85' lang='lat' dir='ltr'><strong>vis</strong></span> <span class='ocrx_word' id='word_1_747' title='bbox 985 2007 1073 2034; x_wconf 83' lang='lat' dir='ltr'><strong>neque</strong></span> <span class='ocrx_word' id='word_1_748' title='bbox 1090 2009 1186 2029; x_wconf 87' lang='lat' dir='ltr'><strong>manus</strong></span> <span class='ocrx_word' id='word_1_749' title='bbox 1200 2003 1236 2030; x_wconf 85' lang='lat' dir='ltr'><strong>sit</strong></span> <span class='ocrx_word' id='word_1_750' title='bbox 1249 2003 1361 2038; x_wconf 79' lang='lat' dir='ltr'><strong>digitus.</strong></span> <span class='ocrx_word' id='word_1_751' title='bbox 1377 2014 1466 2040; x_wconf 80' lang='lat' dir='ltr'><strong>neque</strong></span> <span class='ocrx_word' id='word_1_752' title='bbox 1483 2007 1587 2042; x_wconf 79' lang='lat' dir='ltr'><strong>digitus</strong></span> <span class='ocrx_word' id='word_1_753' title='bbox 1605 2017 1715 2043; x_wconf 85' lang='lat' dir='ltr'><strong>manus,</strong></span> 
     </span>
    </p>
   </div>
   <div class='ocr_carea' id='block_1_104' title="bbox 930 2046 1716 2091">
    <p class='ocr_par' dir='ltr' id='par_1_104' title="bbox 930 2046 1716 2091">
     <span class='ocr_line' id='line_1_117' title="bbox 930 2046 1716 2091; baseline 0.018 -19"><span class='ocrx_word' id='word_1_754' title='bbox 930 2046 994 2080; x_wconf 87' lang='lat' dir='ltr'><strong>quia</strong></span> <span class='ocrx_word' id='word_1_755' title='bbox 1012 2054 1103 2082; x_wconf 84' lang='lat' dir='ltr'><strong>neque</strong></span> <span class='ocrx_word' id='word_1_756' title='bbox 1128 2056 1227 2076; x_wconf 86' lang='lat' dir='ltr'><strong>manus</strong></span> <span class='ocrx_word' id='word_1_757' title='bbox 1252 2058 1301 2085; x_wconf 85' lang='lat' dir='ltr'><strong>per</strong></span> <span class='ocrx_word' id='word_1_758' title='bbox 1316 2051 1430 2086; x_wconf 71' lang='lat' dir='ltr'><strong>digitum</strong></span> <span class='ocrx_word' id='word_1_759' title='bbox 1454 2062 1562 2089; x_wconf 82' lang='lat' dir='ltr'><strong>corpori</strong></span> <span class='ocrx_word' id='word_1_760' title='bbox 1589 2063 1716 2091; x_wconf 80' lang='lat' dir='ltr'><strong>coaptata</strong></span> 
     </span>
    </p>
   </div>
   <div class='ocr_carea' id='block_1_105' title="bbox 927 2091 1713 2136">
    <p class='ocr_par' dir='ltr' id='par_1_105' title="bbox 927 2091 1713 2136">
     <span class='ocr_line' id='line_1_118' title="bbox 927 2091 1713 2136; baseline 0.015 -18"><span class='ocrx_word' id='word_1_761' title='bbox 927 2095 979 2118; x_wconf 85' lang='lat' dir='ltr'><strong>est.</strong></span> <span class='ocrx_word' id='word_1_762' title='bbox 1004 2091 1140 2124; x_wconf 82' lang='lat' dir='ltr'><strong>Quocirca</strong></span> <span class='ocrx_word' id='word_1_763' title='bbox 1163 2099 1275 2122; x_wconf 82' lang='lat' dir='ltr'><strong>ostenso</strong></span> <span class='ocrx_word' id='word_1_764' title='bbox 1302 2097 1385 2124; x_wconf 85' lang='lat' dir='ltr'><strong>etiam</strong></span> <span class='ocrx_word' id='word_1_765' title='bbox 1407 2106 1456 2133; x_wconf 83' lang='lat' dir='ltr'><strong>per</strong></span> <span class='ocrx_word' id='word_1_766' title='bbox 1472 2099 1542 2126; x_wconf 86' lang='lat' dir='ltr'><strong>hanc</strong></span> <span class='ocrx_word' id='word_1_767' title='bbox 1568 2101 1713 2136; x_wconf 68' lang='lat' dir='ltr'><strong>imaginem</strong></span> 
     </span>
    </p>
   </div>
   <div class='ocr_carea' id='block_1_106' title="bbox 927 2138 1713 2176">
    <p class='ocr_par' dir='ltr' id='par_1_106' title="bbox 927 2138 1713 2176">
     <span class='ocr_line' id='line_1_119' title="bbox 927 2138 1713 2176; baseline 0.019 -15"><span class='ocrx_word' id='word_1_768' title='bbox 927 2142 1106 2169; x_wconf 84' lang='lat' dir='ltr'><strong>personarum</strong></span> <span class='ocrx_word' id='word_1_769' title='bbox 1120 2138 1152 2164; x_wconf 81' lang='lat' dir='ltr'><strong>ad</strong></span> <span class='ocrx_word' id='word_1_770' title='bbox 1171 2146 1200 2166; x_wconf 84' lang='lat' dir='ltr'><strong>se</strong></span> <span class='ocrx_word' id='word_1_771' title='bbox 1221 2140 1336 2168; x_wconf 90' lang='lat' dir='ltr'><strong>invicem</strong></span> <span class='ocrx_word' id='word_1_772' title='bbox 1351 2143 1459 2175; x_wconf 87' lang='lat' dir='ltr'><strong>ordine,</strong></span> <span class='ocrx_word' id='word_1_773' title='bbox 1477 2146 1713 2176; x_wconf 84' lang='lat' dir='ltr'><strong>consubstantiale</strong></span> 
     </span>
    </p>
   </div>
   <div class='ocr_carea' id='block_1_107' title="bbox 924 2180 1712 2224">
    <p class='ocr_par' dir='ltr' id='par_1_107' title="bbox 924 2180 1712 2224">
     <span class='ocr_line' id='line_1_120' title="bbox 924 2180 1712 2224; baseline 0.019 -18"><span class='ocrx_word' id='word_1_774' title='bbox 924 2180 1050 2214; x_wconf 86' lang='lat' dir='ltr'><strong>protinus</strong></span> <span class='ocrx_word' id='word_1_775' title='bbox 1068 2182 1172 2210; x_wconf 83' lang='lat' dir='ltr'><strong>addidit</strong></span> <span class='ocrx_word' id='word_1_776' title='bbox 1197 2193 1203 2211; x_wconf 89' lang='lat'>:</span> <span class='ocrx_word' id='word_1_777' title='bbox 1230 2183 1289 2213; x_wconf 87' lang='lat' dir='ltr'><strong>Non</strong></span> <span class='ocrx_word' id='word_1_778' title='bbox 1304 2186 1396 2221; x_wconf 78' lang='lat' dir='ltr'><strong>igitur,</strong></span> <span class='ocrx_word' id='word_1_779' title='bbox 1416 2187 1516 2224; x_wconf 86' lang='lat' dir='ltr'><strong>inquit.</strong></span> <span class='ocrx_word' id='word_1_780' title='bbox 1533 2191 1637 2220; x_wconf 87' lang='lat' dir='ltr'><strong>alienus</strong></span> <span class='ocrx_word' id='word_1_781' title='bbox 1666 2202 1712 2221; x_wconf 79' lang='lat' dir='ltr'><strong>ne—</strong></span> 
     </span>
    </p>
   </div>
   <div class='ocr_carea' id='block_1_108' title="bbox 921 2226 1711 2272">
    <p class='ocr_par' dir='ltr' id='par_1_108' title="bbox 921 2226 1711 2272">
     <span class='ocr_line' id='line_1_121' title="bbox 921 2226 1711 2272; baseline 0.022 -21"><span class='ocrx_word' id='word_1_782' title='bbox 921 2233 973 2260; x_wconf 84' lang='lat' dir='ltr'><strong>que</strong></span> <span class='ocrx_word' id='word_1_783' title='bbox 994 2226 1114 2255; x_wconf 84' lang='lat' dir='ltr'><strong>remotus</strong></span> <span class='ocrx_word' id='word_1_784' title='bbox 1130 2236 1144 2256; x_wconf 85' lang='lat' dir='ltr'><strong>a</strong></span> <span class='ocrx_word' id='word_1_785' title='bbox 1171 2229 1263 2259; x_wconf 87' lang='lat' dir='ltr'><strong>divina</strong></span> <span class='ocrx_word' id='word_1_786' title='bbox 1297 2235 1416 2261; x_wconf 87' lang='lat' dir='ltr'><strong>essentia</strong></span> <span class='ocrx_word' id='word_1_787' title='bbox 1446 2240 1487 2263; x_wconf 84' lang='lat' dir='ltr'><strong>est</strong></span> <span class='ocrx_word' id='word_1_788' title='bbox 1505 2232 1623 2272; x_wconf 86' lang='lat' dir='ltr'><strong>Spiritus</strong></span> <span class='ocrx_word' id='word_1_789' title='bbox 1646 2248 1711 2268; x_wconf 87' lang='lat' dir='ltr'><strong>san-</strong></span> 
     </span>
    </p>
   </div>
   <div class='ocr_carea' id='block_1_109' title="bbox 920 2275 1026 2299">
    <p class='ocr_par' dir='ltr' id='par_1_109' title="bbox 920 2275 1026 2299">
     <span class='ocr_line' id='line_1_122' title="bbox 920 2275 1026 2299; baseline 0.009 -2"><span class='ocrx_word' id='word_1_790' title='bbox 920 2275 991 2299; x_wconf 87' lang='lat' dir='ltr'><strong>ctus.</strong></span> <span class='ocrx_word' id='word_1_791' title='bbox 1016 2281 1026 2298; x_wconf 78' lang='grc' dir='ltr'><strong><em>ι</em></strong></span> 
     </span>
    </p>
   </div>
   <div class='ocr_carea' id='block_1_110' title="bbox 956 2327 1710 2373">
    <p class='ocr_par' dir='ltr' id='par_1_110' title="bbox 956 2327 1710 2373">
     <span class='ocr_line' id='line_1_123' title="bbox 956 2327 1710 2373; baseline 0.024 -19"><span class='ocrx_word' id='word_1_792' title='bbox 956 2327 1034 2356; x_wconf 88' lang='lat' dir='ltr'><strong>Certe</strong></span> <span class='ocrx_word' id='word_1_793' title='bbox 1051 2334 1078 2357; x_wconf 90' lang='lat' dir='ltr'><strong>et</strong></span> <span class='ocrx_word' id='word_1_794' title='bbox 1097 2330 1194 2359; x_wconf 88' lang='lat' dir='ltr'><strong>beattts</strong></span> <span class='ocrx_word' id='word_1_795' title='bbox 1222 2333 1401 2370; x_wconf 70' lang='lat' dir='ltr'><strong>Augustinus,</strong></span> <span class='ocrx_word' id='word_1_796' title='bbox 1421 2346 1501 2373; x_wconf 85' lang='lat' dir='ltr'><strong>quem</strong></span> <span class='ocrx_word' id='word_1_797' title='bbox 1527 2347 1662 2370; x_wconf 91' lang='lat' dir='ltr'><strong>summum</strong></span> <span class='ocrx_word' id='word_1_798' title='bbox 1683 2350 1710 2372; x_wconf 90' lang='lat' dir='ltr'><strong>et</strong></span> 
     </span>
    </p>
   </div>
   <div class='ocr_carea' id='block_1_111' title="bbox 919 2373 1708 2421">
    <p class='ocr_par' dir='ltr' id='par_1_111' title="bbox 919 2373 1708 2421">
     <span class='ocr_line' id='line_1_124' title="bbox 919 2373 1708 2421; baseline 0.022 -23"><span class='ocrx_word' id='word_1_799' title='bbox 919 2373 1181 2403; x_wconf 78' lang='lat' dir='ltr'><strong>excellentissimum</strong></span> <span class='ocrx_word' id='word_1_800' title='bbox 1196 2377 1334 2406; x_wconf 78' lang='lat' dir='ltr'><strong>doctorem</strong></span> <span class='ocrx_word' id='word_1_801' title='bbox 1348 2382 1516 2411; x_wconf 68' lang='lat' dir='ltr'><strong>universal-2s</strong></span> <span class='ocrx_word' id='word_1_802' title='bbox 1531 2387 1625 2420; x_wconf 85' lang='lat' dir='ltr'><strong>synodi</strong></span> <span class='ocrx_word' id='word_1_803' title='bbox 1639 2395 1708 2421; x_wconf 77' lang='lat' dir='ltr'><strong>pra:-</strong></span> 
     </span>
    </p>
   </div>
   <div class='ocr_carea' id='block_1_112' title="bbox 922 2418 1707 2465">
    <p class='ocr_par' dir='ltr' id='par_1_112' title="bbox 922 2418 1707 2465">
     <span class='ocr_line' id='line_1_125' title="bbox 922 2418 1707 2465; baseline 0.022 -21"><span class='ocrx_word' id='word_1_804' title='bbox 922 2418 1092 2453; x_wconf 81' lang='lat' dir='ltr'><strong>dicarerunt,</strong></span> <span class='ocrx_word' id='word_1_805' title='bbox 1120 2422 1191 2449; x_wconf 81' lang='lat' dir='ltr'><strong>sicut</strong></span> <span class='ocrx_word' id='word_1_806' title='bbox 1215 2432 1247 2451; x_wconf 81' lang='lat' dir='ltr'><strong>ex</strong></span> <span class='ocrx_word' id='word_1_807' title='bbox 1273 2427 1357 2460; x_wconf 73' lang='lat' dir='ltr'><strong>gestis</strong></span> <span class='ocrx_word' id='word_1_808' title='bbox 1380 2430 1557 2463; x_wconf 80' lang='lat' dir='ltr'><strong>synodalibus</strong></span> <span class='ocrx_word' id='word_1_809' title='bbox 1588 2439 1707 2465; x_wconf 80' lang='lat' dir='ltr'><strong>constat.</strong></span> 
     </span>
    </p>
   </div>
   <div class='ocr_carea' id='block_1_113' title="bbox 921 2463 1705 2514">
    <p class='ocr_par' dir='ltr' id='par_1_113' title="bbox 921 2463 1705 2514">
     <span class='ocr_line' id='line_1_126' title="bbox 921 2463 1705 2514; baseline 0.023 -25"><span class='ocrx_word' id='word_1_810' title='bbox 921 2463 1067 2492; x_wconf 87' lang='lat' dir='ltr'><strong>humanam</strong></span> <span class='ocrx_word' id='word_1_811' title='bbox 1097 2473 1213 2497; x_wconf 88' lang='lat' dir='ltr'><strong>mentem</strong></span> <span class='ocrx_word' id='word_1_812' title='bbox 1231 2478 1281 2505; x_wconf 87' lang='lat' dir='ltr'><strong>pro</strong></span> <span class='ocrx_word' id='word_1_813' title='bbox 1305 2472 1384 2501; x_wconf 83' lang='lat' dir='ltr'><strong>Patre</strong></span> <span class='ocrx_word' id='word_1_814' title='bbox 1408 2476 1433 2501; x_wconf 88' lang='lat' dir='ltr'><strong>itt</strong></span> <span class='ocrx_word' id='word_1_815' title='bbox 1458 2476 1575 2510; x_wconf 77' lang='lat' dir='ltr'><strong>imagine</strong></span> <span class='ocrx_word' id='word_1_816' title='bbox 1600 2482 1705 2514; x_wconf 80' lang='lat' dir='ltr'><strong>sumit;</strong></span> 
     </span>
    </p>
   </div>
   <div class='ocr_carea' id='block_1_114' title="bbox 923 2507 1703 2554">
    <p class='ocr_par' dir='ltr' id='par_1_114' title="bbox 923 2507 1703 2554">
     <span class='ocr_line' id='line_1_127' title="bbox 923 2507 1703 2554; baseline 0.024 -21"><span class='ocrx_word' id='word_1_817' title='bbox 923 2507 1040 2539; x_wconf 74' lang='lat' dir='ltr'><strong>Verbum</strong></span> <span class='ocrx_word' id='word_1_818' title='bbox 1064 2516 1167 2545; x_wconf 86' lang='lat' dir='ltr'><strong>autem,</strong></span> <span class='ocrx_word' id='word_1_819' title='bbox 1186 2516 1258 2549; x_wconf 89' lang='lat' dir='ltr'><strong>quod</strong></span> <span class='ocrx_word' id='word_1_820' title='bbox 1271 2516 1382 2545; x_wconf 89' lang='lat' dir='ltr'><strong>insitum</strong></span> <span class='ocrx_word' id='word_1_821' title='bbox 1412 2524 1494 2554; x_wconf 87' lang='lat' dir='ltr'><strong>atque</strong></span> <span class='ocrx_word' id='word_1_822' title='bbox 1514 2507 1642 2550; x_wconf 76' lang='lat' dir='ltr'><strong>intimum</strong></span> <span class='ocrx_word' id='word_1_823' title='bbox 1661 2507 1703 2552; x_wconf 52' lang='lat' dir='ltr'><strong>di:</strong></span> 
     </span>
    </p>
   </div>
   <div class='ocr_carea' id='block_1_115' title="bbox 919 2554 1702 2603">
    <p class='ocr_par' dir='ltr' id='par_1_115' title="bbox 919 2554 1702 2603">
     <span class='ocr_line' id='line_1_128' title="bbox 919 2554 1702 2603; baseline 0.024 -23"><span class='ocrx_word' id='word_1_824' title='bbox 919 2554 1001 2586; x_wconf 86' lang='lat' dir='ltr'><strong>citur,</strong></span> <span class='ocrx_word' id='word_1_825' title='bbox 1020 2563 1069 2591; x_wconf 89' lang='lat' dir='ltr'><strong>pro</strong></span> <span class='ocrx_word' id='word_1_826' title='bbox 1082 2557 1162 2592; x_wconf 87' lang='lat' dir='ltr'><strong>Filio;</strong></span> <span class='ocrx_word' id='word_1_827' title='bbox 1176 2560 1222 2594; x_wconf 90' lang='lat' dir='ltr'><strong>qui</strong></span> <span class='ocrx_word' id='word_1_828' title='bbox 1237 2565 1264 2588; x_wconf 88' lang='lat' dir='ltr'><strong>et</strong></span> <span class='ocrx_word' id='word_1_829' title='bbox 1276 2564 1346 2597; x_wconf 84' lang='lat' dir='ltr'><strong>apud</strong></span> <span class='ocrx_word' id='word_1_830' title='bbox 1363 2564 1492 2593; x_wconf 68' lang='lat' dir='ltr'><strong>Joannem</strong></span> <span class='ocrx_word' id='word_1_831' title='bbox 1507 2570 1702 2603; x_wconf 68' lang='lat' dir='ltr'><strong>evangelistam</strong></span> 
     </span>
    </p>
   </div>
   <div class='ocr_carea' id='block_1_116' title="bbox 918 2600 1703 2648">
    <p class='ocr_par' dir='ltr' id='par_1_116' title="bbox 918 2600 1703 2648">
     <span class='ocr_line' id='line_1_129' title="bbox 918 2600 1703 2648; baseline 0.023 -22"><span class='ocrx_word' id='word_1_832' title='bbox 918 2600 963 2627; x_wconf 88' lang='lat' dir='ltr'><strong>Dei</strong></span> <span class='ocrx_word' id='word_1_833' title='bbox 994 2601 1110 2630; x_wconf 89' lang='lat' dir='ltr'><strong>Verbum</strong></span> <span class='ocrx_word' id='word_1_834' title='bbox 1139 2605 1229 2634; x_wconf 91' lang='lat' dir='ltr'><strong>dictus</strong></span> <span class='ocrx_word' id='word_1_835' title='bbox 1262 2613 1304 2635; x_wconf 90' lang='lat' dir='ltr'><strong>est</strong></span> <span class='ocrx_word' id='word_1_836' title='bbox 1323 2618 1330 2636; x_wconf 89' lang='lat'><strong><em>:</em></strong></span> <span class='ocrx_word' id='word_1_837' title='bbox 1348 2609 1490 2646; x_wconf 83' lang='lat' dir='ltr'><strong>Patrisque</strong></span> <span class='ocrx_word' id='word_1_838' title='bbox 1527 2600 1658 2648; x_wconf 79' lang='lat' dir='ltr'><strong>deﬁnitio,</strong></span> <span class='ocrx_word' id='word_1_839' title='bbox 1675 2623 1703 2645; x_wconf 89' lang='lat' dir='ltr'><strong>et</strong></span> 
     </span>
    </p>
   </div>
   <div class='ocr_carea' id='block_1_117' title="bbox 916 2645 1700 2693">
    <p class='ocr_par' dir='ltr' id='par_1_117' title="bbox 916 2645 1700 2693">
     <span class='ocr_line' id='line_1_130' title="bbox 916 2645 1700 2693; baseline 0.026 -23"><span class='ocrx_word' id='word_1_840' title='bbox 916 2645 1043 2679; x_wconf 57' lang='lat' dir='ltr'><strong>Verbum,</strong></span> <span class='ocrx_word' id='word_1_841' title='bbox 1059 2652 1085 2674; x_wconf 79' lang='lat' dir='ltr'><strong>et</strong></span> <span class='ocrx_word' id='word_1_842' title='bbox 1101 2657 1210 2684; x_wconf 69' lang='lat' dir='ltr'><strong>germen</strong></span> <span class='ocrx_word' id='word_1_843' title='bbox 1237 2660 1263 2680; x_wconf 88' lang='lat' dir='ltr'><strong>et</strong></span> <span class='ocrx_word' id='word_1_844' title='bbox 1296 2655 1421 2684; x_wconf 69' lang='lat' dir='ltr'><strong>voluntas</strong></span> <span class='ocrx_word' id='word_1_845' title='bbox 1441 2663 1466 2685; x_wconf 79' lang='lat' dir='ltr'><strong>et</strong></span> <span class='ocrx_word' id='word_1_846' title='bbox 1489 2660 1660 2693; x_wconf 72' lang='lat' dir='ltr'><strong>signaculum</strong></span> <span class='ocrx_word' id='word_1_847' title='bbox 1686 2670 1700 2690; x_wconf 91' lang='lat' dir='ltr'><strong>a</strong></span> 
     </span>
    </p>
   </div>
   <div class='ocr_carea' id='block_1_118' title="bbox 913 2691 1700 2742">
    <p class='ocr_par' dir='ltr' id='par_1_118' title="bbox 913 2691 1700 2742">
     <span class='ocr_line' id='line_1_131' title="bbox 913 2691 1700 2742; baseline 0.022 -23"><span class='ocrx_word' id='word_1_848' title='bbox 913 2691 1042 2727; x_wconf 75' lang='lat' dir='ltr'><strong>Gregorio</strong></span> <span class='ocrx_word' id='word_1_849' title='bbox 1054 2695 1188 2732; x_wconf 81' lang='lat' dir='ltr'><strong>Tlt.-ologo</strong></span> <span class='ocrx_word' id='word_1_850' title='bbox 1204 2700 1353 2733; x_wconf 78' lang='lat' dir='ltr'><strong>appellatus</strong></span> <span class='ocrx_word' id='word_1_851' title='bbox 1378 2709 1417 2730; x_wconf 76' lang='lat' dir='ltr'><strong>est</strong></span> <span class='ocrx_word' id='word_1_852' title='bbox 1445 2707 1592 2734; x_wconf 75' lang='lat' dir='ltr'><strong>secundum</strong></span> <span class='ocrx_word' id='word_1_853' title='bbox 1618 2706 1700 2742; x_wconf 83' lang='lat' dir='ltr'><strong>quam</strong></span> 
     </span>
    </p>
   </div>
   <div class='ocr_carea' id='block_1_119' title="bbox 919 2739 1699 2786">
    <p class='ocr_par' dir='ltr' id='par_1_119' title="bbox 919 2739 1699 2786">
     <span class='ocr_line' id='line_1_132' title="bbox 919 2739 1699 2786; baseline 0.026 -23"><span class='ocrx_word' id='word_1_854' title='bbox 919 2739 1036 2766; x_wconf 76' lang='lat' dir='ltr'><strong>maxime</strong></span> <span class='ocrx_word' id='word_1_855' title='bbox 1066 2741 1210 2777; x_wconf 68' lang='lat' dir='ltr'><strong>imaginem</strong></span> <span class='ocrx_word' id='word_1_856' title='bbox 1226 2746 1251 2772; x_wconf 89' lang='lat' dir='ltr'><strong>itt</strong></span> <span class='ocrx_word' id='word_1_857' title='bbox 1269 2746 1377 2775; x_wconf 76' lang='lat' dir='ltr'><strong>homine</strong></span> <span class='ocrx_word' id='word_1_858' title='bbox 1396 2750 1440 2777; x_wconf 60' lang='grc' dir='ltr'><strong>ΟΛ</strong></span> <span class='ocrx_word' id='word_1_859' title='bbox 1456 2753 1544 2786; x_wconf 77' lang='lat' dir='ltr'><strong>imago</strong></span> <span class='ocrx_word' id='word_1_860' title='bbox 1567 2761 1699 2782; x_wconf 86' lang='lat' dir='ltr'><strong>servetur.</strong></span> 
     </span>
    </p>
   </div>
   <div class='ocr_carea' id='block_1_120' title="bbox 1009 2826 1584 2870">
    <p class='ocr_par' dir='ltr' id='par_1_120' title="bbox 1009 2826 1584 2870">
     <span class='ocr_line' id='line_1_133' title="bbox 1009 2826 1584 2870; baseline 0.028 -18"><span class='ocrx_word' id='word_1_861' title='bbox 1009 2826 1030 2842; x_wconf 83' lang='lat'>”</span> <span class='ocrx_word' id='word_1_862' title='bbox 1050 2826 1121 2856; x_wconf 73' lang='lat' dir='ltr'><strong>l&#39;sal.</strong></span> <span class='ocrx_word' id='word_1_863' title='bbox 1141 2839 1222 2863; x_wconf 74' lang='lat' dir='ltr'><strong>xcvtt.</strong></span> <span class='ocrx_word' id='word_1_864' title='bbox 1248 2833 1269 2860; x_wconf 92' lang='lat' dir='ltr'><strong>l.</strong></span> <span class='ocrx_word' id='word_1_865' title='bbox 1329 2837 1349 2852; x_wconf 86' lang='lat'>&quot;</span> <span class='ocrx_word' id='word_1_866' title='bbox 1366 2837 1435 2865; x_wconf 81' lang='lat' dir='ltr'><strong>Psal.</strong></span> <span class='ocrx_word' id='word_1_867' title='bbox 1459 2847 1534 2870; x_wconf 73' lang='lat' dir='ltr'><strong>XLTll,</strong></span> <span class='ocrx_word' id='word_1_868' title='bbox 1557 2841 1584 2868; x_wconf 70' lang='grc'><strong>4.</strong></span> 
     </span>
    </p>
   </div>
  </div>
