  <div class='ocr_page' id='page_1' title='image "/cluster/home/n/w/nwhite01/storage/ocr_20150623/152/njp.32101077773206/025.png"; bbox 0 0 1934 3063; ppageno 0'>
   <div class='ocr_carea' id='block_1_1' title="bbox 149 92 184 123">
    <p class='ocr_par' dir='ltr' id='par_1_1' title="bbox 149 92 184 123">
     <span class='ocr_line' id='line_1_1' title="bbox 149 92 184 123; baseline 0 0"><span class='ocrx_word' id='word_1_1' title='bbox 149 92 184 123; x_wconf 65' lang='grc' dir='ltr'><strong>,ΤΟ</strong></span> 
     </span>
    </p>
   </div>
   <div class='ocr_carea' id='block_1_2' title="bbox 786 89 1147 121">
    <p class='ocr_par' dir='ltr' id='par_1_2' title="bbox 786 89 1147 121">
     <span class='ocr_line' id='line_1_2' title="bbox 786 89 1147 121; baseline 0 -1"><span class='ocrx_word' id='word_1_2' title='bbox 786 89 984 121; x_wconf 77' lang='lat' dir='ltr'><strong>MANUELlS</strong></span> <span class='ocrx_word' id='word_1_3' title='bbox 995 89 1147 120; x_wconf 30' lang='lat' dir='ltr'><strong>CALECKE</strong></span> 
     </span>
    </p>
   </div>
   <div class='ocr_carea' id='block_1_3' title="bbox 1751 88 1786 121">
    <p class='ocr_par' dir='ltr' id='par_1_3' title="bbox 1751 88 1786 121">
     <span class='ocr_line' id='line_1_3' title="bbox 1751 88 1786 121; baseline 0.029 -1"><span class='ocrx_word' id='word_1_4' title='bbox 1751 88 1786 121; x_wconf 68' lang='lat'>40</span> 
     </span>
    </p>
   </div>
   <div class='ocr_carea' id='block_1_4' title="bbox 152 145 1786 182">
    <p class='ocr_par' dir='ltr' id='par_1_4' title="bbox 152 145 1786 182">
     <span class='ocr_line' id='line_1_4' title="bbox 152 145 1786 182; baseline 0.003 -10"><span class='ocrx_word' id='word_1_5' title='bbox 152 149 323 175; x_wconf 83' lang='lat' dir='ltr'><strong>Voluntatem</strong></span> <span class='ocrx_word' id='word_1_6' title='bbox 343 153 408 174; x_wconf 87' lang='lat' dir='ltr'><strong>vero</strong></span> <span class='ocrx_word' id='word_1_7' title='bbox 424 153 483 180; x_wconf 71' lang='lat' dir='ltr'><strong>qua:</strong></span> <span class='ocrx_word' id='word_1_8' title='bbox 497 145 660 173; x_wconf 87' lang='lat' dir='ltr'><strong>nattrralitcr</strong></span> <span class='ocrx_word' id='word_1_9' title='bbox 671 145 798 173; x_wconf 87' lang='lat' dir='ltr'><strong>omnibrrs</strong></span> <span class='ocrx_word' id='word_1_10' title='bbox 817 146 941 173; x_wconf 87' lang='lat' dir='ltr'><strong>rationa-</strong></span> <span class='ocrx_word' id='word_1_11' title='bbox 960 149 981 176; x_wconf 78' lang='grc' dir='ltr'><strong>Α</strong></span> <span class='ocrx_word' id='word_1_12' title='bbox 998 145 1070 172; x_wconf 80' lang='lat' dir='ltr'><strong>diuis</strong></span> <span class='ocrx_word' id='word_1_13' title='bbox 1086 146 1111 172; x_wconf 90' lang='lat' dir='ltr'><strong>iu</strong></span> <span class='ocrx_word' id='word_1_14' title='bbox 1127 146 1166 173; x_wconf 79' lang='lat' dir='ltr'><strong>eis</strong></span> <span class='ocrx_word' id='word_1_15' title='bbox 1191 149 1242 178; x_wconf 79' lang='lat' dir='ltr'><strong>est,</strong></span> <span class='ocrx_word' id='word_1_16' title='bbox 1262 145 1287 172; x_wconf 87' lang='lat' dir='ltr'><strong>id</strong></span> <span class='ocrx_word' id='word_1_17' title='bbox 1304 145 1358 172; x_wconf 89' lang='lat' dir='ltr'><strong>Deo</strong></span> <span class='ocrx_word' id='word_1_18' title='bbox 1383 145 1461 180; x_wconf 83' lang='lat' dir='ltr'><strong>longe</strong></span> <span class='ocrx_word' id='word_1_19' title='bbox 1476 145 1585 182; x_wconf 76' lang='lat' dir='ltr'><strong>dignius</strong></span> <span class='ocrx_word' id='word_1_20' title='bbox 1611 147 1786 177; x_wconf 86' lang='lat' dir='ltr'><strong>ascrihimus.</strong></span> 
     </span>
    </p>
   </div>
   <div class='ocr_carea' id='block_1_5' title="bbox 150 191 947 226">
    <p class='ocr_par' dir='ltr' id='par_1_5' title="bbox 150 191 947 226">
     <span class='ocr_line' id='line_1_5' title="bbox 150 191 947 226; baseline -0.005 -5"><span class='ocrx_word' id='word_1_21' title='bbox 150 195 221 221; x_wconf 66' lang='lat' dir='ltr'><strong>littus</strong></span> <span class='ocrx_word' id='word_1_22' title='bbox 246 198 271 220; x_wconf 86' lang='lat' dir='ltr'><strong>cl</strong></span> <span class='ocrx_word' id='word_1_23' title='bbox 285 193 513 220; x_wconf 82' lang='lat' dir='ltr'><strong>intellectualilrus</strong></span> <span class='ocrx_word' id='word_1_24' title='bbox 531 193 611 224; x_wconf 80' lang='lat' dir='ltr'><strong>inest,</strong></span> <span class='ocrx_word' id='word_1_25' title='bbox 634 191 728 218; x_wconf 84' lang='lat' dir='ltr'><strong>divier</strong></span> <span class='ocrx_word' id='word_1_26' title='bbox 747 191 861 226; x_wconf 75' lang='lat' dir='ltr'><strong>Spiritui</strong></span> <span class='ocrx_word' id='word_1_27' title='bbox 880 191 947 218; x_wconf 77' lang='lat' dir='ltr'><strong>assi-</strong></span> 
     </span>
    </p>
   </div>
   <div class='ocr_carea' id='block_1_6' title="bbox 150 237 950 274">
    <p class='ocr_par' dir='ltr' id='par_1_6' title="bbox 150 237 950 274">
     <span class='ocr_line' id='line_1_6' title="bbox 150 237 950 274; baseline -0.003 -9"><span class='ocrx_word' id='word_1_28' title='bbox 150 245 225 273; x_wconf 66' lang='lat' dir='ltr'><strong>gnat,</strong></span> <span class='ocrx_word' id='word_1_29' title='bbox 239 240 334 274; x_wconf 72' lang='lat' dir='ltr'><strong>partim</strong></span> <span class='ocrx_word' id='word_1_30' title='bbox 350 238 459 272; x_wconf 82' lang='lat' dir='ltr'><strong>quidem</strong></span> <span class='ocrx_word' id='word_1_31' title='bbox 474 246 506 265; x_wconf 76' lang='lat' dir='ltr'><strong>ex</strong></span> <span class='ocrx_word' id='word_1_32' title='bbox 520 238 620 265; x_wconf 78' lang='lat' dir='ltr'><strong>divinis</strong></span> <span class='ocrx_word' id='word_1_33' title='bbox 634 237 755 270; x_wconf 77' lang='lat' dir='ltr'><strong>Litteris,</strong></span> <span class='ocrx_word' id='word_1_34' title='bbox 766 237 883 272; x_wconf 76' lang='lat' dir='ltr'><strong>exempli</strong></span> <span class='ocrx_word' id='word_1_35' title='bbox 897 237 950 263; x_wconf 88' lang='lat' dir='ltr'><strong>Iru-</strong></span> 
     </span>
    </p>
   </div>
   <div class='ocr_carea' id='block_1_7' title="bbox 147 282 949 322">
    <p class='ocr_par' dir='ltr' id='par_1_7' title="bbox 147 282 949 322">
     <span class='ocr_line' id='line_1_7' title="bbox 147 282 949 322; baseline -0.007 -8"><span class='ocrx_word' id='word_1_36' title='bbox 147 288 192 322; x_wconf 82' lang='lat' dir='ltr'><strong>jus</strong></span> <span class='ocrx_word' id='word_1_37' title='bbox 213 286 371 314; x_wconf 66' lang='lat' dir='ltr'><strong>occasiones</strong></span> <span class='ocrx_word' id='word_1_38' title='bbox 385 291 508 314; x_wconf 85' lang='lat' dir='ltr'><strong>sumens.</strong></span> <span class='ocrx_word' id='word_1_39' title='bbox 525 284 634 318; x_wconf 90' lang='lat' dir='ltr'><strong>partim,</strong></span> <span class='ocrx_word' id='word_1_40' title='bbox 662 284 725 317; x_wconf 83' lang='lat' dir='ltr'><strong>quia</strong></span> <span class='ocrx_word' id='word_1_41' title='bbox 748 282 949 315; x_wconf 81' lang='lat' dir='ltr'><strong>intellrctualis,</strong></span> 
     </span>
    </p>
   </div>
   <div class='ocr_carea' id='block_1_8' title="bbox 150 328 950 363">
    <p class='ocr_par' dir='ltr' id='par_1_8' title="bbox 150 328 950 363">
     <span class='ocr_line' id='line_1_8' title="bbox 150 328 950 363; baseline -0.003 -5"><span class='ocrx_word' id='word_1_42' title='bbox 150 338 177 358; x_wconf 81' lang='grc' dir='ltr'>(ιι</span> <span class='ocrx_word' id='word_1_43' title='bbox 190 332 342 362; x_wconf 75' lang='lat' dir='ltr'><strong>rationalis,</strong></span> <span class='ocrx_word' id='word_1_44' title='bbox 357 338 389 358; x_wconf 89' lang='lat' dir='ltr'><strong>ac</strong></span> <span class='ocrx_word' id='word_1_45' title='bbox 401 330 496 357; x_wconf 86' lang='lat' dir='ltr'><strong>volens</strong></span> <span class='ocrx_word' id='word_1_46' title='bbox 511 329 583 356; x_wconf 82' lang='lat' dir='ltr'><strong>Deus</strong></span> <span class='ocrx_word' id='word_1_47' title='bbox 595 334 622 356; x_wconf 90' lang='lat' dir='ltr'><strong>et</strong></span> <span class='ocrx_word' id='word_1_48' title='bbox 639 329 739 356; x_wconf 87' lang='lat' dir='ltr'><strong>dicitur</strong></span> <span class='ocrx_word' id='word_1_49' title='bbox 750 332 840 356; x_wconf 87' lang='lat' dir='ltr'><strong>etest.</strong></span> <span class='ocrx_word' id='word_1_50' title='bbox 857 328 950 363; x_wconf 82' lang='lat' dir='ltr'><strong>Neque</strong></span> 
     </span>
    </p>
   </div>
   <div class='ocr_carea' id='block_1_9' title="bbox 151 375 950 410">
    <p class='ocr_par' dir='ltr' id='par_1_9' title="bbox 151 375 950 410">
     <span class='ocr_line' id='line_1_9' title="bbox 151 375 950 410; baseline -0.004 -5"><span class='ocrx_word' id='word_1_51' title='bbox 151 379 222 405; x_wconf 73' lang='lat' dir='ltr'><strong>enim</strong></span> <span class='ocrx_word' id='word_1_52' title='bbox 244 378 348 404; x_wconf 78' lang='lat' dir='ltr'><strong>ratione</strong></span> <span class='ocrx_word' id='word_1_53' title='bbox 375 381 402 403; x_wconf 90' lang='lat' dir='ltr'><strong>et</strong></span> <span class='ocrx_word' id='word_1_54' title='bbox 428 377 567 403; x_wconf 84' lang='lat' dir='ltr'><strong>voluntate</strong></span> <span class='ocrx_word' id='word_1_55' title='bbox 583 375 694 410; x_wconf 69' lang='lat' dir='ltr'><strong>pra‘dita</strong></span> <span class='ocrx_word' id='word_1_56' title='bbox 721 380 950 410; x_wconf 77' lang='lat' dir='ltr'><strong>unquzunprotu-</strong></span> 
     </span>
    </p>
   </div>
   <div class='ocr_carea' id='block_1_10' title="bbox 152 415 950 457">
    <p class='ocr_par' dir='ltr' id='par_1_10' title="bbox 152 415 950 457">
     <span class='ocr_line' id='line_1_10' title="bbox 152 415 950 457; baseline -0.001 -9"><span class='ocrx_word' id='word_1_57' title='bbox 152 422 241 455; x_wconf 81' lang='lat' dir='ltr'><strong>iisset,</strong></span> <span class='ocrx_word' id='word_1_58' title='bbox 267 415 319 450; x_wconf 86' lang='lat' dir='ltr'><strong>nisi</strong></span> <span class='ocrx_word' id='word_1_59' title='bbox 347 422 405 448; x_wconf 61' lang='lat' dir='ltr'><strong>haec</strong></span> <span class='ocrx_word' id='word_1_60' title='bbox 419 421 494 457; x_wconf 83' lang='lat' dir='ltr'><strong>prius</strong></span> <span class='ocrx_word' id='word_1_61' title='bbox 517 421 543 448; x_wconf 88' lang='lat' dir='ltr'><strong>in</strong></span> <span class='ocrx_word' id='word_1_62' title='bbox 559 428 589 448; x_wconf 89' lang='lat' dir='ltr'><strong>se</strong></span> <span class='ocrx_word' id='word_1_63' title='bbox 618 421 696 456; x_wconf 67' lang='lat' dir='ltr'><strong>longe</strong></span> <span class='ocrx_word' id='word_1_64' title='bbox 722 420 950 448; x_wconf 80' lang='lat' dir='ltr'><strong>excellentissime</strong></span> 
     </span>
    </p>
   </div>
   <div class='ocr_carea' id='block_1_11' title="bbox 155 466 632 496">
    <p class='ocr_par' dir='ltr' id='par_1_11' title="bbox 155 466 632 496">
     <span class='ocr_line' id='line_1_11' title="bbox 155 466 632 496; baseline -0.002 0"><span class='ocrx_word' id='word_1_65' title='bbox 155 469 278 496; x_wconf 80' lang='lat' dir='ltr'><strong>haberet.</strong></span> <span class='ocrx_word' id='word_1_66' title='bbox 624 466 632 473; x_wconf 91' lang='grc'><em>’</em></span> 
     </span>
    </p>
   </div>
   <div class='ocr_carea' id='block_1_12' title="bbox 188 512 950 548">
    <p class='ocr_par' dir='ltr' id='par_1_12' title="bbox 188 512 950 548">
     <span class='ocr_line' id='line_1_12' title="bbox 188 512 950 548; baseline -0.003 -7"><span class='ocrx_word' id='word_1_67' title='bbox 188 513 423 548; x_wconf 78' lang='lat' dir='ltr'><strong>Quemadmodum</strong></span> <span class='ocrx_word' id='word_1_68' title='bbox 436 521 500 542; x_wconf 86' lang='lat' dir='ltr'><strong>vero</strong></span> <span class='ocrx_word' id='word_1_69' title='bbox 509 513 598 541; x_wconf 85' lang='lat' dir='ltr'><strong>Patris</strong></span> <span class='ocrx_word' id='word_1_70' title='bbox 605 513 735 546; x_wconf 79' lang='lat' dir='ltr'><strong>definitio,</strong></span> <span class='ocrx_word' id='word_1_71' title='bbox 749 512 900 541; x_wconf 86' lang='lat' dir='ltr'><strong>etVerbum</strong></span> <span class='ocrx_word' id='word_1_72' title='bbox 909 513 950 540; x_wconf 91' lang='lat' dir='ltr'><strong>in-</strong></span> 
     </span>
    </p>
   </div>
   <div class='ocr_carea' id='block_1_13' title="bbox 151 558 949 592">
    <p class='ocr_par' dir='ltr' id='par_1_13' title="bbox 151 558 949 592">
     <span class='ocr_line' id='line_1_13' title="bbox 151 558 949 592; baseline 0 -7"><span class='ocrx_word' id='word_1_73' title='bbox 151 559 244 589; x_wconf 87' lang='lat' dir='ltr'><strong>situm,</strong></span> <span class='ocrx_word' id='word_1_74' title='bbox 258 558 406 585; x_wconf 77' lang='lat' dir='ltr'><strong>essentiale</strong></span> <span class='ocrx_word' id='word_1_75' title='bbox 427 566 458 586; x_wconf 87' lang='lat' dir='ltr'><strong>ac</strong></span> <span class='ocrx_word' id='word_1_76' title='bbox 475 559 654 586; x_wconf 87' lang='lat' dir='ltr'><strong>substantiale</strong></span> <span class='ocrx_word' id='word_1_77' title='bbox 676 563 736 585; x_wconf 90' lang='lat' dir='ltr'><strong>est:</strong></span> <span class='ocrx_word' id='word_1_78' title='bbox 753 558 790 586; x_wconf 87' lang='lat' dir='ltr'><strong>ita</strong></span> <span class='ocrx_word' id='word_1_79' title='bbox 805 563 834 585; x_wconf 90' lang='lat' dir='ltr'><strong>et</strong></span> <span class='ocrx_word' id='word_1_80' title='bbox 851 558 949 592; x_wconf 89' lang='lat' dir='ltr'><strong>hujus-</strong></span> 
     </span>
    </p>
   </div>
   <div class='ocr_carea' id='block_1_14' title="bbox 152 603 948 639">
    <p class='ocr_par' dir='ltr' id='par_1_14' title="bbox 152 603 948 639">
     <span class='ocr_line' id='line_1_14' title="bbox 152 603 948 639; baseline 0 -9"><span class='ocrx_word' id='word_1_81' title='bbox 152 603 227 630; x_wconf 83' lang='lat' dir='ltr'><strong>nrorli</strong></span> <span class='ocrx_word' id='word_1_82' title='bbox 258 603 387 637; x_wconf 82' lang='lat' dir='ltr'><strong>voluntas</strong></span> <span class='ocrx_word' id='word_1_83' title='bbox 403 608 456 635; x_wconf 86' lang='lat' dir='ltr'><strong>est,</strong></span> <span class='ocrx_word' id='word_1_84' title='bbox 468 604 618 631; x_wconf 86' lang='lat' dir='ltr'><strong>secundum</strong></span> <span class='ocrx_word' id='word_1_85' title='bbox 631 612 715 638; x_wconf 88' lang='lat' dir='ltr'><strong>quam</strong></span> <span class='ocrx_word' id='word_1_86' title='bbox 729 604 801 632; x_wconf 82' lang='lat' dir='ltr'><strong>Deus</strong></span> <span class='ocrx_word' id='word_1_87' title='bbox 829 605 948 639; x_wconf 84' lang='lat' dir='ltr'><strong>scipsum</strong></span> 
     </span>
    </p>
   </div>
   <div class='ocr_carea' id='block_1_15' title="bbox 155 649 948 684">
    <p class='ocr_par' dir='ltr' id='par_1_15' title="bbox 155 649 948 684">
     <span class='ocr_line' id='line_1_15' title="bbox 155 649 948 684; baseline -0.001 -8"><span class='ocrx_word' id='word_1_88' title='bbox 155 650 222 681; x_wconf 88' lang='lat' dir='ltr'><strong>\ult,</strong></span> <span class='ocrx_word' id='word_1_89' title='bbox 250 649 364 676; x_wconf 82' lang='lat' dir='ltr'><strong>sicuth</strong></span> <span class='ocrx_word' id='word_1_90' title='bbox 393 650 543 676; x_wconf 88' lang='lat' dir='ltr'><strong>secunduur</strong></span> <span class='ocrx_word' id='word_1_91' title='bbox 571 649 689 676; x_wconf 84' lang='lat' dir='ltr'><strong>Verbum</strong></span> <span class='ocrx_word' id='word_1_92' title='bbox 715 657 806 681; x_wconf 84' lang='lat' dir='ltr'><strong>suum,</strong></span> <span class='ocrx_word' id='word_1_93' title='bbox 828 650 948 684; x_wconf 87' lang='lat' dir='ltr'><strong>seipsum</strong></span> 
     </span>
    </p>
   </div>
   <div class='ocr_carea' id='block_1_16' title="bbox 151 694 961 728">
    <p class='ocr_par' dir='ltr' id='par_1_16' title="bbox 151 694 961 728">
     <span class='ocr_line' id='line_1_16' title="bbox 151 694 961 728; baseline 0.001 -7"><span class='ocrx_word' id='word_1_94' title='bbox 151 695 287 728; x_wconf 77' lang='lat' dir='ltr'><strong>intelligit.</strong></span> <span class='ocrx_word' id='word_1_95' title='bbox 301 694 411 721; x_wconf 85' lang='lat' dir='ltr'><strong>Nullum</strong></span> <span class='ocrx_word' id='word_1_96' title='bbox 429 695 503 722; x_wconf 91' lang='lat' dir='ltr'><strong>enim</strong></span> <span class='ocrx_word' id='word_1_97' title='bbox 533 698 574 721; x_wconf 86' lang='lat' dir='ltr'><strong>est</strong></span> <span class='ocrx_word' id='word_1_98' title='bbox 589 695 615 721; x_wconf 94' lang='lat' dir='ltr'><strong>in</strong></span> <span class='ocrx_word' id='word_1_99' title='bbox 640 695 695 721; x_wconf 90' lang='lat' dir='ltr'><strong>Deo</strong></span> <span class='ocrx_word' id='word_1_100' title='bbox 720 695 859 722; x_wconf 87' lang='lat' dir='ltr'><strong>accidens.</strong></span> <span class='ocrx_word' id='word_1_101' title='bbox 885 694 961 726; x_wconf 39' lang='lat' dir='ltr'><strong>Vera</strong></span> 
     </span>
    </p>
   </div>
   <div class='ocr_carea' id='block_1_17' title="bbox 151 740 948 774">
    <p class='ocr_par' dir='ltr' id='par_1_17' title="bbox 151 740 948 774">
     <span class='ocr_line' id='line_1_17' title="bbox 151 740 948 774; baseline 0.001 -8"><span class='ocrx_word' id='word_1_102' title='bbox 151 741 215 767; x_wconf 69' lang='lat' dir='ltr'><strong>Izum</strong></span> <span class='ocrx_word' id='word_1_103' title='bbox 237 741 320 774; x_wconf 78' lang='lat' dir='ltr'><strong>igitur</strong></span> <span class='ocrx_word' id='word_1_104' title='bbox 332 741 391 767; x_wconf 86' lang='lat' dir='ltr'><strong>sine</strong></span> <span class='ocrx_word' id='word_1_105' title='bbox 405 740 494 767; x_wconf 89' lang='lat' dir='ltr'><strong>medio</strong></span> <span class='ocrx_word' id='word_1_106' title='bbox 507 748 539 767; x_wconf 89' lang='lat' dir='ltr'><strong>ert</strong></span> <span class='ocrx_word' id='word_1_107' title='bbox 552 744 642 767; x_wconf 91' lang='lat' dir='ltr'><strong>rnenle</strong></span> <span class='ocrx_word' id='word_1_108' title='bbox 658 748 665 767; x_wconf 86' lang='lat'><strong>:</strong></span> <span class='ocrx_word' id='word_1_109' title='bbox 678 741 805 767; x_wconf 89' lang='lat' dir='ltr'><strong>voluntas</strong></span> <span class='ocrx_word' id='word_1_110' title='bbox 813 745 901 767; x_wconf 85' lang='lat' dir='ltr'><strong>autem</strong></span> <span class='ocrx_word' id='word_1_111' title='bbox 916 748 948 767; x_wconf 83' lang='lat' dir='ltr'><strong>ex</strong></span> 
     </span>
    </p>
   </div>
   <div class='ocr_carea' id='block_1_18' title="bbox 152 786 949 821">
    <p class='ocr_par' dir='ltr' id='par_1_18' title="bbox 152 786 949 821">
     <span class='ocr_line' id='line_1_18' title="bbox 152 786 949 821; baseline 0 -8"><span class='ocrx_word' id='word_1_112' title='bbox 152 791 243 815; x_wconf 85' lang='lat' dir='ltr'><strong>mente</strong></span> <span class='ocrx_word' id='word_1_113' title='bbox 256 794 303 821; x_wconf 87' lang='lat' dir='ltr'><strong>per</strong></span> <span class='ocrx_word' id='word_1_114' title='bbox 314 786 433 813; x_wconf 83' lang='lat' dir='ltr'><strong>Verbum</strong></span> <span class='ocrx_word' id='word_1_115' title='bbox 447 791 498 813; x_wconf 82' lang='lat' dir='ltr'><strong>est.</strong></span> <span class='ocrx_word' id='word_1_116' title='bbox 513 786 683 821; x_wconf 72' lang='lat' dir='ltr'><strong>lnrpossibile</strong></span> <span class='ocrx_word' id='word_1_117' title='bbox 695 791 737 814; x_wconf 89' lang='lat' dir='ltr'><strong>est</strong></span> <span class='ocrx_word' id='word_1_118' title='bbox 748 787 820 814; x_wconf 90' lang='lat' dir='ltr'><strong>errim</strong></span> <span class='ocrx_word' id='word_1_119' title='bbox 833 786 949 821; x_wconf 79' lang='lat' dir='ltr'><strong>quemli-</strong></span> 
     </span>
    </p>
   </div>
   <div class='ocr_carea' id='block_1_19' title="bbox 1002 191 1786 227">
    <p class='ocr_par' dir='ltr' id='par_1_19' title="bbox 1002 191 1786 227">
     <span class='ocr_line' id='line_1_19' title="bbox 1002 191 1786 227; baseline 0.005 -10"><span class='ocrx_word' id='word_1_120' title='bbox 1002 191 1070 218; x_wconf 90' lang='lat' dir='ltr'><strong>lline</strong></span> <span class='ocrx_word' id='word_1_121' title='bbox 1089 192 1160 218; x_wconf 90' lang='lat' dir='ltr'><strong>enim</strong></span> <span class='ocrx_word' id='word_1_122' title='bbox 1177 191 1410 219; x_wconf 86' lang='lat' dir='ltr'><strong>consubstantialc</strong></span> <span class='ocrx_word' id='word_1_123' title='bbox 1426 193 1580 219; x_wconf 89' lang='lat' dir='ltr'><strong>divinarrrm</strong></span> <span class='ocrx_word' id='word_1_124' title='bbox 1595 200 1786 227; x_wconf 87' lang='lat' dir='ltr'><strong>personarum,</strong></span> 
     </span>
    </p>
   </div>
   <div class='ocr_carea' id='block_1_20' title="bbox 1001 237 1787 272">
    <p class='ocr_par' dir='ltr' id='par_1_20' title="bbox 1001 237 1787 272">
     <span class='ocr_line' id='line_1_20' title="bbox 1001 237 1787 272; baseline 0.005 -9"><span class='ocrx_word' id='word_1_125' title='bbox 1001 237 1181 271; x_wconf 79' lang='lat' dir='ltr'><strong>ordinemque</strong></span> <span class='ocrx_word' id='word_1_126' title='bbox 1197 237 1230 264; x_wconf 87' lang='lat' dir='ltr'><strong>ad</strong></span> <span class='ocrx_word' id='word_1_127' title='bbox 1246 237 1360 264; x_wconf 79' lang='lat' dir='ltr'><strong>invicem</strong></span> <span class='ocrx_word' id='word_1_128' title='bbox 1373 245 1466 264; x_wconf 86' lang='lat' dir='ltr'><strong>earum</strong></span> <span class='ocrx_word' id='word_1_129' title='bbox 1484 238 1552 264; x_wconf 91' lang='lat' dir='ltr'><strong>clam</strong></span> <span class='ocrx_word' id='word_1_130' title='bbox 1570 239 1702 272; x_wconf 87' lang='lat' dir='ltr'><strong>tollinrus,</strong></span> <span class='ocrx_word' id='word_1_131' title='bbox 1715 241 1787 267; x_wconf 90' lang='lat' dir='ltr'><strong>sicut</strong></span> 
     </span>
    </p>
   </div>
   <div class='ocr_carea' id='block_1_21' title="bbox 1001 282 1787 318">
    <p class='ocr_par' dir='ltr' id='par_1_21' title="bbox 1001 282 1787 318">
     <span class='ocr_line' id='line_1_21' title="bbox 1001 282 1787 318; baseline 0.003 -8"><span class='ocrx_word' id='word_1_132' title='bbox 1001 283 1027 310; x_wconf 94' lang='lat' dir='ltr'><strong>in</strong></span> <span class='ocrx_word' id='word_1_133' title='bbox 1046 282 1130 315; x_wconf 82' lang='lat' dir='ltr'><strong>fonte,</strong></span> <span class='ocrx_word' id='word_1_134' title='bbox 1148 288 1174 310; x_wconf 79' lang='lat' dir='ltr'><strong>et</strong></span> <span class='ocrx_word' id='word_1_135' title='bbox 1189 283 1285 313; x_wconf 87' lang='lat' dir='ltr'><strong>ﬂuvio.</strong></span> <span class='ocrx_word' id='word_1_136' title='bbox 1303 288 1330 311; x_wconf 90' lang='lat' dir='ltr'><strong>et</strong></span> <span class='ocrx_word' id='word_1_137' title='bbox 1345 284 1405 310; x_wconf 86' lang='lat' dir='ltr'><strong>viva</strong></span> <span class='ocrx_word' id='word_1_138' title='bbox 1419 291 1489 318; x_wconf 89' lang='lat' dir='ltr'><strong>aqrra</strong></span> <span class='ocrx_word' id='word_1_139' title='bbox 1519 284 1609 311; x_wconf 85' lang='lat' dir='ltr'><strong>habet.</strong></span> <span class='ocrx_word' id='word_1_140' title='bbox 1629 283 1698 312; x_wconf 86' lang='lat' dir='ltr'><strong>[line</strong></span> <span class='ocrx_word' id='word_1_141' title='bbox 1713 285 1787 312; x_wconf 88' lang='lat' dir='ltr'><strong>ordi-</strong></span> 
     </span>
    </p>
   </div>
   <div class='ocr_carea' id='block_1_22' title="bbox 1002 330 1787 366">
    <p class='ocr_par' dir='ltr' id='par_1_22' title="bbox 1002 330 1787 366">
     <span class='ocr_line' id='line_1_22' title="bbox 1002 330 1787 366; baseline 0.004 -11"><span class='ocrx_word' id='word_1_142' title='bbox 1002 330 1043 357; x_wconf 90' lang='lat' dir='ltr'><strong>nis</strong></span> <span class='ocrx_word' id='word_1_143' title='bbox 1058 330 1209 362; x_wconf 86' lang='lat' dir='ltr'><strong>immobile,</strong></span> <span class='ocrx_word' id='word_1_144' title='bbox 1227 330 1385 357; x_wconf 76' lang='lat' dir='ltr'><strong>nullatenus</strong></span> <span class='ocrx_word' id='word_1_145' title='bbox 1414 330 1606 364; x_wconf 86' lang='lat' dir='ltr'><strong>personalihus</strong></span> <span class='ocrx_word' id='word_1_146' title='bbox 1635 332 1787 366; x_wconf 87' lang='lat' dir='ltr'><strong>proprieta-</strong></span> 
     </span>
    </p>
   </div>
   <div class='ocr_carea' id='block_1_23' title="bbox 980 376 1786 410">
    <p class='ocr_par' dir='ltr' id='par_1_23' title="bbox 980 376 1786 410">
     <span class='ocr_line' id='line_1_23' title="bbox 980 376 1786 410; baseline 0.001 -7"><span class='ocrx_word' id='word_1_147' title='bbox 980 408 983 409; x_wconf 24' lang='grc' dir='ltr'><em>ν</em></span> <span class='ocrx_word' id='word_1_148' title='bbox 1001 377 1074 403; x_wconf 45' lang='lat' dir='ltr'><strong>titius</strong></span> <span class='ocrx_word' id='word_1_149' title='bbox 1090 377 1181 409; x_wconf 83' lang='lat' dir='ltr'><strong>motis;</strong></span> <span class='ocrx_word' id='word_1_150' title='bbox 1199 383 1288 410; x_wconf 88' lang='lat' dir='ltr'><strong>neque</strong></span> <span class='ocrx_word' id='word_1_151' title='bbox 1301 376 1373 403; x_wconf 88' lang='lat' dir='ltr'><strong>enim</strong></span> <span class='ocrx_word' id='word_1_152' title='bbox 1388 376 1470 404; x_wconf 85' lang='lat' dir='ltr'><strong>fontis</strong></span> <span class='ocrx_word' id='word_1_153' title='bbox 1482 377 1587 408; x_wconf 83' lang='lat' dir='ltr'><strong>oculus,</strong></span> <span class='ocrx_word' id='word_1_154' title='bbox 1601 376 1662 404; x_wconf 85' lang='lat' dir='ltr'><strong>forts</strong></span> <span class='ocrx_word' id='word_1_155' title='bbox 1675 377 1786 410; x_wconf 86' lang='lat' dir='ltr'><strong>dicitur;</strong></span> 
     </span>
    </p>
   </div>
   <div class='ocr_carea' id='block_1_24' title="bbox 1001 421 1787 457">
    <p class='ocr_par' dir='ltr' id='par_1_24' title="bbox 1001 421 1787 457">
     <span class='ocr_line' id='line_1_24' title="bbox 1001 421 1787 457; baseline 0.003 -9"><span class='ocrx_word' id='word_1_156' title='bbox 1001 429 1089 456; x_wconf 89' lang='lat' dir='ltr'><strong>neque</strong></span> <span class='ocrx_word' id='word_1_157' title='bbox 1104 422 1176 452; x_wconf 80' lang='lat' dir='ltr'><strong>forts.</strong></span> <span class='ocrx_word' id='word_1_158' title='bbox 1195 422 1306 449; x_wconf 91' lang='lat' dir='ltr'><strong>ﬂuvius.</strong></span> <span class='ocrx_word' id='word_1_159' title='bbox 1325 421 1419 457; x_wconf 83' lang='lat' dir='ltr'><strong>Neque</strong></span> <span class='ocrx_word' id='word_1_160' title='bbox 1444 429 1540 450; x_wconf 85' lang='lat' dir='ltr'><strong>rursus</strong></span> <span class='ocrx_word' id='word_1_161' title='bbox 1555 423 1606 455; x_wconf 87' lang='lat' dir='ltr'><strong>sol,</strong></span> <span class='ocrx_word' id='word_1_162' title='bbox 1623 423 1716 450; x_wconf 81' lang='lat' dir='ltr'><strong>radius</strong></span> <span class='ocrx_word' id='word_1_163' title='bbox 1740 432 1787 450; x_wconf 88' lang='lat' dir='ltr'><strong>vo-</strong></span> 
     </span>
    </p>
   </div>
   <div class='ocr_carea' id='block_1_25' title="bbox 1000 468 1789 503">
    <p class='ocr_par' dir='ltr' id='par_1_25' title="bbox 1000 468 1789 503">
     <span class='ocr_line' id='line_1_25' title="bbox 1000 468 1789 503; baseline 0.001 -9"><span class='ocrx_word' id='word_1_164' title='bbox 1000 472 1100 498; x_wconf 85' lang='lat' dir='ltr'><strong>catur;</strong></span> <span class='ocrx_word' id='word_1_165' title='bbox 1131 475 1220 500; x_wconf 84' lang='lat' dir='ltr'><strong>neque</strong></span> <span class='ocrx_word' id='word_1_166' title='bbox 1248 468 1340 495; x_wconf 81' lang='lat' dir='ltr'><strong>radius</strong></span> <span class='ocrx_word' id='word_1_167' title='bbox 1370 475 1402 495; x_wconf 87' lang='lat' dir='ltr'><strong>ea</strong></span> <span class='ocrx_word' id='word_1_168' title='bbox 1423 476 1483 502; x_wconf 72' lang='lat' dir='ltr'><strong>qua:</strong></span> <span class='ocrx_word' id='word_1_169' title='bbox 1516 476 1563 503; x_wconf 89' lang='lat' dir='ltr'><strong>per</strong></span> <span class='ocrx_word' id='word_1_170' title='bbox 1588 469 1661 495; x_wconf 89' lang='lat' dir='ltr'><strong>hunc</strong></span> <span class='ocrx_word' id='word_1_171' title='bbox 1694 473 1789 496; x_wconf 81' lang='lat' dir='ltr'><strong>manat</strong></span> 
     </span>
    </p>
   </div>
   <div class='ocr_carea' id='block_1_26' title="bbox 1001 513 1786 548">
    <p class='ocr_par' dir='ltr' id='par_1_26' title="bbox 1001 513 1786 548">
     <span class='ocr_line' id='line_1_26' title="bbox 1001 513 1786 548; baseline 0.001 -9"><span class='ocrx_word' id='word_1_172' title='bbox 1001 518 1082 548; x_wconf 89' lang='lat' dir='ltr'><strong>atque</strong></span> <span class='ocrx_word' id='word_1_173' title='bbox 1093 513 1255 540; x_wconf 76' lang='lat' dir='ltr'><strong>diffunditur</strong></span> <span class='ocrx_word' id='word_1_174' title='bbox 1268 513 1323 546; x_wconf 82' lang='lat' dir='ltr'><strong>lux,</strong></span> <span class='ocrx_word' id='word_1_175' title='bbox 1354 521 1416 540; x_wconf 94' lang='lat' dir='ltr'><strong>eum</strong></span> <span class='ocrx_word' id='word_1_176' title='bbox 1445 518 1471 541; x_wconf 89' lang='lat' dir='ltr'><strong>et</strong></span> <span class='ocrx_word' id='word_1_177' title='bbox 1494 514 1552 546; x_wconf 89' lang='lat' dir='ltr'><strong>ipse</strong></span> <span class='ocrx_word' id='word_1_178' title='bbox 1566 518 1640 541; x_wconf 89' lang='lat' dir='ltr'><strong>certe</strong></span> <span class='ocrx_word' id='word_1_179' title='bbox 1669 514 1706 542; x_wconf 86' lang='lat' dir='ltr'><strong>sit</strong></span> <span class='ocrx_word' id='word_1_180' title='bbox 1728 513 1786 540; x_wconf 82' lang='lat' dir='ltr'><strong>lux.</strong></span> 
     </span>
    </p>
   </div>
   <div class='ocr_carea' id='block_1_27' title="bbox 1001 559 1788 595">
    <p class='ocr_par' dir='ltr' id='par_1_27' title="bbox 1001 559 1788 595">
     <span class='ocr_line' id='line_1_27' title="bbox 1001 559 1788 595; baseline 0.003 -10"><span class='ocrx_word' id='word_1_181' title='bbox 1001 559 1133 586; x_wconf 77' lang='lat' dir='ltr'><strong>Scrvantli</strong></span> <span class='ocrx_word' id='word_1_182' title='bbox 1162 564 1251 586; x_wconf 89' lang='lat' dir='ltr'><strong>tamen</strong></span> <span class='ocrx_word' id='word_1_183' title='bbox 1284 559 1390 586; x_wconf 83' lang='lat' dir='ltr'><strong>ordinis</strong></span> <span class='ocrx_word' id='word_1_184' title='bbox 1418 567 1513 591; x_wconf 73' lang='lat' dir='ltr'><strong>causa,</strong></span> <span class='ocrx_word' id='word_1_185' title='bbox 1541 560 1648 594; x_wconf 79' lang='lat' dir='ltr'><strong>singula</strong></span> <span class='ocrx_word' id='word_1_186' title='bbox 1672 561 1788 595; x_wconf 80' lang='lat' dir='ltr'><strong>singulis</strong></span> 
     </span>
    </p>
   </div>
   <div class='ocr_carea' id='block_1_28' title="bbox 1001 605 1789 641">
    <p class='ocr_par' dir='ltr' id='par_1_28' title="bbox 1001 605 1789 641">
     <span class='ocr_line' id='line_1_28' title="bbox 1001 605 1789 641; baseline 0.003 -10"><span class='ocrx_word' id='word_1_187' title='bbox 1001 605 1112 631; x_wconf 88' lang='lat' dir='ltr'><strong>nomina</strong></span> <span class='ocrx_word' id='word_1_188' title='bbox 1127 605 1273 631; x_wconf 84' lang='lat' dir='ltr'><strong>distributa</strong></span> <span class='ocrx_word' id='word_1_189' title='bbox 1303 609 1330 632; x_wconf 88' lang='lat' dir='ltr'><strong>et</strong></span> <span class='ocrx_word' id='word_1_190' title='bbox 1345 610 1469 639; x_wconf 82' lang='lat' dir='ltr'><strong>Separata</strong></span> <span class='ocrx_word' id='word_1_191' title='bbox 1498 610 1572 633; x_wconf 81' lang='lat' dir='ltr'><strong>sunt.</strong></span> <span class='ocrx_word' id='word_1_192' title='bbox 1593 606 1670 633; x_wconf 85' lang='lat' dir='ltr'><strong>Sicut</strong></span> <span class='ocrx_word' id='word_1_193' title='bbox 1699 614 1789 641; x_wconf 86' lang='lat' dir='ltr'><strong>neque</strong></span> 
     </span>
    </p>
   </div>
   <div class='ocr_carea' id='block_1_29' title="bbox 1000 649 1788 687">
    <p class='ocr_par' dir='ltr' id='par_1_29' title="bbox 1000 649 1788 687">
     <span class='ocr_line' id='line_1_29' title="bbox 1000 649 1788 687; baseline 0.003 -10"><span class='ocrx_word' id='word_1_194' title='bbox 1000 649 1080 677; x_wconf 88' lang='lat' dir='ltr'><strong>Pater</strong></span> <span class='ocrx_word' id='word_1_195' title='bbox 1098 650 1182 677; x_wconf 83' lang='lat' dir='ltr'><strong>Filius</strong></span> <span class='ocrx_word' id='word_1_196' title='bbox 1199 655 1250 682; x_wconf 86' lang='lat' dir='ltr'><strong>est,</strong></span> <span class='ocrx_word' id='word_1_197' title='bbox 1268 658 1356 685; x_wconf 79' lang='lat' dir='ltr'><strong>neque</strong></span> <span class='ocrx_word' id='word_1_198' title='bbox 1384 650 1469 678; x_wconf 88' lang='lat' dir='ltr'><strong>Filius</strong></span> <span class='ocrx_word' id='word_1_199' title='bbox 1485 650 1573 685; x_wconf 86' lang='lat' dir='ltr'><strong>Pater,</strong></span> <span class='ocrx_word' id='word_1_200' title='bbox 1591 659 1679 687; x_wconf 87' lang='lat' dir='ltr'><strong>neque</strong></span> <span class='ocrx_word' id='word_1_201' title='bbox 1701 652 1788 687; x_wconf 83' lang='lat' dir='ltr'><strong>Spiri~</strong></span> 
     </span>
    </p>
   </div>
   <div class='ocr_carea' id='block_1_30' title="bbox 1002 696 1439 726">
    <p class='ocr_par' dir='ltr' id='par_1_30' title="bbox 1002 696 1439 726">
     <span class='ocr_line' id='line_1_30' title="bbox 1002 696 1439 726; baseline 0.002 -2"><span class='ocrx_word' id='word_1_202' title='bbox 1002 702 1045 725; x_wconf 89' lang='lat' dir='ltr'><strong>tus</strong></span> <span class='ocrx_word' id='word_1_203' title='bbox 1058 703 1170 725; x_wconf 87' lang='lat' dir='ltr'><strong>sanctus</strong></span> <span class='ocrx_word' id='word_1_204' title='bbox 1183 696 1263 724; x_wconf 89' lang='lat' dir='ltr'><strong>Pater</strong></span> <span class='ocrx_word' id='word_1_205' title='bbox 1280 703 1328 725; x_wconf 88' lang='lat' dir='ltr'><strong>aut</strong></span> <span class='ocrx_word' id='word_1_206' title='bbox 1342 698 1439 726; x_wconf 85' lang='lat' dir='ltr'><strong>Filius.</strong></span> 
     </span>
    </p>
   </div>
   <div class='ocr_carea' id='block_1_31' title="bbox 1036 744 1788 779">
    <p class='ocr_par' dir='ltr' id='par_1_31' title="bbox 1036 744 1788 779">
     <span class='ocr_line' id='line_1_31' title="bbox 1036 744 1788 779; baseline 0.004 -9"><span class='ocrx_word' id='word_1_207' title='bbox 1036 745 1124 778; x_wconf 82' lang='lat' dir='ltr'><strong>Atque</strong></span> <span class='ocrx_word' id='word_1_208' title='bbox 1152 744 1262 772; x_wconf 84' lang='lat' dir='ltr'><strong>aliunde</strong></span> <span class='ocrx_word' id='word_1_209' title='bbox 1291 745 1401 779; x_wconf 90' lang='lat' dir='ltr'><strong>quidem</strong></span> <span class='ocrx_word' id='word_1_210' title='bbox 1429 752 1606 779; x_wconf 81' lang='lat' dir='ltr'><strong>personarum</strong></span> <span class='ocrx_word' id='word_1_211' title='bbox 1637 746 1702 773; x_wconf 89' lang='lat' dir='ltr'><strong>unio</strong></span> <span class='ocrx_word' id='word_1_212' title='bbox 1720 745 1788 774; x_wconf 89' lang='lat' dir='ltr'><strong>insi-</strong></span> 
     </span>
    </p>
   </div>
   <div class='ocr_carea' id='block_1_32' title="bbox 1001 789 1788 825">
    <p class='ocr_par' dir='ltr' id='par_1_32' title="bbox 1001 789 1788 825">
     <span class='ocr_line' id='line_1_32' title="bbox 1001 789 1788 825; baseline 0.003 -9"><span class='ocrx_word' id='word_1_213' title='bbox 1001 793 1114 816; x_wconf 88' lang='lat' dir='ltr'><strong>nuatur.</strong></span> <span class='ocrx_word' id='word_1_214' title='bbox 1139 789 1256 816; x_wconf 81' lang='lat' dir='ltr'><strong>Basilius</strong></span> <span class='ocrx_word' id='word_1_215' title='bbox 1287 789 1387 825; x_wconf 79' lang='lat' dir='ltr'><strong>quippe</strong></span> <span class='ocrx_word' id='word_1_216' title='bbox 1417 790 1534 818; x_wconf 73' lang='lat' dir='ltr'><strong>eximius</strong></span> <span class='ocrx_word' id='word_1_217' title='bbox 1571 789 1649 819; x_wconf 84' lang='lat' dir='ltr'><strong>iridis</strong></span> <span class='ocrx_word' id='word_1_218' title='bbox 1665 792 1788 825; x_wconf 82' lang='lat' dir='ltr'><strong>exemplo</strong></span> 
     </span>
    </p>
   </div>
   <div class='ocr_carea' id='block_1_33' title="bbox 153 832 1786 871">
    <p class='ocr_par' dir='ltr' id='par_1_33' title="bbox 153 832 1786 871">
     <span class='ocr_line' id='line_1_33' title="bbox 153 832 1786 871; baseline 0.002 -12"><span class='ocrx_word' id='word_1_219' title='bbox 153 833 197 859; x_wconf 81' lang='lat' dir='ltr'><strong>hct</strong></span> <span class='ocrx_word' id='word_1_220' title='bbox 221 832 362 868; x_wconf 57' lang='lat' dir='ltr'><strong>quodlibet</strong></span> <span class='ocrx_word' id='word_1_221' title='bbox 387 837 432 860; x_wconf 85' lang='lat' dir='ltr'><strong>aut</strong></span> <span class='ocrx_word' id='word_1_222' title='bbox 455 833 660 867; x_wconf 87' lang='lat' dir='ltr'><strong>quomodolibet</strong></span> <span class='ocrx_word' id='word_1_223' title='bbox 688 833 755 860; x_wconf 82' lang='lat' dir='ltr'><strong>velle</strong></span> <span class='ocrx_word' id='word_1_224' title='bbox 768 853 775 865; x_wconf 83' lang='lat'><strong>,</strong></span> <span class='ocrx_word' id='word_1_225' title='bbox 798 832 850 860; x_wconf 90' lang='lat' dir='ltr'><strong>nisi</strong></span> <span class='ocrx_word' id='word_1_226' title='bbox 877 833 950 867; x_wconf 83' lang='lat' dir='ltr'><strong>prius</strong></span> <span class='ocrx_word' id='word_1_227' title='bbox 969 836 989 864; x_wconf 85' lang='grc' dir='ltr'><strong><em>Β</em></strong></span> <span class='ocrx_word' id='word_1_228' title='bbox 1004 843 1071 862; x_wconf 89' lang='lat' dir='ltr'><strong>usus</strong></span> <span class='ocrx_word' id='word_1_229' title='bbox 1085 841 1137 862; x_wconf 90' lang='lat' dir='ltr'><strong>est.</strong></span> <span class='ocrx_word' id='word_1_230' title='bbox 1156 834 1183 862; x_wconf 96' lang='lat' dir='ltr'><strong>ln</strong></span> <span class='ocrx_word' id='word_1_231' title='bbox 1198 844 1261 870; x_wconf 83' lang='lat' dir='ltr'><strong>qua,</strong></span> <span class='ocrx_word' id='word_1_232' title='bbox 1275 843 1336 863; x_wconf 90' lang='lat' dir='ltr'><strong>cum</strong></span> <span class='ocrx_word' id='word_1_233' title='bbox 1350 836 1437 863; x_wconf 90' lang='lat' dir='ltr'><strong>unitio</strong></span> <span class='ocrx_word' id='word_1_234' title='bbox 1464 836 1650 871; x_wconf 88' lang='lat' dir='ltr'><strong>discretioque</strong></span> <span class='ocrx_word' id='word_1_235' title='bbox 1663 837 1786 864; x_wconf 91' lang='lat' dir='ltr'><strong>colorum</strong></span> 
     </span>
    </p>
   </div>
   <div class='ocr_carea' id='block_1_34' title="bbox 154 877 950 913">
    <p class='ocr_par' dir='ltr' id='par_1_34' title="bbox 154 877 950 913">
     <span class='ocr_line' id='line_1_34' title="bbox 154 877 950 913; baseline -0.001 -8"><span class='ocrx_word' id='word_1_236' title='bbox 154 878 317 913; x_wconf 80' lang='lat' dir='ltr'><strong>cogitaverit</strong></span> <span class='ocrx_word' id='word_1_237' title='bbox 344 877 409 913; x_wconf 88' lang='lat' dir='ltr'><strong>quid</strong></span> <span class='ocrx_word' id='word_1_238' title='bbox 437 878 512 906; x_wconf 80' lang='lat' dir='ltr'><strong>velit.</strong></span> <span class='ocrx_word' id='word_1_239' title='bbox 530 877 624 912; x_wconf 63' lang='lat' dir='ltr'><strong>Itaque</strong></span> <span class='ocrx_word' id='word_1_240' title='bbox 639 877 766 907; x_wconf 84' lang='lat' dir='ltr'><strong>voluntas</strong></span> <span class='ocrx_word' id='word_1_241' title='bbox 778 886 827 913; x_wconf 89' lang='lat' dir='ltr'><strong>per</strong></span> <span class='ocrx_word' id='word_1_242' title='bbox 839 880 950 906; x_wconf 79' lang='lat' dir='ltr'><strong>verbum</strong></span> 
     </span>
    </p>
   </div>
   <div class='ocr_carea' id='block_1_35' title="bbox 159 923 950 959">
    <p class='ocr_par' dir='ltr' id='par_1_35' title="bbox 159 923 950 959">
     <span class='ocr_line' id='line_1_35' title="bbox 159 923 950 959; baseline 0.003 -9"><span class='ocrx_word' id='word_1_243' title='bbox 159 930 183 950; x_wconf 89' lang='lat' dir='ltr'><strong>et</strong></span> <span class='ocrx_word' id='word_1_244' title='bbox 201 932 232 950; x_wconf 82' lang='lat' dir='ltr'><strong>ex</strong></span> <span class='ocrx_word' id='word_1_245' title='bbox 252 923 336 951; x_wconf 86' lang='lat' dir='ltr'><strong>verbo</strong></span> <span class='ocrx_word' id='word_1_246' title='bbox 353 924 485 959; x_wconf 78' lang='lat' dir='ltr'><strong>procedit.</strong></span> <span class='ocrx_word' id='word_1_247' title='bbox 510 923 572 951; x_wconf 80' lang='lat' dir='ltr'><strong>idco</strong></span> <span class='ocrx_word' id='word_1_248' title='bbox 593 929 619 951; x_wconf 89' lang='lat' dir='ltr'><strong>et</strong></span> <span class='ocrx_word' id='word_1_249' title='bbox 635 924 713 952; x_wconf 87' lang='lat' dir='ltr'><strong>bruta</strong></span> <span class='ocrx_word' id='word_1_250' title='bbox 730 925 869 957; x_wconf 90' lang='lat' dir='ltr'><strong>auirnalia,</strong></span> <span class='ocrx_word' id='word_1_251' title='bbox 887 925 950 958; x_wconf 87' lang='lat' dir='ltr'><strong>quia</strong></span> 
     </span>
    </p>
   </div>
   <div class='ocr_carea' id='block_1_36' title="bbox 128 969 951 1005">
    <p class='ocr_par' dir='ltr' id='par_1_36' title="bbox 128 969 951 1005">
     <span class='ocr_line' id='line_1_36' title="bbox 128 969 951 1005; baseline -0.002 -6"><span class='ocrx_word' id='word_1_252' title='bbox 128 995 137 999; x_wconf 75' lang='lat'><strong>-</strong></span> <span class='ocrx_word' id='word_1_253' title='bbox 153 970 236 997; x_wconf 75' lang='lat' dir='ltr'><strong>verbo</strong></span> <span class='ocrx_word' id='word_1_254' title='bbox 263 974 289 996; x_wconf 87' lang='lat' dir='ltr'><strong>ct</strong></span> <span class='ocrx_word' id='word_1_255' title='bbox 307 969 411 997; x_wconf 87' lang='lat' dir='ltr'><strong>ratione</strong></span> <span class='ocrx_word' id='word_1_256' title='bbox 422 974 524 1002; x_wconf 77' lang='lat' dir='ltr'><strong>carent,</strong></span> <span class='ocrx_word' id='word_1_257' title='bbox 541 977 629 1004; x_wconf 83' lang='lat' dir='ltr'><strong>neque</strong></span> <span class='ocrx_word' id='word_1_258' title='bbox 643 970 747 1002; x_wconf 88' lang='lat' dir='ltr'><strong>volunt,</strong></span> <span class='ocrx_word' id='word_1_259' title='bbox 768 977 856 1005; x_wconf 88' lang='lat' dir='ltr'><strong>neqrre</strong></span> <span class='ocrx_word' id='word_1_260' title='bbox 883 970 951 998; x_wconf 88' lang='lat' dir='ltr'><strong>velle</strong></span> 
     </span>
    </p>
   </div>
   <div class='ocr_carea' id='block_1_37' title="bbox 152 1013 949 1051">
    <p class='ocr_par' dir='ltr' id='par_1_37' title="bbox 152 1013 949 1051">
     <span class='ocr_line' id='line_1_37' title="bbox 152 1013 949 1051; baseline 0.001 -9"><span class='ocrx_word' id='word_1_261' title='bbox 152 1016 291 1047; x_wconf 74' lang='lat' dir='ltr'><strong>dicuntur.</strong></span> <span class='ocrx_word' id='word_1_262' title='bbox 305 1016 351 1043; x_wconf 82' lang='lat' dir='ltr'><strong>sed</strong></span> <span class='ocrx_word' id='word_1_263' title='bbox 385 1015 502 1051; x_wconf 73' lang='lat' dir='ltr'><strong>naturali</strong></span> <span class='ocrx_word' id='word_1_264' title='bbox 535 1021 609 1043; x_wconf 92' lang='lat' dir='ltr'><strong>motu</strong></span> <span class='ocrx_word' id='word_1_265' title='bbox 630 1013 854 1043; x_wconf 87' lang='lat' dir='ltr'><strong>irrationabiliter</strong></span> <span class='ocrx_word' id='word_1_266' title='bbox 872 1015 949 1045; x_wconf 89' lang='lat' dir='ltr'><strong>ferri.</strong></span> 
     </span>
    </p>
   </div>
   <div class='ocr_carea' id='block_1_38' title="bbox 152 1061 950 1098">
    <p class='ocr_par' dir='ltr' id='par_1_38' title="bbox 152 1061 950 1098">
     <span class='ocr_line' id='line_1_38' title="bbox 152 1061 950 1098; baseline -0.001 -9"><span class='ocrx_word' id='word_1_267' title='bbox 152 1062 286 1095; x_wconf 80' lang='lat' dir='ltr'><strong>Quoniam</strong></span> <span class='ocrx_word' id='word_1_268' title='bbox 311 1062 393 1098; x_wconf 78' lang='lat' dir='ltr'><strong>igitur</strong></span> <span class='ocrx_word' id='word_1_269' title='bbox 416 1062 525 1089; x_wconf 87' lang='lat' dir='ltr'><strong>verbum</strong></span> <span class='ocrx_word' id='word_1_270' title='bbox 538 1063 571 1089; x_wconf 86' lang='lat' dir='ltr'><strong>ad</strong></span> <span class='ocrx_word' id='word_1_271' title='bbox 606 1068 724 1089; x_wconf 85' lang='lat' dir='ltr'><strong>mentem</strong></span> <span class='ocrx_word' id='word_1_272' title='bbox 755 1061 881 1093; x_wconf 78' lang='lat' dir='ltr'><strong>refertur,</strong></span> <span class='ocrx_word' id='word_1_273' title='bbox 902 1068 950 1086; x_wconf 87' lang='lat' dir='ltr'><strong>vo-</strong></span> 
     </span>
    </p>
   </div>
   <div class='ocr_carea' id='block_1_39' title="bbox 153 1108 949 1144">
    <p class='ocr_par' dir='ltr' id='par_1_39' title="bbox 153 1108 949 1144">
     <span class='ocr_line' id='line_1_39' title="bbox 153 1108 949 1144; baseline -0.003 -8"><span class='ocrx_word' id='word_1_274' title='bbox 153 1112 298 1144; x_wconf 82' lang='lat' dir='ltr'><strong>luntasque</strong></span> <span class='ocrx_word' id='word_1_275' title='bbox 315 1109 468 1136; x_wconf 85' lang='lat' dir='ltr'><strong>necessario</strong></span> <span class='ocrx_word' id='word_1_276' title='bbox 496 1116 528 1136; x_wconf 78' lang='lat' dir='ltr'><strong>ex</strong></span> <span class='ocrx_word' id='word_1_277' title='bbox 546 1113 634 1136; x_wconf 84' lang='lat' dir='ltr'><strong>mente</strong></span> <span class='ocrx_word' id='word_1_278' title='bbox 656 1116 704 1143; x_wconf 76' lang='lat' dir='ltr'><strong>per</strong></span> <span class='ocrx_word' id='word_1_279' title='bbox 720 1108 832 1135; x_wconf 88' lang='lat' dir='ltr'><strong>verbrrm</strong></span> <span class='ocrx_word' id='word_1_280' title='bbox 849 1108 949 1142; x_wconf 76' lang='lat' dir='ltr'><strong>prodit,</strong></span> 
     </span>
    </p>
   </div>
   <div class='ocr_carea' id='block_1_40' title="bbox 157 1155 890 1192">
    <p class='ocr_par' dir='ltr' id='par_1_40' title="bbox 157 1155 890 1192">
     <span class='ocr_line' id='line_1_40' title="bbox 157 1155 890 1192; baseline -0.003 -9"><span class='ocrx_word' id='word_1_281' title='bbox 157 1157 228 1192; x_wconf 81' lang='lat' dir='ltr'><strong>quod</strong></span> <span class='ocrx_word' id='word_1_282' title='bbox 244 1156 416 1191; x_wconf 82' lang='lat' dir='ltr'><strong>propositum</strong></span> <span class='ocrx_word' id='word_1_283' title='bbox 428 1160 497 1189; x_wconf 89' lang='lat' dir='ltr'><strong>erat,</strong></span> <span class='ocrx_word' id='word_1_284' title='bbox 510 1155 573 1182; x_wconf 89' lang='lat' dir='ltr'><strong>hitrc</strong></span> <span class='ocrx_word' id='word_1_285' title='bbox 585 1155 667 1182; x_wconf 80' lang='lat' dir='ltr'><strong>etiam</strong></span> <span class='ocrx_word' id='word_1_286' title='bbox 683 1160 824 1182; x_wconf 84' lang='lat' dir='ltr'><strong>ostensum</strong></span> <span class='ocrx_word' id='word_1_287' title='bbox 837 1160 890 1181; x_wconf 87' lang='lat' dir='ltr'><strong>est.</strong></span> 
     </span>
    </p>
   </div>
   <div class='ocr_carea' id='block_1_41' title="bbox 160 1201 950 1237">
    <p class='ocr_par' dir='ltr' id='par_1_41' title="bbox 160 1201 950 1237">
     <span class='ocr_line' id='line_1_41' title="bbox 160 1201 950 1237; baseline -0.004 -8"><span class='ocrx_word' id='word_1_288' title='bbox 160 1202 168 1214; x_wconf 84' lang='grc'>’</span> <span class='ocrx_word' id='word_1_289' title='bbox 188 1205 276 1237; x_wconf 82' lang='lat' dir='ltr'><strong>Atque</strong></span> <span class='ocrx_word' id='word_1_290' title='bbox 302 1202 426 1237; x_wconf 79' lang='lat' dir='ltr'><strong>exempla</strong></span> <span class='ocrx_word' id='word_1_291' title='bbox 449 1201 574 1236; x_wconf 73' lang='lat' dir='ltr'><strong>quidem,</strong></span> <span class='ocrx_word' id='word_1_292' title='bbox 599 1209 659 1236; x_wconf 64' lang='lat' dir='ltr'><strong>quae</strong></span> <span class='ocrx_word' id='word_1_293' title='bbox 693 1201 780 1228; x_wconf 78' lang='lat' dir='ltr'><strong>sancti</strong></span> <span class='ocrx_word' id='word_1_294' title='bbox 806 1203 950 1228; x_wconf 84' lang='lat' dir='ltr'><strong>as~umunt</strong></span> 
     </span>
    </p>
   </div>
   <div class='ocr_carea' id='block_1_42' title="bbox 131 1246 950 1288">
    <p class='ocr_par' dir='ltr' id='par_1_42' title="bbox 131 1246 950 1288">
     <span class='ocr_line' id='line_1_42' title="bbox 131 1246 950 1288; baseline -0.005 -12"><span class='ocrx_word' id='word_1_295' title='bbox 131 1283 136 1288; x_wconf 33' lang='grc' dir='ltr'>ι</span> <span class='ocrx_word' id='word_1_296' title='bbox 152 1249 306 1284; x_wconf 79' lang='lat' dir='ltr'><strong>llujusurotli</strong></span> <span class='ocrx_word' id='word_1_297' title='bbox 323 1253 397 1276; x_wconf 88' lang='lat' dir='ltr'><strong>sunt.</strong></span> <span class='ocrx_word' id='word_1_298' title='bbox 425 1247 500 1274; x_wconf 85' lang='lat' dir='ltr'><strong>Sicut</strong></span> <span class='ocrx_word' id='word_1_299' title='bbox 517 1252 606 1274; x_wconf 81' lang='lat' dir='ltr'><strong>autent</strong></span> <span class='ocrx_word' id='word_1_300' title='bbox 634 1247 735 1273; x_wconf 89' lang='lat' dir='ltr'><strong>ﬂuvius</strong></span> <span class='ocrx_word' id='word_1_301' title='bbox 750 1246 806 1281; x_wconf 71' lang='lat'><strong>(18)</strong></span> <span class='ocrx_word' id='word_1_302' title='bbox 834 1254 886 1272; x_wconf 92' lang='lat' dir='ltr'><strong>non</strong></span> <span class='ocrx_word' id='word_1_303' title='bbox 907 1249 950 1273; x_wconf 72' lang='lat' dir='ltr'><strong>est</strong></span> 
     </span>
    </p>
   </div>
   <div class='ocr_carea' id='block_1_43' title="bbox 152 1292 949 1327">
    <p class='ocr_par' dir='ltr' id='par_1_43' title="bbox 152 1292 949 1327">
     <span class='ocr_line' id='line_1_43' title="bbox 152 1292 949 1327; baseline -0.005 -5"><span class='ocrx_word' id='word_1_304' title='bbox 152 1295 211 1322; x_wconf 88' lang='lat' dir='ltr'><strong>sine</strong></span> <span class='ocrx_word' id='word_1_305' title='bbox 222 1295 310 1322; x_wconf 88' lang='lat' dir='ltr'><strong>nredio</strong></span> <span class='ocrx_word' id='word_1_306' title='bbox 330 1302 361 1322; x_wconf 83' lang='lat' dir='ltr'><strong>ex</strong></span> <span class='ocrx_word' id='word_1_307' title='bbox 374 1295 465 1326; x_wconf 85' lang='lat' dir='ltr'><strong>oculo,</strong></span> <span class='ocrx_word' id='word_1_308' title='bbox 484 1301 572 1327; x_wconf 73' lang='lat' dir='ltr'><strong>neque</strong></span> <span class='ocrx_word' id='word_1_309' title='bbox 600 1293 644 1319; x_wconf 89' lang='lat' dir='ltr'><strong>lux</strong></span> <span class='ocrx_word' id='word_1_310' title='bbox 661 1299 721 1320; x_wconf 86' lang='lat' dir='ltr'><strong>esse</strong></span> <span class='ocrx_word' id='word_1_311' title='bbox 738 1292 816 1319; x_wconf 89' lang='lat' dir='ltr'><strong>aliter</strong></span> <span class='ocrx_word' id='word_1_312' title='bbox 847 1297 949 1326; x_wconf 85' lang='lat' dir='ltr'><strong>posset,</strong></span> 
     </span>
    </p>
   </div>
   <div class='ocr_carea' id='block_1_44' title="bbox 153 1338 951 1374">
    <p class='ocr_par' dir='ltr' id='par_1_44' title="bbox 153 1338 951 1374">
     <span class='ocr_line' id='line_1_44' title="bbox 153 1338 951 1374; baseline -0.005 -6"><span class='ocrx_word' id='word_1_313' title='bbox 153 1342 202 1368; x_wconf 84' lang='lat' dir='ltr'><strong>nisi</strong></span> <span class='ocrx_word' id='word_1_314' title='bbox 217 1349 249 1368; x_wconf 85' lang='lat' dir='ltr'><strong>ex</strong></span> <span class='ocrx_word' id='word_1_315' title='bbox 260 1340 316 1367; x_wconf 84' lang='lat' dir='ltr'><strong>sole</strong></span> <span class='ocrx_word' id='word_1_316' title='bbox 327 1348 373 1374; x_wconf 79' lang='lat' dir='ltr'><strong>per</strong></span> <span class='ocrx_word' id='word_1_317' title='bbox 385 1342 500 1371; x_wconf 79' lang='lat' dir='ltr'><strong>radium,</strong></span> <span class='ocrx_word' id='word_1_318' title='bbox 512 1346 600 1372; x_wconf 88' lang='lat' dir='ltr'><strong>neque</strong></span> <span class='ocrx_word' id='word_1_319' title='bbox 615 1339 675 1365; x_wconf 88' lang='lat' dir='ltr'><strong>viva</strong></span> <span class='ocrx_word' id='word_1_320' title='bbox 688 1345 758 1373; x_wconf 87' lang='lat' dir='ltr'><strong>aqua</strong></span> <span class='ocrx_word' id='word_1_321' title='bbox 769 1345 800 1365; x_wconf 77' lang='lat' dir='ltr'><strong>ex</strong></span> <span class='ocrx_word' id='word_1_322' title='bbox 810 1338 882 1364; x_wconf 86' lang='lat' dir='ltr'><strong>fonte</strong></span> <span class='ocrx_word' id='word_1_323' title='bbox 893 1338 951 1364; x_wconf 64' lang='lat' dir='ltr'><strong>sine</strong></span> 
     </span>
    </p>
   </div>
   <div class='ocr_carea' id='block_1_45' title="bbox 154 1384 950 1421">
    <p class='ocr_par' dir='ltr' id='par_1_45' title="bbox 154 1384 950 1421">
     <span class='ocr_line' id='line_1_45' title="bbox 154 1384 950 1421; baseline -0.003 -8"><span class='ocrx_word' id='word_1_324' title='bbox 154 1387 252 1418; x_wconf 81' lang='lat' dir='ltr'><strong>medio,</strong></span> <span class='ocrx_word' id='word_1_325' title='bbox 266 1387 314 1414; x_wconf 86' lang='lat' dir='ltr'><strong>scd</strong></span> <span class='ocrx_word' id='word_1_326' title='bbox 329 1390 386 1421; x_wconf 84' lang='lat' dir='ltr'><strong>pcr&#39;</strong></span> <span class='ocrx_word' id='word_1_327' title='bbox 400 1386 511 1412; x_wconf 70' lang='lat' dir='ltr'><strong>ﬂuxium</strong></span> <span class='ocrx_word' id='word_1_328' title='bbox 545 1389 655 1417; x_wconf 85' lang='lat' dir='ltr'><strong>manat,</strong></span> <span class='ocrx_word' id='word_1_329' title='bbox 685 1392 774 1419; x_wconf 81' lang='lat' dir='ltr'><strong>neque</strong></span> <span class='ocrx_word' id='word_1_330' title='bbox 790 1384 893 1411; x_wconf 82' lang='lat' dir='ltr'><strong>fructus</strong></span> <span class='ocrx_word' id='word_1_331' title='bbox 916 1391 950 1411; x_wconf 75' lang='lat' dir='ltr'><strong>cx</strong></span> 
     </span>
    </p>
   </div>
   <div class='ocr_carea' id='block_1_46' title="bbox 154 1430 948 1459">
    <p class='ocr_par' dir='ltr' id='par_1_46' title="bbox 154 1430 948 1459">
     <span class='ocr_line' id='line_1_46' title="bbox 154 1430 948 1459; baseline -0.003 -1"><span class='ocrx_word' id='word_1_332' title='bbox 154 1432 246 1459; x_wconf 86' lang='lat' dir='ltr'><strong>radice</strong></span> <span class='ocrx_word' id='word_1_333' title='bbox 279 1432 339 1459; x_wconf 88' lang='lat' dir='ltr'><strong>sine</strong></span> <span class='ocrx_word' id='word_1_334' title='bbox 349 1432 416 1458; x_wconf 85' lang='lat' dir='ltr'><strong>rami</strong></span> <span class='ocrx_word' id='word_1_335' title='bbox 428 1431 525 1458; x_wconf 80' lang='lat' dir='ltr'><strong>medio.</strong></span> <span class='ocrx_word' id='word_1_336' title='bbox 542 1431 598 1458; x_wconf 82' lang='lat' dir='ltr'><strong>Hoc</strong></span> <span class='ocrx_word' id='word_1_337' title='bbox 613 1431 687 1458; x_wconf 86' lang='lat' dir='ltr'><strong>enim</strong></span> <span class='ocrx_word' id='word_1_338' title='bbox 707 1439 797 1458; x_wconf 89' lang='lat' dir='ltr'><strong>rerum</strong></span> <span class='ocrx_word' id='word_1_339' title='bbox 825 1430 948 1457; x_wconf 65' lang='lat' dir='ltr'><strong>ordinum</strong></span> 
     </span>
    </p>
   </div>
   <div class='ocr_carea' id='block_1_47' title="bbox 152 1475 947 1511">
    <p class='ocr_par' dir='ltr' id='par_1_47' title="bbox 152 1475 947 1511">
     <span class='ocr_line' id='line_1_47' title="bbox 152 1475 947 1511; baseline -0.004 -7"><span class='ocrx_word' id='word_1_340' title='bbox 152 1486 185 1505; x_wconf 90' lang='lat' dir='ltr'><strong>ac</strong></span> <span class='ocrx_word' id='word_1_341' title='bbox 216 1477 378 1504; x_wconf 66' lang='lat' dir='ltr'><strong>substantiae</strong></span> <span class='ocrx_word' id='word_1_342' title='bbox 415 1484 574 1511; x_wconf 73' lang='lat' dir='ltr'><strong>processum</strong></span> <span class='ocrx_word' id='word_1_343' title='bbox 606 1476 747 1503; x_wconf 87' lang='lat' dir='ltr'><strong>confundit</strong></span> <span class='ocrx_word' id='word_1_344' title='bbox 771 1480 798 1503; x_wconf 90' lang='lat' dir='ltr'><strong>et</strong></span> <span class='ocrx_word' id='word_1_345' title='bbox 828 1475 947 1510; x_wconf 52' lang='lat' dir='ltr'><strong>perimit.</strong></span> 
     </span>
    </p>
   </div>
   <div class='ocr_carea' id='block_1_48' title="bbox 1003 880 1788 916">
    <p class='ocr_par' dir='ltr' id='par_1_48' title="bbox 1003 880 1788 916">
     <span class='ocr_line' id='line_1_48' title="bbox 1003 880 1788 916; baseline 0.001 -8"><span class='ocrx_word' id='word_1_346' title='bbox 1003 880 1124 908; x_wconf 88' lang='lat' dir='ltr'><strong>suaviter</strong></span> <span class='ocrx_word' id='word_1_347' title='bbox 1149 885 1177 908; x_wconf 89' lang='lat' dir='ltr'><strong>et</strong></span> <span class='ocrx_word' id='word_1_348' title='bbox 1191 881 1296 908; x_wconf 85' lang='lat' dir='ltr'><strong>modice</strong></span> <span class='ocrx_word' id='word_1_349' title='bbox 1310 886 1452 916; x_wconf 89' lang='lat' dir='ltr'><strong>appareat,</strong></span> <span class='ocrx_word' id='word_1_350' title='bbox 1465 889 1517 908; x_wconf 91' lang='lat' dir='ltr'><strong>non</strong></span> <span class='ocrx_word' id='word_1_351' title='bbox 1535 886 1625 909; x_wconf 83' lang='lat' dir='ltr'><strong>tamen</strong></span> <span class='ocrx_word' id='word_1_352' title='bbox 1643 889 1788 916; x_wconf 87' lang='lat' dir='ltr'><strong>processus</strong></span> 
     </span>
    </p>
   </div>
   <div class='ocr_carea' id='block_1_49' title="bbox 1003 927 1788 962">
    <p class='ocr_par' dir='ltr' id='par_1_49' title="bbox 1003 927 1788 962">
     <span class='ocr_line' id='line_1_49' title="bbox 1003 927 1788 962; baseline 0.004 -9"><span class='ocrx_word' id='word_1_353' title='bbox 1003 927 1056 954; x_wconf 88' lang='lat' dir='ltr'><strong>ulla</strong></span> <span class='ocrx_word' id='word_1_354' title='bbox 1076 927 1101 954; x_wconf 91' lang='lat' dir='ltr'><strong>in</strong></span> <span class='ocrx_word' id='word_1_355' title='bbox 1119 927 1161 954; x_wconf 93' lang='lat' dir='ltr'><strong>his</strong></span> <span class='ocrx_word' id='word_1_356' title='bbox 1176 927 1246 954; x_wconf 81' lang='lat' dir='ltr'><strong>ratio</strong></span> <span class='ocrx_word' id='word_1_357' title='bbox 1265 928 1421 961; x_wconf 89' lang='lat' dir='ltr'><strong>Inspicitur.</strong></span> <span class='ocrx_word' id='word_1_358' title='bbox 1437 928 1555 955; x_wconf 81' lang='lat' dir='ltr'><strong>Aliunde</strong></span> <span class='ocrx_word' id='word_1_359' title='bbox 1571 932 1661 956; x_wconf 91' lang='lat' dir='ltr'><strong>autem</strong></span> <span class='ocrx_word' id='word_1_360' title='bbox 1677 936 1788 962; x_wconf 84' lang='lat' dir='ltr'><strong>proces-</strong></span> 
     </span>
    </p>
   </div>
   <div class='ocr_carea' id='block_1_50' title="bbox 1001 969 1785 1009">
    <p class='ocr_par' dir='ltr' id='par_1_50' title="bbox 1001 969 1785 1009">
     <span class='ocr_line' id='line_1_50' title="bbox 1001 969 1785 1009; baseline 0 -9"><span class='ocrx_word' id='word_1_361' title='bbox 1001 980 1050 1000; x_wconf 86' lang='lat' dir='ltr'><strong>sus</strong></span> <span class='ocrx_word' id='word_1_362' title='bbox 1067 980 1129 1000; x_wconf 89' lang='lat' dir='ltr'><strong>cum</strong></span> <span class='ocrx_word' id='word_1_363' title='bbox 1146 973 1243 1001; x_wconf 89' lang='lat' dir='ltr'><strong>ordine</strong></span> <span class='ocrx_word' id='word_1_364' title='bbox 1276 974 1427 1001; x_wconf 86' lang='lat' dir='ltr'><strong>diﬂeremia</strong></span> <span class='ocrx_word' id='word_1_365' title='bbox 1458 969 1606 1009; x_wconf 75' lang='lat' dir='ltr'><strong>colligitur,</strong></span> <span class='ocrx_word' id='word_1_366' title='bbox 1640 974 1680 1001; x_wconf 88' lang='lat' dir='ltr'><strong>vel</strong></span> <span class='ocrx_word' id='word_1_367' title='bbox 1709 975 1785 1009; x_wconf 82' lang='lat' dir='ltr'><strong>plura</strong></span> 
     </span>
    </p>
   </div>
   <div class='ocr_carea' id='block_1_51' title="bbox 1001 1017 1786 1053">
    <p class='ocr_par' dir='ltr' id='par_1_51' title="bbox 1001 1017 1786 1053">
     <span class='ocr_line' id='line_1_51' title="bbox 1001 1017 1786 1053; baseline 0.003 -10"><span class='ocrx_word' id='word_1_368' title='bbox 1001 1025 1061 1045; x_wconf 79' lang='lat' dir='ltr'><strong>esse</strong></span> <span class='ocrx_word' id='word_1_369' title='bbox 1078 1025 1109 1045; x_wconf 81' lang='lat' dir='ltr'><strong>ex</strong></span> <span class='ocrx_word' id='word_1_370' title='bbox 1131 1025 1197 1050; x_wconf 91' lang='lat' dir='ltr'><strong>uno,</strong></span> <span class='ocrx_word' id='word_1_371' title='bbox 1219 1018 1272 1046; x_wconf 85' lang='lat' dir='ltr'><strong>alia</strong></span> <span class='ocrx_word' id='word_1_372' title='bbox 1287 1026 1348 1046; x_wconf 89' lang='lat' dir='ltr'><strong>esse</strong></span> <span class='ocrx_word' id='word_1_373' title='bbox 1372 1026 1405 1046; x_wconf 84' lang='lat' dir='ltr'><strong>ex</strong></span> <span class='ocrx_word' id='word_1_374' title='bbox 1423 1017 1487 1051; x_wconf 88' lang='lat' dir='ltr'><strong>alio,</strong></span> <span class='ocrx_word' id='word_1_375' title='bbox 1517 1019 1544 1045; x_wconf 90' lang='lat' dir='ltr'><strong>in</strong></span> <span class='ocrx_word' id='word_1_376' title='bbox 1563 1026 1644 1046; x_wconf 87' lang='lat' dir='ltr'><strong>unam</strong></span> <span class='ocrx_word' id='word_1_377' title='bbox 1668 1019 1786 1053; x_wconf 83' lang='lat' dir='ltr'><strong>aliquam</strong></span> 
     </span>
    </p>
   </div>
   <div class='ocr_carea' id='block_1_52' title="bbox 1001 1063 1788 1099">
    <p class='ocr_par' dir='ltr' id='par_1_52' title="bbox 1001 1063 1788 1099">
     <span class='ocr_line' id='line_1_52' title="bbox 1001 1063 1788 1099; baseline 0.001 -10"><span class='ocrx_word' id='word_1_378' title='bbox 1001 1063 1123 1090; x_wconf 87' lang='lat' dir='ltr'><strong>veritatis</strong></span> <span class='ocrx_word' id='word_1_379' title='bbox 1142 1063 1351 1091; x_wconf 83' lang='lat' dir='ltr'><strong>similitudinem</strong></span> <span class='ocrx_word' id='word_1_380' title='bbox 1367 1064 1511 1098; x_wconf 88' lang='lat' dir='ltr'><strong>phantasia</strong></span> <span class='ocrx_word' id='word_1_381' title='bbox 1527 1064 1683 1098; x_wconf 78' lang='lat' dir='ltr'><strong>colligente.</strong></span> <span class='ocrx_word' id='word_1_382' title='bbox 1699 1064 1788 1099; x_wconf 90' lang='lat' dir='ltr'><strong>Opor-</strong></span> 
     </span>
    </p>
   </div>
   <div class='ocr_carea' id='block_1_53' title="bbox 1003 1108 1787 1145">
    <p class='ocr_par' dir='ltr' id='par_1_53' title="bbox 1003 1108 1787 1145">
     <span class='ocr_line' id='line_1_53' title="bbox 1003 1108 1787 1145; baseline 0.004 -10"><span class='ocrx_word' id='word_1_383' title='bbox 1003 1113 1040 1135; x_wconf 90' lang='lat' dir='ltr'><strong>tet</strong></span> <span class='ocrx_word' id='word_1_384' title='bbox 1054 1108 1126 1135; x_wconf 91' lang='lat' dir='ltr'><strong>enim</strong></span> <span class='ocrx_word' id='word_1_385' title='bbox 1141 1117 1202 1140; x_wconf 88' lang='lat' dir='ltr'><strong>nos,</strong></span> <span class='ocrx_word' id='word_1_386' title='bbox 1217 1109 1340 1144; x_wconf 90' lang='lat' dir='ltr'><strong>qtraudiu</strong></span> <span class='ocrx_word' id='word_1_387' title='bbox 1366 1109 1392 1136; x_wconf 88' lang='lat' dir='ltr'><strong>in</strong></span> <span class='ocrx_word' id='word_1_388' title='bbox 1409 1109 1524 1137; x_wconf 81' lang='lat' dir='ltr'><strong>-umbt&#39;is</strong></span> <span class='ocrx_word' id='word_1_389' title='bbox 1543 1113 1570 1136; x_wconf 83' lang='lat' dir='ltr'><strong>et</strong></span> <span class='ocrx_word' id='word_1_390' title='bbox 1597 1110 1787 1145; x_wconf 71' lang='lat' dir='ltr'><strong>:enigmatihus</strong></span> 
     </span>
    </p>
   </div>
   <div class='ocr_carea' id='block_1_54' title="bbox 1003 1155 1788 1191">
    <p class='ocr_par' dir='ltr' id='par_1_54' title="bbox 1003 1155 1788 1191">
     <span class='ocr_line' id='line_1_54' title="bbox 1003 1155 1788 1191; baseline 0.004 -9"><span class='ocrx_word' id='word_1_391' title='bbox 1003 1155 1130 1186; x_wconf 81' lang='lat' dir='ltr'><strong>vivimus.</strong></span> <span class='ocrx_word' id='word_1_392' title='bbox 1148 1155 1190 1183; x_wconf 85' lang='lat' dir='ltr'><strong>Itis</strong></span> <span class='ocrx_word' id='word_1_393' title='bbox 1205 1156 1297 1188; x_wconf 78' lang='lat' dir='ltr'><strong>rebus,</strong></span> <span class='ocrx_word' id='word_1_394' title='bbox 1317 1163 1377 1191; x_wconf 71' lang='lat' dir='ltr'><strong>qua?</strong></span> <span class='ocrx_word' id='word_1_395' title='bbox 1390 1156 1467 1184; x_wconf 86' lang='lat' dir='ltr'><strong>nobis</strong></span> <span class='ocrx_word' id='word_1_396' title='bbox 1490 1157 1612 1184; x_wconf 83' lang='lat' dir='ltr'><strong>nOIiores</strong></span> <span class='ocrx_word' id='word_1_397' title='bbox 1632 1163 1705 1191; x_wconf 82' lang='lat' dir='ltr'><strong>sunt,</strong></span> <span class='ocrx_word' id='word_1_398' title='bbox 1730 1157 1788 1185; x_wconf 89' lang='lat' dir='ltr'><strong>vcl-</strong></span> 
     </span>
    </p>
   </div>
   <div class='ocr_carea' id='block_1_55' title="bbox 1002 1201 1788 1235">
    <p class='ocr_par' dir='ltr' id='par_1_55' title="bbox 1002 1201 1788 1235">
     <span class='ocr_line' id='line_1_55' title="bbox 1002 1201 1788 1235; baseline 0.003 -7"><span class='ocrx_word' id='word_1_399' title='bbox 1002 1203 1039 1228; x_wconf 92' lang='lat' dir='ltr'><strong>uti</strong></span> <span class='ocrx_word' id='word_1_400' title='bbox 1072 1201 1233 1235; x_wconf 82' lang='lat' dir='ltr'><strong>quihusdam</strong></span> <span class='ocrx_word' id='word_1_401' title='bbox 1265 1201 1438 1229; x_wconf 84' lang='lat' dir='ltr'><strong>adminiculis</strong></span> <span class='ocrx_word' id='word_1_402' title='bbox 1463 1202 1495 1230; x_wconf 90' lang='lat' dir='ltr'><strong>ad</strong></span> <span class='ocrx_word' id='word_1_403' title='bbox 1527 1202 1611 1230; x_wconf 89' lang='lat' dir='ltr'><strong>Deum</strong></span> <span class='ocrx_word' id='word_1_404' title='bbox 1632 1203 1703 1230; x_wconf 85' lang='lat' dir='ltr'><strong>niti:</strong></span> <span class='ocrx_word' id='word_1_405' title='bbox 1732 1211 1788 1230; x_wconf 85' lang='lat' dir='ltr'><strong>cre-</strong></span> 
     </span>
    </p>
   </div>
   <div class='ocr_carea' id='block_1_56' title="bbox 1001 1247 1788 1282">
    <p class='ocr_par' dir='ltr' id='par_1_56' title="bbox 1001 1247 1788 1282">
     <span class='ocr_line' id='line_1_56' title="bbox 1001 1247 1788 1282; baseline 0.004 -9"><span class='ocrx_word' id='word_1_406' title='bbox 1001 1248 1097 1273; x_wconf 74' lang='lat' dir='ltr'><strong>dentes</strong></span> <span class='ocrx_word' id='word_1_407' title='bbox 1130 1247 1239 1282; x_wconf 81' lang='lat' dir='ltr'><strong>quidem</strong></span> <span class='ocrx_word' id='word_1_408' title='bbox 1267 1247 1455 1282; x_wconf 86' lang='lat' dir='ltr'><strong>principaliter</strong></span> <span class='ocrx_word' id='word_1_409' title='bbox 1475 1256 1507 1276; x_wconf 88' lang='lat' dir='ltr'><strong>ac</strong></span> <span class='ocrx_word' id='word_1_410' title='bbox 1541 1248 1706 1280; x_wconf 87' lang='lat' dir='ltr'><strong>necessario,</strong></span> <span class='ocrx_word' id='word_1_411' title='bbox 1745 1249 1788 1276; x_wconf 90' lang='lat' dir='ltr'><strong>his</strong></span> 
     </span>
    </p>
   </div>
   <div class='ocr_carea' id='block_1_57' title="bbox 1001 1291 1787 1326">
    <p class='ocr_par' dir='ltr' id='par_1_57' title="bbox 1001 1291 1787 1326">
     <span class='ocr_line' id='line_1_57' title="bbox 1001 1291 1787 1326; baseline 0.005 -9"><span class='ocrx_word' id='word_1_412' title='bbox 1001 1300 1061 1326; x_wconf 80' lang='lat' dir='ltr'><strong>quae</strong></span> <span class='ocrx_word' id='word_1_413' title='bbox 1081 1291 1143 1319; x_wconf 88' lang='lat' dir='ltr'><strong>inde</strong></span> <span class='ocrx_word' id='word_1_414' title='bbox 1157 1296 1278 1325; x_wconf 89' lang='lat' dir='ltr'><strong>manant,</strong></span> <span class='ocrx_word' id='word_1_415' title='bbox 1294 1293 1456 1326; x_wconf 86' lang='lat' dir='ltr'><strong>sententiis;</strong></span> <span class='ocrx_word' id='word_1_416' title='bbox 1490 1294 1703 1321; x_wconf 79' lang='lat' dir='ltr'><strong>consolationem</strong></span> <span class='ocrx_word' id='word_1_417' title='bbox 1721 1302 1787 1322; x_wconf 89' lang='lat' dir='ltr'><strong>vero</strong></span> 
     </span>
    </p>
   </div>
   <div class='ocr_carea' id='block_1_58' title="bbox 1002 1337 1787 1375">
    <p class='ocr_par' dir='ltr' id='par_1_58' title="bbox 1002 1337 1787 1375">
     <span class='ocr_line' id='line_1_58' title="bbox 1002 1337 1787 1375; baseline 0.006 -12"><span class='ocrx_word' id='word_1_418' title='bbox 1002 1338 1082 1363; x_wconf 88' lang='lat' dir='ltr'><strong>etiarn</strong></span> <span class='ocrx_word' id='word_1_419' title='bbox 1096 1344 1129 1364; x_wconf 82' lang='lat' dir='ltr'><strong>ex</strong></span> <span class='ocrx_word' id='word_1_420' title='bbox 1153 1337 1195 1364; x_wconf 92' lang='lat' dir='ltr'><strong>his</strong></span> <span class='ocrx_word' id='word_1_421' title='bbox 1213 1345 1273 1372; x_wconf 65' lang='lat' dir='ltr'><strong>quze</strong></span> <span class='ocrx_word' id='word_1_422' title='bbox 1285 1338 1423 1372; x_wconf 90' lang='lat' dir='ltr'><strong>videntur,</strong></span> <span class='ocrx_word' id='word_1_423' title='bbox 1436 1343 1569 1373; x_wconf 76' lang='lat' dir='ltr'><strong>quantum</strong></span> <span class='ocrx_word' id='word_1_424' title='bbox 1586 1340 1660 1371; x_wconf 88' lang='lat' dir='ltr'><strong>licet,</strong></span> <span class='ocrx_word' id='word_1_425' title='bbox 1679 1341 1787 1375; x_wconf 88' lang='lat' dir='ltr'><strong>capien-</strong></span> 
     </span>
    </p>
   </div>
   <div class='ocr_carea' id='block_1_59' title="bbox 1002 1385 1786 1420">
    <p class='ocr_par' dir='ltr' id='par_1_59' title="bbox 1002 1385 1786 1420">
     <span class='ocr_line' id='line_1_59' title="bbox 1002 1385 1786 1420; baseline 0.005 -11"><span class='ocrx_word' id='word_1_426' title='bbox 1002 1387 1052 1414; x_wconf 89' lang='lat' dir='ltr'><strong>tes,</strong></span> <span class='ocrx_word' id='word_1_427' title='bbox 1079 1388 1267 1419; x_wconf 86' lang='lat' dir='ltr'><strong>quantumque</strong></span> <span class='ocrx_word' id='word_1_428' title='bbox 1297 1391 1429 1412; x_wconf 78' lang='lat' dir='ltr'><strong>creatura:</strong></span> <span class='ocrx_word' id='word_1_429' title='bbox 1456 1385 1482 1412; x_wconf 92' lang='lat' dir='ltr'><strong>in</strong></span> <span class='ocrx_word' id='word_1_430' title='bbox 1503 1393 1532 1413; x_wconf 89' lang='lat' dir='ltr'><strong>se</strong></span> <span class='ocrx_word' id='word_1_431' title='bbox 1548 1386 1614 1420; x_wconf 83' lang='lat' dir='ltr'><strong>ipsis</strong></span> <span class='ocrx_word' id='word_1_432' title='bbox 1636 1393 1786 1414; x_wconf 79' lang='lat' dir='ltr'><strong>creatorem</strong></span> 
     </span>
    </p>
   </div>
   <div class='ocr_carea' id='block_1_60' title="bbox 1001 1429 1788 1466">
    <p class='ocr_par' dir='ltr' id='par_1_60' title="bbox 1001 1429 1788 1466">
     <span class='ocr_line' id='line_1_60' title="bbox 1001 1429 1788 1466; baseline 0.003 -10"><span class='ocrx_word' id='word_1_433' title='bbox 1001 1429 1108 1456; x_wconf 84' lang='lat' dir='ltr'><strong>exiliter</strong></span> <span class='ocrx_word' id='word_1_434' title='bbox 1130 1430 1271 1458; x_wconf 89' lang='lat' dir='ltr'><strong>insinuare</strong></span> <span class='ocrx_word' id='word_1_435' title='bbox 1305 1435 1440 1464; x_wconf 78' lang='lat' dir='ltr'><strong>possunt:</strong></span> <span class='ocrx_word' id='word_1_436' title='bbox 1468 1431 1640 1466; x_wconf 88' lang='lat' dir='ltr'><strong>visibiliaqrre</strong></span> <span class='ocrx_word' id='word_1_437' title='bbox 1665 1432 1788 1459; x_wconf 75' lang='lat' dir='ltr'><strong>invisibi-</strong></span> 
     </span>
    </p>
   </div>
   <div class='ocr_carea' id='block_1_61' title="bbox 1002 1474 1787 1511">
    <p class='ocr_par' dir='ltr' id='par_1_61' title="bbox 1002 1474 1787 1511">
     <span class='ocr_line' id='line_1_61' title="bbox 1002 1474 1787 1511; baseline 0.005 -11"><span class='ocrx_word' id='word_1_438' title='bbox 1002 1474 1053 1501; x_wconf 89' lang='lat' dir='ltr'><strong>lern</strong></span> <span class='ocrx_word' id='word_1_439' title='bbox 1077 1475 1202 1502; x_wconf 83' lang='lat' dir='ltr'><strong>vehicula</strong></span> <span class='ocrx_word' id='word_1_440' title='bbox 1218 1475 1343 1510; x_wconf 62' lang='lat' dir='ltr'><strong>quaedam</strong></span> <span class='ocrx_word' id='word_1_441' title='bbox 1363 1476 1396 1504; x_wconf 91' lang='lat' dir='ltr'><strong>ad</strong></span> <span class='ocrx_word' id='word_1_442' title='bbox 1413 1476 1528 1511; x_wconf 89' lang='lat' dir='ltr'><strong>primam</strong></span> <span class='ocrx_word' id='word_1_443' title='bbox 1544 1477 1685 1504; x_wconf 85' lang='lat' dir='ltr'><strong>veritatem</strong></span> <span class='ocrx_word' id='word_1_444' title='bbox 1710 1477 1787 1505; x_wconf 78' lang='lat' dir='ltr'><strong>exhi-</strong></span> 
     </span>
    </p>
   </div>
   <div class='ocr_carea' id='block_1_62' title="bbox 152 1508 1103 1558">
    <p class='ocr_par' dir='ltr' id='par_1_62' title="bbox 152 1508 1103 1558">
     <span class='ocr_line' id='line_1_62' title="bbox 152 1508 1103 1558; baseline -0.003 -8"><span class='ocrx_word' id='word_1_445' title='bbox 152 1524 183 1550; x_wconf 89' lang='lat' dir='ltr'><strong>ln</strong></span> <span class='ocrx_word' id='word_1_446' title='bbox 200 1524 254 1556; x_wconf 87' lang='lat' dir='ltr'><strong>his,</strong></span> <span class='ocrx_word' id='word_1_447' title='bbox 284 1527 311 1549; x_wconf 86' lang='lat' dir='ltr'><strong>et</strong></span> <span class='ocrx_word' id='word_1_448' title='bbox 328 1523 355 1549; x_wconf 94' lang='lat' dir='ltr'><strong>in</strong></span> <span class='ocrx_word' id='word_1_449' title='bbox 387 1523 494 1550; x_wconf 63' lang='lat' dir='ltr'><strong>caeteris</strong></span> <span class='ocrx_word' id='word_1_450' title='bbox 516 1530 576 1557; x_wconf 55' lang='lat' dir='ltr'><strong>qua</strong></span> <span class='ocrx_word' id='word_1_451' title='bbox 601 1522 803 1558; x_wconf 85' lang='lat' dir='ltr'><strong>proposuimus,</strong></span> <span class='ocrx_word' id='word_1_452' title='bbox 818 1522 949 1556; x_wconf 78' lang='lat' dir='ltr'><strong>exemplis</strong></span> <span class='ocrx_word' id='word_1_453' title='bbox 965 1508 985 1535; x_wconf 61' lang='grc' dir='ltr'><strong>ί)</strong></span> <span class='ocrx_word' id='word_1_454' title='bbox 1003 1521 1103 1548; x_wconf 76' lang='lat' dir='ltr'><strong>brntia.</strong></span> 
     </span>
    </p>
   </div>
   <div class='ocr_carea' id='block_1_63' title="bbox 155 1567 949 1603">
    <p class='ocr_par' dir='ltr' id='par_1_63' title="bbox 155 1567 949 1603">
     <span class='ocr_line' id='line_1_63' title="bbox 155 1567 949 1603; baseline -0.003 -7"><span class='ocrx_word' id='word_1_455' title='bbox 155 1570 248 1596; x_wconf 77' lang='lat' dir='ltr'><strong>eadem</strong></span> <span class='ocrx_word' id='word_1_456' title='bbox 273 1568 393 1603; x_wconf 89' lang='lat' dir='ltr'><strong>proferto</strong></span> <span class='ocrx_word' id='word_1_457' title='bbox 408 1570 512 1596; x_wconf 86' lang='lat' dir='ltr'><strong>ratione</strong></span> <span class='ocrx_word' id='word_1_458' title='bbox 523 1573 550 1595; x_wconf 91' lang='lat' dir='ltr'><strong>ct</strong></span> <span class='ocrx_word' id='word_1_459' title='bbox 572 1573 684 1596; x_wconf 82' lang='lat' dir='ltr'><strong>sanctus</strong></span> <span class='ocrx_word' id='word_1_460' title='bbox 698 1567 814 1603; x_wconf 85' lang='lat' dir='ltr'><strong>Spiritus</strong></span> <span class='ocrx_word' id='word_1_461' title='bbox 827 1567 949 1594; x_wconf 84' lang='lat' dir='ltr'><strong>rationa-</strong></span> 
     </span>
    </p>
   </div>
   <div class='ocr_carea' id='block_1_64' title="bbox 153 1614 950 1642">
    <p class='ocr_par' dir='ltr' id='par_1_64' title="bbox 153 1614 950 1642">
     <span class='ocr_line' id='line_1_64' title="bbox 153 1614 950 1642; baseline -0.003 0"><span class='ocrx_word' id='word_1_462' title='bbox 153 1614 245 1642; x_wconf 82' lang='lat' dir='ltr'><strong>biliter</strong></span> <span class='ocrx_word' id='word_1_463' title='bbox 274 1622 305 1641; x_wconf 84' lang='lat' dir='ltr'><strong>ex</strong></span> <span class='ocrx_word' id='word_1_464' title='bbox 328 1615 408 1642; x_wconf 84' lang='lat' dir='ltr'><strong>Patre</strong></span> <span class='ocrx_word' id='word_1_465' title='bbox 423 1614 482 1642; x_wconf 81' lang='lat' dir='ltr'><strong>sine</strong></span> <span class='ocrx_word' id='word_1_466' title='bbox 510 1614 599 1642; x_wconf 84' lang='lat' dir='ltr'><strong>medio</strong></span> <span class='ocrx_word' id='word_1_467' title='bbox 628 1622 681 1641; x_wconf 90' lang='lat' dir='ltr'><strong>non</strong></span> <span class='ocrx_word' id='word_1_468' title='bbox 706 1614 815 1642; x_wconf 87' lang='lat' dir='ltr'><strong>dicitur.</strong></span> <span class='ocrx_word' id='word_1_469' title='bbox 840 1614 950 1641; x_wconf 83' lang='lat' dir='ltr'><strong>Tertius</strong></span> 
     </span>
    </p>
   </div>
   <div class='ocr_carea' id='block_1_65' title="bbox 154 1660 952 1695">
    <p class='ocr_par' dir='ltr' id='par_1_65' title="bbox 154 1660 952 1695">
     <span class='ocr_line' id='line_1_65' title="bbox 154 1660 952 1695; baseline -0.003 -7"><span class='ocrx_word' id='word_1_470' title='bbox 154 1661 225 1688; x_wconf 88' lang='lat' dir='ltr'><strong>enim</strong></span> <span class='ocrx_word' id='word_1_471' title='bbox 242 1669 256 1687; x_wconf 90' lang='lat' dir='ltr'><strong>a</strong></span> <span class='ocrx_word' id='word_1_472' title='bbox 275 1660 357 1688; x_wconf 87' lang='lat' dir='ltr'><strong>Patre</strong></span> <span class='ocrx_word' id='word_1_473' title='bbox 374 1661 526 1688; x_wconf 87' lang='lat' dir='ltr'><strong>secundum</strong></span> <span class='ocrx_word' id='word_1_474' title='bbox 559 1660 730 1695; x_wconf 85' lang='lat' dir='ltr'><strong>personalem</strong></span> <span class='ocrx_word' id='word_1_475' title='bbox 762 1660 884 1687; x_wconf 81' lang='lat' dir='ltr'><strong>ordinent</strong></span> <span class='ocrx_word' id='word_1_476' title='bbox 903 1668 952 1694; x_wconf 80' lang='lat' dir='ltr'><strong>pu-</strong></span> 
     </span>
    </p>
   </div>
   <div class='ocr_carea' id='block_1_66' title="bbox 153 1705 947 1741">
    <p class='ocr_par' dir='ltr' id='par_1_66' title="bbox 153 1705 947 1741">
     <span class='ocr_line' id='line_1_66' title="bbox 153 1705 947 1741; baseline -0.004 -7"><span class='ocrx_word' id='word_1_477' title='bbox 153 1708 239 1740; x_wconf 86' lang='lat' dir='ltr'><strong>nitur,</strong></span> <span class='ocrx_word' id='word_1_478' title='bbox 255 1713 336 1741; x_wconf 85' lang='lat' dir='ltr'><strong>atque</strong></span> <span class='ocrx_word' id='word_1_479' title='bbox 347 1714 395 1740; x_wconf 87' lang='lat' dir='ltr'><strong>per</strong></span> <span class='ocrx_word' id='word_1_480' title='bbox 412 1706 511 1733; x_wconf 86' lang='lat' dir='ltr'><strong>Filium</strong></span> <span class='ocrx_word' id='word_1_481' title='bbox 538 1713 599 1733; x_wconf 86' lang='lat' dir='ltr'><strong>esse</strong></span> <span class='ocrx_word' id='word_1_482' title='bbox 612 1714 643 1732; x_wconf 90' lang='lat' dir='ltr'><strong>ac</strong></span> <span class='ocrx_word' id='word_1_483' title='bbox 656 1705 805 1741; x_wconf 86' lang='lat' dir='ltr'><strong>procedere</strong></span> <span class='ocrx_word' id='word_1_484' title='bbox 817 1713 831 1732; x_wconf 89' lang='lat' dir='ltr'><strong>a</strong></span> <span class='ocrx_word' id='word_1_485' title='bbox 846 1705 947 1732; x_wconf 89' lang='lat' dir='ltr'><strong>theolo-</strong></span> 
     </span>
    </p>
   </div>
   <div class='ocr_carea' id='block_1_67' title="bbox 154 1752 948 1789">
    <p class='ocr_par' dir='ltr' id='par_1_67' title="bbox 154 1752 948 1789">
     <span class='ocr_line' id='line_1_67' title="bbox 154 1752 948 1789; baseline -0.003 -8"><span class='ocrx_word' id='word_1_486' title='bbox 154 1756 194 1789; x_wconf 77' lang='lat' dir='ltr'><strong>gis</strong></span> <span class='ocrx_word' id='word_1_487' title='bbox 207 1759 390 1782; x_wconf 82' lang='lat' dir='ltr'><strong>asseveratur.</strong></span> <span class='ocrx_word' id='word_1_488' title='bbox 409 1754 505 1781; x_wconf 89' lang='lat' dir='ltr'><strong>Dicere</strong></span> <span class='ocrx_word' id='word_1_489' title='bbox 523 1757 613 1780; x_wconf 86' lang='lat' dir='ltr'><strong>autem</strong></span> <span class='ocrx_word' id='word_1_490' title='bbox 629 1761 662 1780; x_wconf 80' lang='lat' dir='ltr'><strong>ex</strong></span> <span class='ocrx_word' id='word_1_491' title='bbox 681 1753 759 1780; x_wconf 82' lang='lat' dir='ltr'><strong>Patre</strong></span> <span class='ocrx_word' id='word_1_492' title='bbox 771 1753 830 1780; x_wconf 90' lang='lat' dir='ltr'><strong>sine</strong></span> <span class='ocrx_word' id='word_1_493' title='bbox 857 1752 948 1780; x_wconf 83' lang='lat' dir='ltr'><strong>medio</strong></span> 
     </span>
    </p>
   </div>
   <div class='ocr_carea' id='block_1_68' title="bbox 155 1799 948 1835">
    <p class='ocr_par' dir='ltr' id='par_1_68' title="bbox 155 1799 948 1835">
     <span class='ocr_line' id='line_1_68' title="bbox 155 1799 948 1835; baseline 0 -9"><span class='ocrx_word' id='word_1_494' title='bbox 155 1808 217 1828; x_wconf 88' lang='lat' dir='ltr'><strong>esse</strong></span> <span class='ocrx_word' id='word_1_495' title='bbox 231 1800 364 1835; x_wconf 88' lang='lat' dir='ltr'><strong>Spiritqu</strong></span> <span class='ocrx_word' id='word_1_496' title='bbox 381 1805 506 1828; x_wconf 86' lang='lat' dir='ltr'><strong>sanctum</strong></span> <span class='ocrx_word' id='word_1_497' title='bbox 523 1807 618 1826; x_wconf 88' lang='lat' dir='ltr'><strong>eorum</strong></span> <span class='ocrx_word' id='word_1_498' title='bbox 630 1804 682 1831; x_wconf 90' lang='lat' dir='ltr'><strong>est,</strong></span> <span class='ocrx_word' id='word_1_499' title='bbox 702 1799 747 1834; x_wconf 92' lang='lat' dir='ltr'><strong>qui</strong></span> <span class='ocrx_word' id='word_1_500' title='bbox 773 1807 854 1827; x_wconf 89' lang='lat' dir='ltr'><strong>ttrram</strong></span> <span class='ocrx_word' id='word_1_501' title='bbox 880 1799 948 1826; x_wconf 86' lang='lat' dir='ltr'><strong>lucis</strong></span> 
     </span>
    </p>
   </div>
   <div class='ocr_carea' id='block_1_69' title="bbox 156 1846 947 1881">
    <p class='ocr_par' dir='ltr' id='par_1_69' title="bbox 156 1846 947 1881">
     <span class='ocr_line' id='line_1_69' title="bbox 156 1846 947 1881; baseline -0.001 -7"><span class='ocrx_word' id='word_1_502' title='bbox 156 1848 418 1881; x_wconf 80' lang='lat' dir='ltr'><strong>contemperantiam</strong></span> <span class='ocrx_word' id='word_1_503' title='bbox 435 1847 577 1879; x_wconf 87' lang='lat' dir='ltr'><strong>dividunt;</strong></span> <span class='ocrx_word' id='word_1_504' title='bbox 601 1846 729 1881; x_wconf 84' lang='lat' dir='ltr'><strong>quodque</strong></span> <span class='ocrx_word' id='word_1_505' title='bbox 758 1846 866 1876; x_wconf 84' lang='lat' dir='ltr'><strong>dicitur.</strong></span> <span class='ocrx_word' id='word_1_506' title='bbox 893 1849 947 1873; x_wconf 85' lang='lat' dir='ltr'><strong>tres</strong></span> 
     </span>
    </p>
   </div>
   <div class='ocr_carea' id='block_1_70' title="bbox 155 1891 946 1929">
    <p class='ocr_par' dir='ltr' id='par_1_70' title="bbox 155 1891 946 1929">
     <span class='ocr_line' id='line_1_70' title="bbox 155 1891 946 1929; baseline -0.004 -9"><span class='ocrx_word' id='word_1_507' title='bbox 155 1901 287 1928; x_wconf 87' lang='lat' dir='ltr'><strong>personas</strong></span> <span class='ocrx_word' id='word_1_508' title='bbox 301 1900 330 1929; x_wconf 80' lang='lat' dir='ltr'><strong>se</strong></span> <span class='ocrx_word' id='word_1_509' title='bbox 343 1893 458 1919; x_wconf 81' lang='lat' dir='ltr'><strong>invicem</strong></span> <span class='ocrx_word' id='word_1_510' title='bbox 472 1893 624 1925; x_wconf 83' lang='lat' dir='ltr'><strong>continere,</strong></span> <span class='ocrx_word' id='word_1_511' title='bbox 651 1897 807 1927; x_wconf 72' lang='lat' dir='ltr'><strong>caterueque</strong></span> <span class='ocrx_word' id='word_1_512' title='bbox 826 1891 946 1919; x_wconf 89' lang='lat' dir='ltr'><strong>Trinita-</strong></span> 
     </span>
    </p>
   </div>
   <div class='ocr_carea' id='block_1_71' title="bbox 156 1938 947 1973">
    <p class='ocr_par' dir='ltr' id='par_1_71' title="bbox 156 1938 947 1973">
     <span class='ocr_line' id='line_1_71' title="bbox 156 1938 947 1973; baseline -0.003 -7"><span class='ocrx_word' id='word_1_513' title='bbox 156 1945 209 1967; x_wconf 87' lang='lat' dir='ltr'><strong>teur</strong></span> <span class='ocrx_word' id='word_1_514' title='bbox 221 1938 380 1970; x_wconf 89' lang='lat' dir='ltr'><strong>assimilari,</strong></span> <span class='ocrx_word' id='word_1_515' title='bbox 395 1946 427 1965; x_wconf 88' lang='lat' dir='ltr'><strong>ac</strong></span> <span class='ocrx_word' id='word_1_516' title='bbox 439 1943 535 1965; x_wconf 81' lang='lat' dir='ltr'><strong>caetera</strong></span> <span class='ocrx_word' id='word_1_517' title='bbox 551 1938 706 1973; x_wconf 69' lang='lat' dir='ltr'><strong>huiusmodi</strong></span> <span class='ocrx_word' id='word_1_518' title='bbox 724 1938 847 1972; x_wconf 87' lang='lat' dir='ltr'><strong>exempla</strong></span> <span class='ocrx_word' id='word_1_519' title='bbox 865 1947 872 1965; x_wconf 90' lang='lat'><strong>:</strong></span> <span class='ocrx_word' id='word_1_520' title='bbox 886 1945 947 1972; x_wconf 72' lang='lat' dir='ltr'><strong>qua)</strong></span> 
     </span>
    </p>
   </div>
   <div class='ocr_carea' id='block_1_72' title="bbox 159 1982 947 2020">
    <p class='ocr_par' dir='ltr' id='par_1_72' title="bbox 159 1982 947 2020">
     <span class='ocr_line' id='line_1_72' title="bbox 159 1982 947 2020; baseline -0.003 -9"><span class='ocrx_word' id='word_1_521' title='bbox 159 1985 276 2020; x_wconf 84' lang='lat' dir='ltr'><strong>quadam</strong></span> <span class='ocrx_word' id='word_1_522' title='bbox 303 1984 466 2012; x_wconf 81' lang='lat' dir='ltr'><strong>rectitudine</strong></span> <span class='ocrx_word' id='word_1_523' title='bbox 507 1984 630 2012; x_wconf 87' lang='lat' dir='ltr'><strong>ordinem</strong></span> <span class='ocrx_word' id='word_1_524' title='bbox 655 1983 786 2011; x_wconf 87' lang='lat' dir='ltr'><strong>insancta</strong></span> <span class='ocrx_word' id='word_1_525' title='bbox 813 1982 947 2010; x_wconf 90' lang='lat' dir='ltr'><strong>Trinitate</strong></span> 
     </span>
    </p>
   </div>
   <div class='ocr_carea' id='block_1_73' title="bbox 156 2030 946 2067">
    <p class='ocr_par' dir='ltr' id='par_1_73' title="bbox 156 2030 946 2067">
     <span class='ocr_line' id='line_1_73' title="bbox 156 2030 946 2067; baseline -0.006 -7"><span class='ocrx_word' id='word_1_526' title='bbox 156 2032 270 2067; x_wconf 73' lang='lat' dir='ltr'><strong>intelligi</strong></span> <span class='ocrx_word' id='word_1_527' title='bbox 298 2032 404 2064; x_wconf 86' lang='lat' dir='ltr'><strong>volunt,</strong></span> <span class='ocrx_word' id='word_1_528' title='bbox 424 2038 512 2065; x_wconf 90' lang='lat' dir='ltr'><strong>neqtre</strong></span> <span class='ocrx_word' id='word_1_529' title='bbox 524 2031 596 2057; x_wconf 88' lang='lat' dir='ltr'><strong>enirn</strong></span> <span class='ocrx_word' id='word_1_530' title='bbox 624 2030 702 2057; x_wconf 81' lang='lat' dir='ltr'><strong>aliter</strong></span> <span class='ocrx_word' id='word_1_531' title='bbox 724 2035 871 2062; x_wconf 88' lang='lat' dir='ltr'><strong>constaret;</strong></span> <span class='ocrx_word' id='word_1_532' title='bbox 885 2037 946 2056; x_wconf 89' lang='lat' dir='ltr'><strong>orn-</strong></span> 
     </span>
    </p>
   </div>
   <div class='ocr_carea' id='block_1_74' title="bbox 155 2075 945 2113">
    <p class='ocr_par' dir='ltr' id='par_1_74' title="bbox 155 2075 945 2113">
     <span class='ocr_line' id='line_1_74' title="bbox 155 2075 945 2113; baseline -0.004 -8"><span class='ocrx_word' id='word_1_533' title='bbox 155 2079 219 2105; x_wconf 91' lang='lat' dir='ltr'><strong>niuo</strong></span> <span class='ocrx_word' id='word_1_534' title='bbox 240 2082 339 2113; x_wconf 75' lang='lat' dir='ltr'><strong>negant</strong></span> <span class='ocrx_word' id='word_1_535' title='bbox 349 2076 451 2109; x_wconf 87' lang='lat' dir='ltr'><strong>omnia,</strong></span> <span class='ocrx_word' id='word_1_536' title='bbox 469 2084 549 2111; x_wconf 87' lang='lat' dir='ltr'><strong>atque</strong></span> <span class='ocrx_word' id='word_1_537' title='bbox 565 2084 579 2103; x_wconf 81' lang='lat' dir='ltr'><strong>a</strong></span> <span class='ocrx_word' id='word_1_538' title='bbox 589 2075 657 2103; x_wconf 80' lang='lat' dir='ltr'><strong>Filio</strong></span> <span class='ocrx_word' id='word_1_539' title='bbox 669 2075 802 2110; x_wconf 88' lang='lat' dir='ltr'><strong>Spiritum</strong></span> <span class='ocrx_word' id='word_1_540' title='bbox 812 2077 886 2111; x_wconf 80' lang='lat' dir='ltr'><strong>juxta</strong></span> <span class='ocrx_word' id='word_1_541' title='bbox 896 2075 945 2102; x_wconf 88' lang='lat' dir='ltr'><strong>tri-</strong></span> 
     </span>
    </p>
   </div>
   <div class='ocr_carea' id='block_1_75' title="bbox 155 2119 945 2158">
    <p class='ocr_par' dir='ltr' id='par_1_75' title="bbox 155 2119 945 2158">
     <span class='ocr_line' id='line_1_75' title="bbox 155 2119 945 2158; baseline -0.003 -10"><span class='ocrx_word' id='word_1_542' title='bbox 155 2122 247 2158; x_wconf 74' lang='lat' dir='ltr'><strong>anguli</strong></span> <span class='ocrx_word' id='word_1_543' title='bbox 263 2122 425 2157; x_wconf 87' lang='lat' dir='ltr'><strong>positionem</strong></span> <span class='ocrx_word' id='word_1_544' title='bbox 443 2120 579 2148; x_wconf 89' lang='lat' dir='ltr'><strong>dirimunt</strong></span> <span class='ocrx_word' id='word_1_545' title='bbox 601 2119 677 2154; x_wconf 83' lang='lat' dir='ltr'><strong>cujus</strong></span> <span class='ocrx_word' id='word_1_546' title='bbox 707 2120 792 2147; x_wconf 89' lang='lat' dir='ltr'><strong>latera</strong></span> <span class='ocrx_word' id='word_1_547' title='bbox 813 2120 839 2146; x_wconf 94' lang='lat' dir='ltr'><strong>in</strong></span> <span class='ocrx_word' id='word_1_548' title='bbox 854 2120 919 2147; x_wconf 87' lang='lat' dir='ltr'><strong>base</strong></span> <span class='ocrx_word' id='word_1_549' title='bbox 931 2127 945 2146; x_wconf 90' lang='lat' dir='ltr'><strong>a</strong></span> 
     </span>
    </p>
   </div>
   <div class='ocr_carea' id='block_1_76' title="bbox 156 2165 984 2207">
    <p class='ocr_par' dir='ltr' id='par_1_76' title="bbox 156 2165 984 2207">
     <span class='ocr_line' id='line_1_76' title="bbox 156 2165 984 2207; baseline -0.005 -11"><span class='ocrx_word' id='word_1_550' title='bbox 156 2177 186 2196; x_wconf 89' lang='lat' dir='ltr'><strong>sc</strong></span> <span class='ocrx_word' id='word_1_551' title='bbox 200 2168 439 2196; x_wconf 86' lang='lat' dir='ltr'><strong>disterminantur.</strong></span> <span class='ocrx_word' id='word_1_552' title='bbox 471 2167 523 2193; x_wconf 84' lang='lat' dir='ltr'><strong>Sed</strong></span> <span class='ocrx_word' id='word_1_553' title='bbox 553 2167 606 2193; x_wconf 90' lang='lat' dir='ltr'><strong>hoc</strong></span> <span class='ocrx_word' id='word_1_554' title='bbox 626 2166 785 2201; x_wconf 68' lang='lat' dir='ltr'><strong>praedictum</strong></span> <span class='ocrx_word' id='word_1_555' title='bbox 815 2165 946 2200; x_wconf 74' lang='lat' dir='ltr'><strong>pervertit</strong></span> <span class='ocrx_word' id='word_1_556' title='bbox 965 2180 984 2207; x_wconf 75' lang='grc' dir='ltr'>υ</span> 
     </span>
    </p>
   </div>
   <div class='ocr_carea' id='block_1_77' title="bbox 156 2210 947 2247">
    <p class='ocr_par' dir='ltr' id='par_1_77' title="bbox 156 2210 947 2247">
     <span class='ocr_line' id='line_1_77' title="bbox 156 2210 947 2247; baseline -0.006 -6"><span class='ocrx_word' id='word_1_557' title='bbox 156 2214 333 2246; x_wconf 81' lang='lat' dir='ltr'><strong>ordiuern;et</strong></span> <span class='ocrx_word' id='word_1_558' title='bbox 346 2212 449 2247; x_wconf 76' lang='lat' dir='ltr'><strong>qrrmdc</strong></span> <span class='ocrx_word' id='word_1_559' title='bbox 472 2211 523 2238; x_wconf 81' lang='lat' dir='ltr'><strong>huc</strong></span> <span class='ocrx_word' id='word_1_560' title='bbox 545 2218 560 2237; x_wconf 89' lang='lat' dir='ltr'><strong>a</strong></span> <span class='ocrx_word' id='word_1_561' title='bbox 582 2211 684 2238; x_wconf 86' lang='lat' dir='ltr'><strong>sanctis</strong></span> <span class='ocrx_word' id='word_1_562' title='bbox 699 2210 824 2238; x_wconf 89' lang='lat' dir='ltr'><strong>Patribus</strong></span> <span class='ocrx_word' id='word_1_563' title='bbox 847 2210 947 2237; x_wconf 90' lang='lat' dir='ltr'><strong>&#39;dicun—</strong></span> 
     </span>
    </p>
   </div>
   <div class='ocr_carea' id='block_1_78' title="bbox 158 2256 948 2292">
    <p class='ocr_par' dir='ltr' id='par_1_78' title="bbox 158 2256 948 2292">
     <span class='ocr_line' id='line_1_78' title="bbox 158 2256 948 2292; baseline -0.006 -5"><span class='ocrx_word' id='word_1_564' title='bbox 158 2266 213 2292; x_wconf 85' lang='lat' dir='ltr'><strong>tur,</strong></span> <span class='ocrx_word' id='word_1_565' title='bbox 225 2259 313 2287; x_wconf 78' lang='lat' dir='ltr'><strong>aufert</strong></span> <span class='ocrx_word' id='word_1_566' title='bbox 325 2259 427 2285; x_wconf 84' lang='lat' dir='ltr'><strong>omnia.</strong></span> <span class='ocrx_word' id='word_1_567' title='bbox 441 2258 478 2285; x_wconf 85' lang='lat' dir='ltr'><strong>lta</strong></span> <span class='ocrx_word' id='word_1_568' title='bbox 492 2256 566 2283; x_wconf 91' lang='lat' dir='ltr'><strong>enim</strong></span> <span class='ocrx_word' id='word_1_569' title='bbox 583 2256 706 2291; x_wconf 76' lang='lat' dir='ltr'><strong>cogitare</strong></span> <span class='ocrx_word' id='word_1_570' title='bbox 734 2257 837 2288; x_wconf 86' lang='lat' dir='ltr'><strong>licebit,</strong></span> <span class='ocrx_word' id='word_1_571' title='bbox 847 2257 948 2283; x_wconf 84' lang='lat' dir='ltr'><strong>sectio-</strong></span> 
     </span>
    </p>
   </div>
   <div class='ocr_carea' id='block_1_79' title="bbox 157 2301 947 2337">
    <p class='ocr_par' dir='ltr' id='par_1_79' title="bbox 157 2301 947 2337">
     <span class='ocr_line' id='line_1_79' title="bbox 157 2301 947 2337; baseline -0.004 -6"><span class='ocrx_word' id='word_1_572' title='bbox 157 2315 218 2332; x_wconf 76' lang='lat' dir='ltr'><strong>ucrn</strong></span> <span class='ocrx_word' id='word_1_573' title='bbox 244 2313 275 2332; x_wconf 87' lang='lat' dir='ltr'><strong>ac</strong></span> <span class='ocrx_word' id='word_1_574' title='bbox 301 2305 461 2331; x_wconf 84' lang='lat' dir='ltr'><strong>divisionem</strong></span> <span class='ocrx_word' id='word_1_575' title='bbox 481 2303 542 2330; x_wconf 87' lang='lat' dir='ltr'><strong>Filii</strong></span> <span class='ocrx_word' id='word_1_576' title='bbox 564 2302 767 2337; x_wconf 73' lang='lat' dir='ltr'><strong>etSpiritus,ac</strong></span> <span class='ocrx_word' id='word_1_577' title='bbox 791 2301 888 2328; x_wconf 87' lang='lat' dir='ltr'><strong>Filium</strong></span> <span class='ocrx_word' id='word_1_578' title='bbox 905 2310 947 2328; x_wconf 88' lang='lat' dir='ltr'><strong>co-</strong></span> 
     </span>
    </p>
   </div>
   <div class='ocr_carea' id='block_1_80' title="bbox 157 2347 949 2386">
    <p class='ocr_par' dir='ltr' id='par_1_80' title="bbox 157 2347 949 2386">
     <span class='ocr_line' id='line_1_80' title="bbox 157 2347 949 2386; baseline -0.005 -9"><span class='ocrx_word' id='word_1_579' title='bbox 157 2352 243 2386; x_wconf 72' lang='lat' dir='ltr'><strong>gitare</strong></span> <span class='ocrx_word' id='word_1_580' title='bbox 256 2351 314 2377; x_wconf 81' lang='lat' dir='ltr'><strong>sine</strong></span> <span class='ocrx_word' id='word_1_581' title='bbox 330 2349 433 2383; x_wconf 76' lang='lat' dir='ltr'><strong>Spiritu</strong></span> <span class='ocrx_word' id='word_1_582' title='bbox 447 2357 454 2380; x_wconf 82' lang='grc'><strong>;</strong></span> <span class='ocrx_word' id='word_1_583' title='bbox 469 2353 495 2375; x_wconf 91' lang='lat' dir='ltr'><strong>et</strong></span> <span class='ocrx_word' id='word_1_584' title='bbox 516 2356 577 2375; x_wconf 86' lang='lat' dir='ltr'><strong>cum</strong></span> <span class='ocrx_word' id='word_1_585' title='bbox 602 2347 700 2374; x_wconf 85' lang='lat' dir='ltr'><strong>Filium</strong></span> <span class='ocrx_word' id='word_1_586' title='bbox 718 2347 851 2378; x_wconf 78' lang='lat' dir='ltr'><strong>dicemus,</strong></span> <span class='ocrx_word' id='word_1_587' title='bbox 861 2354 949 2381; x_wconf 83' lang='lat' dir='ltr'><strong>neque</strong></span> 
     </span>
    </p>
   </div>
   <div class='ocr_carea' id='block_1_81' title="bbox 158 2393 946 2427">
    <p class='ocr_par' dir='ltr' id='par_1_81' title="bbox 158 2393 946 2427">
     <span class='ocr_line' id='line_1_81' title="bbox 158 2393 946 2427; baseline -0.006 -3"><span class='ocrx_word' id='word_1_588' title='bbox 158 2397 275 2424; x_wconf 87' lang='lat' dir='ltr'><strong>invicem</strong></span> <span class='ocrx_word' id='word_1_589' title='bbox 291 2395 424 2423; x_wconf 86' lang='lat' dir='ltr'><strong>contineri</strong></span> <span class='ocrx_word' id='word_1_590' title='bbox 442 2404 449 2422; x_wconf 86' lang='lat'><strong>:</strong></span> <span class='ocrx_word' id='word_1_591' title='bbox 469 2399 495 2422; x_wconf 89' lang='lat' dir='ltr'><strong>et</strong></span> <span class='ocrx_word' id='word_1_592' title='bbox 515 2393 652 2421; x_wconf 89' lang='lat' dir='ltr'><strong>corrtraria</strong></span> <span class='ocrx_word' id='word_1_593' title='bbox 667 2393 778 2420; x_wconf 80' lang='lat' dir='ltr'><strong>omnino</strong></span> <span class='ocrx_word' id='word_1_594' title='bbox 796 2397 946 2427; x_wconf 84' lang='lat' dir='ltr'><strong>sequentur</strong></span> 
     </span>
    </p>
   </div>
   <div class='ocr_carea' id='block_1_82' title="bbox 157 2438 943 2477">
    <p class='ocr_par' dir='ltr' id='par_1_82' title="bbox 157 2438 943 2477">
     <span class='ocr_line' id='line_1_82' title="bbox 157 2438 943 2477; baseline -0.006 -7"><span class='ocrx_word' id='word_1_595' title='bbox 157 2444 249 2471; x_wconf 88' lang='lat' dir='ltr'><strong>omnia</strong></span> <span class='ocrx_word' id='word_1_596' title='bbox 267 2443 308 2469; x_wconf 91' lang='lat' dir='ltr'><strong>his</strong></span> <span class='ocrx_word' id='word_1_597' title='bbox 321 2449 381 2477; x_wconf 64' lang='lat' dir='ltr'><strong>quae</strong></span> <span class='ocrx_word' id='word_1_598' title='bbox 401 2449 416 2468; x_wconf 89' lang='lat' dir='ltr'><strong>a</strong></span> <span class='ocrx_word' id='word_1_599' title='bbox 433 2440 535 2468; x_wconf 85' lang='lat' dir='ltr'><strong>sanctis</strong></span> <span class='ocrx_word' id='word_1_600' title='bbox 551 2440 622 2467; x_wconf 90' lang='lat' dir='ltr'><strong>dicta</strong></span> <span class='ocrx_word' id='word_1_601' title='bbox 638 2443 718 2472; x_wconf 90' lang='lat' dir='ltr'><strong>sunt;</strong></span> <span class='ocrx_word' id='word_1_602' title='bbox 747 2438 795 2466; x_wconf 79' lang='lat' dir='ltr'><strong>sed</strong></span> <span class='ocrx_word' id='word_1_603' title='bbox 821 2438 847 2465; x_wconf 93' lang='lat' dir='ltr'><strong>id</strong></span> <span class='ocrx_word' id='word_1_604' title='bbox 876 2446 943 2466; x_wconf 87' lang='lat' dir='ltr'><strong>sane</strong></span> 
     </span>
    </p>
   </div>
   <div class='ocr_carea' id='block_1_83' title="bbox 159 2487 676 2524">
    <p class='ocr_par' dir='ltr' id='par_1_83' title="bbox 159 2487 676 2524">
     <span class='ocr_line' id='line_1_83' title="bbox 159 2487 676 2524; baseline -0.008 -8"><span class='ocrx_word' id='word_1_605' title='bbox 159 2491 292 2524; x_wconf 87' lang='lat' dir='ltr'><strong>ineptum,</strong></span> <span class='ocrx_word' id='word_1_606' title='bbox 307 2488 441 2516; x_wconf 86' lang='lat' dir='ltr'><strong>insulsum</strong></span> <span class='ocrx_word' id='word_1_607' title='bbox 457 2492 537 2521; x_wconf 85' lang='lat' dir='ltr'><strong>atque</strong></span> <span class='ocrx_word' id='word_1_608' title='bbox 553 2487 676 2521; x_wconf 89' lang='lat' dir='ltr'><strong>impium.</strong></span> 
     </span>
    </p>
   </div>
   <div class='ocr_carea' id='block_1_84' title="bbox 193 2532 947 2569">
    <p class='ocr_par' dir='ltr' id='par_1_84' title="bbox 193 2532 947 2569">
     <span class='ocr_line' id='line_1_84' title="bbox 193 2532 947 2569; baseline -0.005 -6"><span class='ocrx_word' id='word_1_609' title='bbox 193 2536 232 2563; x_wconf 82' lang='lat' dir='ltr'><strong>Nc</strong></span> <span class='ocrx_word' id='word_1_610' title='bbox 246 2541 335 2563; x_wconf 86' lang='lat' dir='ltr'><strong>tamen</strong></span> <span class='ocrx_word' id='word_1_611' title='bbox 359 2535 384 2562; x_wconf 90' lang='lat' dir='ltr'><strong>id</strong></span> <span class='ocrx_word' id='word_1_612' title='bbox 408 2533 560 2569; x_wconf 87' lang='lat' dir='ltr'><strong>quempiam</strong></span> <span class='ocrx_word' id='word_1_613' title='bbox 586 2532 740 2564; x_wconf 87' lang='lat' dir='ltr'><strong>cotttrtrbet,</strong></span> <span class='ocrx_word' id='word_1_614' title='bbox 767 2532 868 2564; x_wconf 83' lang='lat' dir='ltr'><strong>nullus,</strong></span> <span class='ocrx_word' id='word_1_615' title='bbox 887 2539 947 2566; x_wconf 63' lang='lat' dir='ltr'><strong>qua!</strong></span> 
     </span>
    </p>
   </div>
   <div class='ocr_carea' id='block_1_85' title="bbox 160 2578 944 2614">
    <p class='ocr_par' dir='ltr' id='par_1_85' title="bbox 160 2578 944 2614">
     <span class='ocr_line' id='line_1_85' title="bbox 160 2578 944 2614; baseline -0.006 -6"><span class='ocrx_word' id='word_1_616' title='bbox 160 2583 186 2609; x_wconf 79' lang='grc' dir='ltr'><strong>ιιι</strong></span> <span class='ocrx_word' id='word_1_617' title='bbox 205 2581 318 2608; x_wconf 83' lang='lat' dir='ltr'><strong>materia</strong></span> <span class='ocrx_word' id='word_1_618' title='bbox 335 2583 509 2614; x_wconf 65' lang='lat' dir='ltr'><strong>contingunt,</strong></span> <span class='ocrx_word' id='word_1_619' title='bbox 526 2579 580 2606; x_wconf 78' lang='lat' dir='ltr'><strong>Deo</strong></span> <span class='ocrx_word' id='word_1_620' title='bbox 594 2579 697 2606; x_wconf 86' lang='lat' dir='ltr'><strong>tribuit.</strong></span> <span class='ocrx_word' id='word_1_621' title='bbox 711 2579 821 2605; x_wconf 85' lang='lat' dir='ltr'><strong>Local;a</strong></span> <span class='ocrx_word' id='word_1_622' title='bbox 844 2578 944 2613; x_wconf 87' lang='lat' dir='ltr'><strong>quippe</strong></span> 
     </span>
    </p>
   </div>
   <div class='ocr_carea' id='block_1_86' title="bbox 161 2624 944 2661">
    <p class='ocr_par' dir='ltr' id='par_1_86' title="bbox 161 2624 944 2661">
     <span class='ocr_line' id='line_1_86' title="bbox 161 2624 944 2661; baseline -0.005 -8"><span class='ocrx_word' id='word_1_623' title='bbox 161 2627 375 2661; x_wconf 70' lang='lat' dir='ltr'><strong>temporaliaque</strong></span> <span class='ocrx_word' id='word_1_624' title='bbox 393 2625 544 2657; x_wconf 83' lang='lat' dir='ltr'><strong>intervalla,</strong></span> <span class='ocrx_word' id='word_1_625' title='bbox 570 2629 597 2652; x_wconf 89' lang='lat' dir='ltr'><strong>et</strong></span> <span class='ocrx_word' id='word_1_626' title='bbox 612 2632 672 2659; x_wconf 71' lang='lat' dir='ltr'><strong>qua:</strong></span> <span class='ocrx_word' id='word_1_627' title='bbox 697 2624 780 2651; x_wconf 72' lang='lat' dir='ltr'><strong>ﬂuxui</strong></span> <span class='ocrx_word' id='word_1_628' title='bbox 809 2631 840 2650; x_wconf 91' lang='lat' dir='ltr'><strong>ac</strong></span> <span class='ocrx_word' id='word_1_629' title='bbox 872 2631 944 2650; x_wconf 86' lang='lat' dir='ltr'><strong>rnor-</strong></span> 
     </span>
    </p>
   </div>
   <div class='ocr_carea' id='block_1_87' title="bbox 160 2668 944 2705">
    <p class='ocr_par' dir='ltr' id='par_1_87' title="bbox 160 2668 944 2705">
     <span class='ocr_line' id='line_1_87' title="bbox 160 2668 944 2705; baseline -0.004 -7"><span class='ocrx_word' id='word_1_630' title='bbox 160 2673 259 2700; x_wconf 82' lang='lat' dir='ltr'><strong>talitali</strong></span> <span class='ocrx_word' id='word_1_631' title='bbox 275 2679 339 2701; x_wconf 88' lang='lat' dir='ltr'><strong>sunt</strong></span> <span class='ocrx_word' id='word_1_632' title='bbox 353 2672 481 2705; x_wconf 73' lang='lat' dir='ltr'><strong>obnoxia,</strong></span> <span class='ocrx_word' id='word_1_633' title='bbox 497 2671 618 2698; x_wconf 68' lang='lat' dir='ltr'><strong>materiae</strong></span> <span class='ocrx_word' id='word_1_634' title='bbox 631 2670 820 2705; x_wconf 88' lang='lat' dir='ltr'><strong>relinquimus.</strong></span> <span class='ocrx_word' id='word_1_635' title='bbox 838 2668 865 2697; x_wconf 93' lang='lat' dir='ltr'><strong>Si</strong></span> <span class='ocrx_word' id='word_1_636' title='bbox 880 2669 944 2703; x_wconf 88' lang='lat' dir='ltr'><strong>qtrid</strong></span> 
     </span>
    </p>
   </div>
   <div class='ocr_carea' id='block_1_88' title="bbox 159 2716 947 2754">
    <p class='ocr_par' dir='ltr' id='par_1_88' title="bbox 159 2716 947 2754">
     <span class='ocr_line' id='line_1_88' title="bbox 159 2716 947 2754; baseline -0.004 -9"><span class='ocrx_word' id='word_1_637' title='bbox 159 2724 250 2746; x_wconf 76' lang='lat' dir='ltr'><strong>autem</strong></span> <span class='ocrx_word' id='word_1_638' title='bbox 267 2718 450 2754; x_wconf 78' lang='lat' dir='ltr'><strong>perfectionis,</strong></span> <span class='ocrx_word' id='word_1_639' title='bbox 480 2723 560 2754; x_wconf 90' lang='lat' dir='ltr'><strong>atque</strong></span> <span class='ocrx_word' id='word_1_640' title='bbox 576 2719 609 2746; x_wconf 87' lang='lat' dir='ltr'><strong>ad</strong></span> <span class='ocrx_word' id='word_1_641' title='bbox 639 2718 793 2745; x_wconf 73' lang='lat' dir='ltr'><strong>Creatorem</strong></span> <span class='ocrx_word' id='word_1_642' title='bbox 821 2716 947 2744; x_wconf 87' lang='lat' dir='ltr'><strong>similitu-</strong></span> 
     </span>
    </p>
   </div>
   <div class='ocr_carea' id='block_1_89' title="bbox 196 2811 480 2847">
    <p class='ocr_par' dir='ltr' id='par_1_89' title="bbox 196 2811 480 2847">
     <span class='ocr_line' id='line_1_89' title="bbox 196 2811 480 2847; baseline 0 -9"><span class='ocrx_word' id='word_1_643' title='bbox 196 2811 253 2847; x_wconf 88' lang='lat' dir='ltr'>(l8)</span> <span class='ocrx_word' id='word_1_644' title='bbox 276 2812 314 2840; x_wconf 90' lang='lat' dir='ltr'><strong>lla</strong></span> <span class='ocrx_word' id='word_1_645' title='bbox 331 2811 412 2839; x_wconf 87' lang='lat' dir='ltr'><strong>habet</strong></span> <span class='ocrx_word' id='word_1_646' title='bbox 429 2819 480 2838; x_wconf 87' lang='lat' dir='ltr'><strong>ms.</strong></span> 
     </span>
    </p>
   </div>
   <div class='ocr_carea' id='block_1_90' title="bbox 161 2866 177 2873">
    <p class='ocr_par' dir='ltr' id='par_1_90' title="bbox 161 2866 177 2873">
     <span class='ocr_line' id='line_1_90' title="bbox 161 2866 177 2873; baseline 0 0"><span class='ocrx_word' id='word_1_647' title='bbox 161 2866 177 2873; x_wconf 57' lang='grc' dir='ltr'><em>κ</em></span> 
     </span>
    </p>
   </div>
   <div class='ocr_carea' id='block_1_91' title="bbox 1037 1565 1787 1603">
    <p class='ocr_par' dir='ltr' id='par_1_91' title="bbox 1037 1565 1787 1603">
     <span class='ocr_line' id='line_1_91' title="bbox 1037 1565 1787 1603; baseline 0.004 -10"><span class='ocrx_word' id='word_1_648' title='bbox 1037 1565 1115 1594; x_wconf 79' lang='lat' dir='ltr'><strong>Unde</strong></span> <span class='ocrx_word' id='word_1_649' title='bbox 1133 1571 1160 1594; x_wconf 87' lang='lat' dir='ltr'><strong>et</strong></span> <span class='ocrx_word' id='word_1_650' title='bbox 1187 1567 1334 1602; x_wconf 79' lang='lat' dir='ltr'><strong>Gregorius</strong></span> <span class='ocrx_word' id='word_1_651' title='bbox 1359 1567 1515 1603; x_wconf 79' lang='lat' dir='ltr'><strong>Theologus</strong></span> <span class='ocrx_word' id='word_1_652' title='bbox 1535 1568 1592 1595; x_wconf 89' lang='lat' dir='ltr'><strong>ait:</strong></span> <span class='ocrx_word' id='word_1_653' title='bbox 1608 1577 1617 1593; x_wconf 79' lang='grc' dir='ltr'><strong>ι</strong></span> <span class='ocrx_word' id='word_1_654' title='bbox 1646 1567 1718 1595; x_wconf 72' lang='lat' dir='ltr'><strong>Nihil</strong></span> <span class='ocrx_word' id='word_1_655' title='bbox 1744 1572 1787 1596; x_wconf 83' lang='lat' dir='ltr'><strong>est</strong></span> 
     </span>
    </p>
   </div>
   <div class='ocr_carea' id='block_1_92' title="bbox 1000 1612 1786 1649">
    <p class='ocr_par' dir='ltr' id='par_1_92' title="bbox 1000 1612 1786 1649">
     <span class='ocr_line' id='line_1_92' title="bbox 1000 1612 1786 1649; baseline 0.004 -11"><span class='ocrx_word' id='word_1_656' title='bbox 1000 1612 1072 1646; x_wconf 84' lang='lat' dir='ltr'><strong>quod</strong></span> <span class='ocrx_word' id='word_1_657' title='bbox 1087 1612 1152 1639; x_wconf 87' lang='lat' dir='ltr'><strong>rrrihi</strong></span> <span class='ocrx_word' id='word_1_658' title='bbox 1172 1614 1292 1640; x_wconf 87' lang='lat' dir='ltr'><strong>artirnaru</strong></span> <span class='ocrx_word' id='word_1_659' title='bbox 1310 1613 1390 1641; x_wconf 87' lang='lat' dir='ltr'><strong>sistat</strong></span> <span class='ocrx_word' id='word_1_660' title='bbox 1417 1613 1574 1648; x_wconf 90' lang='lat' dir='ltr'><strong>inspicienti</strong></span> <span class='ocrx_word' id='word_1_661' title='bbox 1594 1615 1621 1641; x_wconf 80' lang='grc' dir='ltr'><strong>ιιι</strong></span> <span class='ocrx_word' id='word_1_662' title='bbox 1652 1615 1786 1649; x_wconf 79' lang='lat' dir='ltr'><strong>exemplis</strong></span> 
     </span>
    </p>
   </div>
   <div class='ocr_carea' id='block_1_93' title="bbox 1002 1656 1786 1696">
    <p class='ocr_par' dir='ltr' id='par_1_93' title="bbox 1002 1656 1786 1696">
     <span class='ocr_line' id='line_1_93' title="bbox 1002 1656 1786 1696; baseline 0.005 -12"><span class='ocrx_word' id='word_1_663' title='bbox 1002 1656 1039 1689; x_wconf 76' lang='lat' dir='ltr'><strong>id,</strong></span> <span class='ocrx_word' id='word_1_664' title='bbox 1068 1659 1141 1693; x_wconf 90' lang='lat' dir='ltr'><strong>qrrod</strong></span> <span class='ocrx_word' id='word_1_665' title='bbox 1174 1659 1317 1694; x_wconf 79' lang='lat' dir='ltr'><strong>imaginari</strong></span> <span class='ocrx_word' id='word_1_666' title='bbox 1345 1664 1372 1687; x_wconf 91' lang='lat' dir='ltr'><strong>et</strong></span> <span class='ocrx_word' id='word_1_667' title='bbox 1403 1660 1555 1694; x_wconf 65' lang='lat' dir='ltr'><strong>consrricari</strong></span> <span class='ocrx_word' id='word_1_668' title='bbox 1587 1667 1678 1696; x_wconf 79' lang='lat' dir='ltr'><strong>pergo,</strong></span> <span class='ocrx_word' id='word_1_669' title='bbox 1704 1671 1713 1687; x_wconf 72' lang='grc' dir='ltr'><strong>ι</strong></span> <span class='ocrx_word' id='word_1_670' title='bbox 1733 1661 1786 1688; x_wconf 90' lang='lat' dir='ltr'><strong>nisi</strong></span> 
     </span>
    </p>
   </div>
   <div class='ocr_carea' id='block_1_94' title="bbox 1000 1704 1785 1741">
    <p class='ocr_par' dir='ltr' id='par_1_94' title="bbox 1000 1704 1785 1741">
     <span class='ocr_line' id='line_1_94' title="bbox 1000 1704 1785 1741; baseline 0.004 -11"><span class='ocrx_word' id='word_1_671' title='bbox 1000 1704 1062 1738; x_wconf 91' lang='lat' dir='ltr'><strong>quis</strong></span> <span class='ocrx_word' id='word_1_672' title='bbox 1079 1712 1163 1732; x_wconf 88' lang='lat' dir='ltr'><strong>unum</strong></span> <span class='ocrx_word' id='word_1_673' title='bbox 1184 1706 1286 1739; x_wconf 87' lang='lat' dir='ltr'><strong>aliquid</strong></span> <span class='ocrx_word' id='word_1_674' title='bbox 1303 1713 1415 1733; x_wconf 89' lang='lat' dir='ltr'><strong>sumens</strong></span> <span class='ocrx_word' id='word_1_675' title='bbox 1441 1713 1496 1740; x_wconf 72' lang='lat' dir='ltr'><strong>prtc</strong></span> <span class='ocrx_word' id='word_1_676' title='bbox 1509 1706 1676 1741; x_wconf 77' lang='lat' dir='ltr'><strong>gratitudiue</strong></span> <span class='ocrx_word' id='word_1_677' title='bbox 1701 1707 1785 1741; x_wconf 85' lang='lat' dir='ltr'><strong>proji-</strong></span> 
     </span>
    </p>
   </div>
   <div class='ocr_carea' id='block_1_95' title="bbox 999 1749 1784 1787">
    <p class='ocr_par' dir='ltr' id='par_1_95' title="bbox 999 1749 1784 1787">
     <span class='ocr_line' id='line_1_95' title="bbox 999 1749 1784 1787; baseline 0.004 -11"><span class='ocrx_word' id='word_1_678' title='bbox 999 1749 1053 1776; x_wconf 88' lang='lat' dir='ltr'><strong>ciat</strong></span> <span class='ocrx_word' id='word_1_679' title='bbox 1070 1750 1184 1784; x_wconf 81' lang='lat' dir='ltr'><strong>reliqua.</strong></span> <span class='ocrx_word' id='word_1_680' title='bbox 1203 1751 1231 1778; x_wconf 84' lang='lat' dir='ltr'><strong>Si</strong></span> <span class='ocrx_word' id='word_1_681' title='bbox 1261 1752 1334 1778; x_wconf 90' lang='lat' dir='ltr'><strong>enim</strong></span> <span class='ocrx_word' id='word_1_682' title='bbox 1351 1756 1461 1786; x_wconf 88' lang='lat' dir='ltr'><strong>propter</strong></span> <span class='ocrx_word' id='word_1_683' title='bbox 1481 1752 1538 1785; x_wconf 87' lang='lat' dir='ltr'><strong>illa,</strong></span> <span class='ocrx_word' id='word_1_684' title='bbox 1561 1760 1622 1787; x_wconf 70' lang='lat' dir='ltr'><strong>qua:</strong></span> <span class='ocrx_word' id='word_1_685' title='bbox 1643 1754 1784 1780; x_wconf 83' lang='lat' dir='ltr'><strong>materiam</strong></span> 
     </span>
    </p>
   </div>
   <div class='ocr_carea' id='block_1_96' title="bbox 999 1796 1785 1833">
    <p class='ocr_par' dir='ltr' id='par_1_96' title="bbox 999 1796 1785 1833">
     <span class='ocr_line' id='line_1_96' title="bbox 999 1796 1785 1833; baseline 0.006 -11"><span class='ocrx_word' id='word_1_686' title='bbox 999 1801 1080 1830; x_wconf 87' lang='lat' dir='ltr'><strong>atque</strong></span> <span class='ocrx_word' id='word_1_687' title='bbox 1100 1796 1293 1824; x_wconf 87' lang='lat' dir='ltr'><strong>univcrsaliter</strong></span> <span class='ocrx_word' id='word_1_688' title='bbox 1311 1803 1402 1824; x_wconf 88' lang='lat' dir='ltr'><strong>creata</strong></span> <span class='ocrx_word' id='word_1_689' title='bbox 1432 1803 1605 1832; x_wconf 85' lang='lat' dir='ltr'><strong>sequuntur:</strong></span> <span class='ocrx_word' id='word_1_690' title='bbox 1631 1806 1718 1833; x_wconf 85' lang='lat' dir='ltr'><strong>neque</strong></span> <span class='ocrx_word' id='word_1_691' title='bbox 1734 1808 1785 1827; x_wconf 80' lang='lat' dir='ltr'><strong>cs-</strong></span> 
     </span>
    </p>
   </div>
   <div class='ocr_carea' id='block_1_97' title="bbox 999 1841 1785 1878">
    <p class='ocr_par' dir='ltr' id='par_1_97' title="bbox 999 1841 1785 1878">
     <span class='ocr_line' id='line_1_97' title="bbox 999 1841 1785 1878; baseline 0.005 -11"><span class='ocrx_word' id='word_1_692' title='bbox 999 1841 1093 1868; x_wconf 83' lang='lat' dir='ltr'><strong>sentiae</strong></span> <span class='ocrx_word' id='word_1_693' title='bbox 1125 1841 1307 1874; x_wconf 85' lang='lat' dir='ltr'><strong>identitalem,</strong></span> <span class='ocrx_word' id='word_1_694' title='bbox 1326 1849 1416 1877; x_wconf 89' lang='lat' dir='ltr'><strong>neque</strong></span> <span class='ocrx_word' id='word_1_695' title='bbox 1444 1842 1580 1875; x_wconf 88' lang='lat' dir='ltr'><strong>ordinem,</strong></span> <span class='ocrx_word' id='word_1_696' title='bbox 1601 1851 1633 1870; x_wconf 79' lang='lat' dir='ltr'><strong>ex</strong></span> <span class='ocrx_word' id='word_1_697' title='bbox 1653 1844 1695 1871; x_wconf 92' lang='lat' dir='ltr'><strong>his</strong></span> <span class='ocrx_word' id='word_1_698' title='bbox 1724 1852 1785 1878; x_wconf 69' lang='lat' dir='ltr'><strong>qua:</strong></span> 
     </span>
    </p>
   </div>
   <div class='ocr_carea' id='block_1_98' title="bbox 998 1886 1784 1924">
    <p class='ocr_par' dir='ltr' id='par_1_98' title="bbox 998 1886 1784 1924">
     <span class='ocr_line' id='line_1_98' title="bbox 998 1886 1784 1924; baseline 0.006 -11"><span class='ocrx_word' id='word_1_699' title='bbox 998 1886 1070 1914; x_wconf 85' lang='lat' dir='ltr'><strong>dicta</strong></span> <span class='ocrx_word' id='word_1_700' title='bbox 1086 1891 1159 1921; x_wconf 86' lang='lat' dir='ltr'><strong>sunt,</strong></span> <span class='ocrx_word' id='word_1_701' title='bbox 1185 1888 1319 1922; x_wconf 73' lang='lat' dir='ltr'><strong>exemplis</strong></span> <span class='ocrx_word' id='word_1_702' title='bbox 1342 1888 1369 1915; x_wconf 91' lang='lat' dir='ltr'><strong>in</strong></span> <span class='ocrx_word' id='word_1_703' title='bbox 1394 1888 1449 1916; x_wconf 88' lang='lat' dir='ltr'><strong>Deo</strong></span> <span class='ocrx_word' id='word_1_704' title='bbox 1463 1889 1590 1923; x_wconf 67' lang='lat' dir='ltr'><strong>aequabili</strong></span> <span class='ocrx_word' id='word_1_705' title='bbox 1610 1890 1784 1924; x_wconf 84' lang='lat' dir='ltr'><strong>proportione</strong></span> 
     </span>
    </p>
   </div>
   <div class='ocr_carea' id='block_1_99' title="bbox 997 1934 1783 1970">
    <p class='ocr_par' dir='ltr' id='par_1_99' title="bbox 997 1934 1783 1970">
     <span class='ocr_line' id='line_1_99' title="bbox 997 1934 1783 1970; baseline 0.003 -10"><span class='ocrx_word' id='word_1_706' title='bbox 997 1940 1155 1960; x_wconf 84' lang='lat' dir='ltr'><strong>sumemus:</strong></span> <span class='ocrx_word' id='word_1_707' title='bbox 1182 1940 1355 1968; x_wconf 89' lang='lat' dir='ltr'><strong>nequaquam</strong></span> <span class='ocrx_word' id='word_1_708' title='bbox 1380 1934 1471 1962; x_wconf 89' lang='lat' dir='ltr'><strong>dicere</strong></span> <span class='ocrx_word' id='word_1_709' title='bbox 1503 1935 1639 1970; x_wconf 86' lang='lat' dir='ltr'><strong>quispiam</strong></span> <span class='ocrx_word' id='word_1_710' title='bbox 1671 1935 1783 1970; x_wconf 81' lang='lat' dir='ltr'><strong>poterit,</strong></span> 
     </span>
    </p>
   </div>
   <div class='ocr_carea' id='block_1_100' title="bbox 998 1979 1784 2016">
    <p class='ocr_par' dir='ltr' id='par_1_100' title="bbox 998 1979 1784 2016">
     <span class='ocr_line' id='line_1_100' title="bbox 998 1979 1784 2016; baseline 0.005 -11"><span class='ocrx_word' id='word_1_711' title='bbox 998 1979 1065 2005; x_wconf 93' lang='lat' dir='ltr'><strong>nihil</strong></span> <span class='ocrx_word' id='word_1_712' title='bbox 1082 1979 1138 2006; x_wconf 75' lang='lat' dir='ltr'><strong>lucc</strong></span> <span class='ocrx_word' id='word_1_713' title='bbox 1149 1979 1229 2006; x_wconf 86' lang='lat' dir='ltr'><strong>nobis</strong></span> <span class='ocrx_word' id='word_1_714' title='bbox 1245 1979 1367 2014; x_wconf 82' lang='lat' dir='ltr'><strong>exempla</strong></span> <span class='ocrx_word' id='word_1_715' title='bbox 1382 1981 1522 2015; x_wconf 82' lang='lat' dir='ltr'><strong>prodesse,</strong></span> <span class='ocrx_word' id='word_1_716' title='bbox 1549 1981 1626 2016; x_wconf 71' lang='lat' dir='ltr'><strong>quasi</strong></span> <span class='ocrx_word' id='word_1_717' title='bbox 1651 1981 1752 2009; x_wconf 85' lang='lat' dir='ltr'><strong>frustra</strong></span> <span class='ocrx_word' id='word_1_718' title='bbox 1769 1990 1784 2009; x_wconf 92' lang='lat' dir='ltr'><strong>a</strong></span> 
     </span>
    </p>
   </div>
   <div class='ocr_carea' id='block_1_101' title="bbox 997 2024 1710 2061">
    <p class='ocr_par' dir='ltr' id='par_1_101' title="bbox 997 2024 1710 2061">
     <span class='ocr_line' id='line_1_101' title="bbox 997 2024 1710 2061; baseline 0.003 -9"><span class='ocrx_word' id='word_1_719' title='bbox 997 2025 1098 2052; x_wconf 76' lang='lat' dir='ltr'><strong>sanctis</strong></span> <span class='ocrx_word' id='word_1_720' title='bbox 1114 2024 1216 2052; x_wconf 86' lang='lat' dir='ltr'><strong>fuerint</strong></span> <span class='ocrx_word' id='word_1_721' title='bbox 1233 2032 1265 2052; x_wconf 90' lang='lat' dir='ltr'><strong>ac</strong></span> <span class='ocrx_word' id='word_1_722' title='bbox 1283 2025 1342 2053; x_wconf 90' lang='lat' dir='ltr'><strong>sine</strong></span> <span class='ocrx_word' id='word_1_723' title='bbox 1364 2031 1439 2054; x_wconf 85' lang='lat' dir='ltr'><strong>certa</strong></span> <span class='ocrx_word' id='word_1_724' title='bbox 1454 2026 1560 2054; x_wconf 88' lang='lat' dir='ltr'><strong>ratione</strong></span> <span class='ocrx_word' id='word_1_725' title='bbox 1574 2032 1710 2061; x_wconf 88' lang='lat' dir='ltr'><strong>suscepta.</strong></span> 
     </span>
    </p>
   </div>
   <div class='ocr_carea' id='block_1_102' title="bbox 1033 2062 1784 2107">
    <p class='ocr_par' dir='ltr' id='par_1_102' title="bbox 1033 2062 1784 2107">
     <span class='ocr_line' id='line_1_102' title="bbox 1033 2062 1784 2107; baseline 0.005 -11"><span class='ocrx_word' id='word_1_726' title='bbox 1033 2062 1078 2097; x_wconf 83' lang='lat' dir='ltr'><strong>Sic</strong></span> <span class='ocrx_word' id='word_1_727' title='bbox 1098 2070 1180 2105; x_wconf 73' lang='lat' dir='ltr'><strong>igitur</strong></span> <span class='ocrx_word' id='word_1_728' title='bbox 1194 2071 1293 2098; x_wconf 73' lang='lat' dir='ltr'><strong>divinae</strong></span> <span class='ocrx_word' id='word_1_729' title='bbox 1309 2071 1452 2099; x_wconf 83' lang='lat' dir='ltr'><strong>Trinitatis</strong></span> <span class='ocrx_word' id='word_1_730' title='bbox 1467 2071 1573 2105; x_wconf 89' lang='lat' dir='ltr'><strong>ordine,</strong></span> <span class='ocrx_word' id='word_1_731' title='bbox 1591 2071 1706 2107; x_wconf 84' lang='lat' dir='ltr'><strong>Filiique</strong></span> <span class='ocrx_word' id='word_1_732' title='bbox 1727 2080 1784 2100; x_wconf 87' lang='lat' dir='ltr'><strong>me-</strong></span> 
     </span>
    </p>
   </div>
   <div class='ocr_carea' id='block_1_103' title="bbox 997 2116 1783 2154">
    <p class='ocr_par' dir='ltr' id='par_1_103' title="bbox 997 2116 1783 2154">
     <span class='ocr_line' id='line_1_103' title="bbox 997 2116 1783 2154; baseline 0.005 -11"><span class='ocrx_word' id='word_1_733' title='bbox 997 2116 1052 2149; x_wconf 92' lang='lat' dir='ltr'><strong>dio,</strong></span> <span class='ocrx_word' id='word_1_734' title='bbox 1071 2117 1261 2151; x_wconf 89' lang='lat' dir='ltr'><strong>multipliciter</strong></span> <span class='ocrx_word' id='word_1_735' title='bbox 1276 2124 1291 2144; x_wconf 88' lang='lat' dir='ltr'><strong>a</strong></span> <span class='ocrx_word' id='word_1_736' title='bbox 1303 2117 1486 2145; x_wconf 74' lang='lat' dir='ltr'><strong>sanctissima:</strong></span> <span class='ocrx_word' id='word_1_737' title='bbox 1499 2117 1629 2146; x_wconf 67' lang='lat' dir='ltr'><strong>Ecclesiae</strong></span> <span class='ocrx_word' id='word_1_738' title='bbox 1644 2119 1783 2154; x_wconf 77' lang='lat' dir='ltr'><strong>magistris</strong></span> 
     </span>
    </p>
   </div>
   <div class='ocr_carea' id='block_1_104' title="bbox 999 2164 1783 2201">
    <p class='ocr_par' dir='ltr' id='par_1_104' title="bbox 999 2164 1783 2201">
     <span class='ocr_line' id='line_1_104' title="bbox 999 2164 1783 2201; baseline 0.006 -12"><span class='ocrx_word' id='word_1_739' title='bbox 999 2164 1140 2197; x_wconf 85' lang='lat' dir='ltr'><strong>roborato,</strong></span> <span class='ocrx_word' id='word_1_740' title='bbox 1153 2168 1282 2197; x_wconf 88' lang='lat' dir='ltr'><strong>constat,</strong></span> <span class='ocrx_word' id='word_1_741' title='bbox 1297 2165 1372 2199; x_wconf 88' lang='lat' dir='ltr'><strong>quia,</strong></span> <span class='ocrx_word' id='word_1_742' title='bbox 1386 2165 1408 2192; x_wconf 83' lang='lat' dir='ltr'><strong>si</strong></span> <span class='ocrx_word' id='word_1_743' title='bbox 1423 2165 1470 2200; x_wconf 89' lang='lat' dir='ltr'><strong>qui</strong></span> <span class='ocrx_word' id='word_1_744' title='bbox 1490 2169 1647 2194; x_wconf 88' lang='lat' dir='ltr'><strong>sanctorum</strong></span> <span class='ocrx_word' id='word_1_745' title='bbox 1669 2174 1783 2201; x_wconf 87' lang='lat' dir='ltr'><strong>rrsquarrt</strong></span> 
     </span>
    </p>
   </div>
   <div class='ocr_carea' id='block_1_105' title="bbox 1000 2210 1782 2246">
    <p class='ocr_par' dir='ltr' id='par_1_105' title="bbox 1000 2210 1782 2246">
     <span class='ocr_line' id='line_1_105' title="bbox 1000 2210 1782 2246; baseline 0.006 -10"><span class='ocrx_word' id='word_1_746' title='bbox 1000 2210 1093 2238; x_wconf 82' lang='lat' dir='ltr'><strong>dixere</strong></span> <span class='ocrx_word' id='word_1_747' title='bbox 1113 2211 1251 2246; x_wconf 74' lang='lat' dir='ltr'><strong>geminum</strong></span> <span class='ocrx_word' id='word_1_748' title='bbox 1272 2212 1390 2244; x_wconf 87' lang='lat' dir='ltr'><strong>radium,</strong></span> <span class='ocrx_word' id='word_1_749' title='bbox 1405 2220 1436 2239; x_wconf 87' lang='lat' dir='ltr'><strong>ac</strong></span> <span class='ocrx_word' id='word_1_750' title='bbox 1447 2212 1554 2245; x_wconf 73' lang='lat' dir='ltr'><strong>gemina</strong></span> <span class='ocrx_word' id='word_1_751' title='bbox 1570 2212 1672 2240; x_wconf 89' lang='lat' dir='ltr'><strong>lumina</strong></span> <span class='ocrx_word' id='word_1_752' title='bbox 1683 2212 1782 2246; x_wconf 86' lang='lat' dir='ltr'><strong>Patris,</strong></span> 
     </span>
    </p>
   </div>
   <div class='ocr_carea' id='block_1_106' title="bbox 1001 2255 1786 2294">
    <p class='ocr_par' dir='ltr' id='par_1_106' title="bbox 1001 2255 1786 2294">
     <span class='ocr_line' id='line_1_106' title="bbox 1001 2255 1786 2294; baseline 0.005 -11"><span class='ocrx_word' id='word_1_753' title='bbox 1001 2255 1111 2288; x_wconf 83' lang='lat' dir='ltr'><strong>Filium,</strong></span> <span class='ocrx_word' id='word_1_754' title='bbox 1135 2265 1168 2284; x_wconf 88' lang='lat' dir='ltr'><strong>ae</strong></span> <span class='ocrx_word' id='word_1_755' title='bbox 1182 2257 1333 2292; x_wconf 88' lang='lat' dir='ltr'><strong>Spiritum:</strong></span> <span class='ocrx_word' id='word_1_756' title='bbox 1352 2266 1513 2293; x_wconf 86' lang='lat' dir='ltr'><strong>ramumque</strong></span> <span class='ocrx_word' id='word_1_757' title='bbox 1529 2259 1674 2294; x_wconf 86' lang='lat' dir='ltr'><strong>duplicem,</strong></span> <span class='ocrx_word' id='word_1_758' title='bbox 1698 2267 1730 2287; x_wconf 88' lang='lat' dir='ltr'><strong>ac</strong></span> <span class='ocrx_word' id='word_1_759' title='bbox 1743 2268 1786 2287; x_wconf 73' lang='lat' dir='ltr'><strong>se-</strong></span> 
     </span>
    </p>
   </div>
   <div class='ocr_carea' id='block_1_107' title="bbox 1000 2302 1785 2340">
    <p class='ocr_par' dir='ltr' id='par_1_107' title="bbox 1000 2302 1785 2340">
     <span class='ocr_line' id='line_1_107' title="bbox 1000 2302 1785 2340; baseline 0.008 -13"><span class='ocrx_word' id='word_1_760' title='bbox 1000 2302 1089 2329; x_wconf 88' lang='lat' dir='ltr'><strong>cunda</strong></span> <span class='ocrx_word' id='word_1_761' title='bbox 1103 2302 1200 2334; x_wconf 81' lang='lat' dir='ltr'><strong>Patris,</strong></span> <span class='ocrx_word' id='word_1_762' title='bbox 1215 2303 1239 2330; x_wconf 90' lang='lat' dir='ltr'><strong>id</strong></span> <span class='ocrx_word' id='word_1_763' title='bbox 1256 2305 1327 2338; x_wconf 91' lang='lat' dir='ltr'><strong>quod</strong></span> <span class='ocrx_word' id='word_1_764' title='bbox 1339 2311 1353 2330; x_wconf 91' lang='lat' dir='ltr'><strong>a</strong></span> <span class='ocrx_word' id='word_1_765' title='bbox 1375 2303 1507 2339; x_wconf 75' lang='lat' dir='ltr'><strong>Gregorio</strong></span> <span class='ocrx_word' id='word_1_766' title='bbox 1521 2305 1658 2340; x_wconf 76' lang='lat' dir='ltr'><strong>Theologn</strong></span> <span class='ocrx_word' id='word_1_767' title='bbox 1675 2306 1785 2339; x_wconf 84' lang='lat' dir='ltr'><strong>quidam</strong></span> 
     </span>
    </p>
   </div>
   <div class='ocr_carea' id='block_1_108' title="bbox 1002 2348 1786 2386">
    <p class='ocr_par' dir='ltr' id='par_1_108' title="bbox 1002 2348 1786 2386">
     <span class='ocr_line' id='line_1_108' title="bbox 1002 2348 1786 2386; baseline 0.006 -12"><span class='ocrx_word' id='word_1_768' title='bbox 1002 2348 1127 2375; x_wconf 84' lang='lat' dir='ltr'><strong>versibus</strong></span> <span class='ocrx_word' id='word_1_769' title='bbox 1139 2349 1239 2376; x_wconf 89' lang='lat' dir='ltr'><strong>dictuur</strong></span> <span class='ocrx_word' id='word_1_770' title='bbox 1255 2349 1386 2382; x_wconf 87' lang='lat' dir='ltr'><strong>refertrrrt,</strong></span> <span class='ocrx_word' id='word_1_771' title='bbox 1400 2358 1455 2377; x_wconf 86' lang='lat' dir='ltr'><strong>non</strong></span> <span class='ocrx_word' id='word_1_772' title='bbox 1471 2352 1652 2379; x_wconf 86' lang='lat' dir='ltr'><strong>adversantur</strong></span> <span class='ocrx_word' id='word_1_773' title='bbox 1667 2352 1708 2378; x_wconf 89' lang='lat' dir='ltr'><strong>his</strong></span> <span class='ocrx_word' id='word_1_774' title='bbox 1725 2360 1786 2386; x_wconf 65' lang='lat' dir='ltr'><strong>quae</strong></span> 
     </span>
    </p>
   </div>
   <div class='ocr_carea' id='block_1_109' title="bbox 1001 2394 1785 2431">
    <p class='ocr_par' dir='ltr' id='par_1_109' title="bbox 1001 2394 1785 2431">
     <span class='ocr_line' id='line_1_109' title="bbox 1001 2394 1785 2431; baseline 0.005 -10"><span class='ocrx_word' id='word_1_775' title='bbox 1001 2394 1074 2421; x_wconf 87' lang='lat' dir='ltr'><strong>dicta</strong></span> <span class='ocrx_word' id='word_1_776' title='bbox 1086 2399 1168 2427; x_wconf 84' lang='lat' dir='ltr'><strong>sunt,</strong></span> <span class='ocrx_word' id='word_1_777' title='bbox 1196 2403 1283 2430; x_wconf 89' lang='lat' dir='ltr'><strong>neque</strong></span> <span class='ocrx_word' id='word_1_778' title='bbox 1308 2396 1358 2423; x_wconf 84' lang='lat' dir='ltr'><strong>sibi</strong></span> <span class='ocrx_word' id='word_1_779' title='bbox 1377 2397 1453 2431; x_wconf 81' lang='lat' dir='ltr'><strong>ipsis,</strong></span> <span class='ocrx_word' id='word_1_780' title='bbox 1476 2405 1563 2431; x_wconf 86' lang='lat' dir='ltr'><strong>neque</strong></span> <span class='ocrx_word' id='word_1_781' title='bbox 1586 2397 1701 2424; x_wconf 86' lang='lat' dir='ltr'><strong>invicem</strong></span> <span class='ocrx_word' id='word_1_782' title='bbox 1716 2405 1785 2424; x_wconf 84' lang='lat' dir='ltr'><strong>enn-</strong></span> 
     </span>
    </p>
   </div>
   <div class='ocr_carea' id='block_1_110' title="bbox 999 2440 1784 2477">
    <p class='ocr_par' dir='ltr' id='par_1_110' title="bbox 999 2440 1784 2477">
     <span class='ocr_line' id='line_1_110' title="bbox 999 2440 1784 2477; baseline 0.003 -9"><span class='ocrx_word' id='word_1_783' title='bbox 999 2442 1085 2468; x_wconf 88' lang='lat' dir='ltr'><strong>traria</strong></span> <span class='ocrx_word' id='word_1_784' title='bbox 1101 2446 1175 2469; x_wconf 90' lang='lat' dir='ltr'><strong>sunt.</strong></span> <span class='ocrx_word' id='word_1_785' title='bbox 1192 2440 1284 2477; x_wconf 87' lang='lat' dir='ltr'><strong>Neque</strong></span> <span class='ocrx_word' id='word_1_786' title='bbox 1294 2442 1366 2469; x_wconf 85' lang='lat' dir='ltr'><strong>enim</strong></span> <span class='ocrx_word' id='word_1_787' title='bbox 1381 2443 1420 2470; x_wconf 89' lang='lat' dir='ltr'><strong>illi</strong></span> <span class='ocrx_word' id='word_1_788' title='bbox 1437 2443 1588 2470; x_wconf 83' lang='lat' dir='ltr'><strong>divinarum</strong></span> <span class='ocrx_word' id='word_1_789' title='bbox 1607 2450 1784 2477; x_wconf 89' lang='lat' dir='ltr'><strong>personarum</strong></span> 
     </span>
    </p>
   </div>
   <div class='ocr_carea' id='block_1_111' title="bbox 999 2487 1785 2524">
    <p class='ocr_par' dir='ltr' id='par_1_111' title="bbox 999 2487 1785 2524">
     <span class='ocr_line' id='line_1_111' title="bbox 999 2487 1785 2524; baseline 0.004 -11"><span class='ocrx_word' id='word_1_790' title='bbox 999 2488 1031 2514; x_wconf 89' lang='lat' dir='ltr'><strong>ad</strong></span> <span class='ocrx_word' id='word_1_791' title='bbox 1048 2487 1162 2514; x_wconf 86' lang='lat' dir='ltr'><strong>invicem</strong></span> <span class='ocrx_word' id='word_1_792' title='bbox 1175 2488 1310 2522; x_wconf 81' lang='lat' dir='ltr'><strong>ordinem,</strong></span> <span class='ocrx_word' id='word_1_793' title='bbox 1329 2496 1479 2524; x_wconf 87' lang='lat' dir='ltr'><strong>earumque</strong></span> <span class='ocrx_word' id='word_1_794' title='bbox 1499 2496 1658 2523; x_wconf 87' lang='lat' dir='ltr'><strong>processtrrrr</strong></span> <span class='ocrx_word' id='word_1_795' title='bbox 1678 2490 1785 2516; x_wconf 87' lang='lat' dir='ltr'><strong>tradere</strong></span> 
     </span>
    </p>
   </div>
   <div class='ocr_carea' id='block_1_112' title="bbox 1000 2533 1784 2569">
    <p class='ocr_par' dir='ltr' id='par_1_112' title="bbox 1000 2533 1784 2569">
     <span class='ocr_line' id='line_1_112' title="bbox 1000 2533 1784 2569; baseline 0.001 -10"><span class='ocrx_word' id='word_1_796' title='bbox 1000 2533 1192 2566; x_wconf 85' lang='lat' dir='ltr'><strong>instituebant,</strong></span> <span class='ocrx_word' id='word_1_797' title='bbox 1217 2541 1279 2561; x_wconf 92' lang='lat' dir='ltr'><strong>cum</strong></span> <span class='ocrx_word' id='word_1_798' title='bbox 1310 2535 1362 2561; x_wconf 87' lang='lat' dir='ltr'><strong>ista</strong></span> <span class='ocrx_word' id='word_1_799' title='bbox 1379 2536 1514 2568; x_wconf 81' lang='lat' dir='ltr'><strong>dicerent,</strong></span> <span class='ocrx_word' id='word_1_800' title='bbox 1543 2535 1591 2561; x_wconf 90' lang='lat' dir='ltr'><strong>sed</strong></span> <span class='ocrx_word' id='word_1_801' title='bbox 1623 2534 1784 2569; x_wconf 86' lang='lat' dir='ltr'><strong>simpliciter</strong></span> 
     </span>
    </p>
   </div>
   <div class='ocr_carea' id='block_1_113' title="bbox 1001 2580 1785 2615">
    <p class='ocr_par' dir='ltr' id='par_1_113' title="bbox 1001 2580 1785 2615">
     <span class='ocr_line' id='line_1_113' title="bbox 1001 2580 1785 2615; baseline 0.001 -10"><span class='ocrx_word' id='word_1_802' title='bbox 1001 2583 1057 2606; x_wconf 74' lang='lat' dir='ltr'><strong>tres</strong></span> <span class='ocrx_word' id='word_1_803' title='bbox 1076 2584 1181 2605; x_wconf 75' lang='lat' dir='ltr'><strong>lalllUlll</strong></span> <span class='ocrx_word' id='word_1_804' title='bbox 1201 2587 1261 2606; x_wconf 86' lang='lat' dir='ltr'><strong>esse</strong></span> <span class='ocrx_word' id='word_1_805' title='bbox 1288 2588 1429 2614; x_wconf 83' lang='lat' dir='ltr'><strong>personas,</strong></span> <span class='ocrx_word' id='word_1_806' title='bbox 1459 2580 1636 2615; x_wconf 87' lang='lat' dir='ltr'><strong>causaliaque</strong></span> <span class='ocrx_word' id='word_1_807' title='bbox 1659 2588 1674 2606; x_wconf 74' lang='lat' dir='ltr'><strong>a</strong></span> <span class='ocrx_word' id='word_1_808' title='bbox 1703 2580 1785 2606; x_wconf 86' lang='lat' dir='ltr'><strong>Patre</strong></span> 
     </span>
    </p>
   </div>
   <div class='ocr_carea' id='block_1_114' title="bbox 997 2624 1786 2660">
    <p class='ocr_par' dir='ltr' id='par_1_114' title="bbox 997 2624 1786 2660">
     <span class='ocr_line' id='line_1_114' title="bbox 997 2624 1786 2660; baseline 0.003 -10"><span class='ocrx_word' id='word_1_809' title='bbox 997 2631 1057 2650; x_wconf 81' lang='lat' dir='ltr'><strong>esse</strong></span> <span class='ocrx_word' id='word_1_810' title='bbox 1081 2624 1178 2651; x_wconf 88' lang='lat' dir='ltr'><strong>Filium</strong></span> <span class='ocrx_word' id='word_1_811' title='bbox 1201 2630 1227 2651; x_wconf 89' lang='lat' dir='ltr'><strong>et</strong></span> <span class='ocrx_word' id='word_1_812' title='bbox 1241 2625 1372 2660; x_wconf 88' lang='lat' dir='ltr'><strong>Spir-itum</strong></span> <span class='ocrx_word' id='word_1_813' title='bbox 1385 2631 1521 2658; x_wconf 79' lang='lat' dir='ltr'><strong>sanctum,</strong></span> <span class='ocrx_word' id='word_1_814' title='bbox 1535 2633 1699 2659; x_wconf 86' lang='lat' dir='ltr'><strong>causamque</strong></span> <span class='ocrx_word' id='word_1_815' title='bbox 1713 2626 1786 2652; x_wconf 84' lang='lat' dir='ltr'><strong>unde</strong></span> 
     </span>
    </p>
   </div>
   <div class='ocr_carea' id='block_1_115' title="bbox 999 2670 1783 2698">
    <p class='ocr_par' dir='ltr' id='par_1_115' title="bbox 999 2670 1783 2698">
     <span class='ocr_line' id='line_1_115' title="bbox 999 2670 1783 2698; baseline 0.003 -2"><span class='ocrx_word' id='word_1_816' title='bbox 999 2675 1098 2696; x_wconf 89' lang='lat' dir='ltr'><strong>cuncta</strong></span> <span class='ocrx_word' id='word_1_817' title='bbox 1116 2671 1264 2697; x_wconf 85' lang='lat' dir='ltr'><strong>manarint.</strong></span> <span class='ocrx_word' id='word_1_818' title='bbox 1280 2670 1329 2697; x_wconf 84' lang='lat' dir='ltr'><strong>Per</strong></span> <span class='ocrx_word' id='word_1_819' title='bbox 1344 2672 1401 2698; x_wconf 59' lang='lat' dir='ltr'><strong>haec</strong></span> <span class='ocrx_word' id='word_1_820' title='bbox 1416 2673 1488 2697; x_wconf 88' lang='lat' dir='ltr'><strong>erriru</strong></span> <span class='ocrx_word' id='word_1_821' title='bbox 1506 2672 1625 2698; x_wconf 84' lang='lat' dir='ltr'><strong>indicant</strong></span> <span class='ocrx_word' id='word_1_822' title='bbox 1643 2671 1733 2698; x_wconf 86' lang='lat' dir='ltr'><strong>otuuia</strong></span> <span class='ocrx_word' id='word_1_823' title='bbox 1750 2672 1783 2698; x_wconf 87' lang='lat' dir='ltr'><strong>ad</strong></span> 
     </span>
    </p>
   </div>
   <div class='ocr_carea' id='block_1_116' title="bbox 1002 2715 1784 2752">
    <p class='ocr_par' dir='ltr' id='par_1_116' title="bbox 1002 2715 1784 2752">
     <span class='ocr_line' id='line_1_116' title="bbox 1002 2715 1784 2752; baseline 0.003 -10"><span class='ocrx_word' id='word_1_824' title='bbox 1002 2715 1109 2743; x_wconf 77' lang='lat' dir='ltr'><strong>Patrem</strong></span> <span class='ocrx_word' id='word_1_825' title='bbox 1146 2715 1252 2743; x_wconf 83' lang='lat' dir='ltr'><strong>referri.</strong></span> <span class='ocrx_word' id='word_1_826' title='bbox 1283 2715 1405 2752; x_wconf 86' lang='lat' dir='ltr'><strong>Namque</strong></span> <span class='ocrx_word' id='word_1_827' title='bbox 1430 2718 1481 2744; x_wconf 81' lang='lat' dir='ltr'><strong>sub</strong></span> <span class='ocrx_word' id='word_1_828' title='bbox 1505 2717 1620 2745; x_wconf 71' lang='lat' dir='ltr'><strong>causalis</strong></span> <span class='ocrx_word' id='word_1_829' title='bbox 1648 2718 1784 2745; x_wconf 82' lang='lat' dir='ltr'><strong>definitio-</strong></span> 
     </span>
    </p>
   </div>
  </div>
