1934 3063
140 148 167 180 tt
682 143 882 174 ADVERSUS
901 142 1059 173 cureos
1080 144 1144 173 LlB
1173 144 1199 173 ι.
1704 145 1739 176 η

141 215 206 238 nem,
224 210 334 240 utraque
357 203 498 232 deducunt
511 203 588 239 juxta
614 203 732 239 priorem
763 203 905 231 diseretio--
923 203 944 232 Α
960 202 1192 230 Consultstantiale
1205 201 1361 238 signiﬁcare
1376 201 1445 229 velle
1459 206 1605 233 assereret,
1625 203 1741 237 primunt

139 261 205 281 “CIII.

170 308 241 342 Quod
260 312 286 335 et
300 306 443 342 Nyssenus
461 305 525 334 fecit
542 305 701 340 Gregorius,
721 314 806 333 unum
823 305 908 333 Deum

140 355 163 382 in
177 361 282 382 causam
312 358 339 380 ct
351 353 463 380 causale
481 353 649 384 discernens,
664 353 721 380 sive
746 353 773 380 in
789 360 909 386 causam,

139 406 164 429 et
186 401 254 435 quod
282 407 315 426 ex
343 406 437 426 causa.
464 397 567 425 Deinde
595 398 755 433 subiiciens,
785 398 910 433 ejuSque,

140 447 205 481 quod
220 454 250 473 ex
262 452 341 472 causa
354 448 405 477 est,
419 443 500 471 aliam
519 451 615 471 rursus
632 443 811 472 diﬂ‘ercntiam
828 443 910 470 intel-

140 493 243 527 ligentia
265 489 450 525 assequimur.
475 489 598 517 Alterum
623 490 696 517 enim
717 489 910 522 continenter;

140 539 248 569 alterum
278 545 343 564 vero
371 543 420 571 per
443 543 505 563 eum
530 535 620 570 ipsum
652 536 700 570 qui
726 535 920 568 continenter,

138 590 214 618 atque
237 583 350 610 alterum
366 582 500 617 genitum,
521 583 672 617 procedens
688 582 814 615 alterum,
837 587 864 609 et
889 581 911 608 si

139 631 200 664 quid
213 629 367 664 hujusmodi
382 628 502 664 perfecte
515 628 735 655 discernentibus
745 628 847 654 dictum
860 631 910 654 est.

137 675 211 703 Juxta
226 683 307 709 quam
332 682 398 702 sane
413 675 563 706 rationem,
578 678 606 701 et
620 673 667 708 qui
686 674 806 701 secunda
822 672 913 700 Patris

137 720 201 747 dixit
214 719 325 752 Filium,
338 725 362 746 et
379 718 511 753 Spiritum
529 722 655 746 sanctum
679 718 704 745 id
724 718 811 745 solum
828 717 914 752 signi-

137 766 213 793 ficare
227 765 323 798 voluit,
347 772 362 791 a
389 764 471 792 Patre
486 764 539 791 ista
565 763 684 791 causali:
702 771 772 796 esse,
796 771 915 798 utraque

137 812 185 839 sub
199 811 317 839 causalis
331 810 475 838 includens
489 810 657 837 definitione.
670 809 736 837 Nam
749 810 827 845 juxta
841 809 915 844 quod

136 858 252 885 causalia
268 862 343 889 sunt,
359 856 477 883 secunda
493 856 576 883 etiam
593 863 682 883 causa:
692 854 770 890 juxta
786 862 915 890 pcrsona-
929 867 954 897 Β

137 904 186 931 lem
203 903 325 931 ordinem
341 903 525 930 communiter
538 902 592 929 diri
614 906 738 936 possunt.

170 958 219 985 Sed
235 957 309 985 cnim
327 957 371 984 hic
387 957 446 991 ipse
467 955 494 983 in
510 955 571 982 aliis
592 955 643 983 ista
659 955 806 990 perfectius
816 955 915 983 distin-

135 1011 227 1039 guens,
254 1002 296 1030 ait
315 1001 501 1029 emanationis
544 1000 711 1035 habitusque
739 1002 772 1027 ad
801 999 916 1028 invicem

136 1049 325 1080 differentiam,
353 1047 562 1083 appellationem
583 1053 692 1082 quoque
716 1045 814 1073 fecisse
838 1045 918 1073 diffe-

136 1101 245 1123 rentem.
262 1095 442 1128 Rursumque
460 1094 486 1120 in
505 1093 629 1120 versibus
646 1092 684 1119 ait
703 1101 709 1120 :
724 1101 733 1118 ι
750 1090 841 1119 Unum
858 1098 919 1119 esse

137 1141 216 1168 Deum
232 1147 264 1167 ex
285 1139 365 1167 Patre
391 1146 439 1174 per
461 1138 559 1165 Filium
578 1138 604 1165 in
628 1143 753 1166 sanctum
772 1137 917 1172 Spiritum,

136 1190 255 1213 manente
274 1185 381 1212 Deitate
397 1184 516 1219 perfecta
534 1184 561 1210 in
585 1184 673 1211 tribus
690 1183 828 1218 perfectis.
846 1193 855 1209 ι
880 1182 919 1211 Ne

136 1233 160 1260 id
177 1232 299 1266 quidem,
324 1230 397 1266 quod
423 1230 462 1257 ait
492 1230 675 1257 Damascenus
694 1229 761 1264 (l9),
786 1228 919 1264 Spiritum

135 1284 253 1305 sanetum
287 1276 405 1304 medium
422 1281 483 1303 csse
507 1274 622 1310 ingeniti
637 1278 664 1302 et
675 1274 771 1310 geniti,
788 1275 918 1310 pra-dicto

135 1323 283 1351 reluctatur
316 1322 417 1349 ordini.
445 1320 538 1355 Neque
560 1321 633 1348 enim
649 1327 697 1355 per
713 1320 763 1347 hoc
791 1320 837 1348 ille
858 1328 920 1355 per-

135 1378 260 1398 souarum
310 1369 434 1396 ordinem
465 1365 729 1404 substantialctrrque
759 1375 920 1404 processum

136 1417 239 1444 tradere
258 1414 390 1442 intendit.
751 1424 755 1428 -

169 1475 307 1503 Caeterum
331 1480 393 1501 cum
412 1471 533 1500 haeretici
557 1468 820 1498 consubstantialem
845 1466 920 1494 Patri

137 1521 232 1548 Filium
248 1519 298 1546 vix
313 1519 521 1549 confiterentur,
537 1515 671 1551 Spiritum
688 1519 778 1541 autem
795 1518 921 1541 sanctutn

137 1566 187 1593 hoc
200 1566 310 1592 honore
339 1571 371 1590 ac
383 1562 514 1598 dignitate
544 1561 653 1596 penitus
667 1566 721 1586 non
735 1559 922 1593 dignarentur,

137 1611 222 1640 sancti
255 1610 356 1638 Patres
381 1609 455 1636 ltunc
477 1606 563 1634 Deum
590 1612 682 1644 verum
721 1612 754 1632 ex
780 1604 837 1631 Deo
861 1610 925 1630 vero

136 1665 206 1691 esse,
221 1661 307 1692 atque
318 1663 352 1683 ex
366 1655 421 1681 Deo
434 1653 588 1681 secundum
606 1651 763 1684 Scripturas
777 1649 924 1685 procedere

136 1704 264 1737 scientes,
296 1710 349 1729 non
377 1700 529 1729 secundum
558 1697 714 1726 nativitatis
737 1703 923 1732 progressum,

137 1749 183 1776 sed
208 1748 363 1777 secundum
380 1752 540 1782 processum
557 1752 565 1772 :
586 1743 642 1777 Est,
668 1742 790 1776 aiebant,
812 1741 924 1776 quidam

137 1794 215 1822 etiam
232 1795 308 1821 alius
333 1792 495 1821 subStantiaa
511 1789 618 1822 modus,
641 1795 787 1823 processus
808 1787 924 1819 scilicet,

137 1842 293 1869 secundum
320 1847 401 1875 quem
426 1838 480 1866 alia
504 1843 621 1872 persona
645 1844 678 1864 ex
702 1836 758 1863 Deo
772 1834 882 1870 prodit;
899 1839 926 1862 et

138 1889 180 1916 hic
194 1892 249 1918 est.
279 1893 334 1920 quo
362 1884 485 1920 procedit
513 1882 634 1917 Spiritus
661 1887 774 1909 sanctus
799 1881 924 1916 ejusdem

137 1933 269 1962 essentia
282 1939 344 1959 cum
355 1930 435 1958 Patre
447 1934 474 1957 et
486 1929 574 1960 Filio;
589 1927 647 1963 qui.
673 1933 761 1962 neque
776 1925 925 1961 ingenitus,

139 1987 227 2014 neque
240 1978 304 2006 sine
315 1983 398 2004 causa
411 1973 574 2012 [principio]
586 1982 594 2000 τ
612 1981 664 2001 non
682 1972 755 2000 enim
772 1971 853 1999 Pater
866 1975 925 2005 est;

140 2032 228 2061 neque
254 2030 368 2052 rursum
409 2022 527 2058 genitus,
553 2020 618 2055 quia
646 2026 698 2046 nec
722 2017 819 2051 Filius,
848 2018 926 2053 juxta

139 2070 250 2097 scilicet
276 2066 432 2095 nativitatis
454 2064 667 2101 processionem.
685 2062 790 2090 Idcirco
807 2062 925 2089 medium

140 2114 255 2150 ingeniti
271 2118 297 2141 et
310 2112 393 2148 geniti
412 2110 546 2146 Spiritum
561 2113 686 2137 sanctum
700 2108 795 2135 doctor
812 2107 868 2142 (20)
882 2107 927 2135 hic

140 2161 218 2188 dixit.
228 2159 394 2193 Ubicunque
401 2157 473 2184 enim
484 2155 570 2183 tribus
580 2153 702 2182 terminis
712 2153 820 2189 positis,
830 2153 927 2180 tertius

141 2208 176 2233 ab
186 2212 307 2240 utroque
320 2203 489 2236 reliquorum
505 2200 666 2235 denegatur,
678 2199 830 2227 secundum
842 2199 926 2225 diale-
942 2215 964 2243 ο

141 2252 219 2279 θήν-π
235 2249 462 2278 consuetudinem
482 2245 589 2274 medius
606 2245 634 2273 in
648 2245 762 2273 aliorum
780 2243 925 2280 negatione

141 2305 201 2324 esse
212 2295 345 2323 cernitur.
364 2293 393 2320 Si
407 2293 480 2320 enim
497 2291 629 2326 Spiritum
645 2297 659 2317 a
674 2289 756 2317 Patre
772 2290 922 2318 secundum

141 2348 201 2368 esse
214 2340 363 2376 putavisset
378 2337 445 2372 (21),
460 2344 600 2371 nunquam
613 2336 702 2371 ipsum
715 2335 813 2363 ibidem
825 2342 873 2370 per
882 2334 928 2362 Fi-

144 2386 209 2414 lium
221 2386 292 2413 Patri
308 2384 436 2420 conjungi
449 2383 573 2411 dixisset.
588 2381 645 2410 Hoc
656 2382 926 2416 enimquorumdam

145 2432 341 2466 malignitatem
357 2431 457 2466 arguit,
477 2428 695 2463 magistrumque
708 2427 760 2456 sibi
774 2427 825 2462 ipsi
846 2432 928 2461 atque

144 2477 204 2504 aliis
218 2477 374 2505 consentire
391 2477 530 2504 evidenter
545 2474 674 2502 ostendit.
694 2473 734 2502 Ne
750 2473 802 2501 hoc
817 2473 925 2508 quidem

145 2531 265 2558 unquam
285 2523 408 2554 dixisset,
433 2522 566 2556 Spiritutn
590 2525 713 2548 sanctum
731 2528 765 2548 ex
785 2520 865 2547 Patre
881 2527 928 2555 per

146 2567 244 2595 Filium
255 2568 411 2603 procedere,
424 2567 587 2602 Patremque
603 2566 796 2601 productorem
810 2566 928 2601 Spiritus

145 2622 193 2649 per
225 2613 342 2642 Verbum
374 2621 443 2641 esse.
476 2612 539 2640 Haec
571 2613 644 2640 enim
677 2611 851 2646 apertissime
875 2611 926 2640 sibi

147 2660 264 2701 invicem
279 2661 416 2688 contraria
435 2664 510 2687 sunt.

182 2717 212 2745 Si
230 2717 290 2751 quis
317 2720 405 2743 tamen
424 2722 582 2750 processum
601 2722 649 2749 per
666 2713 764 2741 Filium
794 2713 926 2749 Spiritus,

183 2830 244 2865 (l9)
262 2831 388 2857 Damasc.
402 2829 419 2855 l.
431 2836 450 2856 tt
466 2827 533 2855 Fide
546 2828 651 2855 orthod.
667 2835 693 2855 c.
710 2828 751 2855 l8.

185 2866 242 2902 (20)
260 2865 455 2892 Damascenus.
664 2877 669 2882 -

314 2913 449 2944 ΡΑτιιοι..
466 2911 523 2941 Gn.
542 2908 630 2940 CLII.

962 247 1071 283 quidem
1097 248 1248 276 secundum
1268 247 1501 277 consubstantiale
1528 249 1618 276 nullus
1643 249 1669 276 in
1688 248 1744 276 Deo
1784 249 1787 252 ’

962 301 1140 329 personarum
1157 295 1224 322 ordo
1234 294 1367 322 est..Nam
1380 302 1410 322 ea
1425 285 1542 326 ratione.
1555 302 1607 329 qua
1622 296 1744 322 consub-

963 341 1105 368 stantiales
1136 345 1217 373 sunt,
1252 347 1304 367 una
1338 348 1382 367 res
1415 344 1457 367 est
1499 339 1590 366 divina
1623 340 1741 367 essentia

963 386 1102 414 individua
1138 387 1250 414 omnino
1273 391 1300 413 et
1323 386 1478 414 indiscreta.
1506 386 1745 413 Consubstantiale

963 436 1065 464 autem,
1092 432 1195 460 nullam
1225 439 1337 466 prorsus
1364 431 1555 460 discretionem
1580 432 1743 460 introducit.

963 477 1043 506 Juxta
1056 485 1120 505 vero
1134 485 1278 512 processus
1295 477 1438 510 rationem,
1448 483 1529 513 atqttc
1544 485 1605 504 cum
1620 477 1666 512 qui
1683 477 1745 505 inde

963 523 1098 558 sequitur,
1116 523 1251 555 ordinent,
1267 530 1446 558 personarum
1477 530 1608 551 numerus
1624 524 1746 551 invectus

963 575 991 597 et
1003 570 1141 598 admissus
1155 576 1206 598 est.
1220 570 1314 605 itaque
1325 570 1370 605 qui
1382 571 1626 598 consubstantiatis
1641 571 1747 598 ratione

964 617 1066 644 dictum
1091 621 1179 652 putat,
1195 624 1226 644 ex
1245 616 1324 643 Patre
1344 623 1392 651 per
1413 615 1511 643 Filium
1531 616 1663 652 Spiritum
1684 624 1749 651 pro-

965 664 1072 695 cedere.
1097 664 1205 691 unicam
1232 663 1305 691 illaut
1328 663 1488 694 essentiam,
1514 670 1625 690 causam
1642 663 1749 690 discre-

967 709 1047 736 tionis
1062 709 1148 743 ponit,
1163 707 1233 742 quod
1252 707 1359 742 proprie
1387 707 1549 734 Arianorum
1577 712 1639 740 est;
1668 711 1749 741 atque

966 755 1066 783 omissa
1094 753 1260 781 dist-retione
1291 753 1427 787 personali
1443 773 1450 784 .
1478 757 1534 780 tres
1559 752 1693 780 essentias
1715 752 1750 779 ab

968 800 1082 828 invicem
1106 799 1207 827 divisas
1237 799 1391 827 necessario
1419 798 1560 832 fatebitur,
1589 806 1620 826 ac
1654 802 1750 833 praeter

968 854 1076 874 omnem
1102 846 1233 873 rationem
1271 846 1380 873 causale
1416 846 1495 880 quasi
1521 852 1630 872 causam
1656 849 1749 880 ponet.

968 893 1073 927 Quippe
1111 891 1265 927 huiusmodi
1311 891 1451 926 processio
1490 891 1622 918 naturalis
1669 895 1751 925 atque

968 937 1121 965 essentialis
1143 944 1205 964 cum
1234 936 1290 968 sit,
1323 944 1384 970 qua:
1415 936 1601 971 producuntur
1634 936 1751 963 consub-

968 983 1104 1011 stantialia
1132 982 1184 1010 sibi
1215 982 1332 1010 invicem
1357 981 1487 1009 ostendit.

1005 1040 1116 1073 Deinde,
1132 1039 1183 1066 etsi
1211 1038 1444 1066 consubstantiale
1462 1038 1565 1074 signari
1594 1038 1638 1066 his
1660 1038 1752 1066 verbis

970 1084 1103 1112 veraciter
1117 1083 1231 1116 dicitur,
1255 1083 1440 1118 principaliter
1463 1087 1554 1110 tamen
1572 1090 1750 1118 personarum

969 1130 1038 1158 Ordo
1061 1129 1278 1157 commendatur.
1307 1128 1369 1161 Per,
1387 1129 1473 1162 enim,
1488 1128 1632 1164 particula,
1659 1133 1688 1156 ut
1715 1129 1752 1156 ait

970 1176 1088 1205 Basilius
1122 1175 1156 1203 ad
1194 1174 1416 1210 Amphilochium
1451 1175 1586 1208 scribens,
1622 1182 1753 1210 persanas

971 1223 1060 1259 primo
1086 1222 1227 1250 discernit.
1246 1221 1452 1256 Causequcntcr
1474 1226 1565 1248 atttem
1590 1221 1673 1248 etiam
1688 1229 1754 1248 con-

971 1269 1151 1297 substantiale
1172 1267 1330 1295 introducit.
1348 1267 1425 1294 Sicut
1438 1267 1510 1294 enim
1525 1266 1623 1300 Filius,
1642 1267 1705 1301 quia
1721 1275 1753 1294 ex

971 1316 1052 1343 Patre
1066 1319 1120 1348 est,
1140 1315 1243 1342 idcirco
1262 1313 1342 1340 etiam
1369 1313 1406 1340 illi
1429 1313 1671 1340 consubstantialis
1687 1317 1729 1340 est
1745 1322 1752 1340 :

972 1362 1008 1390 ita
1024 1366 1050 1389 et
1073 1361 1100 1388 in
1116 1364 1212 1389 sancto
1225 1360 1340 1395 Spiritu,
1356 1359 1420 1387 dttm
1437 1367 1469 1386 ex
1487 1358 1565 1386 Patre
1586 1367 1633 1393 per
1655 1358 1753 1398 [filium

972 1400 1135 1436 naturaliter
1153 1412 1234 1442 atque
1254 1406 1437 1434 essentialitcr
1461 1413 1475 1432 a
1503 1405 1637 1440 theologis
1653 1406 1755 1432 asseri-

974 1460 1028 1486 tur,
1064 1454 1163 1489 primo,
1191 1453 1248 1480 haec
1272 1459 1319 1487 per
1343 1451 1441 1478 Filium
1468 1452 1608 1486 processio
1641 1451 1756 1486 ejusque

974 1500 1103 1528 discretio
1130 1498 1302 1530 insinuatur;
1322 1497 1420 1524 deinde
1440 1496 1522 1524 etiam
1537 1497 1756 1524 consubstantia-

936 1543 958 1572 C
976 1546 1060 1573 litatis
1072 1548 1183 1579 apparet
1198 1543 1280 1571 ratio.
1297 1542 1437 1570 Naturalis
1454 1542 1553 1577 quippe
1565 1547 1589 1569 et
1602 1542 1757 1570 essentialis

976 1591 1027 1619 ista
1053 1590 1192 1625 processio
1217 1596 1276 1616 esse
1306 1596 1354 1624 pro
1377 1587 1502 1616 confesso
1522 1588 1647 1616 habetur.
1680 1587 1757 1616 Unde

975 1642 1002 1665 et
1021 1643 1138 1671 magnus
1157 1635 1275 1663 Basilius
1292 1635 1319 1662 in
1346 1635 1395 1662 lib.
1422 1634 1522 1662 Contra
1547 1633 1706 1669 Sabellium,
1732 1641 1758 1662 et

975 1684 1124 1715 Anonmeox,
1146 1682 1224 1718 cujus
1238 1681 1346 1708 initium
1361 1687 1402 1708 εει
1419 1689 1425 1707 :
1442 1680 1604 1707 Adrersatur
1616 1680 1757 1714 gentilitati

975 1728 1142 1759 Judaismur,
1157 1735 1167 1752 ι
1187 1726 1296 1753 Patrem
1334 1730 1362 1752 et
1387 1725 1499 1758 Filium,
1523 1724 1623 1759 inquit,
1647 1725 1759 1752 confite-

976 1781 1049 1806 mur,
1069 1777 1174 1800 naturae
1198 1776 1289 1798 autem
1313 1771 1456 1798 identitate
1475 1771 1604 1806 quoniatn
1623 1778 1655 1797 ex
1680 1770 1759 1798 Patre

978 1820 1064 1848 Filius
1089 1823 1149 1852 est;
1185 1818 1280 1846 itidetn
1307 1817 1390 1852 igitur
1414 1822 1442 1844 ct
1468 1817 1494 1844 in
1515 1816 1583 1844 Filio
1611 1820 1638 1843 et
1665 1820 1759 1844 sancto

977 1866 1080 1902 Spiritu
1095 1865 1251 1893 dicendum.
1265 1873 1275 1890 ι
1289 1863 1340 1897 Qui
1354 1863 1427 1890 enim
1440 1862 1534 1897 aequali
1550 1869 1633 1889 causa
1648 1861 1759 1896 prodiit,

976 1913 1030 1940 hoc
1049 1916 1092 1940 est
1115 1911 1277 1939 naturaliter
1297 1913 1381 1946 atque
1421 1908 1613 1940 essentialiter.
1642 1912 1760 1939 constat,

977 1959 1041 1992 quia
1066 1957 1187 1993 ejusdem
1205 1956 1288 1984 etiam
1313 1961 1421 1983 naturae
1446 1962 1509 1982 cum
1537 1955 1714 1989 producente,
1733 1960 1762 1980 et

978 2012 1039 2033 cum
1057 2011 1102 2038 eo,
1119 2011 1167 2039 per
1183 2010 1265 2038 quem
1283 2001 1416 2036 procedit,
1429 2004 1480 2027 est.

1014 2062 1177 2096 Quanquam
1203 2059 1285 2086 etiam
1312 2058 1390 2091 juxta
1417 2055 1556 2090 proposita
1572 2053 1708 2087 exempla,
1735 2053 1758 2080 si

977 2108 1040 2145 quis
1052 2115 1085 2135 ea
1099 2106 1180 2133 etiam
1193 2101 1425 2132 consubstantiale
1438 2100 1624 2128 tantummodo
1637 2099 1760 2139 indicare

978 2153 1129 2181 arbitratur
1143 2157 1206 2177 cum
1231 2151 1416 2182 consequente
1445 2152 1625 2181 processuum
1649 2144 1757 2176 ordine,

979 2194 1271 2227 consubstantialitatis
1301 2199 1411 2227 quoque
1439 2191 1569 2218 rationem
1599 2189 1759 2217 introducit.

981 2245 1059 2276 Nam.
1073 2250 1135 2271 cum
1152 2241 1282 2269 unitatem
1299 2239 1326 2266 in
1341 2238 1485 2268 Trinitate,
1505 2241 1532 2264 et
1549 2235 1709 2262 Trinitatem
1733 2234 1762 2262 in

980 2291 1084 2318 unitate
1109 2287 1221 2316 credere
1237 2292 1345 2314 summa
1371 2284 1432 2311 fidei
1457 2286 1558 2310 nostne
1579 2281 1627 2312 sit,
1641 2281 1698 2308 hate
1714 2288 1764 2316 per

980 2335 1084 2364 omnia,
1097 2340 1157 2368 qua}
1169 2339 1183 2359 a
1199 2331 1339 2367 magistris
1354 2330 1427 2358 dicta
1449 2332 1525 2360 sunt,
1541 2327 1621 2354 simul
1638 2326 1763 2353 ittferun-
1795 2329 1803 2336 ‘

981 2388 1034 2414 tur,
1047 2388 1079 2408 ac
1092 2387 1122 2408 se
1135 2379 1253 2406 invicem
1266 2381 1370 2409 tettettt,
1396 2380 1436 2408 ut,
1452 2374 1499 2409 qui
1516 2373 1629 2401 alterum
1644 2371 1764 2399 confessi

980 2428 1093 2458 fuerint.
1120 2431 1148 2454 et
1173 2425 1308 2460 reliquum
1333 2422 1416 2450 etiam
1445 2421 1638 2448 confiteantur.
1666 2417 1699 2444 Et
1724 2417 1766 2444 sic

981 2473 1168 2510 principaliter
1193 2472 1273 2503 ordo,
1299 2473 1498 2502 consequenter
1526 2470 1615 2493 autem
1645 2464 1765 2491 consub-

981 2508 1155 2550 stantialitas,
1171 2520 1199 2543 ut
1219 2515 1380 2545 dictumest,
1396 2512 1422 2538 in
1447 2509 1573 2546 personis
1599 2508 1685 2536 lucide
1715 2515 1766 2542 ap-

982 2570 1067 2602 paret.

1017 2622 1131 2649 Constat
1151 2623 1240 2646 autem
1257 2625 1290 2644 ex
1307 2617 1351 2644 his
1376 2622 1436 2650 quin
1452 2614 1525 2641 dicta
1543 2616 1618 2644 sunt,
1642 2619 1690 2638 eos
1716 2609 1764 2645 qui

983 2675 1031 2702 per
1049 2667 1148 2694 Filium
1166 2663 1312 2700 procedere
1328 2663 1365 2689 ita
1381 2660 1495 2695 intelligi
1510 2659 1615 2690 volunt,
1633 2656 1765 2690 exemplis

982 2701 1040 2742 suis
1056 2715 1174 2742 utentes.
1198 2714 1228 2738 ut
1252 2709 1298 2736 lux
1317 2716 1364 2743 per
1391 2708 1503 2738 vitrum,
1519 2708 1567 2733 aut
1583 2710 1687 2734 aerem,
1711 2701 1763 2732 Vel,

1021 2828 1077 2864 (2|)
1099 2827 1155 2854 lloc
1176 2831 1227 2858 est,
1239 2831 1299 2853 esse
1317 2821 1500 2852 existimasset
1517 2816 1676 2845 secundum.

1534 2895 1554 2923 2
