1934 3063
153 158 225 185 sicut
240 165 311 193 aqua
332 165 378 193 per
407 159 540 191 canalem,
566 163 613 185 aut
645 159 726 185 homo
753 166 801 193 per
819 159 943 193 janrranr,

154 204 292 230 contraria
325 203 438 231 omnino
467 204 529 231 lidei
559 203 723 232 confessioni
762 212 795 231 ac
839 206 942 231 sauciis

154 248 281 276 I‘atrihus
298 249 412 275 setrtire.
432 249 472 275 Illi
488 249 560 276 enim
580 256 627 283 per
643 248 740 275 Filium
756 248 939 275 cssentiaiitnr

156 295 302 329 procedere
318 295 465 322 allirrnant.
487 294 533 322 lsti
548 291 651 327 autem,
667 294 850 321 essentialiter
865 293 938 327 quod

153 342 267 373 dicitur,
281 345 308 368 et
323 341 494 372 naturaliter.
508 348 554 375 per
566 348 597 368 ca
614 348 675 375 quae
688 340 817 368 allerunt.
830 340 940 367 tollunt.

154 388 247 422 Neque
267 388 339 414 enim
370 387 531 413 naturaliter
576 392 657 421 alque
686 386 879 418 essentialiter,
900 386 940 412 rel

154 440 224 466 aqua
243 440 292 466 per
308 432 431 458 canalem
449 431 550 466 prodit,
566 432 605 458 vel
634 431 716 458 homo
738 438 785 465 per
812 431 938 465 jarruarrr.

154 478 195 504 vel
224 485 270 512 per
299 485 400 509 aereur,
431 483 477 504 aut
503 476 602 504 viirum
623 477 705 504 ctiam
733 477 790 504 lux.
810 477 940 509 Quininro

153 531 243 557 neque
260 524 383 550 ordinem
406 524 456 550 ista
473 523 628 550 dirinarum
644 531 822 558 personarttm
845 523 940 551 subin-

152 570 275 602 sirtuant,
308 578 397 604 neque
425 577 597 606 processum.
629 570 698 596 Srrnt
725 569 796 597 enim
827 570 940 597 alterius

152 615 267 641 omnino
300 615 471 647 substantia‘,
488 616 534 649 qtri
552 615 577 641 in
595 615 727 649 exemplis
752 620 938 648 assumuntur,

153 661 300 695 nullusque
311 661 337 688 itr
349 662 389 689 eis
407 668 551 696 processus
569 658 706 688 naturalis
715 660 868 695 inspicitur.

189 718 326 750 Quocirca
344 726 434 752 neque
461 718 507 744 lux
532 725 580 752 per
596 725 686 745 acrem
704 717 820 752 proprie,
839 717 885 744 sed
911 718 938 744 in

153 773 217 792 acre
241 765 356 792 dicentia
383 769 435 791 est.
462 764 580 792 Sanetus
601 768 690 791 autem
718 763 837 798 Spiritus
854 759 883 791 et
910 765 937 791 iu

153 812 222 839 Filio
231 816 282 843 est,
294 817 320 838 et
329 818 377 845 per
390 810 487 837 Filium
497 809 596 844 prodit,
613 809 669 836 Non
683 809 765 844 igitur
778 809 932 837 istiusmodi

153 857 290 892 exempla,
311 857 352 883 vel
368 856 522 883 divinarum
540 862 717 889 persouarmrr
746 855 881 886 ordinem,
897 855 935 880 vel

152 902 464 931 consubstantialitatem
494 901 628 928 indicant.
645 900 711 938 luto,
729 900 750 928 si
767 901 874 934 quidem
891 901 937 927 'cis

152 950 233 976 tidem
258 949 357 975 halrcre
386 946 560 979 voluerimus,
596 946 802 973 ministratiorris
818 945 935 973 ollicium

152 995 221 1022 Filio
257 993 454 1025 attribuetnus,
483 992 533 1024 sic,
571 996 600 1018 ut
637 991 717 1019 etiarn
750 991 936 1025 proportionis

152 1042 259 1067 ratione
288 1039 407 1066 ministri
434 1038 546 1072 impleat
575 1045 685 1064 ruuuus.
720 1037 816 1064 Verum
842 1037 894 1064 hoc
909 1042 936 1064 et

152 1086 275 1120 ineptum
292 1089 343 1116 est,
359 1088 387 1111 et
405 1085 530 1118 impium.
550 1082 588 1110 Ea
605 1083 699 1117 igitur,
713 1082 934 1117 quandoquidem

152 1133 180 1158 in
202 1131 269 1165 ipsis
296 1130 369 1157 trulla
396 1129 510 1156 unitatis
536 1130 616 1162 ratio,
634 1129 725 1158 ntrllus
748 1130 816 1157 ordo
833 1135 885 1161 est,
908 1136 936 1157 ιιι

151 1177 244 1207 noxia,
257 1176 380 1210 nihilque
395 1176 428 1202 ad
456 1176 481 1202 id
507 1176 580 1209 quod
608 1176 810 1210 proposuintus,
829 1183 936 1203 accom-

150 1223 259 1250 modata
278 1222 437 1257 rejiciautur
457 1231 463 1248 :
479 1221 561 1256 idque
576 1222 636 1248 ideo
658 1222 786 1254 maxime,
804 1222 934 1257 quoniam

151 1269 192 1296 eis
219 1267 311 1295 nullus
340 1271 499 1294 sanctorum
527 1275 592 1294 usus
617 1273 670 1294 est.
694 1266 727 1294 ΕΙ.
751 1267 817 1294 illud
845 1273 933 1294 autem

151 1315 235 1341 simul
253 1318 375 1348 apparet,
405 1313 534 1347 Spiritum
555 1317 691 1345 sanctum,
718 1320 771 1339 non
798 1312 862 1347 quia
888 1320 936 1347 per

152 1356 252 1387 Filium
276 1361 356 1386 tiatur
383 1364 409 1386 et
423 1360 555 1388 mittitur.
586 1359 645 1385 ideo
666 1352 746 1385 etiam
773 1366 820 1393 per
835 1358 934 1385 Filium

154 1406 301 1439 procedere
331 1403 495 1430 asseverari.
526 1402 586 1429 Dari
616 1405 700 1433 enim,
728 1404 798 1437 quod
823 1403 933 1435 dicitur,

152 1452 302 1485 tetrtporale
326 1455 383 1483 est;
400 1450 548 1484 procedere
562 1454 664 1481 autent,
681 1455 824 1476 ruentum.
841 1449 934 1484 Neque

777 101 802 129 ill
809 100 855 129 AN
862 99 975 129 UEIJS
996 101 1038 130 CA
1047 101 1148 131 LEC/E

1726 103 1773 136 τη

959 160 1138 195 Aeoutirrgit.
1175 161 1249 188 Unus
1279 161 1350 188 enim
1378 161 1490 188 omnino
1530 169 1562 188 ac
1594 169 1701 197 semper
1730 163 1774 191 hic
1810 189 1818 196 ,

994 213 1138 239 processus
1164 211 1214 234 cst.
1244 206 1301 234 Deo
1327 208 1400 234 enim
1430 207 1497 234 nihil
1526 215 1644 242 linquam
1674 217 1773 237 novum

992 251 1090 278 accidit
1121 260 1169 286 per
1192 260 1326 280 suurnram
1352 253 1427 280 illius
1454 253 1654 288 simplicitatem
1692 260 1774 290 atque

992 296 1196 331 perfectionem.
1218 298 1358 325 Creaturis
1377 305 1453 330 vero,
1477 299 1547 326 idem
1564 300 1722 333 temporalis
1747 305 1774 326 tt

991 348 1113 377 apparet,
1137 350 1163 371 et
1183 344 1300 377 dicitur;
1318 352 1384 376 non,
1401 345 1472 379 quod
1490 345 1527 372 illi
1541 350 1647 380 tempus
1662 347 1773 380 adjicia-

991 394 1045 419 tur.
1062 390 1108 417 sed
1132 390 1188 418 illis
1202 390 1303 429 potius,
1317 398 1376 426 quae
1394 391 1544 418 seenudurn
1572 396 1677 426 tempus
1690 400 1774 427 agno-

990 440 1080 465 scunt,
1094 440 1175 470 atque
1189 436 1350 471 suscipiturt.

1025 491 1118 526 Itaque
1134 492 1282 519 Secundum
1301 492 1325 518 id
1341 492 1464 527 qtridem,
1480 493 1553 528 qttod
1571 494 1670 522 dicitur
1685 505 1691 523 :
1706 506 1715 522 ‹
1734 497 1771 524 Ex

990 544 1054 568 quo,
1071 545 1080 561 ι
1096 537 1193 564 unicus
1206 543 1262 570 cst;
1284 539 1432 565 secundum
1447 545 1548 572 autem,
1561 541 1635 575 quod
1649 542 1749 570 dicitur
1763 551 1771 570 :

992 589 1001 606 ί
1020 581 1047 608 lrt
1077 582 1161 616 quod,
1188 592 1197 608 r
1220 583 1344 617 geminus
1371 589 1413 610 est
1439 583 1595 619 hujtrsmodi
1615 594 1770 620 processus.

990 627 1078 654 Unice
1098 628 1170 654 enim
1200 636 1231 655 ac
1249 629 1423 663 singulariter
1441 632 1563 665 procedit
1577 639 1610 658 ex
1628 632 1707 660 Patre
1726 642 1773 667 pt'l‘

989 671 1085 700 Filium
1097 674 1247 708 procedens
1257 675 1331 701 velut
1346 683 1379 702 ex
1395 683 1450 703 uno
1465 677 1610 712 principio,
1620 679 1771 706 secundum

989 719 1098 745 unicum
1129 719 1204 746 illum
1254 727 1285 747 ac
1316 720 1467 754 simplicem
1502 729 1658 755 processum
1691 731 1771 750 suum

990 765 1135 799 procedere
1163 767 1290 797 dicatur;
1321 767 1426 801 adjecta
1457 771 1545 794 tamen
1574 773 1710 801 creatura,
1738 769 1771 796 ad

955 819 1069 857 “quam
1100 812 1322 839 sarrctilicandam
1344 813 1490 847 procedere
1515 814 1624 844 dicitur,
1656 820 1720 842 tunc
1749 816 1773 842 is

992 856 1036 890 qui
1052 863 1084 882 ex
1109 855 1188 883 Patre
1205 865 1252 891 per
1269 856 1367 884 Filium
1384 858 1516 891 procedit,
1531 866 1562 885 ex
1585 859 1673 890 Patre.
1688 859 1771 886 etiam

991 909 1038 935 per
1053 902 1150 928 Filium
1173 903 1243 929 mitti
1268 907 1349 937 atque
1372 903 1467 930 donari
1492 904 1663 938 intelligitur.
1684 905 1773 939 Atque

991 947 1035 974 ille
1062 952 1135 975 totus
1155 955 1187 974 ex
1219 947 1298 976 Patre
1329 957 1377 983 per
1400 949 1498 976 Filium
1531 950 1619 977 sancti
1652 950 1771 984 Spiritus

991 1001 1139 1028 processus
1156 995 1189 1021 ad
1205 999 1369 1026 creaturam,
1388 995 1483 1022 missio
1511 1000 1637 1029 vocatur,
1656 1004 1717 1031 quae
1743 997 1770 1023 in

990 1044 1110 1073 tempore
1126 1040 1154 1066 lit
1171 1044 1281 1074 propter
1299 1045 1465 1073 ereaturanr,
1485 1049 1544 1075 qua:
1561 1041 1704 1076 temporali
1727 1042 1770 1068 sui

990 1084 1196 1119 participatione
1221 1085 1333 1116 fruitur,
1370 1087 1508 1119 temporali
1535 1086 1580 1113 illo
1603 1087 1691 1120 spatio
1716 1094 1770 1113 non

990 1129 1054 1161 Deo,
1070 1130 1116 1157 sed
1131 1131 1209 1157 nobis
1232 1130 1378 1164 applicato.
1395 1130 1425 1157 Et
1440 1135 1481 1158 est
1501 1139 1570 1159 unus
1588 1133 1707 1166 quidem,
1722 1133 1769 1159 sed

990 1176 1094 1203 ratione
1111 1176 1249 1204 dillererrs.
1278 1176 1370 1211 Neque
1397 1177 1482 1210 enim,
1498 1178 1561 1212 quia
1584 1179 1771 1212 temporaliter

989 1222 1137 1256 accipimus
1166 1229 1226 1254 nos,
1254 1222 1316 1249 ideo
1347 1223 1494 1256 temporale
1523 1224 1625 1258 aliquid
1659 1225 1685 1250 in
1717 1223 1771 1251 Deo

989 1268 1078 1294 dicere
1092 1267 1233 1299 debemus,
1256 1268 1468 1298 imbecillitatem
1486 1269 1653 1296 conditionis
1671 1275 1770 1296 nostrae

989 1312 1025 1339 illi
1045 1313 1222 1348 applicantes.
1250 1313 1354 1347 Neque,
1379 1313 1401 1340 si
1427 1314 1488 1347 quis
1516 1315 1646 1341 hactenus
1669 1321 1769 1346 oecus,

988 1366 1062 1385 mruc
1078 1359 1193 1393 priruutn
1215 1359 1349 1392 respicere
1374 1366 1406 1385 ac
1421 1359 1488 1386 solis
1504 1359 1588 1386 radiis
1600 1360 1680 1393 ccepit
1697 1359 1767 1386 frui:

989 1405 1049 1431 ideo
1073 1404 1155 1431 etiam
1184 1405 1224 1430 vel
1245 1412 1276 1430 ex
1295 1404 1351 1430 sole
1379 1405 1482 1436 radius.
1501 1405 1542 1431 rei
1562 1413 1593 1431 ex
1624 1406 1699 1431 radio
1723 1406 1768 1432 lux

989 1459 1061 1478 trtrrtc
1080 1457 1191 1476 manare
1218 1449 1310 1483 rmpit.
1327 1449 1441 1476 Constat
1460 1449 1558 1484 quippe
1574 1454 1600 1477 et
1614 1455 1763 1484 antequam

153 1496 283 1531 possibic
309 1501 360 1526 est.
385 1495 457 1529 quod
482 1494 630 1528 temporale
654 1494 702 1526 sit,
726 1495 750 1521 id
767 1495 837 1529 ejus,
862 1495 933 1529 quod
950 1504 971 1532 (ς
988 1503 1076 1522 erecus
1089 1495 1238 1529 aspiceret.
1251 1494 1302 1520 soli
1317 1499 1345 1521 et
1362 1494 1469 1520 radium
1496 1499 1523 1522 et
1541 1495 1627 1521 lucem
1643 1496 1769 1522 similiter

153 1550 234 1578 supra
253 1547 360 1575 tempus
381 1548 434 1572 est,
451 1548 562 1567 causam
582 1547 651 1567 esse.
671 1539 764 1574 Itaque
785 1541 933 1568 secundum

153 1587 361 1615 substantialem
375 1593 530 1620 processum
544 1593 623 1612 suum
638 1593 669 1612 ex
683 1585 761 1612 I'atre
778 1593 824 1620 per
837 1585 934 1613 Filium

152 1634 299 1668 procedere
326 1636 437 1659 sanctus
466 1630 584 1665 Spiritus
610 1631 760 1664 asseritur;
781 1631 934 1659 substantia

151 1679 262 1714 quippe,
285 1677 394 1704 sicutet
406 1676 557 1711 processio,
576 1682 676 1702 aeterna
689 1681 742 1703 est.

187 1735 254 1762 Illud
267 1739 357 1762 autem
372 1741 424 1759 nua
441 1733 608 1764 insinuatur,
624 1733 699 1759 illum
716 1741 732 1760 a
749 1733 819 1760 Filio
832 1734 934 1762 ideirco

152 1782 211 1809 dari
255 1787 282 1808 et
315 1780 396 1812 mitti,
430 1779 507 1814 quia.
544 1779 696 1805 secundum
729 1779 933 1807 substantialem

153 1833 310 1862 processum
331 1832 423 1856 suum,
444 1824 526 1850 etiam
557 1831 604 1857 per
621 1823 708 1857 ipsuur
734 1829 785 1850 est.
802 1823 837 1851 Ut
861 1827 933 1852 enim

152 1876 249 1899 contra
263 1871 356 1897 Arium
373 1870 498 1896 scribens
515 1876 629 1902 magnus
644 1868 811 1897 Athanasius
825 1870 914 1904 inquit
928 1879 934 1897 :

156 1927 165 1943 ι
189 1918 211 1944 Α
234 1925 290 1952 quo
315 1911 374 1943 dari
398 1915 542 1950 oportebat
570 1915 701 1948 Spiritum
728 1915 780 1942 uisi
807 1917 841 1943 al)
866 1918 935 1951 ipso,

152 1963 231 1998 eujus
257 1962 319 1988 est?
345 1961 420 1988 Alias
446 1960 547 1995 quippe
564 1961 689 1987 minister
710 1966 781 1988 esset
799 1962 894 1995 Frlius,
912 1965 936 1991 si

151 2009 223 2043 quod
253 2015 307 2035 non
343 2015 390 2042 per
420 2015 450 2034 se
474 2008 634 2033 naturaliter
666 2008 838 2042 procederet,
870 2011 935 2037 dare

151 2057 299 2082 diceretur.
319 2062 328 2079 r
358 2052 446 2080 Simul
462 2054 543 2080 etiam
563 2053 639 2080 lateri
669 2061 840 2088 cogeremur,
865 2055 934 2082 Filio

152 2105 179 2127 et
197 2099 312 2134 Spiritui
340 2104 436 2126 sancto
463 2099 649 2133 teruporaliter
665 2100 768 2134 aliqtrid
785 2100 910 2128 accidere
927 2110 934 2127 :

154 2145 192 2172 illi
208 2145 321 2173 scilicet.
336 2144 419 2175 dare,
437 2143 500 2170 huic
514 2143 582 2170 dari.

190 2202 274 2229 I‘orro
291 2201 328 2232 id,
343 2207 399 2234 quo
421 2201 523 2234 posito,
556 2200 657 2233 ineptia
673 2200 753 2226 simul
781 2206 807 2227 et
823 2201 935 2227 menda-

152 2249 225 2276 cium
255 2247 390 2282 sequitur,
412 2246 532 2280 ineptum
567 2247 603 2272 sit
631 2251 658 2271 et
681 2247 796 2272 mendax
827 2254 937 2273 Irettche

153 2300 204 2321 cst.
229 2293 267 2319 Ex
291 2300 345 2326 quo
373 2291 460 2325 liquet
476 2298 529 2317 non
545 2298 606 2317 eSse
620 2291 758 2324 geminum
777 2298 933 2325 procesSnnr

154 2340 293 2374 Spiritus;
341 2338 516 2372 temporalem
563 2337 677 2362 alterunt
716 2337 847 2368 alterum,
878 2339 936 2364 sine

155 2392 287 2419 tempore.
302 2384 423 2411 Primum
445 2382 566 2416 quidem,
583 2381 647 2415 quia
665 2382 755 2407 nulltts
779 2386 932 2408 sanctorum

153 2433 264 2459 l’atrum
280 2431 331 2457 hoc
347 2429 413 2456 dixit
426 2437 435 2462 ;
447 2428 554 2460 deinde,
583 2427 658 2460 quia,
679 2427 700 2452 si
718 2426 743 2453 id
762 2427 888 2453 concedat
909 2435 934 2457 τ,

153 2478 245 2511 inepta
275 2481 302 2502 et
319 2474 429 2508 indigna
453 2473 568 2508 plurima
584 2477 733 2506 emerge-ut.
754 2472 806 2498 Sed
837 2473 934 2498 unicus

153 2531 219 2550 sane
253 2528 399 2556 pIOCCSSIIS
438 2525 520 2553 atque
551 2523 668 2544 κιαι-ηυξ
695 2522 753 2549 Chl,
784 2518 931 2544 SL‘ClIlItIIltll

151 2577 232 2604 quem
266 2577 300 2595 ex
335 2568 416 2594 Patre
450 2574 499 2601 per
531 2564 629 2592 Filium
665 2571 779 2592 sanctus
813 2568 934 2599 procedit

152 2615 281 2651 Spiritus.
312 2613 451 2646 Creatoris
474 2616 562 2639 autem
590 2619 651 2645 qua:
679 2616 748 2644 apta:
784 2619 816 2638 ac
844 2613 931 2646 dignm

153 2661 265 2691 lueriut,
281 2660 314 2686 ad
336 2657 491 2694 hujusrnodi
510 2664 654 2692 processus
670 2657 828 2691 capiendam
847 2664 934 2683 nono-

154 2715 215 2734 nem
243 2711 323 2740 atque
351 2704 572 2735 illustratiorrem,
591 2703 711 2736 prodire,
728 2709 760 2729 ac
788 2702 889 2734 lucere,
906 2707 933 2729 et

153 2753 292 2788 profundi,
310 2759 342 2778 ac
367 2750 425 2778 dari
442 2757 488 2784 per
503 2749 602 2776 Filium
618 2749 728 2780 dicitur,
748 2753 828 2783 atque
856 2753 932 2782 tune,

151 2801 223 2835 quod
249 2800 274 2826 iu
293 2800 383 2833 seipso
410 2803 538 2824 reternqu
566 2800 617 2828 est,
650 2796 704 2823 illis
743 2795 931 2830 temporaliter

988 1549 1003 1568 a
1015 1541 1121 1572 luisse,
1139 1540 1298 1574 radiumque
1315 1540 1442 1566 similiter
1455 1541 1648 1574 perstrinxisse
1664 1542 1769 1573 fulgore

988 1586 1091 1613 oculos.

1024 1632 1157 1665 Quocirca
1174 1630 1255 1657 etiam
1281 1630 1443 1657 mirabilium
1470 1635 1592 1664 patrator
1609 1631 1768 1666 Gregorius,

990 1679 1016 1706 in
1044 1679 1122 1710 Ithro,
1150 1678 1229 1710 cujus
1257 1676 1363 1703 initium
1390 1681 1431 1702 est
1449 1685 1456 1703 :
1477 1677 1660 1707 Irrimicissimi
1690 1683 1769 1712 atque

987 1724 1065 1751 alieni
1082 1723 1113 1749 ub
1140 1722 1287 1756 apostolica
1303 1722 1684 1757 confessione,proccssionem
1700 1725 1769 1751 hane

989 1778 1165 1797 erutsstonem
1193 1770 1387 1803 sempiternam
1414 1768 1570 1802 appellavit.
1592 1770 1674 1804 Atqui
1704 1770 1769 1798 huic

989 1822 1127 1849 nunquam
1141 1818 1210 1840 esset
1226 1812 1383 1847 temporalis
1399 1814 1550 1839 aeternitas.
1567 1812 1613 1840 Ait
1626 1813 1744 1848 denique
1760 1824 1767 1841 :

992 1871 1000 1886 ε
1020 1860 1157 1894 Ittgettittts
1173 1858 1282 1893 quidem
1306 1857 1387 1884 Pater
1405 1865 1466 1884 eum
1483 1858 1528 1889 sit.
1550 1859 1657 1892 genitus
1676 1866 1767 1888 autem

987 1915 1020 1934 ex
1052 1906 1129 1932 Patre
1156 1904 1252 1935 Filius.
1280 1909 1447 1939 sanetusque
1466 1904 1586 1937 Spiritus
1612 1913 1644 1932 ex
1678 1905 1766 1935 Patris

987 1953 1101 1980 essentia
1119 1951 1285 1985 sempiterno
1301 1958 1348 1984 per
1370 1949 1467 1976 Filium
1486 1951 1614 1978 emissus.
1632 1960 1641 1976 r

1023 2009 1074 2036 Sed
1103 2015 1130 2036 et
1160 2008 1302 2042 theologus
1322 2007 1481 2041 Gregorius,
1498 2007 1524 2034 in
1548 2007 1617 2036 libro
1632 2017 1711 2047 quem
1734 2010 1769 2037 ad

989 2055 1122 2082 Ilerouem
1139 2054 1331 2089 philosophum
1349 2053 1470 2087 δοιτὶρπίι,
1488 2055 1664 2082 errrissioncm
1681 2056 1767 2083 sancti

987 2102 1104 2137 Spiritus
1126 2101 1261 2134 propriam
1286 2100 1376 2129 dixit;
1399 2100 1546 2134 terrrporale
1579 2106 1670 2127 autem
1698 2109 1768 2128 nuu-

949 2168 975 2197 υ
990 2155 1070 2182 quant
1087 2154 1147 2174 esse
1163 2148 1263 2180 poterit
1280 2146 1366 2172 Sancti
1384 2145 1503 2179 Spiritus
1520 2146 1669 2180 proprium.
1687 2145 1767 2173 Certe

989 2194 1060 2220 enim
1078 2193 1112 2224 si,
1126 2193 1256 2226 quoniam
1271 2199 1284 2217 a
1299 2190 1368 2218 Filio
1387 2192 1467 2218 datur
1484 2196 1511 2218 et
1526 2192 1652 2222 mittitur,
1668 2192 1767 2219 idcirco

988 2240 1070 2264 etiam
1098 2245 1144 2272 per
1164 2245 1225 2263 eum
1255 2237 1401 2270 procedere
1430 2236 1546 2267 dicitur,
1574 2237 1659 2263 tmstt'i
1686 2237 1768 2272 igitur

987 2289 1070 2309 causa
1100 2281 1279 2308 substantiam
1310 2280 1406 2311 habet,
1440 2281 1589 2308 Secundum
1619 2289 1700 2316 quam
1735 2289 1769 2308 ex

986 2328 1066 2356 Patre
1091 2335 1137 2362 per
1162 2326 1258 2352 Filium
1277 2331 1327 2352 est.
1355 2326 1406 2352 Sed
1431 2330 1459 2352 et
1483 2334 1564 2360 quem
1592 2327 1768 2354 introducunt

987 2373 1174 2406 tempuralcrn,
1193 2372 1316 2406 sequitur
1332 2375 1361 2397 trt
1375 2376 1402 2398 et
1425 2371 1482 2404 ipse
1508 2376 1617 2405 propter
1641 2380 1689 2397 nos
1704 2377 1769 2397 sutr-

986 2419 1113 2446 stanliarn
1143 2419 1251 2444 haheat.
1278 2417 1355 2449 Quod
1385 2418 1407 2444 si
1439 2417 1530 2449 datur,
1559 2423 1618 2443 erat
1659 2417 1768 2452 utique,

987 2463 1095 2498 quando
1123 2470 1175 2489 non
1201 2467 1278 2494 erat;
1303 2470 1467 2495 rursumque
1492 2469 1554 2488 curn
1581 2461 1680 2494 fuerit,
1708 2471 1769 2489 ess:

988 2511 1111 2536 desistet.
1132 2508 1184 2535 Sed
1210 2510 1266 2534 hwc
1292 2509 1374 2542 iurpia
1402 2512 1475 2534 sunt.
1495 2502 1561 2533 Non
1586 2515 1672 2542 ergo,
1695 2508 1768 2542 quod

988 2555 1158 2590 proponitur,
1177 2562 1270 2580 \eruut
1291 2558 1341 2580 est.
1368 2553 1500 2580 Praeterea
1517 2559 1543 2581 et
1558 2555 1675 2581 eximius
1691 2554 1768 2581 Basi-

986 2601 1038 2628 lius
1054 2602 1079 2626 itr
1101 2601 1148 2626 lih.
1164 2599 1198 2626 IV
1214 2599 1396 2631 Qrtrrsliurtum
1411 2599 1449 2625 ait
1466 2606 1471 2624 :
1492 2607 1500 2624 ι
1519 2597 1577 2625 Non
1594 2599 1619 2625 in
1636 2604 1766 2633 tempore,

986 2649 1058 2682 quod
1081 2647 1180 2681 prodiit
1211 2655 1242 2672 ex
1281 2645 1346 2677 Deo,
1380 2645 1494 2679 prodirt,
1520 2645 1574 2672 etsi
1597 2645 1625 2672 in
1648 2650 1769 2680 terrrpore

986 2693 1079 2720 eliieax
1097 2692 1170 2719 IIIitls
1187 2692 1258 2718 actio
1278 2692 1423 2723 reddatur,
1443 2699 1451 2714 ι
1469 2691 1634 2717 mentionem
1662 2691 1768 2718 scilicet

986 2739 1017 2765 de
1035 2744 1127 2766 sancto
1143 2738 1244 2771 Spiritu
1265 2736 1376 2763 faciens.

1023 2796 1153 2829 Quoniam
1182 2797 1264 2832 igitur
1288 2797 1406 2831 Spiritus
1431 2802 1543 2825 sanctus
1559 2805 1590 2825 ex
1617 2797 1694 2824 Patre
1722 2804 1768 2832 per
