1934 3063
127 179 159 210 1?)
631 176 643 185 '
680 168 878 199 ADVERSUS
898 165 1056 196 GR/ECOS
1076 165 1146 195 LIB.
1168 165 1191 194 Ι.
1706 159 1738 190 iii

124 239 218 266 Filium
235 233 406 262 naturaliter.
425 235 451 257 et
474 228 666 258 essentialitcr,
682 231 709 254 et
725 231 825 253 αξιοι-ηε
839 233 901 260 pro-
919 226 938 253 A
955 222 1034 249 Patre
1057 226 1084 249 et
1107 221 1173 248 Filio
1190 224 1292 247 natura
1320 223 1401 254 atque
1417 217 1543 246 essrntize
1567 221 1617 245 est.
1641 218 1676 245 At
1701 218 1739 250 id,
1771 258 1773 260 η

124 284 219 312 cedere
237 289 250 306 ιι
275 278 407 312 theologis
432 276 582 306 asseritur,
613 274 685 308 quod
702 277 793 300 autem
813 279 906 306 proce—

131 330 190 355 dere
224 327 344 356 dicitur,
372 329 520 357 proce~sus
558 321 662 348 ratione
701 319 775 346 illum
806 317 906 344 habere

128 373 304 402 substantiam
332 371 452 402 indicat,
483 369 556 396 sicut
582 367 662 394 etiam
692 365 778 400 gigni,
805 363 905 390 Filium

129 413 274 446 nativitatis
297 417 406 444 ratione
422 414 592 445 subsistere;
611 419 692 438 omne
715 415 815 442 autem,
832 409 906 443 quod

127 473 172 500 per
196 463 307 498 aliquod
335 460 518 489 essentialiter
543 457 723 487 substantiam
750 456 847 488 habet,
873 463 906 482 cx

128 511 171 537 illo
187 510 267 537 etiam
284 514 345 536 est:
360 511 468 535 constat
480 505 615 540 profecto,
632 504 764 538 Spiritum
780 506 904 529 sanctum

126 563 157 583 ex
172 555 240 582 Filio
265 560 328 581 esse
374 557 455 587 atque
475 551 634 586 procedere.
650 549 703 576 Aut
732 548 805 576 enim
835 546 907 582 quod

127 601 233 632 dicitur,
251 607 308 634 per,
328 597 397 625 nihil
421 597 448 623 in
477 595 564 623 sancti
590 593 709 629 Spiritus
733 592 908 628 processione

127 646 296 674 eorumcndat
310 665 318 676 ,
341 648 389 671 aut
411 641 584 669 commendat
603 640 725 675 quidem,
743 639 790 666 sed
806 639 909 673 imper-

129 693 224 719 fectum
241 689 356 725 aliquid,
371 694 416 716 aut
435 687 614 715 instrumenti
629 686 722 720 implet
735 685 835 715 vicem,
850 688 909 715 aut,

127 738 193 765 sicut
205 745 254 771 per
269 737 373 768 locum,
390 739 436 762 aut
451 739 572 767 tempus,
590 737 636 759 aut
653 730 730 759 certe
747 739 795 766 per
809 730 908 758 Filium

123 783 297 813 naturaliter,
311 787 337 809 et
353 788 501 815 processus
522 779 642 810 ratione,
657 783 739 812 atque
757 775 910 804 esscntiali-

127 835 167 857 ter
185 829 333 867 procadcre
360 827 492 862 Spiritum
516 829 644 853 sanctum
665 823 814 851 secundum
839 829 910 856 pro-

127 877 215 910 prium
241 875 352 901 modum
378 873 541 901 substantia:
567 870 750 898 commendat.
776 868 828 894 Sed
848 875 909 894 cum

122 927 218 948 cetera
238 920 264 946 iu
284 923 390 950 sancta,
405 924 489 953 atque
506 915 776 951 supersubstantiaii,
793 917 820 940 ct
843 913 910 939 sim-

127 966 186 1000 pliri
205 965 340 992 Triuitate
365 971 499 997 nusquam
527 962 618 989 locum
648 961 783 991 habeant,
801 959 911 985 omnino

126 1009 281 1035 necessario
302 1007 476 1042 relinquitur,
492 1010 521 1033 ut
544 1005 679 1036 dicamus,
696 1011 752 1038 per,
775 1010 789 1030 a
811 1001 912 1029 sant-tis

128 1054 256 1081 l‘atrihus
270 1062 325 1080 non
352 1053 453 1080 frusua
471 1052 617 1082 insertum,
633 1056 713 1084 atque
727 1049 752 1076 id
772 1057 823 1075 una
840 1056 913 1074 cmu-

127 1101 265 1131 mendare,
278 1099 349 1134 quod
367 1107 400 1126 ex
415 1099 494 1126 Patre
509 1105 557 1132 per
578 1096 676 1124 Filium
693 1094 913 1123 substantialitcr

120 1144 198 1177 juxta
225 1152 311 1170 unam
354 1143 535 1177 eamdemque
564 1141 766 1176 processionem
792 1139 914 1174 procedit

126 1191 244 1226 Spiritus
273 1195 396 1217 sanctus.
421 1189 537 1216 Prorsus
567 1188 639 1215 enim
655 1208 662 1218 .
687 1194 743 1221 per,
761 1186 788 1212 in
813 1185 913 1219 quibus

123 1238 287 1269 assumitur,
305 1236 467 1271 prmeedenti
483 1242 573 1262 cauare
585 1233 726 1261 concurrit
738 1232 771 1260 ad
790 1232 913 1259 eamdem

124 1282 310 1312 eﬂicientiam,
324 1289 406 1315 quam
422 1281 468 1307 illa
484 1278 697 1314 speclat.Atque
710 1277 761 1304 hoc
774 1276 828 1303 late
843 1281 915 1318 patet

124 1328 229 1363 singula
249 1327 469 1361 inspicit-ritibus.

158 1373 227 1400 Nam
248 1381 311 1400 cum
331 1372 436 1399 fructus
449 1379 481 1398 ex
497 1370 589 1398 radice
603 1377 649 1404 per
666 1377 772 1396 ramum
789 1368 913 1402 prodeat,

125 1426 217 1446 ramus
230 1420 312 1454 juxta
337 1417 496 1445 seminaiem
519 1421 625 1443 natura:
644 1415 789 1446 rationem,
810 1421 870 1449 quae
887 1413 915 1440 in

126 1464 215 1491 radice
235 1468 282 1490 est
301 1463 333 1490 ad
351 1462 523 1490 efﬁcientiam
538 1467 684 1496 processus
699 1460 836 1487 fructuum
852 1466 914 1486 cum

125 1510 215 1537 radice
249 1508 403 1536 contendit.
435 1508 525 1542 Atque
554 1507 582 1533 in
615 1505 754 1541 praedictis
787 1505 916 1532 omnibus

125 1556 281 1590 exemplis,
300 1554 344 1589 qui
372 1554 510 1588 ingenium
539 1558 668 1579 exercere
691 1551 818 1582 voluerit,
844 1550 914 1577 idem

123 1609 259 1635 apparere
273 1593 430 1636 perspiciet.
448 1599 501 1626 Sed
520 1599 547 1626 in
571 1598 613 1625 his
635 1604 757 1632 quoque,
773 1597 799 1623 in
816 1596 917 1631 quibus

126 1656 170 1675 ars
187 1652 335 1683 operatur,
361 1654 448 1679 serra,
464 1646 541 1674 verbi
565 1646 664 1680 gratia,
680 1652 728 1680 per
742 1651 823 1679 quam
842 1643 918 1670 faber

122 1695 242 1728 gradum
269 1693 390 1728 ligneum
416 1692 501 1724 facit,
520 1692 554 1720 ad
572 1692 661 1723 illum,
678 1698 731 1717 non
749 1691 782 1717 ad
803 1689 918 1716 alterius

125 1740 235 1774 generis
265 1738 392 1766 eﬂectum
415 1738 515 1765 artilici
531 1741 710 1772 cooperatur.
728 1735 820 1770 Neque
844 1734 917 1761 enim

127 1785 162 1810 illi
186 1785 221 1811 ad
238 1784 457 1812 calefaciendum
488 1783 546 1810 sive
563 1782 743 1810 dealbandum
757 1780 918 1815 cooperabi-

123 1834 178 1862 tur,
196 1830 280 1865 idque
297 1838 344 1865 per
361 1831 433 1865 quod
458 1830 578 1857 trahitur
594 1828 733 1858 machina,
748 1826 867 1854 trahenti
884 1826 918 1853 ad

125 1877 342 1910 pertractionem
360 1875 452 1903 oneris
469 1874 673 1910 cooperabitur.

161 1923 201 1949 Ac
220 1922 244 1949 si
266 1921 376 1956 quidem
401 1929 480 1950 serra
493 1922 574 1949 homo
591 1925 674 1954 esset,
693 1921 765 1948 sicut
781 1925 808 1948 et
828 1919 914 1953 faber,

125 1972 154 1995 et
170 1969 244 1996 idem
271 1970 364 1999 homo.
379 1967 608 2003 quemadmodum
628 1968 655 1995 in
678 1966 759 1994 Patre
791 1970 818 1994 et
848 1966 918 1993 Filio

125 2014 199 2041 idem
221 2019 266 2041 est
290 2013 371 2047 Deus,
399 2018 506 2041 secaret
523 2018 550 2040 et
575 2013 645 2048 ipsa,
666 2013 739 2041 sicut
766 2017 793 2040 et
817 2013 915 2040 faber:

126 2060 259 2095 quodque
274 2067 322 2094 per
334 2067 437 2086 serram
453 2059 537 2090 fieret,
551 2059 621 2086 idem
635 2063 718 2091 esset,
730 2059 802 2093 quod
818 2066 833 2085 ει
843 2066 918 2087 serra

128 2108 217 2134 ﬁeret.
241 2107 269 2133 Si
283 2109 373 2133 autem
392 2105 419 2132 in
437 2105 537 2140 quibus
552 2110 592 2132 est
610 2110 707 2132 natura
731 2105 869 2138 diﬂcrens,
886 2113 918 2133 ea

129 2160 178 2188 per
193 2161 258 2187 qua:
274 2152 377 2187 aliquid
393 2152 439 2183 fit,
457 2155 642 2186 cooperantur
662 2152 704 2179 his
719 2152 766 2186 qui
785 2159 814 2179 se
830 2152 917 2186 primo

130 2204 255 2229 movent.
268 2206 299 2225 ac
311 2206 359 2233 pro
373 2198 453 2226 modo
466 2206 516 2225 suo
528 2205 581 2225 una
596 2205 677 2225 causa
692 2198 777 2225 fiunt:
793 2198 833 2225 vel
846 2198 917 2226 sicut

957 269 1030 303 quod
1045 267 1156 299 dicitur,
1175 275 1222 302 per
1246 266 1345 293 Filium
1362 265 1452 293 omnia
1472 265 1603 299 producta
1626 271 1696 294 esse,
1713 268 1742 290 ct

957 315 1054 342 Filium
1071 321 1152 341 uuam
1176 321 1237 340 cum
1253 313 1333 339 Patre
1348 319 1470 343 causam,
1491 318 1629 345 unumque
1644 310 1741 337 condi-

957 366 1043 388 torem
1059 357 1433 393 commcndatJtaquelonge
1449 357 1546 389 magis,
1562 356 1632 389 quod
1643 355 1741 382 dicitttr

958 414 1005 441 per
1020 405 1119 432 Filium
1137 405 1294 440 procedere,
1310 403 1398 438 ipsum
1416 409 1525 437 quoque
1541 401 1638 428 Filium
1656 408 1741 428 unum

958 462 1020 482 cum
1043 453 1122 481 Patre
1149 453 1341 487 productorem
1368 447 1447 481 esse,
1472 450 1627 477 necessario
1661 449 1741 476 fateri

958 505 1054 536 coget:
1072 507 1160 534 coque
1181 499 1276 532 magis,
1291 506 1344 532 quo
1358 502 1384 524 ct
1400 505 1446 532 per
1460 496 1580 524 Verbum
1597 495 1743 530 productor

961 547 1080 581 Spiritus
1108 545 1218 572 dicitur.
1244 544 1311 571 Nam
1338 544 1360 570 si
1389 543 1467 570 Pater
1491 542 1567 569 solus
1594 541 1743 575 producter

959 596 1042 624 esset,
1064 599 1096 618 ac
1121 591 1272 625 producere
1297 589 1336 616 illi
1366 588 1547 616 substantiale
1573 591 1665 618 esset,
1689 594 1742 612 non

961 639 1109 674 productor
1125 645 1172 672 per
1192 636 1310 663 Verbum
1336 635 1426 663 dictus
1443 634 1549 662 fuisset.
1573 633 1640 666 Quae
1669 632 1743 660 enim

960 684 1149 714 substantialia
1178 691 1355 718 personarum
1377 687 1450 713 sunt,
1467 681 1624 708 communia
1639 679 1744 707 ea‘tcris

961 742 1021 761 esse
1044 741 1096 760 non
1125 736 1249 765 p055unt.
1275 730 1396 764 Exempli
1419 738 1502 757 causa
1517 751 1524 762 ,
1545 729 1567 756 si
1593 733 1668 764 pater
1696 735 1744 762 per

962 779 1080 812 aliquem
1107 782 1186 812 pater
1202 782 1284 807 esset,
1301 775 1450 811 paternilas
1474 775 1547 802 illius
1566 773 1745 802 substantiale

961 830 1022 850 esse
1037 829 1090 849 non
1105 825 1208 856 posset.
1225 821 1276 848 Sed
1290 822 1323 847 de
1338 820 1380 847 his
1395 824 1488 855 postea
1506 820 1622 846 dicetur.

998 878 1075 905 Nune
1087 877 1208 912 Cyrillus
1231 875 1401 903 admirabilis
1418 875 1580 902 auctoritate
1595 881 1655 906 sua,
1670 873 1743 908 quod

964 923 1177 959 proposuimus,
1205 922 1326 949 rob0rct.
1353 922 1378 950 ls
1407 914 1479 949 enim
1508 921 1534 948 in
1560 920 1681 949 secundo
1710 919 1743 946 ad

963 969 1100 996 Hermiam
1114 968 1197 999 libro,
1217 968 1257 994 sic
1273 968 1330 994 ait:

1001 1034 1010 1050 ‹
1030 1024 1161 1052 Sanctum
1185 1029 1275 1051 autem
1300 1023 1429 1057 Spiritum
1456 1023 1542 1054 dicrs,
1563 1022 1608 1056 qui
1631 1029 1664 1049 ex
1690 1022 1746 1048 Dio

963 1069 1044 1097 Patre
1059 1078 1106 1104 per
1122 1069 1220 1097 Filium
1237 1069 1397 1096 naturaliter
1411 1068 1593 1103 profunditur,
1610 1076 1653 1102 ac,
1675 1067 1746 1095 sicut

963 1115 990 1142 in
1013 1115 1097 1150 figura
1114 1114 1302 1149 respirationis
1319 1114 1376 1141 oris
1389 1113 1474 1140 nostri
1491 1121 1568 1140 suam
1586 1113 1665 1140 nobis
1681 1113 1747 1139 sul-

964 1161 1090 1188 stantiam
1108 1160 1219 1188 indicat.
1242 1170 1251 1186 ι

1000 1216 1028 1242 Si
1058 1215 1139 1250 igitur
1168 1216 1251 1249 figura
1285 1216 1472 1250 respirationis
1502 1215 1557 1242 oris
1585 1215 1670 1242 nostri
1696 1222 1746 1249 pro

964 1263 1091 1296 exemplo
1119 1267 1225 1296 sumpta
1247 1267 1299 1293 est,
1318 1262 1390 1296 quod
1424 1270 1471 1294 per
1498 1261 1597 1288 Filium
1629 1261 1747 1295 Spiritus

965 1308 1093 1343 procedat
1108 1318 1114 1335 :
1132 1316 1162 1335 os
1179 1309 1250 1335 enim
1269 1308 1357 1341 Patris
1371 1307 1466 1334 Filium
1482 1307 1567 1334 sancti
1580 1306 1672 1333 Patres
1688 1313 1748 1332 esse

964 1354 1061 1388 aiunt;
1076 1354 1118 1381 vel
1138 1354 1219 1381 etiam
1237 1359 1346 1387 propter
1365 1353 1556 1380 insumationis
1573 1353 1644 1379 illius
1660 1351 1748 1383 signi-

966 1400 1138 1431 ficationem,
1163 1400 1272 1434 quando
1302 1399 1443 1427 insumans
1467 1398 1598 1436 Spiritum
1623 1402 1747 1426 sanetum

965 1445 1107 1480 discipulis
1123 1445 1255 1473 Dominus
1274 1445 1365 1471 dedit:
1385 1444 1456 1470 sicut
1469 1443 1495 1470 in
1516 1443 1749 1478 consequentibus

966 1490 1178 1523 monstrabitur;
1196 1490 1248 1516 hoc
1264 1493 1352 1516 autem
1366 1488 1502 1523 propriam
1519 1488 1598 1516 nobis
1619 1489 1748 1515 substan-

967 1537 1031 1564 tiam
1062 1536 1215 1571 siguificat:
1233 1539 1356 1565 constat.
1380 1536 1460 1569 quia.
1490 1535 1547 1561 sive
1575 1542 1623 1569 per
1650 1535 1749 1562 Filium

968 1583 1116 1618 procedere
1148 1582 1315 1613 dixerimus,
1339 1581 1397 1608 sive
1422 1580 1611 1608 insuﬂlationis
1637 1581 1749 1616 figuram

967 1630 1180 1664 susceperimus,
1197 1637 1228 1656 ex
1242 1632 1358 1662 utroque
1372 1628 1469 1654 horum
1487 1627 1607 1662 Spiritus
1624 1628 1751 1655 substan-

969 1676 1046 1707 tiam,
1069 1679 1123 1702 tam
1150 1675 1285 1709 praecipuo
1320 1673 1434 1700 doctore
1461 1676 1584 1700 tradente
1610 1673 1750 1701 docemur.

968 1721 1015 1748 Sin
1040 1724 1130 1748 autem
1157 1720 1208 1747 ista
1234 1727 1297 1747 vero
1313 1719 1549 1746 consentientibus
1570 1719 1655 1747 initiis
1677 1719 1750 1751 ﬁdei.

968 1767 1185 1801 doctoribusque
1199 1766 1296 1798 sacris,
1310 1769 1337 1792 et
1351 1765 1479 1793 oumibus
1492 1766 1529 1792 ita
1545 1766 1750 1798 atteslantibus,

969 1821 1117 1847 verumque
1132 1813 1243 1839 omnino
1263 1813 1468 1846 comprobatur,
1487 1812 1559 1847 quod
1579 1819 1627 1847 per
1642 1813 1751 1846 aliquod

969 1858 1149 1886 substantiam
1172 1858 1280 1890 habeat,
1296 1857 1320 1884 id
1336 1858 1417 1884 etiam
1442 1864 1475 1884 ex
1501 1857 1560 1891 ipso
1578 1865 1650 1890 ese,
1668 1858 1752 1892 liquet

970 1904 1106 1938 profecto,
1129 1903 1181 1930 nisi
1205 1903 1266 1937 quis
1293 1903 1406 1929 omnino
1431 1902 1573 1937 impudens
1598 1910 1658 1929 eSSe
1676 1903 1752 1931 velit.

970 1948 1101 1983 Spiritum
1113 1951 1237 1975 sanctum
1249 1956 1281 1975 ex
1295 1947 1364 1974 Filio
1377 1955 1453 1975 esse:
1468 1948 1687 1982 quandoquidem
1706 1955 1753 1980 per

969 1995 1058 2029 ipsqu
1077 1994 1258 2022 substantiam
1278 1994 1368 2026 habet,
1381 2001 1412 2020 ac
1428 2001 1475 2028 per
1496 1994 1583 2028 ipsutn
1600 1993 1732 2028 procedit.

1004 2059 1138 2088 Caeterum
1154 2067 1203 2087 nus
1221 2067 1254 2086 ex
1270 2059 1373 2086 sanctis
1389 2057 1514 2085 Patribus
1531 2058 1653 2093 apertius
1667 2059 1753 2085 doce-

969 2106 1077 2138 bimus,
1105 2113 1161 2140 per,
1187 2109 1214 2132 et
1239 2112 1283 2138 ex,
1306 2105 1333 2131 in
1351 2103 1450 2131 divinis
1480 2105 1560 2131 rebus
1581 2105 1750 2131 tantumdem

970 2151 1072 2182 valere,
1096 2150 1142 2184 qui
1167 2149 1218 2177 ista
1245 2149 1272 2176 in
1293 2149 1336 2176 his
1361 2148 1547 2176 intliﬂ‘ereut-r
1562 2149 1696 2183 accipere,
1721 2154 1752 2177 ul

970 2198 1056 2232 pium,
1073 2200 1256 2230 monuerunt:
1275 2195 1355 2222 aliter
1371 2199 1459 2222 autem
1483 2195 1644 2230 intelligere,
1665 2196 1751 2222 luere-

129 2244 449 2276 instrumeuta,relalias
467 2243 809 2278 quomodolibetjuvantia
834 2247 916 2277 atque
934 2250 954 2277 ι)
970 2244 1029 2270 tica:
1054 2242 1228 2277 malignitatis
1260 2249 1319 2268 esse
1333 2241 1494 2268 docuerunt.
1515 2241 1546 2268 lli
1562 2242 1633 2268 enirn
1650 2249 1753 2276 prtepo-

126 2290 301 2317 conferentia
317 2299 325 2317 :
343 2289 428 2316 multo
451 2290 538 2324 magis
564 2290 590 2316 in
615 2289 695 2316 Patre
720 2295 747 2316 et
763 2289 841 2321 Filio,
872 2289 918 2317 ubi

127 2336 254 2370 perfecta
279 2336 406 2362 identitas
431 2340 513 2370 atque
535 2335 794 2363 incommutabilitas
810 2341 837 2362 et
857 2335 920 2362 Filii

128 2384 161 2409 ad
181 2383 316 2415 Patrem;
337 2387 375 2414 et,
400 2389 475 2417 aequa
497 2381 587 2409 Deitas
603 2381 754 2409 secundum
782 2383 918 2413 eamdem,

128 2433 155 2453 et
187 2428 300 2454 unicam
331 2429 418 2455 sancti
445 2427 566 2462 Spiritus
597 2435 630 2455 ex
652 2427 733 2455 Patre
751 2436 798 2463 per
813 2428 914 2455 Filium

128 2473 341 2500 suitstantialcm
359 2473 575 2508 processionem,
592 2473 649 2508 ipse
663 2473 748 2500 Filius
763 2473 918 2500 communi-

126 2520 203 2546 cabit
225 2518 311 2550 Patri,
345 2526 398 2545 non
428 2518 675 2546 iustrumentaliter
701 2526 748 2545 seu
771 2518 916 2550 serviliter,

128 2565 177 2592 sed
195 2565 482 2598 essentialiler,atque
497 2565 668 2595 naturaliter,
679 2568 772 2598 utpote
785 2563 918 2591 naturalis

126 2611 151 2637 ei
166 2619 231 2645 qum
246 2610 463 2637 substantialiter
482 2610 560 2636 insita
576 2610 614 2637 illi
640 2613 682 2636 est
695 2609 792 2636 virtUs.
809 2609 876 2635 Nam
894 2609 916 2634 si

128 2659 155 2684 in
174 2657 219 2684 bis
234 2664 293 2690 qua:
309 2657 413 2682 minora
429 2660 502 2687 sunt,
516 2663 562 2688 per
579 2655 702 2682 eamdem
718 2659 797 2688 atque
813 2656 920 2680 unicam

129 2712 193 2730 cum
218 2702 299 2729 Patre
325 2702 378 2727 vim
404 2702 486 2728 etiam
517 2700 585 2726 Filio
613 2701 725 2726 reddere
745 2699 875 2732 creditur,
895 2700 920 2726 in

129 2750 233 2784 quibus
262 2748 356 2781 utique
391 2748 553 2774 substantia:
580 2751 622 2773 est
657 2744 764 2772 infinita
792 2745 920 2776 varietas,

130 2797 219 2823 multo
246 2794 331 2828 magis
358 2794 384 2819 in
406 2798 500 2820 sancto
516 2791 630 2827 Spiritu,
649 2792 695 2826 qtti
722 2792 841 2826 ejusdem
859 2800 919 2819 cum

167 2901 191 2916 "
209 2899 281 2927 Gen.
301 2905 338 2930 tv,
358 2897 383 2924 Ι.
430 2899 452 2914 "
467 2896 554 2924 Exod.
570 2905 614 2929 re,
630 2896 674 2923 25.

971 2290 1100 2317 sitionum
1125 2288 1293 2317 diﬁcrentia.
1311 2287 1468 2314 diﬂerentes
1494 2288 1575 2314 etiam
1599 2293 1710 2315 naturas
1726 2290 1752 2314 iu

970 2339 1062 2362 sancta
1084 2333 1220 2360 Trinitate
1245 2333 1474 2360 subintroducere
1499 2334 1692 2361 moliebantur.
1711 2334 1754 2360 Ait

969 2380 1040 2407 enim
1059 2378 1208 2414 praeclarus
1222 2377 1340 2404 Basilius
1357 2377 1384 2404 in
1403 2378 1455 2409 his,
1476 2386 1537 2412 qua:
1556 2378 1588 2405 ad
1611 2379 1754 2414 Amphilo-

970 2426 1062 2453 chium
1083 2425 1216 2460 scripsit:
1235 2432 1245 2449 ‹
1270 2423 1328 2450 Non
1358 2423 1445 2450 solum
1474 2425 1500 2450 in
1526 2423 1626 2451 divinis
1641 2424 1754 2452 Litteris

973 2478 1039 2498 usus
1054 2478 1149 2497 vocum
1166 2474 1357 2501 Immutantur,
1372 2469 1418 2496 sed
1428 2468 1484 2504 jam
1500 2469 1559 2495 alim
1582 2477 1630 2504 pro
1640 2470 1753 2497 aliarum

972 2516 1174 2552 significatione
1201 2519 1342 2550 ponuntur
1361 2514 1472 2548 smpius,
1494 2519 1575 2549 atque
1599 2523 1630 2542 ex
1654 2523 1702 2543 sua
1727 2517 1753 2543 iu

971 2561 1088 2588 alienam
1108 2566 1261 2587 transeunt.
1280 2559 1401 2594 Denique
1422 2559 1447 2586 in
1466 2560 1509 2586 Itis
1531 2560 1682 2594 particulis,
1698 2569 1754 2594 per.

971 2611 998 2634 et
1011 2615 1054 2640 ex,
1068 2607 1149 2634 altera
1161 2607 1274 2634 alterius
1287 2614 1358 2640 smpe
1372 2606 1595 2641 significationem
1616 2607 1709 2638 sumit,
1727 2613 1756 2634 ut

971 2659 1011 2681 est
1026 2654 1089 2681 illud
1103 2662 1111 2680 :
1131 2652 1238 2680 I’ossedt’
1256 2653 1384 2680 hontiuem
1393 2660 1439 2686 per
1451 2651 1533 2679 Deum
1550 2653 1582 2686 ”,
1596 2653 1666 2687 quod
1685 2654 1754 2680 idem

971 2706 1022 2733 est,
1032 2708 1063 2727 ac
1075 2701 1097 2728 si
1112 2700 1236 2732 dixisset,
1248 2707 1280 2726 ea:
1297 2699 1363 2726 Deo.
1375 2699 1464 2734 Atque
1481 2699 1544 2726 alibi
1563 2709 1569 2726 :
1587 2700 1755 2733 Qua'ctmque

971 2747 1106 2774 "laudavit
1124 2746 1226 2782 Moyses
1245 2745 1342 2773 Israeli
1356 2754 1400 2780 per
1416 2753 1574 2780 prmceptum
1597 2746 1703 2772 Domini
1721 2745 1753 2770 ¹⁹.

971 2793 1009 2821 Ac
1025 2801 1146 2821 rursum:
1162 2791 1254 2819 Nonne
1269 2799 1314 2826 per
1328 2791 1410 2820 Deum
1423 2797 1460 2819 est
1476 2792 1567 2818 horum
1584 2789 1753 2818 declinatio!
