1934 3063
156 140 190 170 47
258 136 261 141 ’
789 133 987 166 MANUELIS
1007 133 1158 164 CALEC/‘E
1305 113 1307 118 ’
1749 139 1784 171 ιε

158 198 211 224 νυ,-
229 196 325 227 neum,
351 194 430 221 dim.
452 200 501 228 pro
526 199 558 220 εο
578 192 649 226 ηιμιύ
676 196 730 223 cst,
746 199 777 218 ex
800 192 863 218 Deo.
882 200 890 216 ι
916 189 946 216 Ει
961 191 983 218 Α
999 189 1134 224 angelus:
1159 189 1200 216 Ne
1226 190 1321 217 (inieris
1352 192 1469 224 accipere
1502 191 1617 219 Mariam
1646 197 1783 232 conjuge".

160 245 216 270 lucc
231 242 339 277 quidem
355 239 481 267 Basilius.

197 290 315 316 Sanctus
338 292 427 314 autem
452 284 569 320 Cyrillus
595 283 621 311 in
639 285 734 319 quinto
749 284 782 312 ad
804 283 940 312 Hcrniiam

160 336 195 363 ait
210 343 217 362 :
235 343 244 360 ι
264 333 335 366 Quid
349 336 439 358 autem
452 331 464 357 ?
478 330 573 357 Nonne
587 330 750 357 credendum
764 335 806 358 est
819 329 918 357 dict-nti
932 338 938 356 :

161 381 215 416 Ego
228 388 286 407 sum
301 379 353 410 via,
363 378 460 405 veritas
481 381 507 402 el
521 376 574 403 vita
588 375 611 390 '°
623 376 634 402 ‘9
647 376 692 410 qui
706 383 767 402 cum
783 376 820 402 ita
836 381 938 410 aperte,

122 433 124 438 '
159 435 191 454 ac
210 425 385 461 singulariter
410 423 528 457 seipstini
550 421 630 448 vitam
655 429 715 449 esse
739 420 821 454 dicat,
852 429 942 448 uounc

162 474 269 500 Patrem
299 478 331 498 ac
357 469 442 496 Deum
465 469 517 495 hoc
541 468 629 502 ipsum
657 474 770 494 munere
795 467 942 494 excludere

159 519 323 548 videbimur,
332 515 384 544 niéi
397 515 492 542 ambos
503 514 584 541 unius
592 521 651 541 esse
663 517 766 540 natura:
776 514 943 546 dederimus,

158 574 190 592 ac
205 572 252 598 per
268 569 415 597 utrumque
430 561 458 588 in
483 568 533 588 nos
564 559 703 594 aequaliter
718 560 800 586 vitam
821 567 942 590 manare,

159 611 242 645 idque
270 617 325 636 non
350 608 428 642 quasi
456 615 489 634 cx
517 606 634 637 duobus,
654 605 701 632 sed
721 606 798 640 quasi
825 613 859 633 ex
887 613 942 632 uno

158 657 249 684 omnia
268 655 422 682 vivificante
440 653 503 679 Deo.
527 661 536 677 ι

195 701 266 728 Ideni
282 702 308 728 in
324 703 402 727 sexto
418 699 450 725 ad
471 697 627 724 Ileruiiain:
648 707 658 723 ι
673 697 862 730 Quodcunque
876 704 942 724 sane

158 757 173 774 a
190 747 271 775 Patre
298 750 403 781 gestum
420 735 514 776 iuerit,
532 745 558 772 id
583 744 693 771 omnino
718 743 777 770 Filii
800 743 941 771 eﬂieientia

159 801 200 822 est
215 803 221 821 :
236 798 263 821 ct
279 794 462 828 quodcunque
476 791 579 818 dictum
600 789 682 817 fuerit
699 797 746 824 per
765 789 864 816 Filium
879 797 941 825 pcr-

159 840 214 871 lici,
236 839 288 866 hoc
313 845 427 872 prorsus
459 836 539 863 l’ater
555 834 659 862 effecit:
684 834 776 862 omnia
799 834 872 861 enim
895 842 943 869 per

159 886 256 913 ambos
272 884 415 920 atqualitcr
429 881 506 909 fitfht.
527 891 537 908 ι

196 933 268 960 Ideni
287 932 314 958 in
329 930 446 965 quadam
463 929 496 955 ad
515 927 670 956 Nestorium
688 927 802 962 epistola
820 935 827 954 :
847 936 856 952 ι
874 926 943 959 Quia

159 983 224 1011 ergo
234 982 317 1003 carne
326 977 446 1008 sumpta,
461 978 488 1000 et
502 971 589 999 Filius
600 971 717 999 hominis
727 976 770 999 est
782 971 943 1007 appellatus,

161 1021 241 1049 fateri
271 1027 382 1047 necesse
406 1023 457 1050 est,
484 1018 558 1044 illum
580 1024 629 1052 per
653 1025 763 1044 carnem
779 1024 812 1043 ex
830 1016 945 1043 muliere

160 1067 310 1102 genitum.)
328 1065 361 1092 Et
377 1068 438 1099 post
453 1069 557 1099 pauca:
575 1071 585 1088 ‹
605 1061 735 1095 Verbum,
751 1062 822 1097 quod
840 1069 872 1089 ex
889 1062 944 1090 Deo

160 1113 241 1140 Patre
258 1116 310 1143 est,
326 1118 359 1138 ex
375 1114 468 1137 sancta
491 1108 600 1144 Virgine
621 1107 754 1135 nascitur.
776 1117 785 1133 ι
803 1106 943 1142 Itemque:

163 1167 172 1184 ι
193 1157 278 1185 Natus
295 1162 346 1189 est,
364 1156 514 1183 secundum
531 1162 593 1185 nos,
611 1161 644 1181 ex
660 1153 785 1180 muliere.
807 1162 817 1178 ι
835 1152 899 1180 Item
917 1153 944 1179 in

160 1211 285 1232 sermone
301 1202 394 1229 habito
410 1207 500 1228 coram
517 1200 679 1235 imperatore
690 1198 854 1231 Theodosio,
867 1199 946 1232 cujus

160 1250 268 1277 initium
298 1253 368 1276 est:
395 1246 525 1273 Humana:
555 1245 647 1280 gloriae
684 1252 836 1279 supremum
868 1243 947 1278 fasti-

164 1297 235 1332 gium
252 1303 260 1321 :
276 1293 410 1325 Verbum,
436 1292 541 1326 inquit,
569 1291 640 1326 qtiod
662 1298 694 1318 cx
711 1290 777 1328 .Deo
794 1289 874 1317 Patre
894 1295 946 1323 est,

164 1340 366 1367 manifestatum
389 1341 432 1364 est
456 1337 482 1363 iu
509 1343 602 1363 carne.
630 1335 728 1362 Natum
745 1340 787 1363 est
803 1336 876 1362 enim
899 1342 948 1370 per

163 1391 288 1412 sanctam
316 1383 364 1411 Dei
388 1381 553 1410 Geuitriceni
581 1381 731 1416 virginem,
759 1381 845 1408 forma
875 1381 947 1408 servi

164 1436 315 1466 assumpta.
335 1438 345 1455 ι

200 1477 316 1503 Sanctus
330 1475 394 1502 item
402 1473 520 1502 Joannes
535 1473 720 1500 Daniasceiius
734 1482 741 1500 :
765 1483 773 1498 ι
792 1473 873 1501 Dcuui
901 1481 947 1509 ge-

996 237 1080 266 tuam,
1095 234 1163 268 quod
1183 235 1251 262 enim
1265 236 1291 262 iu
1306 243 1336 262 ea
1354 242 1446 263 nutum
1458 242 1510 270 ut,
1524 245 1556 264 ex
1568 238 1672 273 Spiritu
1690 250 1782 271 ιωιτιο

994 284 1033 306 est
1045 280 1078 306 ".
1099 289 1108 305 ι

1034 325 1151 354 Sanctus
1167 333 1295 362 prreterca
1310 328 1427 364 Cyrillus
1436 331 1469 358 ad
1483 331 1633 360 Palladium
1645 335 1780 368 scribens,

999 379 1047 406 per
1057 372 1297 407 interrogationem
1323 382 1353 402 ac
1364 377 1580 410 responsionem,
1591 377 1648 406 [ιτα
1664 380 1690 406 in
1707 381 1783 415 prin—

998 419 1069 453 cipio
1084 419 1165 452 libri,
1183 428 1264 454 quem
1294 421 1452 456 inscripsit,
1481 422 1519 450 De
1540 424 1675 458 spirituali
1697 427 1781 459 cultu,

997 467 1056 493 ait:
1076 475 1085 490 ι
1105 465 1248 494 Variabilis
1263 467 1386 498 profecto
1405 468 1522 502 Spiritus
1538 478 1591 497 non
1609 477 1661 498 est.
1679 473 1743 506 Aul,
1758 474 1781 500 si

998 512 1062 539 huic
1083 513 1179 540 inorbo
1196 513 1358 541 variationis
1382 515 1519 548 subditur,
1534 517 1567 543 ad
1592 517 1678 550 ipsam
1709 520 1780 546 divi-

998 565 1060 584 nam
1092 562 1217 585 naturam
1240 558 1298 585 hac
1324 561 1428 587 macula
1455 561 1617 595 reflectitur,
1644 563 1778 598 siquidem

1000 604 1047 630 l'ei
1061 611 1092 630 ac
1109 604 1197 632 Patris
1210 609 1262 638 est,
1281 606 1345 639 quin
1355 607 1439 634 'etiam
1456 606 1528 641 Filii,
1543 615 1605 635 eum
1621 617 1652 636 ex
1668 615 1781 646 utroque

996 650 1197 682 essentialiter,
1214 651 1318 679 scilicet
1333 659 1366 679 ex
1386 652 1466 680 Patre
1482 661 1530 688 per
1549 653 1648 682 Filium
1667 656 1781 690 profun-

996 695 1078 722 datur
1090 695 1216 730 Spiritus.
1236 706 1245 723 I

1035 742 1127 776 Neque
1152 750 1217 770 sane
1232 743 1327 772 multis
1349 744 1439 772 verbis
1455 746 1588 781 agendum
1617 752 1669 781 est,
1697 753 1727 776 ut
1750 757 1780 776 ea

996 789 1180 821 exponantur,
1211 784 1271 823 qua:
1289 795 1354 817 sunt
1376 792 1557 825 apertissima.
1573 793 1689 822 Constat
1703 797 1777 822 cuiui

997 839 1029 858 ex
1047 833 1099 864 his,
1113 841 1174 868 qua:
1187 833 1259 861 dicta
1277 841 1352 867 sunt,
1365 845 1421 870 per,
1438 842 1464 864 et
1478 846 1521 870 ex,
1542 839 1568 865 iit
1584 839 1684 867 divinis
1700 842 1781 869 rebus

995 879 1163 906 tantumdem
1190 880 1290 907 valere.
1314 880 1346 908 Et
1371 882 1499 917 quoniam
1527 883 1645 919 Spiritus
1671 891 1783 915 sanctus

995 930 1026 949 ex
1046 923 1128 951 Patre
1146 932 1194 958 per
1210 924 1308 953 Filium
1326 928 1461 962 procedit,
1478 936 1509 956 ex
1536 929 1604 958 Filio
1619 932 1700 958 etiam
1719 940 1783 967 pro-

995 967 1076 995 cedit.
1099 968 1130 995 Et
1146 969 1213 996 illud
1225 970 1306 997 simul
1327 976 1446 1004 constat,
1465 980 1512 1000 eos
1531 975 1578 1008 qui
1593 974 1698 1008 dicunt,
1723 984 1780 1011 per,

995 1018 1023 1040 et
1041 1022 1082 1046 τε,
1103 1020 1168 1042 tunc
1194 1019 1300 1043 tantum
1324 1017 1500 1052 aequivalere,
1524 1027 1586 1047 cum
1610 1021 1637 1047 iu
1655 1026 1780 1049 creatura

995 1065 1185 1092 assumuntur,
1201 1065 1229 1088 ut
1245 1061 1310 1089 illud
1324 1071 1330 1089 :
1343 1061 1504 1090 PerFiIium
1520 1066 1609 1092 omnia
1620 1066 1692 1101 facta
1708 1074 1780 1101 sum,

997 1105 1067 1132 idem
1075 1113 1147 1137 esse,
1160 1114 1193 1133 ac
1208 1107 1230 1134 si
1243 1108 1390 1141 diceretur,
1404 1117 1437 1136 ex
1452 1109 1532 1142 Filio,
1549 1111 1574 1138 in
1591 1111 1719 1141 interestis
1733 1123 1782 1141 au-

997 1156 1050 1178 tcm
1065 1157 1177 1186 negant,
1193 1161 1246 1180 iioii
1263 1158 1336 1181 recte
1359 1155 1502 1188 arbitrari;
1517 1157 1597 1184 divus
1617 1159 1783 1195 eniniCyril-

997 1197 1039 1223 lus
1054 1196 1187 1232 Spiritum
1206 1198 1294 1226 Patris
1306 1204 1332 1226 et
1344 1199 1405 1226 Filii
1422 1202 1603 1229 esseiitialiter
1614 1212 1645 1230 ex
1657 1209 1782 1240 utroque,

998 1243 1124 1270 videlicet
1145 1251 1178 1271 ex
1197 1244 1276 1272 Patre
1300 1252 1347 1280 per
1371 1245 1466 1272 Filium
1484 1248 1607 1281 profundi
1624 1250 1782 1280 declaravit.

999 1288 1094 1323 Liquet
1119 1289 1199 1322 item,
1223 1298 1285 1317 eum
1313 1291 1461 1320 identidem
1486 1300 1582 1327 putare
1606 1303 1637 1322 ex
1655 1301 1780 1332 utroque,

999 1336 1079 1362 I'atre
1090 1336 1206 1370 scilicet,
1223 1342 1251 1364 et
1265 1337 1335 1365 Filio
1352 1339 1485 1373 Spiritum
1499 1341 1599 1374 dicere,
1614 1348 1640 1369 ct
1654 1352 1685 1370 ex
1703 1344 1783 1372 l’atre

999 1389 1047 1415 per
1061 1381 1170 1413 Filium.
1187 1386 1215 1409 ut
1236 1383 1339 1410 dictum
1356 1390 1408 1412 est.
1425 1385 1477 1412 Sed
1494 1390 1521 1413 et
1541 1387 1657 1416 Basilius
1668 1390 1785 1418 eximius

1000 1426 1026 1451 iu
1049 1425 1066 1452 5
1090 1433 1115 1453 c.
1148 1426 1181 1453 ad
1203 1428 1424 1462 Amphilochium
1449 1432 1623 1465 partitulani,
1649 1441 1692 1465 ex,
1714 1434 1785 1462 Filio

1001 1476 1153 1503 congruere
1179 1471 1341 1503 ostendens,
1359 1472 1424 1500 illud
1446 1475 1561 1509 allegat:
1580 1475 1620 1502 Ex
1636 1485 1692 1503 inea
1711 1479 1784 1505 acci-

166 1522 263 1555 nuim’
281 1527 366 1548 "mer
381 1525 488 1553 sancta,
505 1521 676 1546 mmmam,"
698 1527 730 1546 ex
754 1523 790 1547 ιε,
806 1529 815 1546 ,
834 1519 867 1548 Et
885 1528 947 1548 ru..-
962 1521 982 1549 ς
1000 1516 1051 1548 piet
1069 1515 1101 1547 ",
1133 1518 1214 1550 atque
1246 1517 1311 1544 illud
1335 1526 1342 1544 :
1371 1517 1487 1554 Cognovi
1518 1521 1641 1548 uirtutem
1674 1531 1706 1549 ea;
1744 1532 1785 1551 me

165 1577 247 1596 sum:
269 1576 278 1593 ι
298 1567 350 1594 Per
375 1573 410 1599 te,
436 1571 523 1593 mater
540 1565 621 1600 Virgo
637 1570 744 1599 sancta,
770 1566 814 1593 lux
833 1571 874 1593 est
888 1567 948 1594 orbi

168 1604 283 1642 ieddiia.
302 1623 311 1638 1

200 1662 239 1687 Ac
257 1666 386 1687 rursum:
405 1668 414 1684 t
433 1657 471 1685 Ex
487 1663 511 1685 te
526 1665 644 1685 massam
660 1665 743 1685 uicani
758 1658 882 1693 sumpsit.
902 1667 912 1685 ι

203 1706 320 1733 Sanctus
348 1704 484 1732 Maximus
515 1705 542 1731 iu
579 1704 694 1738 dialogis
724 1705 855 1731 adversiis
877 1704 950 1730 Ano-

167 1759 290 1785 nimum,
323 1751 467 1782 (Mundis,
500 1750 608 1784 luquit,
633 1750 731 1776 munda
761 1755 823 1777 sunt
846 1751 948 1778 omnia.

166 1798 289 1832 Namque
311 1797 382 1831 apud
399 1795 536 1831 nosjuxta
560 1802 643 1822 sacra:
658 1794 805 1829 Scriptura:
821 1796 948 1823 intentio-

168 1853 241 1876 nem,
262 1852 308 1879 per
319 1851 405 1878 quem,
431 1843 499 1869 idcni
524 1846 567 1869 est
583 1841 666 1876 quod,
692 1848 725 1867 ex
744 1849 805 1876 quo.
829 1842 950 1877 Denique

167 1891 233 1917 dicit
247 1889 277 1916 Β.
295 1888 394 1916 Paulus
409 1897 415 1915 :
433 1886 534 1914 Fidelis
550 1886 630 1919 Deus,
644 1894 775 1921 perqueiii
789 1888 874 1914 uocati
887 1893 950 1914 estis

167 1937 194 1964 in
210 1935 417 1962 communionem
434 1932 500 1960 Filii
514 1933 569 1968 ejus
583 1933 633 1960 υ.»

207 1982 291 2009 Divus
318 1984 408 2008 autem
445 1981 657 2015 Chrysostomus
680 1987 762 2014 Super
775 1979 949 2014 Evangelium

169 2026 294 2058 Joannis,
310 2033 371 2052 cuiu
395 2028 554 2059 exponeret,
571 2023 643 2058 quod
662 2024 779 2050 dicitur:
798 2022 894 2050 Omnia
905 2031 951 2057 per

168 2073 253 2106 ipsum
270 2073 342 2107 facta
367 2075 439 2103 sunt,
465 2070 521 2097 ait:
544 2069 701 2100 tVerbum,
728 2077 760 2096 ex
791 2077 854 2104 quo,
878 2070 951 2105 quod

170 2118 253 2144 \cluti
269 2118 353 2144 solius
366 2115 453 2143 Patris
465 2116 631 2151 praecipuum
651 2123 682 2143 ac
691 2115 830 2149 singulare
839 2115 950 2148 asseris,

170 2162 251 2188 ctiam
270 2162 302 2188 dc
318 2160 388 2187 Filio
406 2160 506 2188 Paulus
523 2160 637 2195 loquens
650 2161 759 2195 posuit:
778 2160 819 2187 Ea:
835 2169 896 2195 quo,
911 2160 951 2186 iii-

169 2207 279 2240 quiens,
292 2213 367 2231 omne
378 2212 472 2239 corpus
494 2213 540 2238 per
553 2211 635 2231 nexus
661 2204 833 2238 etjuncturas
846 2212 952 2238 compa-
970 2198 992 2226 ο

171 2257 240 2278 ctum
267 2256 292 2278 et
317 2258 464 2277 connexum
491 2250 583 2276 crescit
608 2250 635 2276 in
659 2255 828 2283 augmentum
857 2249 903 2276 Dei
921 2251 954 2276 ".

172 2297 265 2331 meque
283 2297 334 2324 hoc
355 2297 414 2323 solo
432 2299 595 2326 contentus,
613 2294 721 2321 aliunde
745 2302 854 2329 quoque
876 2295 956 2322 nobis

172 2350 219 2369 ora
239 2342 368 2371 obstruit,
398 2341 479 2372 istud,
502 2348 547 2374 per
563 2348 651 2372 quem,
668 2341 740 2375 quod
758 2342 955 2368 imiuiiiutiouis

173 2394 234 2414 csse
259 2386 338 2418 dicis,
362 2385 435 2412 Patri
463 2387 616 2420 assignans.
634 2384 735 2412 Fidelis
749 2385 833 2418 enim,
856 2385 954 2420 inqu:t,

173 2433 242 2460 Deus
258 2437 296 2460 est
306 2439 353 2463 per
366 2439 442 2466 quem
454 2431 537 2458 uocati
547 2431 609 2457 estis
623 2431 650 2457 in
661 2431 868 2457 communionem
885 2430 950 2457 Filii

173 2479 267 2514 ipsius.
292 2477 325 2504 Et
346 2479 475 2504 rursum:
498 2476 549 2503 Per
576 2476 736 2504 toluntatem
758 2477 804 2504 Dei
816 2477 850 2504 ’³.
866 2477 954 2512 Atque

174 2526 227 2551 :ilio
245 2525 270 2551 iu
287 2524 363 2551 locu.
382 2523 515 2555 Quoniam
528 2531 560 2550 ea:
582 2523 650 2557 ipso,
669 2527 692 2549 et
716 2531 760 2556 per
774 2523 870 2558 ipsum,
885 2527 909 2549 et
929 2531 954 2548 ιιι

174 2579 231 2604 ipso
250 2576 310 2596 sunt
329 2571 417 2596 omnia
433 2569 466 2595 “.
483 2568 577 2603 Neque
600 2569 668 2596 Filio
686 2569 772 2596 solum
799 2568 956 2596 attribuitur

172 2624 205 2642 ex
223 2624 284 2651 quo,
307 2617 354 2643 sed
369 2623 394 2643 et
410 2615 524 2650 Spiritui
541 2620 646 2643 sancto.
662 2616 706 2642 Ait
723 2615 793 2642 enim
808 2617 841 2644 ad
856 2615 955 2650 .losrph

211 2707 232 2722 ¹⁰
243 2707 322 2734 Joau.
337 2714 390 2736 xw,
404 2705 430 2734 6.
469 2705 490 2721 "
507 2704 515 2731 Ι
532 2705 595 2732 Cor.
613 2719 630 2738 .,
646 2705 673 2732 9.

712 2706 734 2721 "
748 2705 852 2734 Coloss.
870 2713 900 2739 ii,
922 2706 962 2733 l9.

176 2743 200 2758 ³⁵
213 2742 292 2770 .loaii.
311 2750 364 2774 xw,
386 2741 429 2768 Η.
468 2741 490 2757 ¹⁷
507 2740 572 2768 Luc.
588 2749 643 2773 viii,
661 2742 705 2768 64.

1002 1561 1088 1587 exisse
1101 1561 1134 1588 ".
1155 1561 1280 1597 Ipsique,
1306 1565 1350 1591 cui
1375 1566 1585 1600 contradicunt,
1619 1569 1731 1601 gratiam
1758 1575 1785 1597 et

1002 1607 1173 1634 t-tlic'ientiam
1193 1608 1344 1637 iiicreatam
1361 1612 1538 1643 arbitrantes,
1557 1621 1603 1648 per
1623 1614 1732 1646 Filium,
1745 1621 1787 1642 ιιι-

1002 1662 1055 1689 que
1069 1662 1102 1682 ex
1125 1653 1193 1681 Filio
1208 1656 1358 1690 procedere
1375 1656 1534 1686 diil'ereiiter
1561 1658 1734 1686 confitentur.
1754 1660 1787 1688 Et

1003 1701 1028 1727 id
1058 1705 1189 1735 praeterea
1215 1706 1332 1734 constat,
1362 1710 1409 1729 eos
1438 1704 1496 1737 qui,
1522 1712 1578 1738 per,
1597 1707 1787 1733 tantummodo

1003 1746 1072 1774 Filio
1092 1747 1247 1782 assignant,
1273 1756 1323 1780 ex,
1350 1748 1526 1781 auferentes,
1548 1751 1680 1778 minori-ni
1706 1751 1787 1780 Patre

1004 1792 1103 1820 Filium
1119 1794 1276 1821 necessario
1290 1795 1425 1822 dicturos.
1437 1794 1493 1823 Iloc
1509 1797 1611 1831 quippe
1626 1798 1786 1826 minutionis

1004 1840 1111 1875 signum
1134 1840 1275 1867 haereticus
1290 1847 1410 1873 sumere,
1427 1841 1641 1873 Chrysostonins
1657 1845 1705 1870 ait.
1728 1843 1786 1871 Non

1004 1886 1097 1919 igitur,
1112 1892 1169 1920 per,
1186 1890 1282 1913 sancto
1298 1885 1412 1921 Spiritui
1429 1886 1552 1919 reddere,
1570 1888 1623 1915 ulla
1640 1891 1788 1918 necessitas

1004 1936 1093 1967 coget.
1109 1931 1205 1967 Neque
1225 1931 1299 1959 enim
1315 1932 1405 1959 dictus
1425 1938 1467 1959 est
1483 1933 1569 1960 Filius
1595 1942 1626 1960 ex
1644 1934 1724 1962 Patre
1736 1927 1787 1971 per

1006 1977 1138 2012 Spiritum
1171 1977 1266 2010 nasci,
1288 1985 1375 2012 neque
1397 1977 1497 2005 Filiuin
1521 1987 1553 2006 cx
1579 1978 1683 2014 Spiritu
1719 1981 1788 2009 ratio

1005 2023 1203 2058 qualiscunque
1223 2024 1315 2051 dicere
1336 2024 1442 2059 urgebit

1041 2067 1185 2100 Praeterea,
1214 2068 1339 2102 plurimis
1364 2069 1390 2095 in
1411 2070 1478 2097 locis
1501 2072 1697 2105 opusculorum
1723 2081 1788 2100 suo-

1005 2121 1064 2140 rum
1082 2113 1169 2141 sancti
1187 2113 1293 2147 Patres,
1309 2122 1342 2142 ex
1356 2114 1425 2142 Filio
1441 2123 1501 2143 esse
1515 2121 1639 2144 sanctum
1656 2117 1787 2152 Spiritum

1006 2161 1210 2187 commendant.
1235 2160 1275 2187 Ae
1296 2161 1415 2195 primum
1436 2161 1585 2197 Gregorius
1617 2162 1788 2199 Tlieologus,

1005 2206 1032 2233 in
1051 2205 1099 2233 lib.
1117 2205 1155 2233 De
1174 2205 1277 2240 Spiritu
1290 2211 1392 2240 sancto,
1403 2215 1417 2234 a
1432 2209 1570 2236 contrario
1585 2209 1718 2237 rationem
1736 2210 1791 2237 for-

1005 2259 1105 2279 mans:
1124 2261 1134 2278 t
1154 2251 1224 2285 Quid
1248 2260 1312 2286 ergo
1335 2253 1412 2280 deest
1436 2253 1562 2288 Spiritui,
1584 2263 1618 2282 ne
1632 2254 1718 2283 Filius
1733 2257 1791 2283 sit?

1004 2296 1056 2322 nisi
1082 2296 1155 2323 enim
1171 2296 1273 2331 aliquid
1290 2297 1407 2329 deesset,
1424 2297 1509 2326 Filius
1528 2299 1650 2334 profecto
1677 2306 1762 2329 esset.
1779 2311 1789 2327 ι

1003 2340 1061 2368 Hac
1086 2348 1178 2369 autem
1205 2343 1360 2377 objections
1384 2344 1483 2378 posita,
1499 2345 1627 2379 protinus
1650 2346 1790 2381 adjungit:

1008 2395 1017 2412 ι
1041 2385 1100 2414 Non
1124 2387 1161 2414 illi
1178 2388 1318 2422 quippiam
1334 2388 1431 2416 deesse
1454 2388 1584 2417 dicimus.
1602 2389 1673 2418 Deus
1688 2392 1791 2426 quippe

1009 2432 1110 2460 nullius
1127 2440 1210 2468 egens
1233 2439 1294 2466 est;
1310 2434 1356 2461 sed
1383 2435 1574 2466 emanatiouis,
1588 2441 1617 2462 ut
1638 2436 1675 2462 ita
1689 2436 1791 2470 dicam,

1008 2478 1169 2514 habitusque
1183 2480 1215 2507 ad
1233 2480 1348 2508 invicem
1363 2480 1526 2513 didereutia,
1543 2481 1713 2515 differentem
1730 2483 1792 2510 illii-

1009 2532 1068 2556 rum
1087 2526 1294 2560 appellationem
1323 2526 1398 2554 fecit.
1427 2536 1436 2552 ι
1465 2525 1543 2554 Hunc
1565 2531 1655 2554 autem
1673 2527 1736 2555 Filii
1759 2529 1792 2555 ad

1010 2571 1142 2606 Spiritum
1163 2570 1289 2599 sanctum
1316 2573 1438 2600 habitum
1457 2573 1524 2608 (‘22),
1540 2578 1623 2608 atque
1647 2581 1663 2601 e
1685 2579 1792 2607 contra,

1011 2616 1150 2652 Nysscnus
1163 2618 1244 2644 etiam
1261 2617 1423 2653 Gregorius,
1449 2626 1533 2654 super
1557 2619 1683 2646 oratione
1704 2619 1794 2646 Domi-

1001 2708 1023 2723 "
1040 2707 1047 2733 l
1063 2707 1123 2735 Cor.
1140 2715 1158 2740 ι,
1177 2708 1202 2735 i.

1241 2709 1264 2724 "
1278 2707 1384 2736 Coloss.
1403 2715 1431 2742 ιι,
1449 2709 1492 2737 I6.
1540 2709 1561 2725 "
1582 2709 1675 2736 Matth.
1705 2717 1723 2740 I,
1748 2707 1792 2734 ΞΟ.

210 2833 265 2867 ('22)
299 2834 368 2869 Lege
392 2833 584 2862 Bellarmiuuni
617 2833 634 2859 l.
667 2840 684 2859 II
713 2831 748 2858 De
779 2831 893 2864 Clu-isto,
926 2840 949 2858 c.
971 2831 1017 2858 25.
