1934 3063
163 115 200 148 to
724 117 925 148 ADVERSUS
943 117 1100 148 caecos
1118 118 1192 148 LIB.
1216 117 1241 146 ι.
1747 115 1782 147 50

162 175 223 202 nica
243 173 357 201 afﬁrmat
371 174 488 202 dicens:
507 184 515 201 I
537 175 621 203 Filius
636 179 726 203 autem
751 176 839 203 sancti
860 176 945 211 Spiri-
963 181 988 212 Α
1037 175 1069 203 Et
1100 177 1231 211 qttoniam
1258 175 1430 211 praecogitari
1465 176 1491 202 in
1523 179 1617 202 sancta
1651 171 1786 202 Trinitazu

164 224 208 247 tus
221 228 270 247 nec
284 225 335 253 est,
352 228 401 248 nec
417 221 540 254 dicitur;
553 228 639 256 neque
651 222 861 250 conversionem
878 222 951 250 acci.

164 267 203 302 pit
219 267 338 300 habitus,
360 267 411 295 ista
427 269 635 303 consequentia.
656 277 666 294 ι

196 323 332 356 Quoniam
357 324 441 358 igitur
474 330 586 360 propter
613 325 748 353 materite'
765 325 950 353 omnimodam

162 370 340 401 amotionem,
362 378 552 406 supremaque
575 371 649 399 illius
672 371 800 399 essentia:
825 370 952 398 identita-

163 420 215 453 tvm
244 421 325 450 alque
346 416 668 450 incommutabilitatem,
693 426 783 453 neqtte
797 417 949 446 secundum

164 461 265 496 majus,
282 466 329 489 aut
344 463 448 493 minus.
464 463 629 498 printumve,
646 469 694 491 ant
709 469 889 499 postremum.
906 470 951 490 ne-

162 514 216 541 que
229 508 380 535 secundant
391 509 473 535 aliam
489 510 570 536 ullam
585 510 760 537 eminentiam
774 510 842 538 ordo
869 515 950 546 atque

164 551 275 579 habitus
295 553 322 579 in
338 553 439 580 divinis
464 555 590 588 personis
602 563 620 591 _a
636 555 772 590 theologis
795 556 948 590 accipitur:

162 605 251 632 neque
263 600 336 626 enim
351 598 392 627 fas
411 605 463 632 est,
481 600 639 632 huiusmodi
660 602 742 629 rebus
757 602 846 629 locum
863 603 948 629 ullum

164 642 189 669 in
206 643 263 670 Deo
277 651 360 677 esse;
379 646 465 671 solum
490 650 582 672 autent
597 647 748 674 secundutn
775 647 946 679 relationem,

162 696 343 725 causamque,
359 696 385 718 et
402 692 512 719 causale
532 692 693 726 suscipitur,
717 693 946 728 quemadmodum

163 734 188 759 in
208 733 289 760 Patre
315 742 346 761 ac
365 734 445 768 Filio,
461 736 557 762 relatio
587 742 614 764 et
638 737 746 764 habitus
769 742 796 765 et
819 737 946 770 traditur,

162 784 188 806 et
202 780 347 812 creditur;
365 780 412 807 sed
430 785 457 808 et
477 781 503 808 in
531 782 610 809 Patre
635 790 666 810 ac
683 783 786 818 Spiritu
809 783 947 816 similiter,

160 825 235 860 juxta
259 826 364 853 scilicet
387 827 515 854 traditam
541 827 719 856 differentiam
751 837 947 864 processuum,

162 870 270 903 liquet,
308 871 372 905 quia
398 872 478 898 etiaut
504 873 621 900 tradittts
647 880 662 900 a
692 874 795 901 sanctis
821 873 883 903 Filii
917 881 949 901 ac

162 915 284 949 Spiritus
298 916 332 942 ad
350 916 466 944 inticent
483 917 603 950 habitus.
621 918 716 946 eadem
730 919 837 947 ratione
855 927 949 947 neces-

161 961 233 987 sario
250 962 385 994 redditur,
399 967 428 989 ιιι
442 969 488 990 attt
502 963 600 990 Filium
617 964 804 999 Spiritus,aut
817 965 947 999 Spiritum

163 1007 223 1034 Filii
247 1015 360 1036 causam
384 1009 531 1042 fateamur,
550 1012 678 1044 maxime,
697 1013 772 1047 quia,
792 1016 821 1040 ut
844 1012 948 1040 dictum

162 1058 212 1085 est,
233 1054 344 1081 divinas
383 1063 514 1089 personas
540 1057 567 1083 in
593 1058 650 1084 sola
678 1065 762 1086 causa
792 1059 950 1094 causalique

162 1099 281 1126 discerni
297 1100 539 1134 deprehendimus.
557 1102 631 1130 Alias
650 1104 723 1131 enint
738 1104 771 1131 ad
788 1104 949 1131 alterutrum

162 1144 247 1172 Filius
285 1153 318 1172 ac
343 1146 463 1181 Spiritus
493 1147 668 1175 habitualiter
691 1157 745 1176 tton
770 1149 947 1183 referrentur,

163 1198 250 1226 neque
282 1192 399 1220 traditus
429 1199 589 1221 servaretur
607 1195 729 1223 habitus.
753 1196 834 1231 Atqui
864 1196 949 1224 Filius

163 1241 275 1264 sanctus
299 1237 418 1272 Spiritus
440 1246 529 1274 neque
545 1245 602 1272 cst,
619 1248 708 1276 neque
722 1241 843 1274 dicitur;
862 1249 950 1276 neque

163 1284 301 1310 cenvertit
323 1283 433 1312 habitus
457 1285 508 1312 ista
526 1287 735 1324 consequentia.
758 1287 852 1322 Neque
876 1287 949 1315 enim

162 1327 238 1359 juxta
265 1328 421 1362 expositum
450 1329 525 1356 illius
552 1331 712 1359 substantia:
733 1339 894 1367 processum
916 1340 950 1360 ex

165 1372 241 1400 Patre
257 1381 307 1408 per
322 1373 453 1409 Spiritunt
470 1375 607 1404 nascitttr.
624 1377 760 1411 Quocirca
787 1385 876 1413 neque
890 1378 949 1406 Filii

163 1425 245 1445 causa
268 1417 388 1453 Spiritus
406 1425 459 1448 est.

197 1473 347 1509 Reliquum
362 1480 403 1503 est
418 1476 503 1510 igitur
515 1476 614 1504 Filium
630 1479 719 1506 sancti
736 1479 855 1514 Spiritus
871 1480 949 1508 fateri

163 1525 289 1551 causam,
308 1521 374 1555 quia
401 1521 492 1549 dictus
506 1528 548 1549 est
563 1530 594 1550 ex
611 1522 692 1551 Patre
709 1532 756 1559 per
768 1524 866 1552 Filium
886 1534 950 1561 pro-
962 1515 986 1545 C

163 1566 275 1597 cedere,
291 1567 441 1594 secuttdum
458 1568 564 1596 scilicet
577 1569 784 1598 substantialem
801 1571 874 1599 illius
885 1580 950 1606 pro-

163 1614 389 1648 cessumzjnxta
413 1622 493 1650 quem
519 1620 548 1643 et
575 1624 725 1651 processus
748 1618 864 1652 ratione,
878 1626 949 1652 esse.

165 1658 263 1690 labet,
283 1664 310 1686 et
331 1661 399 1687 ordo
419 1661 452 1687 ad
469 1661 648 1695 alterutrum,
665 1669 693 1690 et
712 1663 838 1697 habitus,
856 1672 888 1692 ac
904 1673 951 1700 per

163 1711 339 1739 consequens
353 1705 481 1733 discretio
494 1712 628 1735 servatur.
644 1707 724 1736 Unde
739 1711 835 1737 nterito
849 1710 950 1738 dictum

165 1753 223 1781 est,
244 1758 302 1777 non
326 1752 448 1778 converti
475 1752 585 1780 habitus
610 1753 690 1781 istam
716 1756 951 1790 consequentiam,

165 1796 388 1831 quandoquidem
424 1805 512 1832 neque
534 1806 713 1834 personarum
742 1809 887 1835 processus
920 1810 952 1830 ac

165 1842 320 1869 substantia
333 1844 515 1877 convertitur.
529 1844 622 1880 Neque
635 1846 708 1874 enint
724 1846 810 1875 Filius
824 1855 855 1875 ex
873 1848 953 1876 Patre

165 1895 212 1922 per
236 1888 372 1922 Spiritum
398 1891 531 1918 nascitur.
550 1890 588 1918 Ex
607 1899 661 1926 quo
683 1900 750 1920 sane
775 1894 951 1922 mattifestum

167 1939 218 1968 est,
235 1935 322 1962 etiam
343 1944 376 1963 ex
397 1935 469 1964 Filio
490 1936 538 1964 Dei
561 1938 710 1972 procedere
738 1938 873 1974 Spiritutn
889 1948 954 1968 san—

167 1986 251 2009 ctum.

199 2038 344 2074 Nysscnus
361 2044 489 2073 praeterea
504 2039 651 2075 Gregorius
671 2041 697 2067 in
718 2048 805 2074 prtnto
821 2041 954 2074 Quaestio-

169 2094 231 2112 nutn
252 2086 387 2113 adversus
403 2085 578 2119 Eunomium,
593 2086 664 2113 circa
690 2086 770 2113 linetn
781 2107 788 2120 ,
803 2094 864 2114 cum
884 2095 954 2121 prte-

169 2131 300 2162 tnisissm,
316 2130 374 2158 sola
389 2138 479 2158 causa:
495 2131 600 2158 ratione
614 2129 721 2158 Patrem
737 2130 804 2158 Filio
819 2131 953 2166 praeferri,

1002 223 1074 257 qu-rd
1093 222 1203 254 dicitur.
1229 229 1323 249 eorum
1348 227 1399 254 est,
1419 222 1452 253 in_
1468 222 1569 256 quibus
1596 221 1725 255 cogitatio
1758 227 1783 247 ct

1002 269 1111 296 habitus
1126 268 1248 296 videlicet
1266 269 1415 296 secundum
1433 276 1566 302 personas
1581 272 1621 294 cst
1635 275 1642 300 ;
1656 267 1786 302 cogitatui

1002 319 1092 341 autent
1128 318 1155 341 et
1177 314 1302 346 habitus,
1328 314 1355 341 in
1378 315 1479 349 quibus
1502 313 1632 341 discretio
1656 318 1708 345 est,
1725 321 1785 340 esse

1001 359 1090 391 solet;
1110 359 1240 387 discretio
1258 367 1323 386 vero
1340 361 1366 386 in
1387 359 1444 387 sola
1459 367 1554 389 causa.
1568 363 1594 386 et
1611 359 1715 386 causali
1731 364 1783 390 est.

1002 409 1084 439 atque
1100 404 1250 439 accipitur;
1269 405 1407 439 colligitur
1426 405 1497 439 jam,
1520 405 1690 440 prtecogitari
1711 405 1785 439 quod

1001 450 1207 482 dicitur,501nm
1223 451 1372 478 secundum
1386 458 1497 478 causam
1525 455 1551 477 et
1566 450 1638 484 quod
1653 457 1685 476 ex
1701 457 1784 476 causa

1000 501 1053 527 est,
1071 496 1096 522 in
1123 501 1216 523 sancta
1240 503 1273 524 ac
1300 495 1455 523 beatissima
1480 495 1615 522 Trinitate
1638 502 1652 521 a
1682 494 1789 522 sanctis

1001 541 1129 569 Patribus
1147 541 1211 568 dici.

1038 587 1096 618 llic,
1116 588 1139 615 si
1163 587 1225 623 quis
1247 595 1354 614 rursum
1373 594 1462 622 priora
1488 587 1588 613 inferat
1604 591 1633 613 ut
1653 593 1786 620 quoniam

1001 634 1105 661 scilicet
1124 634 1216 666 Pater,
1235 639 1262 661 et
1278 633 1357 660 Pater
1381 638 1408 660 et
1420 633 1567 666 productor
1583 636 1634 664 cst,
1650 632 1785 666 Paterque

1000 680 1033 706 ad
1050 679 1148 706 Filium
1169 679 1343 706 continenter
1357 679 1502 706 redditur:
1521 679 1669 713 productor
1688 677 1721 704 ad
1746 678 1782 709 id,

1000 726 1072 761 quod
1092 726 1260 760 producitur,
1278 725 1407 757 refertur,
1423 733 1485 752 cum
1501 733 1533 751 ex
1563 724 1643 751 Patre
1663 723 1783 757 Spiritus

999 773 1116 802 dicatur,
1129 771 1225 799 Filium
1237 776 1298 798 ante
1308 779 1388 806 quant
1402 771 1520 801 Patrem.
1531 770 1650 805 cogitare
1663 769 1780 803 compel-

1002 819 1093 851 litnur,
1109 826 1142 846 co
1158 818 1231 853 quod
1256 817 1345 845 Patris
1360 825 1458 845 nomen
1475 817 1507 844 ad
1526 816 1624 844 Filium
1641 816 1783 847 redditur;

1000 865 1100 899 quippe
1113 872 1189 892 mens
1205 869 1308 897 nostra,
1325 872 1385 899 quze
1398 865 1431 890 ad
1451 863 1566 890 inviaem
1583 862 1694 890 relativa
1708 867 1782 892 sunt,

999 910 1081 938 simul
1102 911 1223 945 cogitare
1242 911 1394 937 consuevit.
1412 909 1530 944 Spiritus
1545 908 1616 935 enitn
1633 915 1666 935 ex
1693 908 1799 937 Patre.-

1001 964 1054 983 non
1082 957 1232 984 secundum
1258 958 1329 991 quod
1354 956 1443 988 Pater,
1459 956 1506 983 sed
1533 955 1683 982 secundum
1711 955 1783 988 quod

999 1002 1148 1037 productor
1159 1006 1213 1034 est,
1227 1001 1339 1029 dicitur.
1354 1001 1472 1036 Spiritus
1485 1000 1556 1028 enim
1570 1001 1646 1035 juxta
1659 1004 1783 1026 sanctum

1001 1048 1158 1081 Maximum,
1174 1048 1282 1075 Patrem
1309 1056 1362 1074 non
1379 1047 1471 1074 habet.
1494 1047 1561 1074 Cum
1583 1055 1648 1073 vero
1663 1046 1786 1080 Spiritus

999 1103 1031 1122 ex
1056 1094 1222 1129 productore
1244 1093 1357 1125 dicitur,
1375 1093 1538 1127 productum
1568 1092 1700 1126 Spiritum
1722 1096 1786 1118 ante

1000 1139 1099 1166 Filium
1118 1139 1238 1175 cogitare
1263 1138 1419 1166 necessario
1436 1138 1570 1172 cogimur,
1586 1137 1658 1170 quod
1682 1137 1786 1172 produ-

1002 1185 1085 1212 cteris
1099 1191 1198 1212 nomen
1209 1184 1241 1210 ad
1257 1184 1419 1218 productum
1434 1183 1587 1215 referatur;
1602 1190 1649 1217 per
1665 1181 1784 1208 medium

1000 1234 1090 1256 autem
1116 1229 1320 1264 productorem,
1343 1233 1370 1256 et
1393 1229 1501 1256 Patrem
1522 1227 1614 1261 simul,
1640 1232 1666 1255 et
1683 1227 1783 1254 Filium

1000 1274 1093 1302 animo
1104 1282 1222 1302 versare.
1270 1269 1272 1271 ’

1035 1321 1063 1348 Si
1088 1321 1150 1355 quis
1177 1320 1259 1355 igitur
1285 1320 1343 1347 haec
1372 1324 1400 1348 et
1416 1319 1574 1355 huiusmodi
1596 1319 1630 1346 de
1655 1325 1688 1345 eo
1713 1317 1788 1352 quod

1001 1366 1172 1401 praecogitari
1188 1366 1299 1399 dicitur,
1315 1367 1426 1399 asserit,
1442 1373 1489 1400 per
1505 1373 1565 1399 quae
1580 1365 1638 1392 haec
1664 1364 1786 1391 habitum

1001 1421 1033 1440 ac
1054 1412 1248 1440 discretionem
1272 1411 1335 1439 Filii
1359 1417 1388 1439 et
1415 1412 1545 1447 Spiritus,
1561 1418 1747 1445 causamque,
1761 1415 1789 1438 et

1001 1459 1073 1493 quod
1089 1466 1121 1485 ex
1137 1465 1220 1486 causa
1237 1462 1291 1490 est,
1311 1465 1364 1491 una
1381 1458 1526 1485 excludere
1545 1457 1658 1484 nititur:
1677 1457 1720 1484 ltic
1738 1465 1786 1483 ne-

1002 1503 1124 1530 cessario
1144 1508 1268 1538 cogetur.
1291 1502 1439 1535 aliquando
1464 1502 1574 1537 quidem
1592 1502 1725 1536 Spiritum
1755 1509 1788 1527 ex

1004 1549 1085 1576 Patre
1098 1556 1146 1584 per
1164 1548 1264 1575 Filium
1280 1549 1426 1582 procedere
1451 1548 1541 1580 fateri,
1559 1548 1706 1583 aliquando
1724 1555 1788 1574 vero

1003 1594 1103 1622 Filinttt
1121 1602 1154 1621 ex
1177 1595 1352 1628 productore,
1368 1602 1416 1629 per
1431 1595 1591 1629 productuur
1615 1594 1699 1629 gigni.
1732 1593 1788 1620 lmo

1004 1641 1031 1668 id
1049 1641 1158 1675 quidem
1174 1645 1266 1675 aperte
1280 1648 1307 1667 et
1320 1640 1425 1672 dicuttt,
1437 1645 1465 1668 ct
1480 1641 1612 1668 scribunt.
1628 1639 1700 1666 Nihil
1714 1639 1787 1666 enim

1006 1687 1152 1721 proltibere
1166 1686 1243 1721 juxta
1260 1686 1499 1713 ratiocinationem
1522 1693 1600 1713 suattt
1614 1685 1688 1713 Patri
1706 1685 1789 1712 etiam

1005 1732 1103 1759 Filiunt
1120 1739 1288 1767 praeponere.
1305 1732 1393 1767 Atque
1411 1732 1462 1760 hac
1476 1733 1593 1764 ratione,
1608 1737 1635 1759 et
1653 1739 1700 1767 per
1721 1731 1789 1758 iuri-

1005 1785 1065 1805 ccm
1082 1783 1108 1806 et
1121 1786 1154 1805 ex
1172 1778 1286 1805 invicem
1300 1783 1392 1805 erunt.
1413 1777 1467 1806 Sed
1481 1778 1554 1805 enitn
1572 1780 1624 1806 hoc
1639 1784 1666 1805 ct
1680 1778 1789 1810 falsum,

1006 1827 1033 1850 ct
1055 1824 1245 1858 blasphcmum
1266 1831 1338 1856 esse,
1365 1832 1448 1859 supra
1472 1823 1529 1859 jam
1554 1824 1722 1851 declaratum
1737 1828 1789 1850 est.

1007 1869 1062 1897 llac
1075 1870 1147 1896 enim
1166 1869 1291 1897 ratione:
1312 1878 1365 1897 non
1391 1870 1456 1905 quia
1479 1869 1566 1897 Filius
1583 1878 1617 1896 ex
1641 1869 1722 1895 Patre
1737 1873 1789 1900 est,

1006 1915 1108 1942 idcirco
1131 1922 1163 1942 ex
1185 1915 1265 1942 Patre
1279 1923 1341 1943 esse
1356 1916 1469 1948 dicitur,
1484 1923 1572 1950 neque
1588 1916 1651 1949 quia
1669 1914 1790 1948 Spiritus

1006 1964 1118 1987 sanctus
1137 1968 1170 1987 ex
1186 1959 1266 1988 Patre
1287 1967 1335 1994 per
1355 1960 1454 1987 Filium
1480 1960 1611 1995 procedit,
1637 1959 1790 1986 secundum

1007 2006 1213 2034 substantialem
1232 2006 1293 2041 ejus
1327 2011 1513 2040 aeternumque
1534 2013 1691 2040 procrssum
1705 2024 1712 2037 ,
1731 2005 1791 2032 ideo

1006 2053 1041 2078 ita
1056 2052 1203 2086 procedere
1221 2059 1236 2079 a
1253 2052 1387 2086 theologis
1404 2052 1546 2084 asset-itur,
1566 2052 1611 2078 sed
1639 2051 1704 2086 quia
1719 2050 1791 2078 dici-

1007 2102 1060 2128 tur,
1078 2097 1138 2124 ideo
1158 2105 1187 2124 se
1201 2098 1238 2123 ita
1255 2096 1358 2124 habet:
1374 2096 1515 2130 dictioquc
1531 2101 1623 2123 nostra
1652 2097 1690 2122 rei
1708 2103 1791 2123 causa

1007 2147 1059 2176 est,
1074 2150 1105 2170 ac
1117 2150 1166 2176 pro
1179 2142 1294 2170 arbitrio
1307 2142 1435 2170 dictionis
1458 2150 1490 2169 ac
1505 2142 1655 2177 phantasia:
1679 2145 1788 2174 nostrm,

170 2177 290 2213 addidit;
311 2185 320 2202 ι
341 2176 413 2203 ldetn
433 2181 460 2203 et
482 2176 516 2204 de
536 2180 633 2204 sancto
656 2177 757 2211 Spiritu
785 2178 864 2205 ttobis
887 2185 951 2205 sett-

1006 2188 1153 2216 immobilis
1187 2193 1361 2223 aeternusque
1400 2195 1579 2223 personarum
1616 2189 1684 2214 ordo
1723 2187 1791 2214 alias

170 2222 304 2249 ti--ndum.
332 2221 397 2249 Solo
424 2222 524 2257 quippe
549 2221 645 2250 ordine
665 2222 805 2250 ditl'erunt.
831 2223 865 2250 Ut
881 2224 953 2251 cnim

171 2267 347 2302 t'onjuttgilttt'
361 2268 433 2294 Patri
449 2267 546 2300 Filius,
565 2273 649 2303 atque
662 2276 694 2295 ex
711 2276 744 2296 eo
763 2275 824 2296 esse
839 2270 953 2302 habens,

172 2315 331 2341 substantiae
346 2319 434 2341 tamen
452 2315 557 2341 ratione
574 2314 707 2349 posterior
724 2322 778 2342 non
793 2320 835 2342 est
851 2323 859 2341 :
875 2316 912 2343 ita
929 2320 956 2343 et

174 2358 318 2392 Unigcnito
339 2359 461 2394 jungitur
479 2359 599 2394 Spiritus
626 2365 738 2388 sanctus
751 2380 759 2393 ,
775 2360 834 2388 sola
854 2361 956 2395 quippe

173 2412 262 2432 causa
277 2405 382 2432 ratione
394 2405 564 2440 prmspicitur
590 2413 622 2434 ac
636 2406 779 2441 praefertur
793 2406 878 2434 Filius
891 2408 955 2434 sub-

175 2452 283 2479 stantia:
299 2452 429 2487 Spiritus.
452 2461 462 2478 ι

210 2508 323 2542 Deinde,
357 2517 390 2536 ne
413 2509 476 2544 quis
500 2517 533 2537 ex
559 2509 636 2537 hisce
659 2510 749 2538 verbis
778 2510 854 2545 prius
876 2515 957 2545 atque

177 2555 321 2588 posterius.
338 2555 434 2582 localia
450 2556 531 2582 etiam
551 2555 675 2591 quaedam
689 2564 721 2584 ac
738 2557 899 2591 temporalia
918 2557 957 2583 iu-

178 2601 287 2628 tervalla
301 2601 355 2628 Deo
368 2602 491 2629 accidere
505 2602 696 2635 arbitraretur,
711 2610 743 2630 ex
758 2611 814 2638 qtto
831 2604 958 2631 substan-

177 2647 221 2673 tiae
245 2647 429 2680 indivisibile,
449 2653 532 2682 atque
558 2647 700 2679 identit.ts,
726 2649 957 2684 singularitasque

179 2692 329 2724 tolleretur,
347 2697 458 2720 secutus
472 2693 598 2728 adjunin
614 2701 620 2720 :
644 2702 653 2718 ι
675 2693 852 2728 Temporalcs
868 2701 957 2722 autem

181 2745 261 2765 morm
278 2739 304 2765 in
323 2742 423 2765 acterna
438 2739 503 2772 vita,
519 2739 610 2766 locum
631 2747 684 2765 non
708 2739 809 2767 hab-snt
825 2761 833 2773 ,
852 2745 880 2767 ut
897 2749 957 2768 cum

181 2792 268 2812 causa:
283 2786 353 2812 ratio
365 2785 484 2819 prazferri
498 2786 615 2817 dicatur,
630 2786 657 2812 itt
673 2786 747 2813 nullo
760 2792 850 2814 tatnctt
865 2793 957 2814 sancta

184 2830 300 2859 Trinitas
314 2831 366 2859 sibi
383 2831 485 2859 discors
499 2839 559 2859 esse
577 2832 674 2867 possit.
696 2841 707 2859 ι

1008 2235 1086 2261 aliter
1100 2234 1221 2268 habebit,
1237 2234 1384 2269 simulque,
1409 2241 1443 2261 ne
1461 2234 1590 2261 discretio
1603 2234 1711 2268 quidem
1730 2232 1790 2260 Filii

1008 2287 1040 2306 ac
1068 2279 1187 2314 Spiritus
1212 2279 1350 2307 reddetur.
1377 2279 1432 2307 Sed
1464 2279 1515 2306 ista
1550 2287 1616 2306 sane
1648 2285 1675 2306 et
1700 2279 1790 2313 inepta

1009 2326 1092 2353 simul
1107 2331 1133 2352 et
1154 2325 1307 2359 perniciosa
1327 2329 1401 2352 sunt.

1046 2372 1178 2404 Quor-ima
1192 2372 1273 2398 etiatn
1291 2371 1443 2398 rectissime
1460 2371 1570 2403 dicitur,
1589 2372 1693 2398 ordinis
1712 2373 1791 2398 istaut

1010 2419 1158 2445 novitatem
1175 2418 1332 2445 substantia:
1346 2417 1431 2452 ipsius
1458 2418 1634 2444 ah0|.tiuttettt
1653 2426 1723 2451 esse,
1750 2412 1793 2444 tn-

1009 2466 1118 2499 tiusqtte
1136 2465 1196 2491 fidei
1212 2464 1416 2499 abnegationent
1430 2473 1437 2491 :
1462 2465 1630 2498 a-qualisque
1644 2464 1795 2498 impietatis

1008 2520 1080 2543 esse,
1096 2512 1227 2546 Spiritum
1247 2516 1372 2538 sanctum
1395 2516 1548 2538 creaturam
1563 2511 1698 2542 conﬁteri,
1715 2519 1795 2537 cum-

1009 2566 1063 2593 que
1083 2558 1123 2585 vel
1147 2558 1220 2585 Patri
1251 2563 1298 2585 aut
1323 2557 1393 2585 Filio
1423 2565 1592 2592 pint-ponere,
1626 2565 1679 2584 non
1705 2558 1793 2586 solum

1010 2609 1143 2639 tempore,
1159 2604 1206 2632 sed
1220 2605 1326 2632 ordine.
1348 2604 1376 2631 ld
1407 2605 1508 2639 quippe
1536 2605 1636 2637 aufert,
1653 2605 1726 2632 unde
1741 2609 1795 2637 est,

1011 2650 1117 2678 sublato
1135 2658 1210 2684 vero,
1227 2651 1297 2678 unde
1310 2656 1362 2684 est,
1384 2655 1411 2678 et
1427 2652 1564 2686 quomodo
1580 2657 1631 2683 cst,
1651 2651 1731 2679 simul
1747 2659 1796 2678 au-

1013 2697 1123 2730 feretur,
1136 2705 1168 2724 ac
1185 2705 1299 2732 persona
1313 2705 1373 2725 esse
1393 2698 1507 2726 desinet.
1525 2698 1638 2728 Deinde,
1661 2698 1725 2733 quid
1758 2697 1798 2724 di—

1013 2743 1085 2769 Cllll'i
1101 2747 1176 2775 sunt,
1192 2751 1253 2770 CUI“
1272 2742 1350 2771 Pulle
1377 2748 1515 2771 asscratur
1529 2745 1678 2771 secundum
1706 2750 1796 2770 causa!

1010 2788 1143 2814 rationem
1157 2791 1218 2815 ante
1236 2787 1349 2821 FlilUlll,
1367 2793 1458 2816 mente
1485 2788 1591 2822 concipi
1622 2794 1703 2822 atque
1723 2787 1794 2819 cogi-

1014 2832 1145 2862 tari?llic
1158 2833 1232 2861 enim
1259 2834 1309 2862 ista
1334 2834 1441 2862 tllurunt
1473 2833 1606 2866 expasitio
1623 2833 1712 2860 locum
1743 2836 1798 2857 non
