1934 3063
132 113 166 147 ει
759 114 956 145 MANUELIS
976 116 1134 148 curcur
1399 143 1404 147 .
1716 118 1754 151 εξ

131 166 224 195 habet.
243 167 287 195 Ait
301 167 374 196 enim
390 166 486 194 doctor
509 167 586 202 (‘23):
607 176 616 192 ι
633 167 690 200 Qua
719 172 825 194 rattone
839 166 918 194 Pater
933 171 955 199 Α
1006 171 1072 198 Cum
1090 171 1182 206 itaque
1201 178 1250 204 pro
1264 171 1393 199 confesso
1416 171 1558 204 habeatur,
1578 173 1688 200 causalc
1715 175 1754 202 illi

131 218 195 242 ante
211 213 356 248 cogitatur,
371 219 451 247 quam
464 212 549 240 Filius
559 232 567 245 ,
579 212 672 240 eadem
699 212 804 239 ratione
818 211 915 239 Filium

130 265 194 288 ante
221 259 351 295 Spiritum
381 263 506 287 sanctum
533 259 658 294 cogitari.
692 269 701 284 ι
731 259 812 294 Atqui
836 258 918 286 Pater

130 313 220 336 cauete
244 306 418 341 causalisque
430 305 535 332 ratione
549 310 611 332 ante
639 305 736 332 Filium
770 305 915 339 cogitatur.

130 354 304 381 Pramissum
322 358 364 380 est
388 357 490 385 autem,
505 357 531 379 et
556 352 652 379 Filium
682 356 746 379 ante
779 351 914 386 Spiritum

131 404 258 427 sanctum
273 405 364 426 causae
386 398 492 425 ratione
514 398 626 432 cogitari
646 401 709 424 ante
726 397 868 432 Spiritum,
884 404 916 423 ca

130 446 239 473 scilicet
257 452 352 476 causa,
368 451 449 479 qttam
465 444 523 478 ipse
536 443 616 470 habet
641 443 674 470 ad
697 442 840 477 Spiritum,
874 450 917 470 se-

129 491 247 519 cundum
264 498 345 525 quam
376 489 498 524 procedit
507 496 538 515 ex
553 488 633 515 Patre
661 495 708 522 per
730 487 846 520 Filium;
861 495 916 514 non

129 542 220 564 tamen
237 536 386 564 secundum
402 543 460 562 eam
475 543 556 570 qttam
571 534 650 561 ltabet
666 533 743 560 Pater
757 533 789 560 ad
805 533 914 560 Filium.

130 584 187 611 Hoc
205 583 278 611 enim
295 590 372 609 mens
389 581 507 608 humana
522 587 574 606 non
587 580 674 614 capit;
702 587 788 613 neqtte
803 579 916 614 cogitari

128 629 229 656 Filium
244 634 306 656 anYe
321 627 450 662 Spiritum
479 630 601 653 sanctum
623 625 663 652 fas
680 629 733 655 est.
764 629 793 651 ttt
821 626 916 652 doctor

128 674 176 703 ait.
191 673 324 706 Quoniam
343 673 425 706 igitur
439 671 532 697 eadem
553 670 664 697 omnino
681 670 787 696 ratione
815 676 916 702 praeco-

128 722 229 754 gitatur
242 725 305 746 ante
334 718 434 745 Filium
463 717 552 750 Pater;
577 721 658 751 atque
687 721 751 743 ante
785 715 914 750 Spiritum

127 766 224 797 Filius,
253 768 372 797 constat,
402 764 531 799 quoniam
571 762 656 789 Filius
685 761 802 796 Spiritus
829 761 917 789 sancti

129 817 211 837 tausa
225 813 278 836 est.

166 855 283 883 Sanctus
295 854 541 886 iuththauasins,
552 854 578 881 in
587 853 636 880 lib.
650 853 659 880 l
674 853 772 880 Contra
787 852 911 884 Arianae,
928 844 949 870 Β

130 906 192 936 post
212 901 296 929 multa
311 902 351 928 sic
367 901 424 927 ait:
446 909 454 926 t
475 900 605 926 Dominus
623 899 751 927 deitatem
779 902 806 926 et
830 897 915 932 maje»

130 952 229 975 statem
257 954 333 974 suam
363 945 504 980 discipulis
533 944 691 977 ostendens,
721 950 775 970 non
800 943 855 976 jam
873 949 914 970 se-

130 995 218 1028 ipsum
237 993 381 1023 minorem,
408 991 454 1018 sed
483 991 614 1025 majorem
640 993 668 1016 et
697 988 830 1024 :equalem
854 995 914 1015 esse

131 1038 397 1074 signiﬁcans,dahat
427 1036 535 1072 quidem
569 1035 700 1070 Spiritum
734 1040 857 1063 sanctum
888 1038 914 1060 et

130 1085 256 1112 diccbat:
273 1084 328 1119 Ego
343 1084 426 1119 ipsum
447 1084 561 1114 mittam,
572 1086 596 1109 et
614 1089 775 1116 qua’cunque
789 1079 912 1112 audit-rit,

130 1131 250 1166 loquetur
260 1131 293 1159 ’⁸.
309 1140 318 1157 ι

167 1177 199 1204 Et
213 1177 307 1211 paucis
321 1175 480 1211 inter-jcctis,
503 1181 622 1209 quonam
639 1172 720 1200 modo
745 1171 823 1199 Pater
846 1171 915 1198 Filio

129 1224 165 1250 εἰ
185 1222 271 1257 major
282 1228 425 1256 exponens
436 1221 493 1248 ait:
512 1228 521 1246 t
536 1219 667 1254 Majorem
691 1225 721 1246 se
740 1217 847 1244 Patrem
863 1215 914 1243 Do-

131 1268 221 1295 minus
237 1268 317 1299 dixit,
335 1274 388 1294 non
405 1265 596 1301 magnitudine
607 1265 710 1299 aliqua,
728 1263 769 1290 vel
779 1268 913 1296 tempore,

131 1314 178 1341 sed
195 1314 257 1348 quia
272 1321 304 1340 ex
325 1313 383 1348 ipso
401 1313 480 1339 Patre
497 1316 581 1338 natus
594 1315 647 1338 est.
670 1320 681 1336 ι
701 1309 754 1337 Sed
774 1314 800 1336 et
818 1308 916 1335 Dama-

130 1367 229 1386 scenus
245 1359 271 1385 in
292 1358 410 1393 capitulo
426 1358 458 1384 de
478 1361 571 1384 sancta
588 1355 730 1386 Trinitate,
757 1354 835 1388 cujus
864 1353 916 1380 ini~

132 1405 198 1432 tium
212 1409 253 1432 est
265 1413 271 1431 :
284 1404 420 1431 Credimus
433 1403 514 1438 igitur
526 1403 552 1428 in
564 1409 645 1428 unum
660 1401 753 1430 Deum.
770 1399 914 1433 «majorem

132 1450 239 1476 Patrem
258 1448 337 1480 Filio,
358 1455 448 1475 caus:e
465 1446 647 1478 ratione,tait.
665 1445 693 1473 Si
719 1445 800 1480 igitur
816 1449 845 1472 ιιι
873 1444 915 1472 di-

132 1501 204 1523 ctum
221 1501 272 1526 est,
288 1494 367 1521 Pater
383 1493 452 1520 Ftlio
467 1501 556 1521 causa:
571 1492 676 1527 ratione
692 1491 775 1525 major
789 1495 839 1523 est,
853 1498 918 1518 san-

131 1547 246 1576 etusque
265 1540 430 1567 Athanasiu.~
459 1539 589 1573 majorem
604 1537 705 1572 Spiritu
719 1537 817 1564 Filium
836 1533 916 1569 diiit,

131 1592 240 1614 constat
256 1586 387 1621 profecto,
402 1585 465 1611 dum
483 1585 613 1618 majorum
629 1584 704 1615 dicit,
718 1590 828 1610 causam
841 1582 916 1609 illum

134 1641 197 1661 esse
208 1633 294 1660 sancti
312 1633 430 1666 Spiritus
446 1631 601 1665 signiﬁcare
617 1630 746 1657 voluisse.
762 1629 810 1656 Sin
827 1633 918 1655 autent

131 1687 158 1708 et
170 1680 251 1708 Pater
270 1679 337 1706 Filio
350 1678 528 1705 humanitatis
552 1681 699 1710 assumptte
716 1674 818 1702 ratione
833 1674 919 1708 major

132 1735 146 1752 a
176 1726 338 1761 quihusdam
367 1725 455 1751 dictus
479 1728 532 1755 est,
551 1722 670 1756 Spiritus
699 1725 808 1749 sanctus
844 1725 918 1746 certe

133 1774 290 1799 incarnatus
304 1778 357 1797 tton
375 1773 426 1801 est,
444 1772 472 1795 ut
487 1769 576 1794 minor
591 1767 660 1793 FLlio
682 1770 813 1800 suscepta:
827 1765 918 1792 carnis

132 1817 218 1852 gratia
233 1816 350 1844 dicatur.

169 1862 224 1889 Etsi
240 1863 312 1889 enim
333 1869 446 1895 magnus
463 1860 578 1887 Basilius
603 1859 629 1885 itt
646 1857 729 1885 lib.l\'
749 1857 846 1885 Cnttlra
862 1857 918 1884 Ett-

132 1907 247 1934 nomiunt
261 1907 331 1942 quod
343 1907 443 1934 dicitttr
459 1906 546 1941 majus
563 1905 711 1933 secundum
728 1911 839 1931 causam
857 1903 915 1938 (ξι)

133 1956 159 1982 in
176 1955 257 1982 Patre
276 1962 389 1993 renuere
402 1954 525 1982 videtur:
542 1952 698 1987 [injusmodi
727 1952 781 1978 i!lic
807 1958 916 1978 causam

133 2006 246 2035 sanctus
275 2001 424 2034 interdicit,
455 2008 515 2035 qua:
546 1999 694 2027 secundum
726 2003 841 2032 tempus,
872 2002 919 2024 aut

133 2046 358 2080 magnitudinem,
374 2050 422 2072 ant
438 2046 518 2072 aliam
536 2044 687 2079 quamlibet
710 2043 735 2070 id
762 2051 848 2078 genus
874 2052 918 2070 cx-

132 2092 284 2120 ccllenliam
300 2092 408 2119 cattsale
423 2091 566 2126 prtecedat,
593 2091 683 2125 sitque
697 2090 743 2116 illo
770 2090 919 2116 honorabi-

132 2139 194 2169 lior,
206 2146 258 2165 ttou
274 2143 362 2165 tamen
375 2137 482 2164 Patrem
498 2136 628 2164 Filiiesse
641 2135 803 2171 principium
818 2141 917 2171 negat;

970 216 1205 244 eonsubstantiale
1225 225 1344 249 csse.cx
1375 225 1430 252 quo
1465 222 1517 249 est,
1542 218 1665 252 profecto
1699 227 1752 246 non

969 262 1268 297 recusabitpraeclarus
1292 263 1388 290 dottor
1405 262 1600 290 PatretnFilio
1622 264 1753 297 majorem

970 316 1059 335 causa:
1079 309 1183 336 ratione
1196 309 1298 340 dicere.
1315 308 1347 335 ad
1364 316 1412 336 cos
1439 309 1602 343 pra-serum,
1619 309 1666 344 qui
1698 317 1753 336 ma-

968 354 1013 387 jus
1029 355 1100 389 quod
1113 354 1211 382 dicitur
1229 355 1272 389 pie
1298 354 1461 389 suscipiunt,
1506 362 1594 388 neque
1608 362 1641 381 er.
1667 353 1755 380 natui-

969 399 1052 425 nibus
1066 398 1240 433 blasphemiae
1256 400 1414 426 occasiones
1438 403 1620 434 aucupantur.
1651 397 1755 425 Idcirco

968 448 994 471 et
1013 443 1043 472 Ι).
1072 444 1249 475 Athanasius,
1285 451 1346 472 cum
1382 444 1495 472 dixisset
1522 443 1618 471 Filium
1650 443 1755 478 Spiritu

970 491 1113 525 majorem,
1125 490 1205 518 etiam
1219 490 1345 524 a'qualem
1361 490 1473 520 addidit.
1487 495 1516 517 ut
1528 497 1635 517 omnem
1651 491 1753 517 aditum

968 536 1142 571 blasphemia:
1154 538 1317 564 ohstrucret.
1333 536 1465 569 Quoniam
1483 536 1565 571 igitur
1579 537 1663 571 major
1684 535 1755 564 Filio

969 582 1058 615 Pater,
1078 582 1217 617 Ftliusque
1237 582 1342 617 Spiritu
1358 589 1447 609 causa:
1471 582 1577 609 ratione
1590 581 1679 609 dictus
1699 586 1753 613 est,

970 629 1056 656 Filius
1073 637 1138 663 ergo
1154 629 1275 664 Spiritus
1291 629 1376 655 sancti
1393 636 1475 655 causa
1488 632 1538 658 cst,
1566 628 1618 654 etsi
1636 628 1698 655 Filii
1724 635 1755 655 ac

967 676 1055 702 sancti
1075 675 1194 709 Spiritus
1206 675 1296 701 omnia
1315 675 1348 701 ad
1367 674 1473 701 Patrem
1506 674 1632 706 renuant,
1651 682 1682 700 ex
1700 681 1756 708 quo

968 721 1022 748 illis
1040 725 1066 747 et
1078 729 1148 752 esse,
1162 725 1189 747 et
1204 721 1321 754 aequales
1338 727 1408 752 esse,
1419 723 1471 746 cst.

1008 766 1124 800 Magnus
1149 772 1278 802 prtrterca
1304 765 1422 792 Basilius
1447 765 1473 792 in
1496 765 1543 792 lib.
1570 773 1598 792 ιιι
1621 765 1755 798 Ωιιίιιδιὲο-

967 822 1029 840 num
1039 813 1191 848 (25),cujus
1201 813 1308 840 initium
1317 818 1373 840 est:
1387 811 1439 839 Via:
1448 812 1555 839 tandem
1565 812 1689 838 satiatus.
1702 811 1755 837 Illic

968 859 1039 887 enim
1059 859 1192 886 Eunomio
1209 858 1341 893 Spiritum
1356 862 1480 885 sanetum
1515 861 1612 884 natura
1643 856 1753 883 tertium

968 911 1029 932 esse
1051 908 1202 936 asserente,
1236 903 1294 937 ipse
1323 902 1416 929 ordine
1443 901 1554 936 quidem
1582 901 1701 932 tcrtimtt,
1729 904 1756 926 et

968 949 1044 976 valde
1060 949 1213 976 conﬁtetur.
1238 948 1323 976 Instat
1350 953 1440 974 autem
1465 947 1563 974 acritcr
1587 952 1680 973 comta
1716 945 1755 977 id,

967 995 1040 1030 quod
1062 1000 1158 1022 natura
1192 994 1289 1021 tertius
1320 993 1471 1024 dicebatur,
1502 998 1529 1019 et
1543 992 1640 1021 addit;
1667 991 1756 1023 thx

968 1042 1039 1069 enim
1053 1045 1131 1075 urget
1164 1041 1324 1068 necessitas.
1353 1039 1574 1074 quandoquidem
1604 1039 1699 1064 ordine
1724 1045 1756 1065 ac

968 1088 1096 1123 dignitate
1112 1087 1208 1115 tertius
1221 1091 1262 1113 cst
1272 1086 1401 1121 Spiritus,
1415 1089 1511 1112 natura
1525 1091 1634 1118 quoque
1645 1083 1756 1111 tertium

968 1132 1216 1167 l'ateri‘IDignitate
1243 1132 1315 1159 enim
1341 1130 1488 1158 secundum
1515 1137 1530 1156 a
1546 1129 1627 1162 Filio,
1647 1136 1707 1156 cum
1722 1128 1756 1155 ab

969 1179 1027 1214 ipso
1045 1186 1105 1206 esse
1123 1178 1231 1210 habeat,
1244 1181 1271 1205 ct
1287 1177 1321 1204 ab
1347 1177 1405 1211 ipso
1420 1175 1545 1210 accipiat,
1559 1180 1585 1202 et
1613 1174 1756 1202 attnuntiet

969 1224 1058 1256 nobis,
1081 1228 1160 1259 atque
1175 1223 1287 1251 omnino
1298 1231 1331 1251 ex
1356 1222 1400 1250 illa
1416 1229 1499 1250 causa
1523 1221 1652 1257 pendeat,
1669 1221 1755 1255 picta-

970 1271 1003 1297 tis
1019 1270 1088 1297 ratio
1103 1269 1286 1297 commendat.
1301 1268 1404 1295 Natura
1417 1272 1507 1294 autem
1530 1267 1651 1299 tertium,
1667 1272 1756 1300 neque

969 1324 1002 1344 ex
1019 1315 1103 1343 sacris
1114 1315 1224 1342 Litteris
1241 1313 1399 1347 didicimus,
1415 1320 1503 1346 neque
1516 1319 1548 1339 ex
1563 1312 1603 1340 his
1613 1320 1673 1347 quae
1684 1311 1755 1338 dicta

970 1367 1044 1394 sunt,
1081 1362 1229 1390 secundum
1269 1361 1402 1388 rationem
1437 1359 1637 1394 consequentia:
1666 1357 1755 1392 colligi.

970 1412 1084 1442 potest.»

1005 1453 1054 1481 llic
1065 1452 1234 1488 apertissime
1265 1459 1389 1479 sumntus
1415 1451 1457 1478 vir
1480 1450 1610 1485 Spiritum
1628 1454 1753 1477 sanctum

970 1508 1001 1527 ex
1029 1507 1110 1526 causa
1135 1498 1194 1525 Filii
1227 1498 1354 1532 pendi-rc,
1384 1505 1416 1524 ex
1448 1498 1561 1531 ipsoque
1591 1502 1754 1530 suspensum

969 1553 1038 1578 csse,
1057 1550 1137 1579 atque
1153 1545 1186 1571 ab
1201 1546 1264 1578 ipso
1291 1544 1415 1578 accipere
1427 1577 1433 1581 _
1445 1549 1470 1570 ct
1500 1550 1560 1570 esse
1589 1541 1699 1573 trahere,
1726 1545 1755 1568 ttt

969 1593 1042 1627 pium
1057 1597 1080 1618 ct
1107 1591 1221 1617 maxime
1249 1589 1403 1624 religiosum
1429 1588 1536 1624 probat.
1568 1587 1623 1614 lloc
1653 1591 1754 1616 autent,

969 1638 1070 1673 siquis
1084 1645 1136 1664 non
1169 1643 1229 1662 esse
1260 1635 1350 1662 Basilii
1375 1634 1532 1666 contendat,
1563 1633 1756 1667 adjectumqnc

969 1684 1171 1718 ext-tttplarihus
1201 1682 1284 1713 dicat,
1327 1682 1434 1715 penitus
1459 1680 1566 1707 delirat.
1593 1679 1698 1714 Quippe
1728 1679 1756 1707 in

970 1728 1163 1756 vetustissimis
1194 1727 1334 1753 todicihus
1362 1727 1406 1752 'ila
1449 1726 1580 1760 scriptttm
1608 1725 1754 1752 invenitur.

971 1775 1044 1807 Quos
1058 1774 1166 1808 quidem
1182 1773 1290 1799 codices
1305 1779 1352 1806 pro
1365 1771 1526 1806 antiquitate
1539 1779 1599 1803 sua,
1611 1776 1755 1805 antequam

971 1819 1088 1846 scltisma
1112 1818 1238 1850 oriretur,
1263 1818 1434 1851 conscriptus
1459 1824 1529 1848 esse,
1554 1817 1645 1844 nulhts
1670 1816 1756 1843 ambi-

971 1872 1034 1899 gezc
1053 1864 1163 1892 omnino
1179 1864 1283 1898 possit:
1313 1870 1428 1897 quorum
1460 1862 1607 1889 oblitterati
1633 1862 1755 1890 nonnulli

971 1915 1134 1938 cc'nttntur:
1148 1910 1310 1945 quihusdam
1325 1909 1376 1936 hoc
1391 1908 1463 1935 illius
1478 1908 1530 1936 viri
1558 1909 1660 1935 dictum
1677 1908 1755 1943 quasi

971 1957 1152 1998 adulteratum
1168 1955 1308 1989 suscipere
1325 1955 1491 1986 nolentibus,
1518 1962 1549 1981 ac
1564 1954 1638 1981 ferro
1661 1959 1756 1982 contra

972 2006 1060 2030 tnutos
1074 2002 1164 2036 apices
1182 2001 1262 2034 impie
1281 2000 1431 2027 utentibus.

1005 2049 1135 2076 Ca-terum
1150 2051 1290 2074 contextus
1320 2046 1378 2080 ipse
1388 2046 1542 2077 verborum,
1567 2046 1680 2081 ipsaque
1691 2046 1757 2072 allo-

970 2096 1054 2127 cutio,
1069 2095 1120 2122 sibi
1148 2094 1198 2128 ipsi
1224 2099 1252 2120 et
1274 2091 1392 2119 audituri
1417 2091 1540 2126 congruit
1570 2092 1692 2118 mirilicc.
1718 2091 1757 2118 Ex

972 2142 1037 2177 ipsis
1064 2148 1174 2176 quoque
1196 2139 1255 2166 istis
1281 2138 1368 2165 sancti
1395 2137 1508 2165 intentio
1539 2137 1607 2164 satis
1633 2144 1692 2171 qua:
1720 2137 1756 2163 sit

134 2189 297 2218 constatque
310 2183 386 2210 illum
403 2184 430 2210 in
462 2183 549 2218 primo
573 2183 703 2210 adxchus
744 2183 916 2215 Eunomium,
936 2181 956 2209 D
972 2191 1090 2222 apparet.
1107 2186 1152 2212 Ait
1165 2185 1236 2212 cnim
1253 2193 1312 2212 eum
1333 2191 1345 2210 a
1363 2183 1431 2210 Filio
1443 2183 1605 2215 secundum,
1637 2184 1687 2210 hoe
1703 2186 1755 2215 est,

133 2230 206 2264 quod
221 2230 309 2264 majus
327 2230 353 2256 in
384 2229 464 2256 Patre
490 2232 638 2256 seettttdunt
668 2238 777 2258 canSam
807 2230 918 2261 dicitur,

133 2277 205 2304 sicut
222 2276 248 2302 in
265 2279 361 2302 saneta
393 2275 526 2302 Trinitate
552 2283 633 2302 causa
665 2275 838 2310 intelligenda
867 2280 919 2308 est,

133 2321 247 2349 omnino
265 2321 402 2355 suscipere
419 2325 500 2354 atque
520 2321 658 2348 eontiteri.

170 2368 214 2394 Ait
231 2371 319 2394 autem
332 2371 359 2394 ct
374 2367 516 2401 theologus
529 2367 687 2401 Gregorius,
709 2376 718 2392 t
733 2367 798 2394 Volo
811 2367 918 2394 Patrem

134 2413 264 2447 majorem
282 2413 384 2444 dicere,
415 2419 447 2439 cx
480 2420 534 2446 quo
559 2419 586 2439 et
611 2413 772 2447 requalibus,
803 2419 833 2440 ut
864 2414 919 2441 sint

133 2458 259 2494 aequalia,
278 2458 421 2494 ipsumque
453 2465 514 2485 esse
546 2463 597 2485 est.
631 2457 693 2486 lla-c
720 2459 791 2486 enim
824 2467 918 2487 omnes

133 2504 238 2532 dabunt
272 2511 431 2538 vereorque,
461 2511 494 2530 ne
512 2503 673 2538 principium
692 2504 824 2530 minorum
846 2512 918 2538 prta-

135 2551 236 2586 cipiunt
250 2549 365 2582 faciam,
385 2554 465 2584 atque.
480 2549 530 2576 hac
544 2550 627 2577 Veluti
646 2549 763 2576 honotiii
781 2558 794 2576 a
822 2550 918 2584 prtcla‘

135 2598 218 2630 tione,
236 2597 326 2632 ipsutn
343 2596 515 2623 contumeliis
533 2596 656 2623 alliciam.
674 2605 684 2622 ι

170 2666 194 2681 ’⁸
212 2665 292 2694 Joan.
310 2673 366 2697 xvt,
388 2665 430 2691 15.

172 2736 227 2769 (25)
248 2735 377 2763 Basilius.

171 2767 225 2804 (ΞΜ
254 2771 385 2798 Absoluta
403 2776 456 2796 non
487 2769 555 2796 henc
578 2767 793 2804 rsottat,_dicere
809 2767 916 2804 Patrem

134 2802 204 2832 Filio
221 2807 351 2840 majorem
371 2805 476 2832 ratione
497 2802 635 2840 principii,
651 2802 764 2840 quianil
783 2803 870 2840 maius
889 2803 914 2829 in

135 2837 307 2868 sacrosancta
320 2840 462 2871 Trin'talc,
477 2837 502 2864 tti
518 2838 598 2865 ltaiu-t
612 2837 768 2872 Symbolum
786 2838 814 2864 ὃ.
828 2839 913 2865 Atha-

968 2242 982 2260 a
998 2234 1074 2260 Patre
1087 2231 1193 2258 tertium
1204 2230 1306 2257 ordinis
1319 2229 1422 2256 ratione
1432 2236 1504 2261 esse,
1522 2229 1594 2263 quod
1610 2228 1660 2263 ipsi
1676 2229 1756 2256 etiam

969 2286 1000 2304 cx
1018 2277 1153 2311 praedictis
1171 2275 1315 2301 asseritur.
1338 2273 1395 2300 Hoc
1410 2274 1491 2308 igitur
1507 2273 1534 2300 in
1563 2274 1623 2300 loco
1647 2280 1756 2300 causam

970 2323 1104 2358 appoarit.
1122 2330 1172 2349 cur
1185 2320 1304 2356 Spiritus
1335 2328 1349 2347 a
1367 2319 1435 2347 Filio
1462 2319 1599 2347 secundus
1621 2319 1667 2352 sit,
1685 2318 1757 2353 quod

973 2370 1078 2396 scilicet
1090 2368 1123 2394 ab
1138 2367 1187 2394 illo
1209 2375 1269 2393 esse
1282 2366 1387 2393 Itabcat.
1402 2365 1457 2392 Hoc
1476 2365 1548 2391 cnim
1562 2365 1757 2391 cnuntiationis

972 2414 1077 2449 species
1091 2413 1190 2447 exigit.
1207 2413 1286 2439 sicuti
1308 2419 1383 2443 cum,
1406 2411 1480 2438 rcrbi
1507 2410 1605 2445 gratia,
1621 2411 1756 2437 dicimus:

973 2459 1023 2486 llic
1042 2459 1200 2486 rationalem
1218 2458 1322 2484 habens
1347 2461 1481 2489 naturam,
1497 2456 1586 2485 discit.
1604 2456 1755 2483 idcm’enint

972 2510 1024 2538 est,
1054 2513 1085 2532 ac
1110 2506 1132 2532 si
1160 2505 1318 2531 diceretur:
1349 2503 1417 2534 Quia
1442 2502 1599 2529 rationalem
1630 2507 1755 2529 naturam

972 2552 1064 2584 habet,
1079 2551 1181 2578 idcirco
1195 2549 1287 2577 discit.
1315 2548 1423 2575 Discere
1448 2548 1546 2582 quippe
1573 2548 1680 2575 ramale
1695 2552 1756 2581 cst;

972 2596 1132 2624 rationalem
1163 2601 1252 2622 autem
1280 2600 1414 2626 naturaut,
1450 2595 1522 2629 quod
1541 2594 1649 2626 dicitur,
1678 2597 1755 2629 quasi

972 2733 1052 2794 ttlasii.
1076 2733 1173 2759 Caleca
1190 2737 1278 2759 tamen
1297 2735 1414 2758 mentem
1425 2740 1510 2763 ,suam
1531 2732 1598 2760 satis
1616 2732 1684 2760 bene
1707 2741 1756 2760 ειη

972 2775 987 2794 D
1003 2773 1066 2794 teat.
1160 2776 1162 2779 τ

1003 2773 1066 2794 teat.

972 2775 1066 2836 pugg)‘
1099 2801 1129 2828 L.
1152 2809 1179 2827 tll
1206 2804 1299 2827 contra
1318 2800 1490 2828 Ettnomium.
1523 2801 1587 2829 Vide
1608 2801 1754 2828 Brllarnti-

969 2845 1032 2864 nunt
1051 2837 1068 2865 Ι.
1088 2845 1105 2863 ιι
1118 2837 1154 2863 De
1168 2835 1279 2868 Christo,
1294 2843 1318 2864 υ.
1335 2836 1382 2864 “25.
