1934 3063
150 141 183 171 51
720 143 921 174 ADVERSUS
941 156 946 166 -

1003 145 1096 176 ECOS
1116 147 1188 177 LIB.
1207 148 1230 179 1.
1749 145 1782 175 Si

148 207 196 232 pro
213 206 301 225 causa
317 198 446 226 sumitur.
462 199 689 233 anqiiaurcniio
708 206 759 232 est,
778 202 821 228 ubi
846 201 940 235 hujus-
962 206 981 230 Α
998 211 1029 230 ac
1046 204 1176 238 dignitate
1190 205 1327 232 εροιιιιίιυε
1343 213 1356 231 a
1374 205 1454 233 Patre
1468 210 1518 235 est.
1538 206 1668 240 quoniam
1689 206 1723 232 ab
1739 206 1786 231 illo

147 244 219 270 modi
260 245 459 272 enuntiationis
490 247 595 280 species
626 255 679 273 non
709 245 818 274 causam
860 252 941 280 atque

147 289 258 316 eansale
285 290 430 324 signiﬁcet,
451 297 580 318 cavterum
606 292 648 318 Vel
678 293 756 326 quasi
785 293 941 327 praeteriens

147 335 275 368 ponitur,
305 336 345 361 vel
371 336 434 368 quia
458 341 556 370 1111111111-
582 337 633 364 hoc
661 343 703 365 est
718 343 743 364 et
766 339 825 365 hoc.
842 338 940 366 Verum

147 380 175 406 in
193 386 292 407 sancta
312 381 458 412 Triuitate,
477 389 537 408 cum
567 383 639 409 nulla
657 383 809 410 dilTerentia
821 385 874 411 alia
889 385 941 411 nisi

147 426 204 452 sola
220 427 376 453 secundum
402 435 512 454 causam
535 429 630 455 relatio
651 429 820 463 inspicialur.
834 437 943 465 propter

148 478 288 497 summam
302 472 507 507 simplicitatem
522 482 528 500 :
541 475 751 508 prmteriensque
761 476 831 510 quod
843 476 944 503 dicitur

148 521 174 542 ct
192 524 233 546 re.
253 523 281 543 et
295 518 380 544 verbo
394 518 456 545 inde
486 520 597 546 omnino
624 520 763 548 auferetur
787 521 943 556 liujusmodi

148 562 350 589 etnmtiationis
378 564 492 598 species.

185 605 257 633 llioc
279 615 403 639 causam,
419 609 481 636 inde
501 618 611 637 causate
636 612 756 638 secundo
781 612 859 639 nobis
885 613 944 639 loco

148 659 162 678 a
205 660 290 678 causa
319 655 488 681 commendat
505 655 573 690 (26).
602 656 728 683 Secundo
773 658 845 684 cnim
887 666 946 684 loco

148 703 209 723 esse
225 703 341 731 propter
378 706 534 733 processum
572 701 728 728 divinarum
759 710 939 735 personarum

148 741 174 767 iu
189 748 289 770 sancta
302 743 434 772 Trinitate
448 753 463 772 a
500 746 632 780 theologis
665 748 805 774 asseritur.
827 748 947 783 Spiritus

148 788 236 813 sancti
253 792 347 814 alitem
360 796 392 815 ct
410 789 488 816 Patre
515 798 560 824 per
576 790 669 818 Filium
683 799 839 826 processum
870 793 948 819 theo.

148 831 218 865 l03ia
239 834 345 860 tradit:
360 842 407 868 per
417 843 496 869 quem
519 835 623 862 sctliret
639 840 666 862 et
691 838 829 864 secundus
842 846 854 863 a
867 837 946 869 Filio,

148 883 174 904 et
189 887 203 904 a
220 879 304 906 Patre
318 881 414 908 tertius
434 881 543 908 dicitur.
572 881 727 917 Ilorumque
743 891 824 910 causa
843 890 883 911 051
910 892 943 911 ex
960 878 982 907 Π

149 922 229 950 Patre
249 933 298 958 per
315 924 412 952 Filium
430 934 582 959 processus.
608 926 716 961 Ubique
732 932 822 954 autem
837 928 945 955 causale

148 975 232 996 cau~a
248 970 346 997 saltem
358 972 522 1006 cogitatione
541 973 681 1006 pramedit.
698 974 787 1007 Atque
805 974 848 1001 ubi
881 982 946 1001 cau-

149 1015 206 1040 salc
220 1019 279 1046 est,
299 1023 410 1042 causam
424 1025 532 1051 quoque
546 1026 606 1045 esse
627 1019 783 1046 necessario
799 1020 922 1053 sequitur
937 1029 944 1052 ;

150 1066 234 1086 causa
267 1061 386 1093 sublata,
413 1063 521 1089 rausale
542 1072 651 1098 quoque
680 1065 806 1098 protinus
833 1066 944 1093 tollitur.

153 1104 278 1132 Sanctus
291 1108 420 1141 crgovir,
440 1109 485 1142 qui
513 1110 622 1135 tertium
648 1117 662 1136 a
696 1109 775 1137 Patre
803 1113 948 1139 conlitetnr

153 1150 304 1185 Spiritum,
326 1157 409 1186 atque
426 1161 440 1180 a
456 1153 524 1180 Filio
549 1155 711 1192 secundum,
727 1154 800 1186 inrita
818 1164 947 1190 persona-

151 1197 203 1222 Iem
230 1199 370 1228 ordinem.
403 1200 503 1234 quique
533 1201 638 1228 ordinis
676 1202 757 1236 hujus
785 1203 947 1230 insolentem

150 1244 316 1274 ueritatem.
339 1245 400 1272 fidei
423 1246 632 1280 abuegaaionem
645 1248 804 1276 arbitratur.
824 1253 850 1274 et
875 1256 949 1283 quie-

152 1296 206 1323 que
222 1290 279 1316 alia
293 1291 426 1324 praedixit,
444 1300 495 1325 qua
522 1292 629 1320 ratione
645 1293 753 1320 cansale
778 1301 891 1327 ponens,
922 1300 950 1321 ut

152 1335 240 1369 pium,
258 1336 358 1363 deinde
377 1345 391 1363 a
419 1337 488 1364 Filio
503 1346 563 1365 esse
576 1339 675 1365 habere
691 1339 871 1374 subjungens,
888 1349 918 1367 ea
933 1350 948 1366 n

151 1389 212 1415 ane
222 1385 413 1417 consequitur.
426 1391 545 1414 causam,
559 1386 633 1418 quasi
648 1385 764 1411 alienam
788 1386 951 1420 denegabit?

189 1439 271 1468 Nam.
303 1448 325 1466 si
359 1449 507 1467 serunuum
542 1449 611 1474 esse,
650 1442 759 1469 causale
791 1447 841 1474 est,
868 1443 950 1478 huius

152 1490 257 1512 autem.
279 1485 423 1518 quodcssc
445 1487 542 1513 habeat
560 1494 574 1513 a
592 1486 669 1519 Filio,
687 1491 714 1513 et
738 1488 809 1521 quod
827 1490 950 1517 absolute

154 1538 202 1563 per
219 1530 321 1557 Filium
338 1531 474 1564 procedat,
490 1540 572 1558 causa
592 1532 746 1567 subjicitur,
760 1535 868 1561 causale
882 1543 945 1561 vero
960 1544 980 1571 ο

155 1584 299 1610 nunquam
316 1577 373 1603 sine
389 1585 469 1604 eausa
487 1583 538 1609 est,
559 1579 696 1612 quomodo
723 1587 776 1606 non
793 1583 946 1608 necessaria

155 1629 217 1647 cum
239 1621 345 1648 causali
369 1629 451 1648 causa
468 1629 578 1657 quoque
600 1624 798 1658 consequitur?
825 1625 905 1656 Nam,
924 1626 946 1653 si

155 1674 247 1700 neque
267 1668 403 1694 secundus
424 1666 519 1695 aFilio
529 1674 581 1701 est,
599 1676 687 1703 neque
705 1677 719 1696 a
742 1669 822 1697 Patre
838 1671 945 1701 tertius.

157 1719 214 1738 nea
233 1711 303 1738 Filio
321 1711 429 1745 quidem
445 1719 506 1739 esse
522 1712 640 1740 habebit.
661 1713 794 1746 Quoniam
826 1722 892 1741 vero
921 1719 948 1742 et

157 1758 201 1784 hic
227 1762 252 1784 ct
272 1757 396 1792 plurimis
417 1758 477 1785 aliis
493 1759 518 1785 in
530 1759 608 1790 locis,
627 1759 714 1794 ipsum
745 1764 773 1787 et
789 1760 941 1787 secundum

157 1811 219 1830 esse
247 1808 274 1830 et
286 1803 397 1830 tertium
410 1808 520 1831 sanctus
545 1804 587 1831 vir
601 1805 688 1838 ponit,
713 1813 744 1832 ac
757 1813 791 1832 ne
807 1805 857 1840 ipsi
886 1808 946 1840 qui-

157 1851 218 1877 dem
237 1850 464 1882 contradicentes,
478 1850 550 1884 quod
577 1851 681 1877 dicitur
705 1853 843 1880 secundus
874 1861 945 1887 esse,

159 1905 221 1923 cum
237 1896 342 1923 ueteris
361 1904 416 1923 non
441 1896 541 1928 delent,
571 1904 684 1925 necesse
717 1902 759 1925 est
783 1903 811 1925 ut
836 1907 947 1926 causam

159 1945 280 1977 quoque,
296 1950 344 1969 cur
359 1942 497 1969 secundus
509 1942 555 1973 sit.
571 1950 632 1977 quzc
653 1943 775 1978 proferto
803 1949 856 1977 est,
873 1946 947 1980 quod

159 1991 205 2017 ille
221 1997 282 2017 esse
295 1989 375 2017 habet
386 1996 418 2016 ex
436 1987 524 2023 Filio,
543 1990 702 2024 magistrum
731 1991 855 2025 posuisse
881 1992 948 2018 rate-

161 2038 253 2061 antur.

197 2081 295 2114 Atque,
307 2080 377 2107 sicut
391 2080 449 2114 ipse
465 2080 491 2107 in
507 2079 610 2107 eisdem
634 2079 690 2106 ait:
709 2089 717 2105 1
751 2080 836 2107 Sicuti
862 2081 948 2109 Filius

161 2125 256 2152 ordine
269 2125 378 2159 quidem
404 2125 542 2152 secundus
557 2132 572 2151 a
593 2123 671 2152 Patre
688 2129 740 2156 est,
765 2126 896 2160 quoniam
913 2127 948 2154 ab

162 2172 220 2203 ipso
236 2175 286 2203 est,
305 2175 331 2197 et
349 2170 490 2205 dignitate,
517 2169 648 2204 quoniam
677 2170 784 2197 initium
803 2175 830 2198 ct
864 2179 946 2199 causa

163 2217 226 2246 sibi,
243 2221 272 2242 ut
290 2221 371 2245 esset.
398 2217 479 2243 Pater
503 2220 562 2247 est;
594 2219 621 2242 et
647 2215 743 2243 ordine
768 2216 886 2250 quidem,
917 2225 948 2244 ac

164 2262 305 2296 dignitate,
319 2261 466 2288 secundum
481 2268 541 2288 esse
553 2268 568 2287 a
581 2260 660 2287 Patre
674 2261 783 2293 Filium,
797 2266 827 2288 ut
840 2263 950 2290 causale

164 2307 274 2340 posuit;
289 2314 399 2334 causam
417 2314 490 2338 vero,
504 2306 575 2341 quod
590 2314 605 2333 a
619 2306 698 2333 Patre
709 2314 792 2340 esset,
807 2308 949 2342 ipsumque

168 2353 274 2378 initium
293 2351 403 2379 haberet
427 2356 455 2378 ct
471 2359 584 2379 causam
599 2360 606 2384 ;
619 2359 706 2386 neque
733 2354 869 2381 secundus
894 2355 948 2382 ullo

168 2398 248 2424 modo
263 2402 346 2427 esset.
360 2397 412 2424 nisi
441 2405 501 2424 esse
531 2397 673 2424 habereta
706 2397 806 2430 Patre;
835 2399 945 2433 parilem

168 2441 277 2468 modum
292 2445 319 2468 et
347 2441 374 2468 in
392 2446 484 2468 sancto
511 2440 614 2475 Spiritu
645 2442 729 2476 ponit.
760 2441 852 2476 Neque
876 2444 947 2470 enim

168 2490 240 2514 esset.
252 2487 388 2514 secundus
403 2494 418 2514 a
436 2487 515 2519 Filio,
533 2487 583 2514 huc
608 2491 662 2516 est.
679 2495 695 2515 a
724 2487 803 2514 Patre
840 2489 948 2522 tertius,

170 2532 221 2559 nisi
241 2531 274 2559 ab
301 2531 348 2559 illo
374 2532 486 2559 haberet
512 2539 585 2558 esse.
615 2532 706 2566 Itaque
736 2533 777 2559 vel
801 2534 949 2561 secundum

171 2579 247 2605 illum
261 2585 320 2605 esse
337 2578 441 2610 ordine,
458 2585 489 2605 ac
512 2578 621 2605 tertium
641 2586 692 2605 una
721 2578 873 2613 denegem,
905 2584 951 2607 aut

173 2624 224 2650 hoc
238 2624 389 2652 necessario
406 2625 619 2657 consentientes,
640 2629 666 2651 et
689 2625 760 2659 quod
776 2633 836 2652 esse
852 2626 948 2653 habeat

173 2679 204 2697 ct
221 2670 289 2697 Filio
304 2678 357 2697 una
393 2670 472 2697 fateri
504 2664 726 2705 compelluntur.‘
749 2670 849 2705 Nempe
877 2671 949 2698 enim

173 2715 195 2742 si
218 2723 249 2741 cx
264 2715 342 2743 Patre
353 2717 411 2743 solo
426 2716 558 2751 Spiritum
584 2720 708 2743 sanctum
727 2723 788 2743 esse
819 2717 949 2744 credidis-

173 2765 225 2791 set.
233 2761 557 2796 quidprohibebatdiccrc
567 2770 573 2789 :
584 2760 652 2795 Quia
662 2761 731 2789 sicut
742 2760 827 2790 Filius
851 2762 946 2790 ordinc

211 2851 264 2885 (‘26)
285 2854 407 2883 Basilius.

996 258 1054 277 casia
1082 251 1177 278 habet:
1208 251 1244 278 ita
1263 256 1290 278 et
1329 256 1442 278 sanctus
1470 252 1590 286 Spiritus
1620 252 1716 278 ordine
1750 259 1781 277 ac

996 296 1127 330 dignitate
1141 298 1275 324 secundus
1293 297 1384 324 itidem
1399 305 1413 324 a
1435 297 1513 324 Patre
1543 303 1595 324 est.
1624 297 1680 324 Hoc
1708 298 1781 324 enim

996 342 1046 369 sibi
1066 346 1093 369 ct
1118 343 1232 369 multum
1263 344 1372 377 quidem
1399 344 1432 371 ad
1461 344 1630 378 propositum
1659 344 1784 370 conferre

997 393 1113 422 poterat,
1130 397 1190 415 cum
1207 389 1280 416 11111111
1311 389 1430 424 ejusdem
1458 397 1518 416 cum
1541 389 1619 416 Patre
1647 389 1783 419 essentim.

998 433 1137 467 Deumque
1151 442 1244 461 verum
1261 441 1320 462 esse
1337 435 1530 462 commendare
1544 435 1711 465 institueret.

1031 478 1096 505 Nam
1112 479 1146 506 de
1160 479 1240 507 Patre
1252 481 1358 514 quidem
1377 481 1466 507 nullus
1485 488 1604 514 unquatn
1636 480 1778 506 hmrctico-

997 532 1055 551 rum
1076 525 1137 555 luit.
1151 525 1217 559 quin
1239 530 1369 552 mter-num
1387 526 1528 559 Deumque
1547 532 1640 552 verum
1656 524 1783 552 senserit.

998 570 1096 598 Contra
1117 574 1206 597 autem
1224 571 1256 598 de
1269 571 1337 597 Filio
1351 571 1459 604 plurimi
1472 578 1659 605 saepenumero
1691 577 1785 598 sense-

1000 621 1073 643 runt.
1093 615 1190 643 Verum
1203 616 1253 642 hoc
1270 617 1314 643 illc
1345 624 1398 643 non
1427 616 1507 650 dixit,
1537 624 1599 643 cum
1630 616 1784 642 di\in:irum

1000 668 1175 695 perSonarum
1196 660 1227 687 ad
1253 661 1368 688 invi'cm
1399 661 1523 688 ordinem
1555 669 1786 695 procvsmnnnqnc

1000 706 1180 733 dill‘crentiam
1209 707 1293 740 probe
1318 712 1421 739 nosset;
1441 707 1495 732 imo
1529 707 1666 733 interdixit
1691 708 1784 735 etiam.

1001 757 1032 779 ut
1045 760 1077 779 ex
1095 752 1137 779 bis
1152 760 1211 787 qum
1233 753 1287 788 jam
1320 752 1389 779 dirta
1409 757 1480 779 sunt.
1502 752 1643 779 evidenter
1662 760 1693 778 os
1706 754 1783 779 cudi.

1002 801 1054 823 tur.

1036 842 1115 870 Certe
1127 847 1227 875 autem,
1243 843 1265 870 si
1298 844 1404 870 tertium
1424 850 1437 869 a
1469 842 1546 870 Patre
1567 850 1627 869 esse
1654 842 1784 876 Spiritum

997 894 1121 916 sanctum
1135 893 1218 923 atque
1236 896 1251 915 a
1266 888 1334 915 Filio
1353 888 1517 919 secundum,
1548 892 1575 915 et
1588 895 1603 914 a
1628 888 1787 914 doctorilnzt

997 935 1112 966 ctctcris,
1128 938 1154 960 et
1170 941 1183 960 a
1205 941 1304 968 magno
1330 933 1426 959 Basilio
1442 933 1616 968 aet'cpimus:
1640 933 1664 960 id
1694 938 1784 960 autem

997 987 1135 1014 nunquam
1152 979 1188 1006 ita
1204 982 1286 1011 esset,
1305 979 1356 1005 nisi
1376 979 1473 1005 tertius
1497 982 1570 1005 esset
1584 986 1617 1005 ex
1634 978 1722 1013 primo
1739 986 1787 1011 [1111-

997 1025 1127 1057 medium,
1142 1025 1193 1060 hoc
1207 1029 1258 1055 est.
1274 1032 1305 1051 ex
1323 1025 1401 1051 Patre
1426 1032 1472 1058 per
1488 1024 1585 1051 Filium
1604 1025 1760 1059 procederet
1777 1033 1785 1051 :

998 1070 1132 1105 quomodo
1147 1071 1182 1103 111⁷
1202 1071 1272 1104 quod
1297 1070 1488 1104 pra-misimus,
1505 1078 1557 1097 non
1571 1070 1645 1097 omni
1674 1070 1786 1097 veritate

1000 1117 1130 1144 fulcitur?
1145 1116 1269 1143 videlicet
1302 1121 1414 1151 propter
1434 1116 1623 1143 substantialis
1641 1123 1786 1150 processus

999 1169 1175 1197 personarum
1194 1162 1227 1188 ad
1242 1162 1358 1188 invicem
1389 1169 1517 1195 apparere
1543 1161 1684 1188 ordinem?
1714 1162 1788 1193 Qun-

1000 1208 1081 1236 modo
1096 1208 1160 1235 item
1179 1215 1233 1235 non
1250 1207 1320 1234 idem
1335 1210 1387 1235 est.
1407 1212 1433 1234 et
1448 1215 1495 1240 per
1515 1207 1611 1234 Filium
1629 1206 1784 1241 procedere,

1000 1255 1072 1288 quod
1086 1254 1195 1285 dicitur,
1205 1258 1233 1281 et
1247 1261 1261 1280 a
1281 1253 1350 1280 Filio
1367 1261 1427 1281 esse
1445 1253 1554 1285 habere,
1565 1253 1642 1288 juxta
1659 1257 1783 1280 sanctum

999 1300 1141 1332 Basilium,
1154 1299 1226 1333 quod
1250 1300 1332 1326 etiam
1354 1307 1463 1326 causam
1489 1306 1550 1327 csse
1577 1299 1678 1334 posuit,
1713 1304 1742 1326 ut
1770 1306 1784 1326 a

1001 1345 1069 1372 Filio
1082 1344 1219 1372 secundus
1236 1344 1292 1372 sit?

1036 1391 1178 1424 Quomodo
1189 1395 1279 1417 autem
1300 1395 1326 1417 et
1341 1397 1401 1418 esse
1427 1395 1456 1418 ct
1472 1390 1617 1424 procedere
1631 1398 1685 1417 non
1711 1390 1782 1417 idem

1001 1437 1176 1470 intelligatur,
1205 1435 1350 1470 siquidem,
1363 1436 1434 1470 quod
1449 1444 1558 1463 causam
1584 1444 1645 1464 esse
1667 1441 1782 1467 constat.

1002 1487 1031 1510 ut
1047 1491 1061 1509 a
1079 1481 1146 1510 Filio
1168 1482 1285 1517 Spiritus
1301 1482 1438 1510 secundus
1456 1483 1501 1520 sit,
1527 1482 1598 1516 quod
1616 1490 1662 1515 per
1686 1482 1783 1509 Filium

1000 1529 1305 1562 scilicntproeedit,pro
1341 1529 1392 1555 hoc
1423 1529 1469 1555 ille
1500 1536 1593 1555 cuata
1625 1527 1694 1555 Filio
1723 1536 1786 1555 csso

1000 1576 1099 1603 habere
1115 1575 1205 1602 dicere
1228 1575 1345 1601 maluit?
1359 1575 1500 1607 Quomodo
1516 1576 1578 1602 item
1606 1583 1654 1610 per
1673 1574 1784 1606 Filium,

998 1627 1049 1649 eta
1061 1621 1128 1647 Filio
1139 1621 1310 1655 tequabiliter
1331 1628 1436 1655 ponens
1455 1629 1506 1647 non
1522 1626 1614 1654 aperte
1639 1621 1783 1654 signiﬁcat.

998 1675 1040 1704 ex,
1056 1671 1084 1694 et
1099 1675 1155 1702 per,
1174 1672 1277 1693 tantum
1291 1667 1342 1692 lein
1368 1666 1397 1693 in
1429 1666 1527 1693 dirinis
1558 1667 1666 1693 valere?
1691 1666 1785 1701 Neque.

999 1713 1070 1740 enim
1099 1713 1233 1747 quispiam
1271 1711 1304 1738 ad
1329 1717 1431 1738 tantum
1465 1711 1563 1739 I'uroiis
1604 1716 1631 1739 ct
1658 1713 1784 1739 amentia:

1000 1761 1197 1791 prorumperet.
1224 1761 1253 1784 ut
1274 1758 1300 1783 111
1325 1757 1459 1788 hocloco,
1487 1766 1503 1784 α
1526 1763 1551 1784 et
1568 1764 1610 1790 ex,
1635 1758 1782 1792 particulas

999 1803 1032 1830 ab
1051 1804 1165 1831 invicem
1178 1803 1387 1839 signiﬁcationis
1409 1803 1514 1830 ratione
1541 1803 1670 1831 dirimere
1696 1809 1784 1831 tenta-

999 1854 1050 1876 τοι.

1037 1895 1073 1922 Ex
1091 1894 1132 1921 his
1149 1895 1241 1930 igitur,
1261 1894 1332 1929 quod
1350 1894 1448 1921 dicitur
1463 1902 1477 1920 11
1495 1894 1563 1921 Filio
1587 1902 1646 1922 esse
1671 1895 1782 1928 habere,

1000 1946 1106 1969 Constat
1121 1941 1206 1968 sancti
1221 1941 1270 1968 viri
1297 1945 1399 1968 textum
1421 1947 1493 1967 csse.
1527 1939 1597 1973 Quin
1617 1941 1721 1967 imo'et
1746 1949 1777 1968 ex

1000 1987 1053 2018 Itis,
1075 1995 1133 2021 qua:
1147 1986 1359 2013 calumniatores
1374 1986 1502 2020 improbi.
1531 1987 1557 2013 in
1587 1986 1636 2013 hac
1663 1986 1782 2014 clausula

1000 2037 1094 2059 contra
1109 2032 1230 2066 magistri
1249 2031 1339 2062 iidem,
1358 2037 1385 2058 et
1408 2031 1547 2058 veritatem
1561 2031 1675 2064 addunt,
1690 2033 1784 2059 mani—-

1001 2079 1067 2105 festc
1087 2078 1196 2112 quidem
1211 2077 1297 2104 sancti
1321 2084 1418 2104 sensus
1444 2077 1544 2108 elucet,
1575 2077 1627 2111 ipsi
1658 2085 1720 2104 vero
1737 2085 1784 2112 per

1000 2123 1090 2150 omnia
1112 2122 1287 2156 malignitatis
1312 2126 1475 2157 arguuntur.
1502 2127 1531 2148 ut
1558 2123 1716 2150 eorunuleat
1749 2124 1784 2150 sit

999 2177 1049 2205 pro
1064 2169 1210 2200 voluntate.
1230 2173 1257 2196 ct
1280 2169 1368 2196 delere
1383 2173 1410 2195 et
1434 2168 1562 2203 adjicere.

965 2207 985 2234 D
1035 2213 1100 2240 Nam
1118 2217 1216 2248 prmtcr
1233 2213 1270 2245 id,
1287 2213 1359 2247 quod
1387 2213 1413 2240 in
1439 2212 1630 2239 vetustissimis
1644 2214 1784 2248 exeinp'a-

999 2260 1073 2287 ribus
1100 2259 1269 2286 inferendam
1297 2259 1381 2295 [forte
1415 2258 1631 2294 intolerandam}
1657 2260 1782 2294 protinus

999 2305 1192 2339 malignitatem
1222 2310 1249 2332 et
1284 2305 1418 2340 positione
1448 2309 1476 2332 ct
1506 2305 1591 2332 forma
1629 2306 1781 2333 litterarum

999 2352 1170 2386 postmodum
1186 2352 1317 2385 adjectatn
1333 2359 1404 2383 csso,
1419 2351 1562 2379 manifeste
1590 2357 1712 2386 apparet,
1746 2354 1784 2379 ait

999 2398 1024 2424 in
1044 2398 1273 2432 subsequentibus
1291 2402 1416 2424 sanctus:
1437 2407 1445 2422 1
1458 2397 1492 2424 Ut
1511 2398 1582 2425 enim
1616 2398 1700 2426 Filius
1737 2408 1782 2426 0r-

999 2442 1062 2468 diue
1075 2442 1183 2476 quidem
1197 2442 1335 2469 secundus
1362 2449 1376 2468 a
1404 2441 1485 2468 Patre.
1508 2449 1558 2475 est,
1588 2444 1717 2477 quoniam
1750 2444 1783 2470 ab

1000 2486 1060 2521 ipso
1074 2493 1125 2518 est,
1139 2492 1167 2514 et
1183 2487 1324 2522 dignitate,
1339 2487 1469 2520 quoniam
1486 2487 1592 2513 initium
1612 2487 1648 2514 illi
1663 2492 1690 2515 et
1701 2496 1784 2514 causa

1001 2533 1168 2560 utsitPater
1183 2538 1234 2565 est,
1269 2539 1296 2560 et
1316 2533 1379 2568 quia
1414 2541 1462 2568 per
1482 2534 1570 2568 ipsum
1602 2541 1730 2561 accessus
1759 2540 1786 2561 et

999 2580 1126 2606 adductio
1142 2579 1174 2606 ad
1203 2579 1288 2606 Deum
1314 2584 1341 2606 et
1368 2579 1476 2606 Patrem
1505 2580 1582 2607 nobis
1603 2585 1653 2613 est,
1688 2571 1784 2607 natura

1005 2633 1069 2653 vero
1087 2633 1140 2652 non
1153 2625 1208 2660 jam
1221 2625 1368 2657 secundus,
1391 2625 1519 2652 divinitas
1530 2626 1601 2652 cnim
1620 2627 1645 2653 in
1669 2631 1784 2660 utroque

1002 2670 1128 2697 11111111111
1143 2669 1270 2697 videlicet
1294 2675 1320 2697 ct
1340 2669 1458 2703 Spiritus
1487 2674 1609 2703 sanctus,
1636 2671 1686 2698 etsi
1715 2670 1784 2697 Filio

1001 2716 1124 2742 concedit
1136 2715 1242 2748 ordine,
1257 2720 1285 2742 et
1300 2715 1432 2750 dignitate
1447 2723 1499 2742 non
1512 2716 1567 2751 jam
1587 2721 1676 2743 tamen
1702 2717 1780 2751 quasi

999 2763 1094 2789 aliene
1111 2766 1213 2789 natura'
1226 2761 1373 2789 exsistens.
1390 2770 1399 2787 1
1432 2761 1480 2789 Ubi
1510 2769 1573 2796 ergo
1584 2762 1638 2789 ait:
1658 2770 1666 2787 1
1700 2762 1732 2788 Et
1762 2760 1783 2788 si
