  <div class='ocr_page' id='page_1' title='image "/cluster/home/n/w/nwhite01/storage/ocr_20150623/152/njp.32101077773206/033.png"; bbox 0 0 1934 3063; ppageno 0'>
   <div class='ocr_carea' id='block_1_1' title="bbox 139 137 929 188">
    <p class='ocr_par' dir='ltr' id='par_1_1' title="bbox 139 137 929 174">
     <span class='ocr_line' id='line_1_1' title="bbox 139 137 929 174; baseline -0.005 2"><span class='ocrx_word' id='word_1_1' title='bbox 139 137 175 169; x_wconf 84' lang='lat'><strong>55</strong></span> <span class='ocrx_word' id='word_1_2' title='bbox 749 142 929 174; x_wconf 80' lang='lat' dir='ltr'><strong>MANUELI:</strong></span> 
     </span>
    </p>
   </div>
   <div class='ocr_carea' id='block_1_2' title="bbox 984 137 1764 188">
    <p class='ocr_par' dir='ltr' id='par_1_2' title="bbox 984 142 1764 188">
     <span class='ocr_line' id='line_1_2' title="bbox 984 142 1764 188; baseline 0.003 -15"><span class='ocrx_word' id='word_1_3' title='bbox 984 144 1119 174; x_wconf 71' lang='lat' dir='ltr'><strong>:ALEcnt</strong></span> <span class='ocrx_word' id='word_1_4' title='bbox 1395 186 1398 188; x_wconf 16' lang='grc' dir='ltr'><strong>Δ</strong></span> <span class='ocrx_word' id='word_1_5' title='bbox 1727 142 1764 176; x_wconf 76' lang='lat'><strong>56</strong></span> 
     </span>
    </p>
   </div>
   <div class='ocr_carea' id='block_1_3' title="bbox 137 194 1768 234">
    <p class='ocr_par' dir='ltr' id='par_1_3' title="bbox 137 194 1768 234">
     <span class='ocr_line' id='line_1_3' title="bbox 137 194 1768 234; baseline 0.001 -9"><span class='ocrx_word' id='word_1_6' title='bbox 137 196 263 225; x_wconf 88' lang='lat' dir='ltr'><strong>concedit</strong></span> <span class='ocrx_word' id='word_1_7' title='bbox 287 194 358 224; x_wconf 76' lang='lat' dir='ltr'><strong>Filio</strong></span> <span class='ocrx_word' id='word_1_8' title='bbox 370 196 466 224; x_wconf 82' lang='lat' dir='ltr'><strong>ordine</strong></span> <span class='ocrx_word' id='word_1_9' title='bbox 488 201 537 224; x_wconf 88' lang='lat' dir='ltr'><strong>aut</strong></span> <span class='ocrx_word' id='word_1_10' title='bbox 547 196 690 232; x_wconf 82' lang='lat' dir='ltr'><strong>dignitate,</strong></span> <span class='ocrx_word' id='word_1_11' title='bbox 707 207 716 223; x_wconf 76' lang='grc' dir='ltr'><strong><em>ι</em></strong></span> <span class='ocrx_word' id='word_1_12' title='bbox 743 198 923 226; x_wconf 82' lang='lat' dir='ltr'><strong>addiderunt:</strong></span> <span class='ocrx_word' id='word_1_13' title='bbox 940 201 961 228; x_wconf 76' lang='grc' dir='ltr'>Α</span> <span class='ocrx_word' id='word_1_14' title='bbox 1012 200 1129 228; x_wconf 81' lang='lat' dir='ltr'><strong>Sanctus</strong></span> <span class='ocrx_word' id='word_1_15' title='bbox 1143 201 1207 228; x_wconf 92' lang='lat' dir='ltr'><strong>itetn</strong></span> <span class='ocrx_word' id='word_1_16' title='bbox 1221 200 1386 228; x_wconf 72' lang='lat' dir='ltr'><strong>Athanasius</strong></span> <span class='ocrx_word' id='word_1_17' title='bbox 1398 199 1586 227; x_wconf 78' lang='lat' dir='ltr'><strong>Antiochcnus</strong></span> <span class='ocrx_word' id='word_1_18' title='bbox 1600 198 1768 234; x_wconf 75' lang='lat' dir='ltr'><strong>patriarcha!</strong></span> 
     </span>
    </p>
   </div>
   <div class='ocr_carea' id='block_1_4' title="bbox 140 241 930 274">
    <p class='ocr_par' dir='ltr' id='par_1_4' title="bbox 140 241 930 274">
     <span class='ocr_line' id='line_1_4' title="bbox 140 241 930 274; baseline 0.004 -6"><span class='ocrx_word' id='word_1_19' title='bbox 140 252 150 267; x_wconf 78' lang='grc' dir='ltr'>ι</span> <span class='ocrx_word' id='word_1_20' title='bbox 163 241 294 274; x_wconf 86' lang='lat' dir='ltr'><strong>Omnino,</strong></span> <span class='ocrx_word' id='word_1_21' title='bbox 311 245 336 269; x_wconf 87' lang='lat' dir='ltr'><strong>et</strong></span> <span class='ocrx_word' id='word_1_22' title='bbox 353 241 547 269; x_wconf 82' lang='lat' dir='ltr'><strong>concedentus.</strong></span> <span class='ocrx_word' id='word_1_23' title='bbox 562 251 571 268; x_wconf 73' lang='grc' dir='ltr'><strong><em>ι</em></strong></span> <span class='ocrx_word' id='word_1_24' title='bbox 586 241 637 270; x_wconf 85' lang='lat' dir='ltr'><strong>Ubi</strong></span> <span class='ocrx_word' id='word_1_25' title='bbox 657 249 722 270; x_wconf 83' lang='lat' dir='ltr'><strong>vero</strong></span> <span class='ocrx_word' id='word_1_26' title='bbox 738 243 798 271; x_wconf 83' lang='lat' dir='ltr'><strong>ait:</strong></span> <span class='ocrx_word' id='word_1_27' title='bbox 818 243 930 271; x_wconf 67' lang='lat' dir='ltr'><strong>«Tradit</strong></span> 
     </span>
    </p>
   </div>
   <div class='ocr_carea' id='block_1_5' title="bbox 138 286 928 324">
    <p class='ocr_par' dir='ltr' id='par_1_5' title="bbox 138 286 928 324">
     <span class='ocr_line' id='line_1_5' title="bbox 138 286 928 324; baseline 0.004 -12"><span class='ocrx_word' id='word_1_28' title='bbox 138 287 246 320; x_wconf 79' lang='lat' dir='ltr'><strong>pictatis</strong></span> <span class='ocrx_word' id='word_1_29' title='bbox 257 287 325 314; x_wconf 90' lang='lat' dir='ltr'><strong>ratio</strong></span> <span class='ocrx_word' id='word_1_30' title='bbox 334 286 360 314; x_wconf 70' lang='grc'><strong>2»</strong></span> <span class='ocrx_word' id='word_1_31' title='bbox 379 286 429 321; x_wconf 87' lang='lat' dir='ltr'><strong>ipsi</strong></span> <span class='ocrx_word' id='word_1_32' title='bbox 440 294 501 314; x_wconf 88' lang='lat' dir='ltr'><strong>cum</strong></span> <span class='ocrx_word' id='word_1_33' title='bbox 514 286 663 322; x_wconf 75' lang='lat' dir='ltr'><strong>adiectione</strong></span> <span class='ocrx_word' id='word_1_34' title='bbox 679 287 771 324; x_wconf 84' lang='lat' dir='ltr'><strong>legunt</strong></span> <span class='ocrx_word' id='word_1_35' title='bbox 782 293 808 315; x_wconf 89' lang='lat' dir='ltr'><strong>et</strong></span> <span class='ocrx_word' id='word_1_36' title='bbox 817 289 928 316; x_wconf 88' lang='lat' dir='ltr'><strong>dicunt:</strong></span> 
     </span>
    </p>
   </div>
   <div class='ocr_carea' id='block_1_6' title="bbox 147 332 930 368">
    <p class='ocr_par' dir='ltr' id='par_1_6' title="bbox 147 332 930 368">
     <span class='ocr_line' id='line_1_6' title="bbox 147 332 930 368; baseline 0.004 -10"><span class='ocrx_word' id='word_1_37' title='bbox 147 343 155 358; x_wconf 79' lang='grc' dir='ltr'>ι</span> <span class='ocrx_word' id='word_1_38' title='bbox 171 333 263 360; x_wconf 90' lang='lat' dir='ltr'><strong>Tradit</strong></span> <span class='ocrx_word' id='word_1_39' title='bbox 281 332 398 361; x_wconf 73' lang='lat' dir='ltr'><strong>fortasse</strong></span> <span class='ocrx_word' id='word_1_40' title='bbox 409 332 516 368; x_wconf 86' lang='lat' dir='ltr'><strong>pietatis</strong></span> <span class='ocrx_word' id='word_1_41' title='bbox 541 332 638 366; x_wconf 67' lang='lat' dir='ltr'><strong>ratio,»</strong></span> <span class='ocrx_word' id='word_1_42' title='bbox 653 338 682 361; x_wconf 91' lang='lat' dir='ltr'><strong>ut</strong></span> <span class='ocrx_word' id='word_1_43' title='bbox 696 341 744 368; x_wconf 87' lang='lat' dir='ltr'><strong>per</strong></span> <span class='ocrx_word' id='word_1_44' title='bbox 765 333 821 361; x_wconf 76' lang='lat' dir='ltr'><strong>hanc</strong></span> <span class='ocrx_word' id='word_1_45' title='bbox 834 334 930 361; x_wconf 84' lang='lat' dir='ltr'><strong>tertius</strong></span> 
     </span>
    </p>
   </div>
   <div class='ocr_carea' id='block_1_7' title="bbox 145 377 930 412">
    <p class='ocr_par' dir='ltr' id='par_1_7' title="bbox 145 377 930 412">
     <span class='ocr_line' id='line_1_7' title="bbox 145 377 930 412; baseline 0.003 -8"><span class='ocrx_word' id='word_1_46' title='bbox 145 385 206 404; x_wconf 83' lang='lat' dir='ltr'><strong>esse</strong></span> <span class='ocrx_word' id='word_1_47' title='bbox 219 377 291 412; x_wconf 90' lang='lat' dir='ltr'><strong>quod</strong></span> <span class='ocrx_word' id='word_1_48' title='bbox 302 377 401 405; x_wconf 81' lang='lat' dir='ltr'><strong>dicitur</strong></span> <span class='ocrx_word' id='word_1_49' title='bbox 423 377 529 407; x_wconf 75' lang='lat' dir='ltr'><strong>ordine,</strong></span> <span class='ocrx_word' id='word_1_50' title='bbox 540 382 566 404; x_wconf 85' lang='lat' dir='ltr'><strong>et</strong></span> <span class='ocrx_word' id='word_1_51' title='bbox 577 377 720 412; x_wconf 79' lang='lat' dir='ltr'><strong>dignitate,</strong></span> <span class='ocrx_word' id='word_1_52' title='bbox 730 378 843 405; x_wconf 84' lang='lat' dir='ltr'><strong>omnino</strong></span> <span class='ocrx_word' id='word_1_53' title='bbox 855 379 930 406; x_wconf 85' lang='lat' dir='ltr'><strong>aule-</strong></span> 
     </span>
    </p>
   </div>
   <div class='ocr_carea' id='block_1_8' title="bbox 141 421 930 456">
    <p class='ocr_par' dir='ltr' id='par_1_8' title="bbox 141 421 930 456">
     <span class='ocr_line' id='line_1_8' title="bbox 141 421 930 456; baseline 0.003 -7"><span class='ocrx_word' id='word_1_54' title='bbox 141 427 213 455; x_wconf 87' lang='lat' dir='ltr'><strong>rant,</strong></span> <span class='ocrx_word' id='word_1_55' title='bbox 225 421 428 456; x_wconf 83' lang='lat' dir='ltr'><strong>secundumque</strong></span> <span class='ocrx_word' id='word_1_56' title='bbox 439 428 500 449; x_wconf 87' lang='lat' dir='ltr'><strong>esse</strong></span> <span class='ocrx_word' id='word_1_57' title='bbox 523 428 537 447; x_wconf 89' lang='lat' dir='ltr'><strong>a</strong></span> <span class='ocrx_word' id='word_1_58' title='bbox 564 421 632 449; x_wconf 83' lang='lat' dir='ltr'><strong>Filio</strong></span> <span class='ocrx_word' id='word_1_59' title='bbox 653 422 805 451; x_wconf 77' lang='lat' dir='ltr'><strong>nullatenus</strong></span> <span class='ocrx_word' id='word_1_60' title='bbox 832 431 930 452; x_wconf 78' lang='lat' dir='ltr'><strong>conre—</strong></span> 
     </span>
    </p>
   </div>
   <div class='ocr_carea' id='block_1_9' title="bbox 140 467 927 503">
    <p class='ocr_par' dir='ltr' id='par_1_9' title="bbox 140 467 927 503">
     <span class='ocr_line' id='line_1_9' title="bbox 140 467 927 503; baseline 0.001 -8"><span class='ocrx_word' id='word_1_61' title='bbox 140 469 217 496; x_wconf 90' lang='lat' dir='ltr'><strong>dant.</strong></span> <span class='ocrx_word' id='word_1_62' title='bbox 231 467 373 501; x_wconf 79' lang='lat' dir='ltr'><strong>Quomodo</strong></span> <span class='ocrx_word' id='word_1_63' title='bbox 382 474 446 502; x_wconf 81' lang='lat' dir='ltr'><strong>ergo</strong></span> <span class='ocrx_word' id='word_1_64' title='bbox 459 467 527 496; x_wconf 81' lang='lat' dir='ltr'><strong>ratio</strong></span> <span class='ocrx_word' id='word_1_65' title='bbox 534 468 644 503; x_wconf 83' lang='lat' dir='ltr'><strong>pietatis</strong></span> <span class='ocrx_word' id='word_1_66' title='bbox 658 476 719 496; x_wconf 81' lang='lat' dir='ltr'><strong>cum</strong></span> <span class='ocrx_word' id='word_1_67' title='bbox 734 469 769 497; x_wconf 86' lang='lat' dir='ltr'><strong>sit</strong></span> <span class='ocrx_word' id='word_1_68' title='bbox 779 469 927 498; x_wconf 87' lang='lat' dir='ltr'><strong>secundum</strong></span> 
     </span>
    </p>
   </div>
   <div class='ocr_carea' id='block_1_10' title="bbox 141 512 929 549">
    <p class='ocr_par' dir='ltr' id='par_1_10' title="bbox 141 512 929 549">
     <span class='ocr_line' id='line_1_10' title="bbox 141 512 929 549; baseline 0.003 -9"><span class='ocrx_word' id='word_1_69' title='bbox 141 521 202 541; x_wconf 81' lang='lat' dir='ltr'><strong>esse</strong></span> <span class='ocrx_word' id='word_1_70' title='bbox 219 521 232 540; x_wconf 84' lang='lat' dir='ltr'><strong>a</strong></span> <span class='ocrx_word' id='word_1_71' title='bbox 254 512 322 541; x_wconf 88' lang='lat' dir='ltr'><strong>Filio</strong></span> <span class='ocrx_word' id='word_1_72' title='bbox 338 512 481 549; x_wconf 79' lang='lat' dir='ltr'><strong>Spiritum,</strong></span> <span class='ocrx_word' id='word_1_73' title='bbox 496 514 522 541; x_wconf 92' lang='lat' dir='ltr'><strong>id</strong></span> <span class='ocrx_word' id='word_1_74' title='bbox 548 514 622 549; x_wconf 91' lang='lat' dir='ltr'><strong>qttod</strong></span> <span class='ocrx_word' id='word_1_75' title='bbox 650 514 751 542; x_wconf 87' lang='lat' dir='ltr'><strong>dicitttr</strong></span> <span class='ocrx_word' id='word_1_76' title='bbox 778 515 929 542; x_wconf 76' lang='lat' dir='ltr'><strong>concedere</strong></span> 
     </span>
    </p>
   </div>
   <div class='ocr_carea' id='block_1_11' title="bbox 140 559 928 594">
    <p class='ocr_par' dir='ltr' id='par_1_11' title="bbox 140 559 928 594">
     <span class='ocr_line' id='line_1_11' title="bbox 140 559 928 594; baseline 0.003 -7"><span class='ocrx_word' id='word_1_77' title='bbox 140 559 220 592; x_wconf 62' lang='lat' dir='ltr'><strong>Filio,</strong></span> <span class='ocrx_word' id='word_1_78' title='bbox 240 560 388 587; x_wconf 77' lang='lat' dir='ltr'><strong>Secundum</strong></span> <span class='ocrx_word' id='word_1_79' title='bbox 403 567 467 587; x_wconf 91' lang='lat' dir='ltr'><strong>vero</strong></span> <span class='ocrx_word' id='word_1_80' title='bbox 481 568 494 587; x_wconf 91' lang='lat' dir='ltr'><strong>a</strong></span> <span class='ocrx_word' id='word_1_81' title='bbox 507 560 587 594; x_wconf 80' lang='lat' dir='ltr'><strong>Filio,</strong></span> <span class='ocrx_word' id='word_1_82' title='bbox 605 561 714 589; x_wconf 85' lang='lat' dir='ltr'><strong>tertium</strong></span> <span class='ocrx_word' id='word_1_83' title='bbox 727 569 742 588; x_wconf 94' lang='lat' dir='ltr'><strong>a</strong></span> <span class='ocrx_word' id='word_1_84' title='bbox 760 560 839 589; x_wconf 81' lang='lat' dir='ltr'><strong>Patre</strong></span> <span class='ocrx_word' id='word_1_85' title='bbox 868 569 928 589; x_wconf 79' lang='lat' dir='ltr'><strong>esse</strong></span> 
     </span>
    </p>
   </div>
   <div class='ocr_carea' id='block_1_12' title="bbox 140 604 927 640">
    <p class='ocr_par' dir='ltr' id='par_1_12' title="bbox 140 604 927 640">
     <span class='ocr_line' id='line_1_12' title="bbox 140 604 927 640; baseline 0.001 -8"><span class='ocrx_word' id='word_1_86' title='bbox 140 609 192 636; x_wconf 85' lang='lat' dir='ltr'><strong>est.</strong></span> <span class='ocrx_word' id='word_1_87' title='bbox 208 612 288 640; x_wconf 90' lang='lat' dir='ltr'><strong>qttem</strong></span> <span class='ocrx_word' id='word_1_88' title='bbox 303 605 426 632; x_wconf 82' lang='lat' dir='ltr'><strong>ordinem</strong></span> <span class='ocrx_word' id='word_1_89' title='bbox 440 604 571 632; x_wconf 84' lang='lat' dir='ltr'><strong>Dominus</strong></span> <span class='ocrx_word' id='word_1_90' title='bbox 599 605 626 632; x_wconf 92' lang='lat' dir='ltr'><strong>in</strong></span> <span class='ocrx_word' id='word_1_91' title='bbox 642 606 770 634; x_wconf 83' lang='lat' dir='ltr'><strong>salutaris</strong></span> <span class='ocrx_word' id='word_1_92' title='bbox 781 605 927 633; x_wconf 85' lang='lat' dir='ltr'><strong>traditione</strong></span> 
     </span>
    </p>
   </div>
   <div class='ocr_carea' id='block_1_13' title="bbox 141 649 928 686">
    <p class='ocr_par' dir='ltr' id='par_1_13' title="bbox 141 649 928 686">
     <span class='ocr_line' id='line_1_13' title="bbox 141 649 928 686; baseline 0.001 -8"><span class='ocrx_word' id='word_1_93' title='bbox 141 651 313 686; x_wconf 82' lang='lat' dir='ltr'><strong>baptismatis</strong></span> <span class='ocrx_word' id='word_1_94' title='bbox 329 649 452 682; x_wconf 83' lang='lat' dir='ltr'><strong>tradidit,</strong></span> <span class='ocrx_word' id='word_1_95' title='bbox 466 655 496 677; x_wconf 92' lang='lat' dir='ltr'><strong>ut</strong></span> <span class='ocrx_word' id='word_1_96' title='bbox 507 655 534 678; x_wconf 88' lang='lat' dir='ltr'><strong>et</strong></span> <span class='ocrx_word' id='word_1_97' title='bbox 550 651 594 679; x_wconf 89' lang='lat' dir='ltr'><strong>hic</strong></span> <span class='ocrx_word' id='word_1_98' title='bbox 607 655 635 679; x_wconf 86' lang='lat' dir='ltr'><strong>et</strong></span> <span class='ocrx_word' id='word_1_99' title='bbox 651 651 715 679; x_wconf 84' lang='lat' dir='ltr'><strong>alibi</strong></span> <span class='ocrx_word' id='word_1_100' title='bbox 737 652 778 679; x_wconf 93' lang='lat' dir='ltr'><strong>vir</strong></span> <span class='ocrx_word' id='word_1_101' title='bbox 793 652 844 679; x_wconf 88' lang='lat' dir='ltr'><strong>iste</strong></span> <span class='ocrx_word' id='word_1_102' title='bbox 870 652 928 680; x_wconf 78' lang='lat' dir='ltr'><strong>exi-</strong></span> 
     </span>
    </p>
   </div>
   <div class='ocr_carea' id='block_1_14' title="bbox 142 696 927 732">
    <p class='ocr_par' dir='ltr' id='par_1_14' title="bbox 142 696 927 732">
     <span class='ocr_line' id='line_1_14' title="bbox 142 696 927 732; baseline 0.001 -9"><span class='ocrx_word' id='word_1_103' title='bbox 142 697 213 724; x_wconf 91' lang='lat' dir='ltr'><strong>mius</strong></span> <span class='ocrx_word' id='word_1_104' title='bbox 232 697 313 729; x_wconf 75' lang='lat' dir='ltr'><strong>dixit,</strong></span> <span class='ocrx_word' id='word_1_105' title='bbox 327 697 396 724; x_wconf 88' lang='lat' dir='ltr'><strong>hanc</strong></span> <span class='ocrx_word' id='word_1_106' title='bbox 410 703 471 724; x_wconf 89' lang='lat' dir='ltr'><strong>esse</strong></span> <span class='ocrx_word' id='word_1_107' title='bbox 485 696 617 724; x_wconf 89' lang='lat' dir='ltr'><strong>rationem</strong></span> <span class='ocrx_word' id='word_1_108' title='bbox 631 697 738 732; x_wconf 88' lang='lat' dir='ltr'><strong>pietatis</strong></span> <span class='ocrx_word' id='word_1_109' title='bbox 756 704 927 729; x_wconf 85' lang='lat' dir='ltr'><strong>asseverans,</strong></span> 
     </span>
    </p>
   </div>
   <div class='ocr_carea' id='block_1_15' title="bbox 141 741 927 777">
    <p class='ocr_par' dir='ltr' id='par_1_15' title="bbox 141 741 927 777">
     <span class='ocr_line' id='line_1_15' title="bbox 141 741 927 777; baseline 0 -8"><span class='ocrx_word' id='word_1_110' title='bbox 141 742 238 769; x_wconf 84' lang='lat' dir='ltr'><strong>deinde</strong></span> <span class='ocrx_word' id='word_1_111' title='bbox 252 742 335 770; x_wconf 87' lang='lat' dir='ltr'><strong>veluti</strong></span> <span class='ocrx_word' id='word_1_112' title='bbox 349 741 556 769; x_wconf 84' lang='lat' dir='ltr'><strong>cunctabundus</strong></span> <span class='ocrx_word' id='word_1_113' title='bbox 585 746 612 769; x_wconf 89' lang='lat' dir='ltr'><strong>et</strong></span> <span class='ocrx_word' id='word_1_114' title='bbox 639 741 778 773; x_wconf 65' lang='lat' dir='ltr'><strong>haesitans.</strong></span> <span class='ocrx_word' id='word_1_115' title='bbox 793 742 927 777; x_wconf 73' lang='lat' dir='ltr'><strong>fortassis,</strong></span> 
     </span>
    </p>
   </div>
   <div class='ocr_carea' id='block_1_16' title="bbox 142 787 927 822">
    <p class='ocr_par' dir='ltr' id='par_1_16' title="bbox 142 787 927 822">
     <span class='ocr_line' id='line_1_16' title="bbox 142 787 927 822; baseline 0.001 -8"><span class='ocrx_word' id='word_1_116' title='bbox 142 787 262 822; x_wconf 79' lang='lat' dir='ltr'><strong>adjecit?</strong></span> <span class='ocrx_word' id='word_1_117' title='bbox 289 787 442 821; x_wconf 78' lang='lat' dir='ltr'><strong>Quomodo,</strong></span> <span class='ocrx_word' id='word_1_118' title='bbox 472 788 595 821; x_wconf 81' lang='lat' dir='ltr'><strong>inquam,</strong></span> <span class='ocrx_word' id='word_1_119' title='bbox 626 787 673 822; x_wconf 86' lang='lat' dir='ltr'><strong>qui</strong></span> <span class='ocrx_word' id='word_1_120' title='bbox 715 787 818 815; x_wconf 87' lang='lat' dir='ltr'><strong>ordinis</strong></span> <span class='ocrx_word' id='word_1_121' title='bbox 846 788 927 816; x_wconf 88' lang='lat' dir='ltr'><strong>istam</strong></span> 
     </span>
    </p>
   </div>
   <div class='ocr_carea' id='block_1_17' title="bbox 142 833 928 870">
    <p class='ocr_par' dir='ltr' id='par_1_17' title="bbox 142 833 928 870">
     <span class='ocr_line' id='line_1_17' title="bbox 142 833 928 870; baseline 0 -9"><span class='ocrx_word' id='word_1_122' title='bbox 142 834 303 862; x_wconf 71' lang='lat' dir='ltr'><strong>insolentem</strong></span> <span class='ocrx_word' id='word_1_123' title='bbox 335 833 495 866; x_wconf 73' lang='lat' dir='ltr'><strong>noﬁtatem,</strong></span> <span class='ocrx_word' id='word_1_124' title='bbox 524 833 730 870; x_wconf 72' lang='lat' dir='ltr'><strong>abnogationem</strong></span> <span class='ocrx_word' id='word_1_125' title='bbox 761 833 824 861; x_wconf 84' lang='lat' dir='ltr'><strong>lidei</strong></span> <span class='ocrx_word' id='word_1_126' title='bbox 864 841 928 862; x_wconf 84' lang='lat' dir='ltr'><strong>esse</strong></span> 
     </span>
    </p>
   </div>
   <div class='ocr_carea' id='block_1_18' title="bbox 982 244 1768 281">
    <p class='ocr_par' dir='ltr' id='par_1_18' title="bbox 982 244 1768 281">
     <span class='ocr_line' id='line_1_18' title="bbox 982 244 1768 281; baseline 0 -8"><span class='ocrx_word' id='word_1_127' title='bbox 982 246 1009 273; x_wconf 93' lang='lat' dir='ltr'><strong>in</strong></span> <span class='ocrx_word' id='word_1_128' title='bbox 1023 247 1091 274; x_wconf 89' lang='lat' dir='ltr'><strong>libro</strong></span> <span class='ocrx_word' id='word_1_129' title='bbox 1106 246 1143 273; x_wconf 77' lang='lat' dir='ltr'><strong>De</strong></span> <span class='ocrx_word' id='word_1_130' title='bbox 1165 247 1240 274; x_wconf 68' lang='lat' dir='ltr'><strong>recti;</strong></span> <span class='ocrx_word' id='word_1_131' title='bbox 1257 245 1381 273; x_wconf 70' lang='lat' dir='ltr'><strong>Ecclesia:</strong></span> <span class='ocrx_word' id='word_1_132' title='bbox 1406 245 1573 281; x_wconf 78' lang='lat' dir='ltr'><strong>dogmatibus</strong></span> <span class='ocrx_word' id='word_1_133' title='bbox 1584 266 1591 277; x_wconf 87' lang='lat'><strong>,</strong></span> <span class='ocrx_word' id='word_1_134' title='bbox 1609 255 1618 271; x_wconf 80' lang='grc' dir='ltr'>ι</span> <span class='ocrx_word' id='word_1_135' title='bbox 1638 244 1768 280; x_wconf 79' lang='lat' dir='ltr'><strong>Spiritus,</strong></span> 
     </span>
    </p>
   </div>
   <div class='ocr_carea' id='block_1_19' title="bbox 982 290 1768 327">
    <p class='ocr_par' dir='ltr' id='par_1_19' title="bbox 982 290 1768 327">
     <span class='ocr_line' id='line_1_19' title="bbox 982 290 1768 327; baseline -0.003 -7"><span class='ocrx_word' id='word_1_136' title='bbox 982 293 1030 325; x_wconf 82' lang='lat' dir='ltr'><strong>ait.</strong></span> <span class='ocrx_word' id='word_1_137' title='bbox 1048 296 1170 326; x_wconf 86' lang='lat' dir='ltr'><strong>sanctus,</strong></span> <span class='ocrx_word' id='word_1_138' title='bbox 1188 291 1308 327; x_wconf 79' lang='lat' dir='ltr'><strong>Spiritus</strong></span> <span class='ocrx_word' id='word_1_139' title='bbox 1322 291 1448 320; x_wconf 80' lang='lat' dir='ltr'><strong>veritatis</strong></span> <span class='ocrx_word' id='word_1_140' title='bbox 1473 296 1525 319; x_wconf 84' lang='lat' dir='ltr'><strong>est.</strong></span> <span class='ocrx_word' id='word_1_141' title='bbox 1552 290 1604 318; x_wconf 81' lang='lat' dir='ltr'><strong>Hie</strong></span> <span class='ocrx_word' id='word_1_142' title='bbox 1627 294 1719 318; x_wconf 84' lang='lat' dir='ltr'><strong>autem</strong></span> <span class='ocrx_word' id='word_1_143' title='bbox 1751 297 1768 318; x_wconf 86' lang='lat' dir='ltr'><strong>a</strong></span> 
     </span>
    </p>
   </div>
   <div class='ocr_carea' id='block_1_20' title="bbox 980 335 1711 374">
    <p class='ocr_par' dir='ltr' id='par_1_20' title="bbox 980 335 1711 374">
     <span class='ocr_line' id='line_1_20' title="bbox 980 335 1711 374; baseline -0.003 -10"><span class='ocrx_word' id='word_1_144' title='bbox 980 338 1060 366; x_wconf 87' lang='lat' dir='ltr'><strong>Patre</strong></span> <span class='ocrx_word' id='word_1_145' title='bbox 1075 338 1186 374; x_wconf 83' lang='lat' dir='ltr'><strong>quidem</strong></span> <span class='ocrx_word' id='word_1_146' title='bbox 1199 338 1331 374; x_wconf 87' lang='lat' dir='ltr'><strong>procedit,</strong></span> <span class='ocrx_word' id='word_1_147' title='bbox 1350 345 1364 364; x_wconf 93' lang='lat' dir='ltr'><strong>a</strong></span> <span class='ocrx_word' id='word_1_148' title='bbox 1377 336 1446 364; x_wconf 85' lang='lat' dir='ltr'><strong>Filio</strong></span> <span class='ocrx_word' id='word_1_149' title='bbox 1459 340 1550 364; x_wconf 86' lang='lat' dir='ltr'><strong>autem</strong></span> <span class='ocrx_word' id='word_1_150' title='bbox 1579 335 1689 367; x_wconf 83' lang='lat' dir='ltr'><strong>accipit.</strong></span> <span class='ocrx_word' id='word_1_151' title='bbox 1701 344 1711 361; x_wconf 76' lang='grc' dir='ltr'><strong>ι</strong></span> 
     </span>
    </p>
   </div>
   <div class='ocr_carea' id='block_1_21' title="bbox 1016 382 1768 421">
    <p class='ocr_par' dir='ltr' id='par_1_21' title="bbox 1016 382 1768 421">
     <span class='ocr_line' id='line_1_21' title="bbox 1016 382 1768 421; baseline -0.004 -9"><span class='ocrx_word' id='word_1_152' title='bbox 1016 385 1130 421; x_wconf 78' lang='lat' dir='ltr'><strong>Magnus</strong></span> <span class='ocrx_word' id='word_1_153' title='bbox 1145 385 1209 413; x_wconf 83' lang='lat' dir='ltr'><strong>item</strong></span> <span class='ocrx_word' id='word_1_154' title='bbox 1225 384 1341 412; x_wconf 85' lang='lat' dir='ltr'><strong>Basilius</strong></span> <span class='ocrx_word' id='word_1_155' title='bbox 1356 383 1384 411; x_wconf 91' lang='lat' dir='ltr'><strong>in</strong></span> <span class='ocrx_word' id='word_1_156' title='bbox 1400 383 1522 419; x_wconf 50' lang='lat' dir='ltr'><strong>.Regulis</strong></span> <span class='ocrx_word' id='word_1_157' title='bbox 1543 382 1577 410; x_wconf 88' lang='lat' dir='ltr'><strong>ad</strong></span> <span class='ocrx_word' id='word_1_158' title='bbox 1607 382 1768 413; x_wconf 78' lang='lat' dir='ltr'><strong>monachos,</strong></span> 
     </span>
    </p>
   </div>
   <div class='ocr_carea' id='block_1_22' title="bbox 981 427 1768 467">
    <p class='ocr_par' dir='ltr' id='par_1_22' title="bbox 981 427 1768 467">
     <span class='ocr_line' id='line_1_22' title="bbox 981 427 1768 467; baseline -0.006 -8"><span class='ocrx_word' id='word_1_159' title='bbox 981 432 1170 467; x_wconf 70' lang='lat' dir='ltr'><strong>sermone,qui</strong></span> <span class='ocrx_word' id='word_1_160' title='bbox 1183 430 1288 465; x_wconf 82' lang='lat' dir='ltr'><strong>incipit.</strong></span> <span class='ocrx_word' id='word_1_161' title='bbox 1300 430 1348 457; x_wconf 74' lang='lat' dir='ltr'><strong>Dei</strong></span> <span class='ocrx_word' id='word_1_162' title='bbox 1357 429 1555 456; x_wconf 71' lang='lat' dir='ltr'><strong>clementissimi</strong></span> <span class='ocrx_word' id='word_1_163' title='bbox 1566 428 1668 463; x_wconf 80' lang='lat' dir='ltr'><strong>gratia,</strong></span> <span class='ocrx_word' id='word_1_164' title='bbox 1680 436 1689 453; x_wconf 77' lang='grc' dir='ltr'><strong><em>ι</em></strong></span> <span class='ocrx_word' id='word_1_165' title='bbox 1704 427 1768 454; x_wconf 84' lang='lat' dir='ltr'><strong>Cre-</strong></span> 
     </span>
    </p>
   </div>
   <div class='ocr_carea' id='block_1_23' title="bbox 980 471 1767 511">
    <p class='ocr_par' dir='ltr' id='par_1_23' title="bbox 980 471 1767 511">
     <span class='ocr_line' id='line_1_23' title="bbox 980 471 1767 511; baseline -0.006 -8"><span class='ocrx_word' id='word_1_166' title='bbox 980 477 1083 509; x_wconf 86' lang='lat' dir='ltr'><strong>dimus,</strong></span> <span class='ocrx_word' id='word_1_167' title='bbox 1114 475 1212 511; x_wconf 87' lang='lat' dir='ltr'><strong>inquit,</strong></span> <span class='ocrx_word' id='word_1_168' title='bbox 1238 481 1324 502; x_wconf 88' lang='lat' dir='ltr'><strong>unum</strong></span> <span class='ocrx_word' id='word_1_169' title='bbox 1351 473 1440 502; x_wconf 87' lang='lat' dir='ltr'><strong>solum</strong></span> <span class='ocrx_word' id='word_1_170' title='bbox 1481 471 1612 507; x_wconf 83' lang='lat' dir='ltr'><strong>Spiritum</strong></span> <span class='ocrx_word' id='word_1_171' title='bbox 1641 475 1767 499; x_wconf 84' lang='lat' dir='ltr'><strong>sanctum</strong></span> 
     </span>
    </p>
   </div>
   <div class='ocr_carea' id='block_1_24' title="bbox 979 517 1768 557">
    <p class='ocr_par' dir='ltr' id='par_1_24' title="bbox 979 517 1768 557">
     <span class='ocr_line' id='line_1_24' title="bbox 979 517 1768 557; baseline -0.006 -9"><span class='ocrx_word' id='word_1_172' title='bbox 979 522 1158 557; x_wconf 86' lang='lat' dir='ltr'><strong>paracletum,</strong></span> <span class='ocrx_word' id='word_1_173' title='bbox 1170 520 1302 556; x_wconf 85' lang='lat' dir='ltr'><strong>Spiritum</strong></span> <span class='ocrx_word' id='word_1_174' title='bbox 1323 523 1459 550; x_wconf 88' lang='lat' dir='ltr'><strong>sanctum,</strong></span> <span class='ocrx_word' id='word_1_175' title='bbox 1489 518 1516 545; x_wconf 89' lang='lat' dir='ltr'><strong>in</strong></span> <span class='ocrx_word' id='word_1_176' title='bbox 1534 517 1702 552; x_wconf 67' lang='lat' dir='ltr'><strong>quosignati</strong></span> <span class='ocrx_word' id='word_1_177' title='bbox 1721 525 1768 544; x_wconf 88' lang='lat' dir='ltr'><strong>su-</strong></span> 
     </span>
    </p>
   </div>
   <div class='ocr_carea' id='block_1_25' title="bbox 980 560 1767 597">
    <p class='ocr_par' dir='ltr' id='par_1_25' title="bbox 980 560 1767 597">
     <span class='ocr_line' id='line_1_25' title="bbox 980 560 1767 597; baseline -0.006 -5"><span class='ocrx_word' id='word_1_178' title='bbox 980 573 1051 597; x_wconf 85' lang='lat' dir='ltr'><strong>mus,</strong></span> <span class='ocrx_word' id='word_1_179' title='bbox 1069 564 1096 592; x_wconf 92' lang='lat' dir='ltr'><strong>in</strong></span> <span class='ocrx_word' id='word_1_180' title='bbox 1111 567 1236 591; x_wconf 85' lang='lat' dir='ltr'><strong>nostram</strong></span> <span class='ocrx_word' id='word_1_181' title='bbox 1268 563 1494 597; x_wconf 85' lang='lat' dir='ltr'><strong>redemptionem,</strong></span> <span class='ocrx_word' id='word_1_182' title='bbox 1506 560 1636 596; x_wconf 90' lang='lat' dir='ltr'><strong>Spiritum</strong></span> <span class='ocrx_word' id='word_1_183' title='bbox 1666 560 1767 588; x_wconf 87' lang='lat' dir='ltr'><strong>verita-</strong></span> 
     </span>
    </p>
   </div>
   <div class='ocr_carea' id='block_1_26' title="bbox 980 605 1766 645">
    <p class='ocr_par' dir='ltr' id='par_1_26' title="bbox 980 605 1766 645">
     <span class='ocr_line' id='line_1_26' title="bbox 980 605 1766 645; baseline -0.008 -7"><span class='ocrx_word' id='word_1_184' title='bbox 980 612 1025 642; x_wconf 90' lang='lat' dir='ltr'><strong>tis,</strong></span> <span class='ocrx_word' id='word_1_185' title='bbox 1041 610 1171 645; x_wconf 84' lang='lat' dir='ltr'><strong>Spiritum</strong></span> <span class='ocrx_word' id='word_1_186' title='bbox 1184 608 1352 644; x_wconf 82' lang='lat' dir='ltr'><strong>adoptionis,</strong></span> <span class='ocrx_word' id='word_1_187' title='bbox 1379 608 1406 634; x_wconf 91' lang='lat' dir='ltr'><strong>in</strong></span> <span class='ocrx_word' id='word_1_188' title='bbox 1419 615 1473 642; x_wconf 90' lang='lat' dir='ltr'><strong>quo</strong></span> <span class='ocrx_word' id='word_1_189' title='bbox 1509 607 1658 634; x_wconf 86' lang='lat' dir='ltr'><strong>clamamus</strong></span> <span class='ocrx_word' id='word_1_190' title='bbox 1692 605 1766 632; x_wconf 82' lang='lat' dir='ltr'><strong>Abba</strong></span> 
     </span>
    </p>
   </div>
   <div class='ocr_carea' id='block_1_27' title="bbox 979 652 1767 690">
    <p class='ocr_par' dir='ltr' id='par_1_27' title="bbox 979 652 1767 690">
     <span class='ocr_line' id='line_1_27' title="bbox 979 652 1767 690; baseline -0.006 -7"><span class='ocrx_word' id='word_1_191' title='bbox 979 656 1073 689; x_wconf 81' lang='lat' dir='ltr'><strong>Pater,</strong></span> <span class='ocrx_word' id='word_1_192' title='bbox 1084 656 1129 690; x_wconf 92' lang='lat' dir='ltr'><strong>qui</strong></span> <span class='ocrx_word' id='word_1_193' title='bbox 1145 655 1252 688; x_wconf 86' lang='lat' dir='ltr'><strong>dividit,</strong></span> <span class='ocrx_word' id='word_1_194' title='bbox 1270 659 1298 682; x_wconf 87' lang='lat' dir='ltr'><strong>et</strong></span> <span class='ocrx_word' id='word_1_195' title='bbox 1311 659 1441 688; x_wconf 81' lang='lat' dir='ltr'><strong>operatur</strong></span> <span class='ocrx_word' id='word_1_196' title='bbox 1454 652 1556 681; x_wconf 85' lang='lat' dir='ltr'><strong>Christi</strong></span> <span class='ocrx_word' id='word_1_197' title='bbox 1583 659 1695 679; x_wconf 92' lang='lat' dir='ltr'><strong>munera</strong></span> <span class='ocrx_word' id='word_1_198' title='bbox 1709 653 1767 678; x_wconf 88' lang='lat' dir='ltr'><strong>sin-</strong></span> 
     </span>
    </p>
   </div>
   <div class='ocr_carea' id='block_1_28' title="bbox 979 697 1766 738">
    <p class='ocr_par' dir='ltr' id='par_1_28' title="bbox 979 697 1766 738">
     <span class='ocr_line' id='line_1_28' title="bbox 979 697 1766 738; baseline -0.009 -7"><span class='ocrx_word' id='word_1_199' title='bbox 979 703 1049 738; x_wconf 83' lang='lat' dir='ltr'><strong>gulis</strong></span> <span class='ocrx_word' id='word_1_200' title='bbox 1064 702 1098 731; x_wconf 91' lang='lat' dir='ltr'><strong>ad</strong></span> <span class='ocrx_word' id='word_1_201' title='bbox 1113 701 1270 733; x_wconf 84' lang='lat' dir='ltr'><strong>utilitatem,</strong></span> <span class='ocrx_word' id='word_1_202' title='bbox 1288 705 1368 736; x_wconf 86' lang='lat' dir='ltr'><strong>prout</strong></span> <span class='ocrx_word' id='word_1_203' title='bbox 1383 700 1452 732; x_wconf 89' lang='lat' dir='ltr'><strong>vult,</strong></span> <span class='ocrx_word' id='word_1_204' title='bbox 1476 700 1588 730; x_wconf 77' lang='lat' dir='ltr'><strong>docens,</strong></span> <span class='ocrx_word' id='word_1_205' title='bbox 1616 702 1697 732; x_wconf 79' lang='lat' dir='ltr'><strong>atque</strong></span> <span class='ocrx_word' id='word_1_206' title='bbox 1718 697 1766 724; x_wconf 84' lang='lat' dir='ltr'><strong>ad-</strong></span> 
     </span>
    </p>
   </div>
   <div class='ocr_carea' id='block_1_29' title="bbox 979 742 1763 783">
    <p class='ocr_par' dir='ltr' id='par_1_29' title="bbox 979 742 1763 783">
     <span class='ocr_line' id='line_1_29' title="bbox 979 742 1763 783; baseline -0.009 -7"><span class='ocrx_word' id='word_1_207' title='bbox 979 756 1104 781; x_wconf 90' lang='lat' dir='ltr'><strong>monens,</strong></span> <span class='ocrx_word' id='word_1_208' title='bbox 1117 753 1145 777; x_wconf 89' lang='lat' dir='ltr'><strong>et</strong></span> <span class='ocrx_word' id='word_1_209' title='bbox 1161 754 1311 783; x_wconf 75' lang='lat' dir='ltr'><strong>suggerens</strong></span> <span class='ocrx_word' id='word_1_210' title='bbox 1321 752 1490 782; x_wconf 56' lang='lat' dir='ltr'><strong>quaecunque</strong></span> <span class='ocrx_word' id='word_1_211' title='bbox 1503 743 1621 772; x_wconf 89' lang='lat' dir='ltr'><strong>audierit</strong></span> <span class='ocrx_word' id='word_1_212' title='bbox 1637 751 1652 770; x_wconf 89' lang='lat' dir='ltr'><strong>a</strong></span> <span class='ocrx_word' id='word_1_213' title='bbox 1667 742 1763 770; x_wconf 66' lang='lat' dir='ltr'><strong>Filio.»</strong></span> 
     </span>
    </p>
   </div>
   <div class='ocr_carea' id='block_1_30' title="bbox 979 789 1766 830">
    <p class='ocr_par' dir='ltr' id='par_1_30' title="bbox 979 789 1766 830">
     <span class='ocr_line' id='line_1_30' title="bbox 979 789 1766 830; baseline -0.009 -7"><span class='ocrx_word' id='word_1_214' title='bbox 979 795 1092 823; x_wconf 76' lang='lat' dir='ltr'><strong>Constat</strong></span> <span class='ocrx_word' id='word_1_215' title='bbox 1106 794 1200 830; x_wconf 92' lang='lat' dir='ltr'><strong>igitur,</strong></span> <span class='ocrx_word' id='word_1_216' title='bbox 1215 793 1279 829; x_wconf 89' lang='lat' dir='ltr'><strong>quia</strong></span> <span class='ocrx_word' id='word_1_217' title='bbox 1294 792 1367 828; x_wconf 89' lang='lat' dir='ltr'><strong>quod</strong></span> <span class='ocrx_word' id='word_1_218' title='bbox 1385 791 1485 820; x_wconf 89' lang='lat' dir='ltr'><strong>dicitur</strong></span> <span class='ocrx_word' id='word_1_219' title='bbox 1498 799 1507 819; x_wconf 86' lang='lat'><strong>:</strong></span> <span class='ocrx_word' id='word_1_220' title='bbox 1523 790 1566 818; x_wconf 78' lang='lat' dir='ltr'><strong>Ea:</strong></span> <span class='ocrx_word' id='word_1_221' title='bbox 1576 798 1632 818; x_wconf 80' lang='lat' dir='ltr'><strong>meo</strong></span> <span class='ocrx_word' id='word_1_222' title='bbox 1644 789 1766 822; x_wconf 71' lang='lat' dir='ltr'><strong>accipiet,</strong></span> 
     </span>
    </p>
   </div>
   <div class='ocr_carea' id='block_1_31' title="bbox 979 839 1569 874">
    <p class='ocr_par' dir='ltr' id='par_1_31' title="bbox 979 839 1569 874">
     <span class='ocr_line' id='line_1_31' title="bbox 979 839 1569 874; baseline -0.008 -5"><span class='ocrx_word' id='word_1_223' title='bbox 979 842 1007 870; x_wconf 91' lang='lat' dir='ltr'><strong>in</strong></span> <span class='ocrx_word' id='word_1_224' title='bbox 1023 841 1103 874; x_wconf 83' lang='lat' dir='ltr'><strong>Filio,</strong></span> <span class='ocrx_word' id='word_1_225' title='bbox 1119 840 1244 868; x_wconf 86' lang='lat' dir='ltr'><strong>doctores</strong></span> <span class='ocrx_word' id='word_1_226' title='bbox 1260 839 1346 867; x_wconf 82' lang='lat' dir='ltr'><strong>sancti</strong></span> <span class='ocrx_word' id='word_1_227' title='bbox 1376 841 1569 873; x_wconf 85' lang='lat' dir='ltr'><strong>susceperunt.</strong></span> 
     </span>
    </p>
   </div>
   <div class='ocr_carea' id='block_1_32' title="bbox 142 876 1767 919">
    <p class='ocr_par' dir='ltr' id='par_1_32' title="bbox 142 876 1767 919">
     <span class='ocr_line' id='line_1_32' title="bbox 142 876 1767 919; baseline -0.004 -12"><span class='ocrx_word' id='word_1_228' title='bbox 142 879 274 912; x_wconf 84' lang='lat' dir='ltr'><strong>deﬁnivit,</strong></span> <span class='ocrx_word' id='word_1_229' title='bbox 291 880 357 907; x_wconf 86' lang='lat' dir='ltr'><strong>nihil</strong></span> <span class='ocrx_word' id='word_1_230' title='bbox 372 879 480 907; x_wconf 72' lang='lat' dir='ltr'><strong>diderrc</strong></span> <span class='ocrx_word' id='word_1_231' title='bbox 504 887 642 912; x_wconf 88' lang='lat' dir='ltr'><strong>asserens,</strong></span> <span class='ocrx_word' id='word_1_232' title='bbox 660 879 718 907; x_wconf 83' lang='lat' dir='ltr'><strong>sive</strong></span> <span class='ocrx_word' id='word_1_233' title='bbox 734 881 806 907; x_wconf 89' lang='lat' dir='ltr'><strong>ltunc</strong></span> <span class='ocrx_word' id='word_1_234' title='bbox 834 884 930 907; x_wconf 82' lang='lat' dir='ltr'><strong>utcun-</strong></span> <span class='ocrx_word' id='word_1_235' title='bbox 946 876 966 903; x_wconf 86' lang='grc' dir='ltr'><strong><em>Β</em></strong></span> <span class='ocrx_word' id='word_1_236' title='bbox 1016 887 1151 916; x_wconf 59' lang='grc' dir='ltr'><strong>επιει-ηι</strong></span> <span class='ocrx_word' id='word_1_237' title='bbox 1169 885 1197 914; x_wconf 74' lang='lat' dir='ltr'><strong>in</strong></span> <span class='ocrx_word' id='word_1_238' title='bbox 1215 884 1350 913; x_wconf 55' lang='lat' dir='ltr'><strong>creaturi.</strong></span> <span class='ocrx_word' id='word_1_239' title='bbox 1363 883 1484 919; x_wconf 60' lang='lat' dir='ltr'><strong>quidem,</strong></span> <span class='ocrx_word' id='word_1_240' title='bbox 1500 890 1563 918; x_wconf 53' lang='lat' dir='ltr'><strong>qua</strong></span> <span class='ocrx_word' id='word_1_241' title='bbox 1577 890 1592 909; x_wconf 61' lang='grc' dir='ltr'>ε</span> <span class='ocrx_word' id='word_1_242' title='bbox 1606 881 1662 910; x_wconf 69' lang='lat' dir='ltr'><strong>Deo</strong></span> <span class='ocrx_word' id='word_1_243' title='bbox 1693 880 1767 908; x_wconf 57' lang='lat' dir='ltr'><strong>“ei-</strong></span> 
     </span>
    </p>
   </div>
   <div class='ocr_carea' id='block_1_33' title="bbox 142 925 930 961">
    <p class='ocr_par' dir='ltr' id='par_1_33' title="bbox 142 925 930 961">
     <span class='ocr_line' id='line_1_33' title="bbox 142 925 930 961; baseline -0.001 -8"><span class='ocrx_word' id='word_1_244' title='bbox 142 933 196 961; x_wconf 86' lang='lat' dir='ltr'><strong>que</strong></span> <span class='ocrx_word' id='word_1_245' title='bbox 212 925 348 961; x_wconf 81' lang='lat' dir='ltr'><strong>quispiam</strong></span> <span class='ocrx_word' id='word_1_246' title='bbox 364 925 501 955; x_wconf 88' lang='lat' dir='ltr'><strong>immutet.</strong></span> <span class='ocrx_word' id='word_1_247' title='bbox 515 925 573 953; x_wconf 87' lang='lat' dir='ltr'><strong>sive</strong></span> <span class='ocrx_word' id='word_1_248' title='bbox 584 925 617 952; x_wconf 90' lang='lat' dir='ltr'><strong>ad</strong></span> <span class='ocrx_word' id='word_1_249' title='bbox 632 929 785 953; x_wconf 83' lang='lat' dir='ltr'><strong>creaturam</strong></span> <span class='ocrx_word' id='word_1_250' title='bbox 800 925 930 960; x_wconf 86' lang='lat' dir='ltr'><strong>Spiritum</strong></span> 
     </span>
    </p>
   </div>
   <div class='ocr_carea' id='block_1_34' title="bbox 142 971 929 1006">
    <p class='ocr_par' dir='ltr' id='par_1_34' title="bbox 142 971 929 1006">
     <span class='ocr_line' id='line_1_34' title="bbox 142 971 929 1006; baseline -0.001 -7"><span class='ocrx_word' id='word_1_251' title='bbox 142 976 267 1000; x_wconf 80' lang='lat' dir='ltr'><strong>sanctum</strong></span> <span class='ocrx_word' id='word_1_252' title='bbox 283 971 408 1004; x_wconf 89' lang='lat' dir='ltr'><strong>deducat,</strong></span> <span class='ocrx_word' id='word_1_253' title='bbox 423 978 526 1005; x_wconf 88' lang='lat' dir='ltr'><strong>eosque</strong></span> <span class='ocrx_word' id='word_1_254' title='bbox 555 971 700 1006; x_wconf 83' lang='lat' dir='ltr'><strong>fugiendos</strong></span> <span class='ocrx_word' id='word_1_255' title='bbox 720 975 855 1002; x_wconf 89' lang='lat' dir='ltr'><strong>statuens,</strong></span> <span class='ocrx_word' id='word_1_256' title='bbox 883 971 929 1005; x_wconf 91' lang='lat' dir='ltr'><strong>qui</strong></span> 
     </span>
    </p>
   </div>
   <div class='ocr_carea' id='block_1_35' title="bbox 141 1016 929 1053">
    <p class='ocr_par' dir='ltr' id='par_1_35' title="bbox 141 1016 929 1053">
     <span class='ocr_line' id='line_1_35' title="bbox 141 1016 929 1053; baseline -0.001 -8"><span class='ocrx_word' id='word_1_257' title='bbox 141 1026 201 1046; x_wconf 73' lang='lat' dir='ltr'><strong>eam</strong></span> <span class='ocrx_word' id='word_1_258' title='bbox 219 1018 456 1053; x_wconf 79' lang='lat' dir='ltr'><strong>consequentiam,</strong></span> <span class='ocrx_word' id='word_1_259' title='bbox 471 1025 553 1052; x_wconf 84' lang='lat' dir='ltr'><strong>quam</strong></span> <span class='ocrx_word' id='word_1_260' title='bbox 566 1017 677 1045; x_wconf 84' lang='lat' dir='ltr'><strong>tradidit</strong></span> <span class='ocrx_word' id='word_1_261' title='bbox 691 1017 771 1044; x_wconf 86' lang='lat' dir='ltr'><strong>nobis</strong></span> <span class='ocrx_word' id='word_1_262' title='bbox 786 1016 929 1047; x_wconf 84' lang='lat' dir='ltr'><strong>Dominus.</strong></span> 
     </span>
    </p>
   </div>
   <div class='ocr_carea' id='block_1_36' title="bbox 143 1063 930 1099">
    <p class='ocr_par' dir='ltr' id='par_1_36' title="bbox 143 1063 930 1099">
     <span class='ocr_line' id='line_1_36' title="bbox 143 1063 930 1099; baseline -0.003 -8"><span class='ocrx_word' id='word_1_263' title='bbox 143 1066 300 1095; x_wconf 88' lang='lat' dir='ltr'><strong>itnntutant,</strong></span> <span class='ocrx_word' id='word_1_264' title='bbox 315 1068 344 1091; x_wconf 90' lang='lat' dir='ltr'><strong>ut</strong></span> <span class='ocrx_word' id='word_1_265' title='bbox 361 1063 407 1099; x_wconf 88' lang='lat' dir='ltr'><strong>qtti</strong></span> <span class='ocrx_word' id='word_1_266' title='bbox 427 1067 520 1098; x_wconf 85' lang='lat' dir='ltr'><strong>aperte</strong></span> <span class='ocrx_word' id='word_1_267' title='bbox 545 1067 702 1098; x_wconf 74' lang='lat' dir='ltr'><strong>oppugnent</strong></span> <span class='ocrx_word' id='word_1_268' title='bbox 731 1063 869 1098; x_wconf 78' lang='lat' dir='ltr'><strong>pietatem,</strong></span> <span class='ocrx_word' id='word_1_269' title='bbox 886 1069 930 1090; x_wconf 86' lang='lat' dir='ltr'><strong>or-</strong></span> 
     </span>
    </p>
   </div>
   <div class='ocr_carea' id='block_1_37' title="bbox 144 1108 927 1144">
    <p class='ocr_par' dir='ltr' id='par_1_37' title="bbox 144 1108 927 1144">
     <span class='ocr_line' id='line_1_37' title="bbox 144 1108 927 1144; baseline -0.004 -6"><span class='ocrx_word' id='word_1_270' title='bbox 144 1111 217 1138; x_wconf 77' lang='lat' dir='ltr'><strong>diuis</strong></span> <span class='ocrx_word' id='word_1_271' title='bbox 245 1110 414 1138; x_wconf 87' lang='lat' dir='ltr'><strong>Dominicam</strong></span> <span class='ocrx_word' id='word_1_272' title='bbox 430 1109 603 1137; x_wconf 85' lang='lat' dir='ltr'><strong>traditionem</strong></span> <span class='ocrx_word' id='word_1_273' title='bbox 619 1110 742 1144; x_wconf 74' lang='lat' dir='ltr'><strong>pietatem</strong></span> <span class='ocrx_word' id='word_1_274' title='bbox 770 1108 927 1143; x_wconf 84' lang='lat' dir='ltr'><strong>appellans;</strong></span> 
     </span>
    </p>
   </div>
   <div class='ocr_carea' id='block_1_38' title="bbox 142 1153 929 1191">
    <p class='ocr_par' dir='ltr' id='par_1_38' title="bbox 142 1153 929 1191">
     <span class='ocr_line' id='line_1_38' title="bbox 142 1153 929 1191; baseline -0.004 -7"><span class='ocrx_word' id='word_1_275' title='bbox 142 1157 165 1184; x_wconf 89' lang='lat' dir='ltr'><strong>is</strong></span> <span class='ocrx_word' id='word_1_276' title='bbox 181 1160 292 1191; x_wconf 87' lang='lat' dir='ltr'><strong>repente</strong></span> <span class='ocrx_word' id='word_1_277' title='bbox 307 1160 410 1183; x_wconf 86' lang='lat' dir='ltr'><strong>mutata</strong></span> <span class='ocrx_word' id='word_1_278' title='bbox 433 1155 578 1186; x_wconf 84' lang='lat' dir='ltr'><strong>sententia,</strong></span> <span class='ocrx_word' id='word_1_279' title='bbox 608 1155 671 1186; x_wconf 86' lang='lat' dir='ltr'><strong>ista,</strong></span> <span class='ocrx_word' id='word_1_280' title='bbox 698 1154 776 1189; x_wconf 88' lang='lat' dir='ltr'><strong>quasi</strong></span> <span class='ocrx_word' id='word_1_281' title='bbox 808 1153 929 1188; x_wconf 78' lang='lat' dir='ltr'><strong>improbe</strong></span> 
     </span>
    </p>
   </div>
   <div class='ocr_carea' id='block_1_39' title="bbox 141 1199 929 1231">
    <p class='ocr_par' dir='ltr' id='par_1_39' title="bbox 141 1199 929 1231">
     <span class='ocr_line' id='line_1_39' title="bbox 141 1199 929 1231; baseline -0.006 -3"><span class='ocrx_word' id='word_1_282' title='bbox 141 1202 213 1228; x_wconf 83' lang='lat' dir='ltr'><strong>dicta</strong></span> <span class='ocrx_word' id='word_1_283' title='bbox 229 1200 367 1228; x_wconf 77' lang='lat' dir='ltr'><strong>confutet:</strong></span> <span class='ocrx_word' id='word_1_284' title='bbox 381 1200 425 1227; x_wconf 63' lang='lat' dir='ltr'><strong>«Si</strong></span> <span class='ocrx_word' id='word_1_285' title='bbox 442 1201 556 1227; x_wconf 87' lang='lat' dir='ltr'><strong>omnino</strong></span> <span class='ocrx_word' id='word_1_286' title='bbox 582 1199 634 1227; x_wconf 86' lang='lat' dir='ltr'><strong>ista</strong></span> <span class='ocrx_word' id='word_1_287' title='bbox 663 1204 690 1226; x_wconf 91' lang='lat' dir='ltr'><strong>et</strong></span> <span class='ocrx_word' id='word_1_288' title='bbox 716 1200 929 1231; x_wconf 62' lang='lat' dir='ltr'><strong>concedemus,»</strong></span> 
     </span>
    </p>
   </div>
   <div class='ocr_carea' id='block_1_40' title="bbox 96 1245 930 1283">
    <p class='ocr_par' dir='ltr' id='par_1_40' title="bbox 96 1245 930 1283">
     <span class='ocr_line' id='line_1_40' title="bbox 96 1245 930 1283; baseline -0.004 -8"><span class='ocrx_word' id='word_1_289' title='bbox 96 1247 106 1255; x_wconf 67' lang='lat'><strong>‘</strong></span> <span class='ocrx_word' id='word_1_290' title='bbox 142 1247 293 1283; x_wconf 72' lang='lat' dir='ltr'><strong>inquiens?</strong></span> <span class='ocrx_word' id='word_1_291' title='bbox 322 1247 358 1273; x_wconf 89' lang='lat' dir='ltr'><strong>At</strong></span> <span class='ocrx_word' id='word_1_292' title='bbox 386 1247 412 1274; x_wconf 88' lang='lat' dir='ltr'><strong>id</strong></span> <span class='ocrx_word' id='word_1_293' title='bbox 440 1246 530 1282; x_wconf 83' lang='lat' dir='ltr'><strong>magni</strong></span> <span class='ocrx_word' id='word_1_294' title='bbox 560 1245 651 1273; x_wconf 81' lang='lat' dir='ltr'><strong>Basilii</strong></span> <span class='ocrx_word' id='word_1_295' title='bbox 684 1245 823 1281; x_wconf 68' lang='lat' dir='ltr'><strong>sapientia:</strong></span> <span class='ocrx_word' id='word_1_296' title='bbox 848 1249 930 1279; x_wconf 85' lang='lat' dir='ltr'><strong>atque</strong></span> 
     </span>
    </p>
   </div>
   <div class='ocr_carea' id='block_1_41' title="bbox 143 1291 715 1327">
    <p class='ocr_par' dir='ltr' id='par_1_41' title="bbox 143 1291 715 1327">
     <span class='ocr_line' id='line_1_41' title="bbox 143 1291 715 1327; baseline -0.003 -7"><span class='ocrx_word' id='word_1_297' title='bbox 143 1293 292 1327; x_wconf 61' lang='lat' dir='ltr'><strong>prudentiae</strong></span> <span class='ocrx_word' id='word_1_298' title='bbox 310 1292 423 1320; x_wconf 84' lang='lat' dir='ltr'><strong>tninitue</strong></span> <span class='ocrx_word' id='word_1_299' title='bbox 438 1293 560 1319; x_wconf 91' lang='lat' dir='ltr'><strong>omnium</strong></span> <span class='ocrx_word' id='word_1_300' title='bbox 578 1291 715 1319; x_wconf 78' lang='lat' dir='ltr'><strong>convenit.</strong></span> 
     </span>
    </p>
   </div>
   <div class='ocr_carea' id='block_1_42' title="bbox 178 1337 927 1368">
    <p class='ocr_par' dir='ltr' id='par_1_42' title="bbox 178 1337 927 1368">
     <span class='ocr_line' id='line_1_42' title="bbox 178 1337 927 1368; baseline -0.005 -2"><span class='ocrx_word' id='word_1_301' title='bbox 178 1338 230 1366; x_wconf 87' lang='lat' dir='ltr'><strong>Sed</strong></span> <span class='ocrx_word' id='word_1_302' title='bbox 251 1339 322 1366; x_wconf 83' lang='lat' dir='ltr'><strong>enim</strong></span> <span class='ocrx_word' id='word_1_303' title='bbox 341 1345 410 1365; x_wconf 79' lang='lat' dir='ltr'><strong>nova</strong></span> <span class='ocrx_word' id='word_1_304' title='bbox 427 1338 502 1364; x_wconf 92' lang='lat' dir='ltr'><strong>illuttt</strong></span> <span class='ocrx_word' id='word_1_305' title='bbox 519 1338 563 1365; x_wconf 88' lang='lat' dir='ltr'><strong>hic</strong></span> <span class='ocrx_word' id='word_1_306' title='bbox 587 1342 614 1364; x_wconf 86' lang='lat' dir='ltr'><strong>et</strong></span> <span class='ocrx_word' id='word_1_307' title='bbox 639 1337 744 1364; x_wconf 82' lang='lat' dir='ltr'><strong>insueta</strong></span> <span class='ocrx_word' id='word_1_308' title='bbox 759 1343 835 1368; x_wconf 86' lang='lat' dir='ltr'><strong>voce,</strong></span> <span class='ocrx_word' id='word_1_309' title='bbox 849 1343 927 1363; x_wconf 81' lang='lat' dir='ltr'><strong>nsunt</strong></span> 
     </span>
    </p>
   </div>
   <div class='ocr_carea' id='block_1_43' title="bbox 141 1382 927 1418">
    <p class='ocr_par' dir='ltr' id='par_1_43' title="bbox 141 1382 927 1418">
     <span class='ocr_line' id='line_1_43' title="bbox 141 1382 927 1418; baseline -0.005 -6"><span class='ocrx_word' id='word_1_310' title='bbox 141 1393 195 1412; x_wconf 87' lang='lat' dir='ltr'><strong>non</strong></span> <span class='ocrx_word' id='word_1_311' title='bbox 212 1392 283 1418; x_wconf 80' lang='lat' dir='ltr'><strong>esse,</strong></span> <span class='ocrx_word' id='word_1_312' title='bbox 292 1385 338 1412; x_wconf 89' lang='lat' dir='ltr'><strong>sed</strong></span> <span class='ocrx_word' id='word_1_313' title='bbox 349 1384 520 1412; x_wconf 86' lang='lat' dir='ltr'><strong>occasionem</strong></span> <span class='ocrx_word' id='word_1_314' title='bbox 533 1391 564 1410; x_wconf 82' lang='lat' dir='ltr'><strong>ex</strong></span> <span class='ocrx_word' id='word_1_315' title='bbox 582 1383 670 1410; x_wconf 80' lang='lat' dir='ltr'><strong>sacris</strong></span> <span class='ocrx_word' id='word_1_316' title='bbox 686 1382 800 1410; x_wconf 86' lang='lat' dir='ltr'><strong>Litteris</strong></span> <span class='ocrx_word' id='word_1_317' title='bbox 812 1382 927 1416; x_wconf 86' lang='lat' dir='ltr'><strong>cepisse,</strong></span> 
     </span>
    </p>
   </div>
   <div class='ocr_carea' id='block_1_44' title="bbox 143 1425 928 1464">
    <p class='ocr_par' dir='ltr' id='par_1_44' title="bbox 143 1425 928 1464">
     <span class='ocr_line' id='line_1_44' title="bbox 143 1425 928 1464; baseline -0.005 -7"><span class='ocrx_word' id='word_1_318' title='bbox 143 1431 205 1458; x_wconf 88' lang='lat' dir='ltr'><strong>inde</strong></span> <span class='ocrx_word' id='word_1_319' title='bbox 224 1435 332 1457; x_wconf 80' lang='lat' dir='ltr'><strong>constat</strong></span> <span class='ocrx_word' id='word_1_320' title='bbox 349 1430 419 1464; x_wconf 87' lang='lat' dir='ltr'><strong>quod</strong></span> <span class='ocrx_word' id='word_1_321' title='bbox 448 1428 481 1455; x_wconf 87' lang='lat' dir='ltr'><strong>de</strong></span> <span class='ocrx_word' id='word_1_322' title='bbox 497 1428 588 1462; x_wconf 79' lang='lat' dir='ltr'><strong>seipso</strong></span> <span class='ocrx_word' id='word_1_323' title='bbox 619 1427 749 1455; x_wconf 89' lang='lat' dir='ltr'><strong>Dominus</strong></span> <span class='ocrx_word' id='word_1_324' title='bbox 780 1427 834 1454; x_wconf 89' lang='lat' dir='ltr'><strong>ait:</strong></span> <span class='ocrx_word' id='word_1_325' title='bbox 861 1425 928 1458; x_wconf 71' lang='lat' dir='ltr'><strong>Qum</strong></span> 
     </span>
    </p>
   </div>
   <div class='ocr_carea' id='block_1_45' title="bbox 141 1466 928 1512">
    <p class='ocr_par' dir='ltr' id='par_1_45' title="bbox 141 1466 928 1512">
     <span class='ocr_line' id='line_1_45' title="bbox 141 1466 928 1512; baseline -0.008 -9"><span class='ocrx_word' id='word_1_326' title='bbox 141 1485 187 1512; x_wconf 86' lang='lat' dir='ltr'><strong>ego</strong></span> <span class='ocrx_word' id='word_1_327' title='bbox 202 1466 291 1511; x_wconf 66' lang='lat' dir='ltr'><strong>loquoi</strong></span> <span class='ocrx_word' id='word_1_328' title='bbox 302 1475 342 1507; x_wconf 64' lang='lat'><strong>‘9&#39;,</strong></span> <span class='ocrx_word' id='word_1_329' title='bbox 357 1480 394 1507; x_wconf 92' lang='lat' dir='ltr'><strong>et,</strong></span> <span class='ocrx_word' id='word_1_330' title='bbox 418 1473 485 1506; x_wconf 75' lang='lat' dir='ltr'><strong>Qua:</strong></span> <span class='ocrx_word' id='word_1_331' title='bbox 503 1474 592 1500; x_wconf 80' lang='lat' dir='ltr'><strong>audiri</strong></span> <span class='ocrx_word' id='word_1_332' title='bbox 605 1482 621 1500; x_wconf 90' lang='lat' dir='ltr'><strong>a</strong></span> <span class='ocrx_word' id='word_1_333' title='bbox 642 1473 721 1500; x_wconf 79' lang='lat' dir='ltr'><strong>Palre</strong></span> <span class='ocrx_word' id='word_1_334' title='bbox 742 1480 808 1505; x_wconf 74' lang='lat' dir='ltr'><strong>meo,</strong></span> <span class='ocrx_word' id='word_1_335' title='bbox 823 1479 928 1498; x_wconf 84' lang='lat' dir='ltr'><strong>annun-</strong></span> 
     </span>
    </p>
   </div>
   <div class='ocr_carea' id='block_1_46' title="bbox 981 928 1766 968">
    <p class='ocr_par' dir='ltr' id='par_1_46' title="bbox 981 928 1766 968">
     <span class='ocr_line' id='line_1_46' title="bbox 981 928 1766 968; baseline -0.01 -8"><span class='ocrx_word' id='word_1_336' title='bbox 981 940 1046 968; x_wconf 88' lang='lat' dir='ltr'><strong>pere</strong></span> <span class='ocrx_word' id='word_1_337' title='bbox 1056 932 1197 964; x_wconf 90' lang='lat' dir='ltr'><strong>dicuntur,</strong></span> <span class='ocrx_word' id='word_1_338' title='bbox 1211 930 1341 966; x_wconf 90' lang='lat' dir='ltr'><strong>quoniam</strong></span> <span class='ocrx_word' id='word_1_339' title='bbox 1351 937 1398 965; x_wconf 85' lang='lat' dir='ltr'><strong>per</strong></span> <span class='ocrx_word' id='word_1_340' title='bbox 1409 928 1662 964; x_wconf 86' lang='lat' dir='ltr'><strong>participationem,</strong></span> <span class='ocrx_word' id='word_1_341' title='bbox 1684 931 1766 961; x_wconf 86' lang='lat' dir='ltr'><strong>atque</strong></span> 
     </span>
    </p>
   </div>
   <div class='ocr_carea' id='block_1_47' title="bbox 981 973 1767 1014">
    <p class='ocr_par' dir='ltr' id='par_1_47' title="bbox 981 973 1767 1014">
     <span class='ocr_line' id='line_1_47' title="bbox 981 973 1767 1014; baseline -0.01 -7"><span class='ocrx_word' id='word_1_342' title='bbox 981 979 1177 1014; x_wconf 78' lang='lat' dir='ltr'><strong>temporaliter,</strong></span> <span class='ocrx_word' id='word_1_343' title='bbox 1196 981 1227 1006; x_wconf 90' lang='lat' dir='ltr'><strong>ut</strong></span> <span class='ocrx_word' id='word_1_344' title='bbox 1240 977 1369 1005; x_wconf 85' lang='lat' dir='ltr'><strong>meliores</strong></span> <span class='ocrx_word' id='word_1_345' title='bbox 1384 977 1511 1007; x_wconf 80' lang='lat' dir='ltr'><strong>evadant,</strong></span> <span class='ocrx_word' id='word_1_346' title='bbox 1524 973 1665 1010; x_wconf 82' lang='lat' dir='ltr'><strong>quodlibet</strong></span> <span class='ocrx_word' id='word_1_347' title='bbox 1690 979 1767 1000; x_wconf 84' lang='lat' dir='ltr'><strong>acce-</strong></span> 
     </span>
    </p>
   </div>
   <div class='ocr_carea' id='block_1_48' title="bbox 980 1016 1768 1060">
    <p class='ocr_par' dir='ltr' id='par_1_48' title="bbox 980 1016 1768 1060">
     <span class='ocr_line' id='line_1_48' title="bbox 980 1016 1768 1060; baseline -0.01 -7"><span class='ocrx_word' id='word_1_348' title='bbox 980 1026 1080 1060; x_wconf 87' lang='lat' dir='ltr'><strong>perint,</strong></span> <span class='ocrx_word' id='word_1_349' title='bbox 1092 1025 1220 1052; x_wconf 86' lang='lat' dir='ltr'><strong>dicuntur</strong></span> <span class='ocrx_word' id='word_1_350' title='bbox 1233 1024 1373 1058; x_wconf 73' lang='lat' dir='ltr'><strong>accipere.</strong></span> <span class='ocrx_word' id='word_1_351' title='bbox 1391 1022 1442 1050; x_wconf 88' lang='lat' dir='ltr'><strong>hoc</strong></span> <span class='ocrx_word' id='word_1_352' title='bbox 1458 1022 1486 1048; x_wconf 90' lang='lat' dir='ltr'><strong>in</strong></span> <span class='ocrx_word' id='word_1_353' title='bbox 1502 1021 1543 1048; x_wconf 83' lang='lat' dir='ltr'><strong>eis</strong></span> <span class='ocrx_word' id='word_1_354' title='bbox 1574 1016 1665 1047; x_wconf 75' lang='lat' dir='ltr'><strong>min&#39;us</strong></span> <span class='ocrx_word' id='word_1_355' title='bbox 1680 1018 1768 1045; x_wconf 77' lang='lat' dir='ltr'><strong>fuisse</strong></span> 
     </span>
    </p>
   </div>
   <div class='ocr_carea' id='block_1_49' title="bbox 980 1065 1767 1107">
    <p class='ocr_par' dir='ltr' id='par_1_49' title="bbox 980 1065 1767 1107">
     <span class='ocr_line' id='line_1_49' title="bbox 980 1065 1767 1107; baseline -0.013 -8"><span class='ocrx_word' id='word_1_356' title='bbox 980 1071 1126 1107; x_wconf 77' lang='lat' dir='ltr'><strong>signiﬁcat,</strong></span> <span class='ocrx_word' id='word_1_357' title='bbox 1144 1070 1217 1106; x_wconf 86' lang='lat' dir='ltr'><strong>quod</strong></span> <span class='ocrx_word' id='word_1_358' title='bbox 1231 1073 1405 1103; x_wconf 72' lang='lat' dir='ltr'><strong>acceperunt.</strong></span> <span class='ocrx_word' id='word_1_359' title='bbox 1435 1068 1597 1101; x_wconf 83' lang='lat' dir='ltr'><strong>Quanquam</strong></span> <span class='ocrx_word' id='word_1_360' title='bbox 1613 1070 1639 1092; x_wconf 86' lang='lat' dir='ltr'><strong>et</strong></span> <span class='ocrx_word' id='word_1_361' title='bbox 1665 1065 1767 1098; x_wconf 86' lang='lat' dir='ltr'><strong>imper-</strong></span> 
     </span>
    </p>
   </div>
   <div class='ocr_carea' id='block_1_50' title="bbox 980 1107 1766 1151">
    <p class='ocr_par' dir='ltr' id='par_1_50' title="bbox 980 1107 1766 1151">
     <span class='ocr_line' id='line_1_50' title="bbox 980 1107 1766 1151; baseline -0.013 -7"><span class='ocrx_word' id='word_1_362' title='bbox 980 1116 1142 1144; x_wconf 80' lang='lat' dir='ltr'><strong>fectioribus</strong></span> <span class='ocrx_word' id='word_1_363' title='bbox 1159 1114 1342 1151; x_wconf 35' lang='lat' dir='ltr'><strong>.mortalium,</strong></span> <span class='ocrx_word' id='word_1_364' title='bbox 1361 1113 1470 1148; x_wconf 81' lang='lat' dir='ltr'><strong>quando</strong></span> <span class='ocrx_word' id='word_1_365' title='bbox 1489 1118 1521 1138; x_wconf 75' lang='lat' dir='ltr'><strong>ex</strong></span> <span class='ocrx_word' id='word_1_366' title='bbox 1553 1109 1708 1145; x_wconf 77' lang='lat' dir='ltr'><strong>imperfecto</strong></span> <span class='ocrx_word' id='word_1_367' title='bbox 1732 1107 1766 1134; x_wconf 77' lang='lat' dir='ltr'><strong>ad</strong></span> 
     </span>
    </p>
   </div>
   <div class='ocr_carea' id='block_1_51' title="bbox 979 1154 1766 1194">
    <p class='ocr_par' dir='ltr' id='par_1_51' title="bbox 979 1154 1766 1194">
     <span class='ocr_line' id='line_1_51' title="bbox 979 1154 1766 1194; baseline -0.011 -7"><span class='ocrx_word' id='word_1_368' title='bbox 979 1159 1130 1194; x_wconf 81' lang='lat' dir='ltr'><strong>perfectum</strong></span> <span class='ocrx_word' id='word_1_369' title='bbox 1155 1158 1313 1193; x_wconf 77' lang='lat' dir='ltr'><strong>proﬁciunt,</strong></span> <span class='ocrx_word' id='word_1_370' title='bbox 1351 1157 1417 1183; x_wconf 89' lang='lat' dir='ltr'><strong>nihil</strong></span> <span class='ocrx_word' id='word_1_371' title='bbox 1453 1154 1588 1190; x_wconf 77' lang='lat' dir='ltr'><strong>prohibet,</strong></span> <span class='ocrx_word' id='word_1_372' title='bbox 1623 1158 1766 1188; x_wconf 89' lang='lat' dir='ltr'><strong>postquam</strong></span> 
     </span>
    </p>
   </div>
   <div class='ocr_carea' id='block_1_52' title="bbox 980 1201 1768 1239">
    <p class='ocr_par' dir='ltr' id='par_1_52' title="bbox 980 1201 1768 1239">
     <span class='ocr_line' id='line_1_52' title="bbox 980 1201 1768 1239; baseline -0.009 -7"><span class='ocrx_word' id='word_1_373' title='bbox 980 1206 1036 1233; x_wconf 87' lang='lat' dir='ltr'><strong>nati</strong></span> <span class='ocrx_word' id='word_1_374' title='bbox 1051 1212 1106 1232; x_wconf 76' lang='lat' dir='ltr'><strong>esse</strong></span> <span class='ocrx_word' id='word_1_375' title='bbox 1122 1204 1292 1239; x_wconf 86' lang='lat' dir='ltr'><strong>acceperint,</strong></span> <span class='ocrx_word' id='word_1_376' title='bbox 1309 1203 1364 1230; x_wconf 93' lang='lat' dir='ltr'><strong>imo</strong></span> <span class='ocrx_word' id='word_1_377' title='bbox 1393 1207 1421 1230; x_wconf 90' lang='lat' dir='ltr'><strong>et</strong></span> <span class='ocrx_word' id='word_1_378' title='bbox 1447 1201 1632 1229; x_wconf 88' lang='lat' dir='ltr'><strong>necessarium</strong></span> <span class='ocrx_word' id='word_1_379' title='bbox 1660 1204 1712 1232; x_wconf 89' lang='lat' dir='ltr'><strong>est,</strong></span> <span class='ocrx_word' id='word_1_380' title='bbox 1738 1203 1768 1226; x_wconf 93' lang='lat' dir='ltr'><strong>ut</strong></span> 
     </span>
    </p>
   </div>
   <div class='ocr_carea' id='block_1_53' title="bbox 979 1247 1769 1285">
    <p class='ocr_par' dir='ltr' id='par_1_53' title="bbox 979 1247 1769 1285">
     <span class='ocr_line' id='line_1_53' title="bbox 979 1247 1769 1285; baseline -0.009 -5"><span class='ocrx_word' id='word_1_381' title='bbox 979 1253 1106 1280; x_wconf 87' lang='lat' dir='ltr'><strong>dicantur</strong></span> <span class='ocrx_word' id='word_1_382' title='bbox 1120 1256 1147 1279; x_wconf 89' lang='lat' dir='ltr'><strong>et</strong></span> <span class='ocrx_word' id='word_1_383' title='bbox 1160 1251 1253 1278; x_wconf 87' lang='lat' dir='ltr'><strong>audire</strong></span> <span class='ocrx_word' id='word_1_384' title='bbox 1268 1255 1295 1278; x_wconf 89' lang='lat' dir='ltr'><strong>et</strong></span> <span class='ocrx_word' id='word_1_385' title='bbox 1313 1250 1437 1285; x_wconf 83' lang='lat' dir='ltr'><strong>accipere</strong></span> <span class='ocrx_word' id='word_1_386' title='bbox 1464 1249 1602 1284; x_wconf 86' lang='lat' dir='ltr'><strong>peritiam,</strong></span> <span class='ocrx_word' id='word_1_387' title='bbox 1638 1247 1696 1276; x_wconf 86' lang='lat' dir='ltr'><strong>sive</strong></span> <span class='ocrx_word' id='word_1_388' title='bbox 1723 1254 1769 1274; x_wconf 85' lang='lat' dir='ltr'><strong>ar-</strong></span> 
     </span>
    </p>
   </div>
   <div class='ocr_carea' id='block_1_54' title="bbox 980 1292 1645 1330">
    <p class='ocr_par' dir='ltr' id='par_1_54' title="bbox 980 1292 1645 1330">
     <span class='ocr_line' id='line_1_54' title="bbox 980 1292 1645 1330; baseline -0.009 -7"><span class='ocrx_word' id='word_1_389' title='bbox 980 1300 1046 1328; x_wconf 90' lang='lat' dir='ltr'><strong>tcm,</strong></span> <span class='ocrx_word' id='word_1_390' title='bbox 1059 1298 1087 1322; x_wconf 90' lang='lat' dir='ltr'><strong>et</strong></span> <span class='ocrx_word' id='word_1_391' title='bbox 1101 1301 1216 1330; x_wconf 72' lang='lat' dir='ltr'><strong>quaeque</strong></span> <span class='ocrx_word' id='word_1_392' title='bbox 1232 1299 1343 1328; x_wconf 75' lang='lat' dir='ltr'><strong>accepta</strong></span> <span class='ocrx_word' id='word_1_393' title='bbox 1369 1292 1498 1327; x_wconf 81' lang='lat' dir='ltr'><strong>perﬁcere</strong></span> <span class='ocrx_word' id='word_1_394' title='bbox 1523 1295 1645 1325; x_wconf 87' lang='lat' dir='ltr'><strong>possunt.</strong></span> 
     </span>
    </p>
   </div>
   <div class='ocr_carea' id='block_1_55' title="bbox 1014 1332 1768 1372">
    <p class='ocr_par' dir='ltr' id='par_1_55' title="bbox 1014 1332 1768 1372">
     <span class='ocr_line' id='line_1_55' title="bbox 1014 1332 1768 1372; baseline -0.011 -2"><span class='ocrx_word' id='word_1_395' title='bbox 1014 1343 1099 1370; x_wconf 89' lang='lat' dir='ltr'><strong>Porro</strong></span> <span class='ocrx_word' id='word_1_396' title='bbox 1111 1342 1137 1369; x_wconf 91' lang='lat' dir='ltr'><strong>in</strong></span> <span class='ocrx_word' id='word_1_397' title='bbox 1159 1345 1255 1369; x_wconf 83' lang='lat' dir='ltr'><strong>sancta</strong></span> <span class='ocrx_word' id='word_1_398' title='bbox 1281 1339 1426 1372; x_wconf 80' lang='lat' dir='ltr'><strong>Trinitate,</strong></span> <span class='ocrx_word' id='word_1_399' title='bbox 1459 1345 1521 1366; x_wconf 86' lang='lat' dir='ltr'><strong>cum</strong></span> <span class='ocrx_word' id='word_1_400' title='bbox 1550 1342 1578 1365; x_wconf 88' lang='lat' dir='ltr'><strong>et</strong></span> <span class='ocrx_word' id='word_1_401' title='bbox 1604 1335 1715 1364; x_wconf 83' lang='lat' dir='ltr'><strong>materia</strong></span> <span class='ocrx_word' id='word_1_402' title='bbox 1740 1332 1768 1362; x_wconf 55' lang='grc' dir='ltr'><strong>εἰ</strong></span> 
     </span>
    </p>
   </div>
   <div class='ocr_carea' id='block_1_56' title="bbox 979 1382 1767 1420">
    <p class='ocr_par' dir='ltr' id='par_1_56' title="bbox 979 1382 1767 1420">
     <span class='ocr_line' id='line_1_56' title="bbox 979 1382 1767 1420; baseline -0.011 -4"><span class='ocrx_word' id='word_1_403' title='bbox 979 1387 1069 1416; x_wconf 90' lang='lat' dir='ltr'><strong>omnis</strong></span> <span class='ocrx_word' id='word_1_404' title='bbox 1086 1385 1194 1414; x_wconf 66' lang='lat' dir='ltr'><strong>affectio</strong></span> <span class='ocrx_word' id='word_1_405' title='bbox 1224 1384 1381 1420; x_wconf 82' lang='lat' dir='ltr'><strong>imperfecta</strong></span> <span class='ocrx_word' id='word_1_406' title='bbox 1406 1384 1439 1411; x_wconf 91' lang='lat' dir='ltr'><strong>ab</strong></span> <span class='ocrx_word' id='word_1_407' title='bbox 1461 1391 1491 1411; x_wconf 86' lang='lat' dir='ltr'><strong>ea</strong></span> <span class='ocrx_word' id='word_1_408' title='bbox 1522 1382 1631 1417; x_wconf 82' lang='lat' dir='ltr'><strong>penitus</strong></span> <span class='ocrx_word' id='word_1_409' title='bbox 1654 1386 1767 1408; x_wconf 77' lang='lat' dir='ltr'><strong>remotae</strong></span> 
     </span>
    </p>
   </div>
   <div class='ocr_carea' id='block_1_57' title="bbox 979 1424 1767 1468">
    <p class='ocr_par' dir='ltr' id='par_1_57' title="bbox 979 1424 1767 1468">
     <span class='ocr_line' id='line_1_57' title="bbox 979 1424 1767 1468; baseline -0.011 -8"><span class='ocrx_word' id='word_1_410' title='bbox 979 1433 1034 1460; x_wconf 88' lang='lat' dir='ltr'><strong>sint</strong></span> <span class='ocrx_word' id='word_1_411' title='bbox 1046 1439 1092 1468; x_wconf 89' lang='lat' dir='ltr'><strong>per</strong></span> <span class='ocrx_word' id='word_1_412' title='bbox 1102 1438 1237 1460; x_wconf 86' lang='lat' dir='ltr'><strong>summam</strong></span> <span class='ocrx_word' id='word_1_413' title='bbox 1262 1430 1321 1465; x_wconf 86' lang='lat' dir='ltr'><strong>ejus</strong></span> <span class='ocrx_word' id='word_1_414' title='bbox 1349 1428 1549 1464; x_wconf 82' lang='lat' dir='ltr'><strong>simplicitatem</strong></span> <span class='ocrx_word' id='word_1_415' title='bbox 1572 1432 1654 1462; x_wconf 88' lang='lat' dir='ltr'><strong>atque</strong></span> <span class='ocrx_word' id='word_1_416' title='bbox 1679 1424 1767 1459; x_wconf 82' lang='lat' dir='ltr'><strong>perie-</strong></span> 
     </span>
    </p>
   </div>
   <div class='ocr_carea' id='block_1_58' title="bbox 979 1471 1765 1512">
    <p class='ocr_par' dir='ltr' id='par_1_58' title="bbox 979 1471 1765 1512">
     <span class='ocr_line' id='line_1_58' title="bbox 979 1471 1765 1512; baseline -0.013 -5"><span class='ocrx_word' id='word_1_417' title='bbox 979 1478 1109 1510; x_wconf 86' lang='lat' dir='ltr'><strong>clionem,</strong></span> <span class='ocrx_word' id='word_1_418' title='bbox 1130 1478 1250 1512; x_wconf 86' lang='lat' dir='ltr'><strong>ineptum</strong></span> <span class='ocrx_word' id='word_1_419' title='bbox 1267 1476 1379 1504; x_wconf 90' lang='lat' dir='ltr'><strong>omnino</strong></span> <span class='ocrx_word' id='word_1_420' title='bbox 1401 1476 1453 1507; x_wconf 83' lang='lat' dir='ltr'><strong>est,</strong></span> <span class='ocrx_word' id='word_1_421' title='bbox 1473 1478 1580 1509; x_wconf 85' lang='lat' dir='ltr'><strong>putare,</strong></span> <span class='ocrx_word' id='word_1_422' title='bbox 1605 1472 1645 1500; x_wconf 81' lang='lat' dir='ltr'><strong>vel</strong></span> <span class='ocrx_word' id='word_1_423' title='bbox 1665 1471 1765 1498; x_wconf 87' lang='lat' dir='ltr'><strong>Filium</strong></span> 
     </span>
    </p>
   </div>
   <div class='ocr_carea' id='block_1_59' title="bbox 144 1518 929 1566">
    <p class='ocr_par' dir='ltr' id='par_1_59' title="bbox 144 1518 928 1554">
     <span class='ocr_line' id='line_1_59' title="bbox 144 1518 928 1554; baseline -0.006 -6"><span class='ocrx_word' id='word_1_424' title='bbox 144 1522 207 1548; x_wconf 70' lang='grc' dir='ltr'><strong>εἰαυὶ</strong></span> <span class='ocrx_word' id='word_1_425' title='bbox 221 1521 292 1548; x_wconf 69' lang='lat' dir='ltr'><strong>vobis</strong></span> <span class='ocrx_word' id='word_1_426' title='bbox 303 1521 337 1547; x_wconf 79' lang='grc'><strong>³⁸.</strong></span> <span class='ocrx_word' id='word_1_427' title='bbox 354 1521 388 1547; x_wconf 81' lang='lat' dir='ltr'><strong>At</strong></span> <span class='ocrx_word' id='word_1_428' title='bbox 404 1520 438 1548; x_wconf 88' lang='lat' dir='ltr'><strong>de</strong></span> <span class='ocrx_word' id='word_1_429' title='bbox 468 1526 563 1547; x_wconf 88' lang='lat' dir='ltr'><strong>sancto</strong></span> <span class='ocrx_word' id='word_1_430' title='bbox 587 1519 689 1554; x_wconf 86' lang='lat' dir='ltr'><strong>Spiritu</strong></span> <span class='ocrx_word' id='word_1_431' title='bbox 704 1527 711 1546; x_wconf 86' lang='lat'><strong>:</strong></span> <span class='ocrx_word' id='word_1_432' title='bbox 740 1518 801 1550; x_wconf 84' lang='lat' dir='ltr'><strong>Ille,</strong></span> <span class='ocrx_word' id='word_1_433' title='bbox 829 1518 928 1552; x_wconf 56' lang='lat' dir='ltr'><strong>inquit,</strong></span> 
     </span>
    </p>
   </div>
   <div class='ocr_carea' id='block_1_60' title="bbox 984 1518 1768 1566">
    <p class='ocr_par' dir='ltr' id='par_1_60' title="bbox 984 1521 1768 1560">
     <span class='ocr_line' id='line_1_60' title="bbox 984 1521 1768 1560; baseline -0.011 -7"><span class='ocrx_word' id='word_1_434' title='bbox 984 1529 1075 1553; x_wconf 88' lang='lat' dir='ltr'><strong>natum</strong></span> <span class='ocrx_word' id='word_1_435' title='bbox 1094 1526 1169 1560; x_wconf 88' lang='lat' dir='ltr'><strong>prius</strong></span> <span class='ocrx_word' id='word_1_436' title='bbox 1189 1524 1332 1558; x_wconf 87' lang='lat' dir='ltr'><strong>ignorasse</strong></span> <span class='ocrx_word' id='word_1_437' title='bbox 1348 1522 1437 1550; x_wconf 86' lang='lat' dir='ltr'><strong>Patris</strong></span> <span class='ocrx_word' id='word_1_438' title='bbox 1462 1521 1639 1550; x_wconf 84' lang='lat' dir='ltr'><strong>voluntatem,</strong></span> <span class='ocrx_word' id='word_1_439' title='bbox 1652 1525 1768 1553; x_wconf 84' lang='lat' dir='ltr'><strong>eamque</strong></span> 
     </span>
    </p>
   </div>
   <div class='ocr_carea' id='block_1_61' title="bbox 143 1563 930 1602">
    <p class='ocr_par' dir='ltr' id='par_1_61' title="bbox 143 1563 930 1602">
     <span class='ocr_line' id='line_1_61' title="bbox 143 1563 930 1602; baseline -0.006 -9"><span class='ocrx_word' id='word_1_440' title='bbox 143 1575 184 1594; x_wconf 85' lang='lat' dir='ltr'><strong>me</strong></span> <span class='ocrx_word' id='word_1_441' title='bbox 202 1567 371 1602; x_wconf 74' lang='lat' dir='ltr'><strong>glarificabit,</strong></span> <span class='ocrx_word' id='word_1_442' title='bbox 386 1566 448 1599; x_wconf 80' lang='lat' dir='ltr'><strong>quia</strong></span> <span class='ocrx_word' id='word_1_443' title='bbox 462 1574 494 1593; x_wconf 78' lang='lat' dir='ltr'><strong>ea;</strong></span> <span class='ocrx_word' id='word_1_444' title='bbox 508 1573 563 1592; x_wconf 70' lang='lat' dir='ltr'><strong>meo</strong></span> <span class='ocrx_word' id='word_1_445' title='bbox 585 1565 703 1600; x_wconf 81' lang='lat' dir='ltr'><strong>accipiet,</strong></span> <span class='ocrx_word' id='word_1_446' title='bbox 715 1569 739 1591; x_wconf 83' lang='lat' dir='ltr'><strong>et</strong></span> <span class='ocrx_word' id='word_1_447' title='bbox 763 1563 930 1591; x_wconf 71' lang='lat' dir='ltr'><strong>anntmtiabit</strong></span> 
     </span>
    </p>
   </div>
   <div class='ocr_carea' id='block_1_62' title="bbox 143 1613 265 1640">
    <p class='ocr_par' dir='ltr' id='par_1_62' title="bbox 143 1613 265 1640">
     <span class='ocr_line' id='line_1_62' title="bbox 143 1613 265 1640; baseline 0 0"><span class='ocrx_word' id='word_1_448' title='bbox 143 1613 215 1640; x_wconf 77' lang='lat' dir='ltr'><strong>vobis</strong></span> <span class='ocrx_word' id='word_1_449' title='bbox 232 1613 265 1640; x_wconf 85' lang='lat'><strong>&quot;.</strong></span> 
     </span>
    </p>
   </div>
   <div class='ocr_carea' id='block_1_63' title="bbox 179 1654 930 1692">
    <p class='ocr_par' dir='ltr' id='par_1_63' title="bbox 179 1654 930 1692">
     <span class='ocr_line' id='line_1_63' title="bbox 179 1654 930 1692; baseline -0.007 -6"><span class='ocrx_word' id='word_1_450' title='bbox 179 1659 264 1686; x_wconf 82' lang='lat' dir='ltr'><strong>Porto</strong></span> <span class='ocrx_word' id='word_1_451' title='bbox 278 1658 406 1686; x_wconf 72' lang='lat' dir='ltr'><strong>Ecclesia:</strong></span> <span class='ocrx_word' id='word_1_452' title='bbox 422 1658 558 1692; x_wconf 80' lang='lat' dir='ltr'><strong>magistri,</strong></span> <span class='ocrx_word' id='word_1_453' title='bbox 583 1658 634 1686; x_wconf 86' lang='lat' dir='ltr'><strong>ista</strong></span> <span class='ocrx_word' id='word_1_454' title='bbox 651 1662 679 1684; x_wconf 91' lang='lat' dir='ltr'><strong>ut</strong></span> <span class='ocrx_word' id='word_1_455' title='bbox 695 1659 868 1691; x_wconf 79' lang='lat' dir='ltr'><strong>acceperant,</strong></span> <span class='ocrx_word' id='word_1_456' title='bbox 895 1654 930 1681; x_wconf 84' lang='lat' dir='ltr'><strong>ita</strong></span> 
     </span>
    </p>
   </div>
   <div class='ocr_carea' id='block_1_64' title="bbox 145 1693 930 1739">
    <p class='ocr_par' dir='ltr' id='par_1_64' title="bbox 145 1693 930 1739">
     <span class='ocr_line' id='line_1_64' title="bbox 145 1693 930 1739; baseline -0.005 -8"><span class='ocrx_word' id='word_1_457' title='bbox 145 1709 305 1737; x_wconf 79' lang='lat' dir='ltr'><strong>posuerunt.</strong></span> <span class='ocrx_word' id='word_1_458' title='bbox 326 1693 450 1739; x_wconf 78' lang='lat' dir='ltr'><strong>Denique</strong></span> <span class='ocrx_word' id='word_1_459' title='bbox 465 1709 577 1731; x_wconf 75' lang='lat' dir='ltr'><strong>sanctus</strong></span> <span class='ocrx_word' id='word_1_460' title='bbox 594 1703 761 1730; x_wconf 81' lang='lat' dir='ltr'><strong>Athanasius</strong></span> <span class='ocrx_word' id='word_1_461' title='bbox 789 1702 816 1729; x_wconf 91' lang='lat' dir='ltr'><strong>in</strong></span> <span class='ocrx_word' id='word_1_462' title='bbox 844 1700 930 1735; x_wconf 86' lang='lat' dir='ltr'><strong>Epist.</strong></span> 
     </span>
    </p>
   </div>
   <div class='ocr_carea' id='block_1_65' title="bbox 143 1745 929 1784">
    <p class='ocr_par' dir='ltr' id='par_1_65' title="bbox 143 1745 929 1784">
     <span class='ocr_line' id='line_1_65' title="bbox 143 1745 929 1784; baseline -0.006 -7"><span class='ocrx_word' id='word_1_463' title='bbox 143 1751 176 1777; x_wconf 82' lang='lat' dir='ltr'><strong>al</strong></span> <span class='ocrx_word' id='word_1_464' title='bbox 193 1749 370 1784; x_wconf 79' lang='lat' dir='ltr'><strong>Serapionem</strong></span> <span class='ocrx_word' id='word_1_465' title='bbox 385 1750 420 1777; x_wconf 89' lang='lat' dir='ltr'><strong>ita</strong></span> <span class='ocrx_word' id='word_1_466' title='bbox 434 1749 490 1776; x_wconf 88' lang='lat' dir='ltr'><strong>ait:</strong></span> <span class='ocrx_word' id='word_1_467' title='bbox 507 1758 516 1775; x_wconf 71' lang='grc' dir='ltr'>ι</span> <span class='ocrx_word' id='word_1_468' title='bbox 539 1749 570 1775; x_wconf 83' lang='lat' dir='ltr'><strong>Et</strong></span> <span class='ocrx_word' id='word_1_469' title='bbox 597 1747 683 1776; x_wconf 80' lang='lat' dir='ltr'><strong>Filius</strong></span> <span class='ocrx_word' id='word_1_470' title='bbox 698 1747 809 1782; x_wconf 86' lang='lat' dir='ltr'><strong>quidem</strong></span> <span class='ocrx_word' id='word_1_471' title='bbox 824 1755 831 1774; x_wconf 86' lang='lat'><strong>:</strong></span> <span class='ocrx_word' id='word_1_472' title='bbox 852 1745 929 1778; x_wconf 61' lang='lat' dir='ltr'><strong>Quir,</strong></span> 
     </span>
    </p>
   </div>
   <div class='ocr_carea' id='block_1_66' title="bbox 145 1792 929 1830">
    <p class='ocr_par' dir='ltr' id='par_1_66' title="bbox 145 1792 929 1830">
     <span class='ocr_line' id='line_1_66' title="bbox 145 1792 929 1830; baseline -0.003 -8"><span class='ocrx_word' id='word_1_473' title='bbox 145 1797 240 1830; x_wconf 58' lang='lat' dir='ltr'><strong>inquit,</strong></span> <span class='ocrx_word' id='word_1_474' title='bbox 256 1795 346 1822; x_wconf 75' lang='lat' dir='ltr'><strong>audivi</strong></span> <span class='ocrx_word' id='word_1_475' title='bbox 356 1804 372 1821; x_wconf 81' lang='grc' dir='ltr'><em>α</em></span> <span class='ocrx_word' id='word_1_476' title='bbox 387 1794 469 1822; x_wconf 82' lang='lat' dir='ltr'><strong>Patre</strong></span> <span class='ocrx_word' id='word_1_477' title='bbox 481 1794 610 1827; x_wconf 79' lang='lat' dir='ltr'><strong>meo,huc</strong></span> <span class='ocrx_word' id='word_1_478' title='bbox 626 1794 720 1828; x_wconf 80' lang='lat' dir='ltr'><strong>loquor</strong></span> <span class='ocrx_word' id='word_1_479' title='bbox 733 1794 761 1819; x_wconf 85' lang='lat' dir='ltr'><strong>in</strong></span> <span class='ocrx_word' id='word_1_480' title='bbox 773 1792 872 1819; x_wconf 76' lang='lat' dir='ltr'><strong>mutulo</strong></span> <span class='ocrx_word' id='word_1_481' title='bbox 890 1792 929 1820; x_wconf 83' lang='lat'><strong>”.</strong></span> 
     </span>
    </p>
   </div>
   <div class='ocr_carea' id='block_1_67' title="bbox 145 1839 930 1886">
    <p class='ocr_par' dir='ltr' id='par_1_67' title="bbox 145 1839 930 1886">
     <span class='ocr_line' id='line_1_67' title="bbox 145 1839 930 1886; baseline -0.006 -16"><span class='ocrx_word' id='word_1_482' title='bbox 145 1843 263 1878; x_wconf 81' lang='lat' dir='ltr'><strong>Spiritus</strong></span> <span class='ocrx_word' id='word_1_483' title='bbox 284 1847 376 1869; x_wconf 87' lang='lat' dir='ltr'><strong>autem</strong></span> <span class='ocrx_word' id='word_1_484' title='bbox 401 1850 435 1869; x_wconf 88' lang='lat' dir='ltr'><strong>ex</strong></span> <span class='ocrx_word' id='word_1_485' title='bbox 467 1840 535 1886; x_wconf 66' lang='lat' dir='ltr'><strong>Filio</strong></span> <span class='ocrx_word' id='word_1_486' title='bbox 561 1840 683 1875; x_wconf 85' lang='lat' dir='ltr'><strong>accipit:</strong></span> <span class='ocrx_word' id='word_1_487' title='bbox 709 1839 750 1866; x_wconf 74' lang='lat' dir='ltr'><strong>Ex</strong></span> <span class='ocrx_word' id='word_1_488' title='bbox 777 1847 833 1866; x_wconf 86' lang='lat' dir='ltr'><strong>meo</strong></span> <span class='ocrx_word' id='word_1_489' title='bbox 860 1839 930 1866; x_wconf 81' lang='lat' dir='ltr'><strong>enim</strong></span> 
     </span>
    </p>
   </div>
   <div class='ocr_carea' id='block_1_68' title="bbox 145 1884 693 1923">
    <p class='ocr_par' dir='ltr' id='par_1_68' title="bbox 145 1884 693 1923">
     <span class='ocr_line' id='line_1_68' title="bbox 145 1884 693 1923; baseline -0.002 -9"><span class='ocrx_word' id='word_1_490' title='bbox 145 1889 242 1923; x_wconf 80' lang='lat' dir='ltr'><strong>inquit,</strong></span> <span class='ocrx_word' id='word_1_491' title='bbox 258 1888 368 1923; x_wconf 79' lang='lat' dir='ltr'><strong>accipiet</strong></span> <span class='ocrx_word' id='word_1_492' title='bbox 386 1891 411 1914; x_wconf 82' lang='lat' dir='ltr'><strong>et</strong></span> <span class='ocrx_word' id='word_1_493' title='bbox 429 1884 693 1913; x_wconf 55' lang='lat' dir='ltr'><strong>annu&#39;ntinbitvabis.</strong></span> 
     </span>
    </p>
   </div>
   <div class='ocr_carea' id='block_1_69' title="bbox 126 1929 931 1968">
    <p class='ocr_par' dir='ltr' id='par_1_69' title="bbox 126 1929 931 1968">
     <span class='ocr_line' id='line_1_69' title="bbox 126 1929 931 1968; baseline -0.002 -7"><span class='ocrx_word' id='word_1_494' title='bbox 126 1965 129 1968; x_wconf 34' lang='grc' dir='ltr'><strong><em>η</em></strong></span> <span class='ocrx_word' id='word_1_495' title='bbox 179 1934 253 1962; x_wconf 89' lang='lat' dir='ltr'><strong>ldem</strong></span> <span class='ocrx_word' id='word_1_496' title='bbox 285 1934 312 1961; x_wconf 93' lang='lat' dir='ltr'><strong>in</strong></span> <span class='ocrx_word' id='word_1_497' title='bbox 343 1934 423 1961; x_wconf 88' lang='lat' dir='ltr'><strong>tertio</strong></span> <span class='ocrx_word' id='word_1_498' title='bbox 457 1937 550 1960; x_wconf 87' lang='lat' dir='ltr'><strong>contra</strong></span> <span class='ocrx_word' id='word_1_499' title='bbox 567 1931 706 1959; x_wconf 83' lang='lat' dir='ltr'><strong>Arianus:</strong></span> <span class='ocrx_word' id='word_1_500' title='bbox 726 1929 800 1958; x_wconf 70' lang='lat' dir='ltr'><strong>«Non</strong></span> <span class='ocrx_word' id='word_1_501' title='bbox 813 1930 931 1965; x_wconf 84' lang='lat' dir='ltr'><strong>Spiritus</strong></span> 
     </span>
    </p>
   </div>
   <div class='ocr_carea' id='block_1_70' title="bbox 146 1976 931 2015">
    <p class='ocr_par' dir='ltr' id='par_1_70' title="bbox 146 1976 931 2015">
     <span class='ocr_line' id='line_1_70' title="bbox 146 1976 931 2015; baseline -0.004 -9"><span class='ocrx_word' id='word_1_502' title='bbox 146 1980 263 2008; x_wconf 76' lang='lat' dir='ltr'><strong>Verbum</strong></span> <span class='ocrx_word' id='word_1_503' title='bbox 284 1980 425 2015; x_wconf 78' lang='lat' dir='ltr'><strong>cenjungit</strong></span> <span class='ocrx_word' id='word_1_504' title='bbox 443 1978 515 2006; x_wconf 85' lang='lat' dir='ltr'><strong>Patri</strong></span> <span class='ocrx_word' id='word_1_505' title='bbox 531 1986 539 2010; x_wconf 85' lang='lat'><strong>;</strong></span> <span class='ocrx_word' id='word_1_506' title='bbox 553 1977 600 2005; x_wconf 87' lang='lat' dir='ltr'><strong>sed</strong></span> <span class='ocrx_word' id='word_1_507' title='bbox 614 1977 667 2005; x_wconf 85' lang='lat' dir='ltr'><strong>hoc</strong></span> <span class='ocrx_word' id='word_1_508' title='bbox 681 1976 801 2011; x_wconf 88' lang='lat' dir='ltr'><strong>Spititus</strong></span> <span class='ocrx_word' id='word_1_509' title='bbox 826 1984 842 2004; x_wconf 91' lang='lat' dir='ltr'><strong>a</strong></span> <span class='ocrx_word' id='word_1_510' title='bbox 862 1976 931 2004; x_wconf 86' lang='lat' dir='ltr'><strong>Filio</strong></span> 
     </span>
    </p>
   </div>
   <div class='ocr_carea' id='block_1_71' title="bbox 143 2021 932 2061">
    <p class='ocr_par' dir='ltr' id='par_1_71' title="bbox 143 2021 932 2061">
     <span class='ocr_line' id='line_1_71' title="bbox 143 2021 932 2061; baseline -0.005 -8"><span class='ocrx_word' id='word_1_511' title='bbox 143 2026 234 2061; x_wconf 84' lang='lat' dir='ltr'><strong>potius</strong></span> <span class='ocrx_word' id='word_1_512' title='bbox 246 2026 354 2061; x_wconf 83' lang='lat' dir='ltr'><strong>accipit.</strong></span> <span class='ocrx_word' id='word_1_513' title='bbox 371 2035 380 2052; x_wconf 71' lang='grc' dir='ltr'>ι</span> <span class='ocrx_word' id='word_1_514' title='bbox 398 2025 437 2052; x_wconf 80' lang='lat' dir='ltr'><strong>Ac</strong></span> <span class='ocrx_word' id='word_1_515' title='bbox 449 2031 578 2052; x_wconf 87' lang='lat' dir='ltr'><strong>rursum:</strong></span> <span class='ocrx_word' id='word_1_516' title='bbox 598 2023 732 2057; x_wconf 68' lang='lat' dir='ltr'><strong>«Quaeque</strong></span> <span class='ocrx_word' id='word_1_517' title='bbox 747 2022 825 2050; x_wconf 82' lang='lat' dir='ltr'><strong>habet</strong></span> <span class='ocrx_word' id='word_1_518' title='bbox 846 2021 932 2057; x_wconf 86' lang='lat' dir='ltr'><strong>Spiri-</strong></span> 
     </span>
    </p>
   </div>
   <div class='ocr_carea' id='block_1_72' title="bbox 144 2070 603 2106">
    <p class='ocr_par' dir='ltr' id='par_1_72' title="bbox 144 2070 603 2106">
     <span class='ocr_line' id='line_1_72' title="bbox 144 2070 603 2106; baseline -0.009 -7"><span class='ocrx_word' id='word_1_519' title='bbox 144 2077 236 2104; x_wconf 85' lang='lat' dir='ltr'><strong>tus.ca</strong></span> <span class='ocrx_word' id='word_1_520' title='bbox 251 2079 266 2100; x_wconf 89' lang='lat' dir='ltr'><strong>a</strong></span> <span class='ocrx_word' id='word_1_521' title='bbox 276 2072 364 2100; x_wconf 79' lang='lat' dir='ltr'><strong>Verbo</strong></span> <span class='ocrx_word' id='word_1_522' title='bbox 376 2076 484 2106; x_wconf 73' lang='lat' dir='ltr'><strong>accepta</strong></span> <span class='ocrx_word' id='word_1_523' title='bbox 497 2070 603 2098; x_wconf 67' lang='lat' dir='ltr'><strong>habet.»</strong></span> 
     </span>
    </p>
   </div>
   <div class='ocr_carea' id='block_1_73' title="bbox 179 2115 929 2153">
    <p class='ocr_par' dir='ltr' id='par_1_73' title="bbox 179 2115 929 2153">
     <span class='ocr_line' id='line_1_73' title="bbox 179 2115 929 2153; baseline -0.005 -9"><span class='ocrx_word' id='word_1_524' title='bbox 179 2118 356 2146; x_wconf 86' lang='lat' dir='ltr'><strong>Beatusitent</strong></span> <span class='ocrx_word' id='word_1_525' title='bbox 384 2118 515 2153; x_wconf 79' lang='lat' dir='ltr'><strong>Cyrilltts,</strong></span> <span class='ocrx_word' id='word_1_526' title='bbox 550 2124 613 2144; x_wconf 90' lang='lat' dir='ltr'><strong>cum</strong></span> <span class='ocrx_word' id='word_1_527' title='bbox 640 2115 712 2144; x_wconf 83' lang='lat' dir='ltr'><strong>illud</strong></span> <span class='ocrx_word' id='word_1_528' title='bbox 741 2115 929 2150; x_wconf 76' lang='lat' dir='ltr'><strong>evangelicum</strong></span> 
     </span>
    </p>
   </div>
   <div class='ocr_carea' id='block_1_74' title="bbox 144 2161 931 2199">
    <p class='ocr_par' dir='ltr' id='par_1_74' title="bbox 144 2161 931 2199">
     <span class='ocr_line' id='line_1_74' title="bbox 144 2161 931 2199; baseline -0.008 -7"><span class='ocrx_word' id='word_1_529' title='bbox 144 2169 309 2199; x_wconf 83' lang='lat' dir='ltr'><strong>exponeret:</strong></span> <span class='ocrx_word' id='word_1_530' title='bbox 328 2163 378 2191; x_wconf 77' lang='lat' dir='ltr'><strong>Ille</strong></span> <span class='ocrx_word' id='word_1_531' title='bbox 393 2172 434 2191; x_wconf 88' lang='lat' dir='ltr'><strong>me</strong></span> <span class='ocrx_word' id='word_1_532' title='bbox 456 2163 626 2198; x_wconf 74' lang='lat' dir='ltr'><strong>gloriﬁeubil,</strong></span> <span class='ocrx_word' id='word_1_533' title='bbox 647 2163 732 2190; x_wconf 74' lang='grc' dir='ltr'>«ιιιυά</span> <span class='ocrx_word' id='word_1_534' title='bbox 743 2169 819 2196; x_wconf 80' lang='lat' dir='ltr'><strong>ergo,</strong></span> <span class='ocrx_word' id='word_1_535' title='bbox 830 2161 931 2195; x_wconf 88' lang='lat' dir='ltr'><strong>inquit,</strong></span> 
     </span>
    </p>
   </div>
   <div class='ocr_carea' id='block_1_75' title="bbox 981 1565 1765 1607">
    <p class='ocr_par' dir='ltr' id='par_1_75' title="bbox 981 1565 1765 1607">
     <span class='ocr_line' id='line_1_75' title="bbox 981 1565 1765 1607; baseline -0.01 -8"><span class='ocrx_word' id='word_1_536' title='bbox 981 1575 1086 1607; x_wconf 84' lang='lat' dir='ltr'><strong>postea,</strong></span> <span class='ocrx_word' id='word_1_537' title='bbox 1106 1569 1187 1598; x_wconf 84' lang='lat' dir='ltr'><strong>Patre</strong></span> <span class='ocrx_word' id='word_1_538' title='bbox 1204 1569 1339 1599; x_wconf 81' lang='lat' dir='ltr'><strong>tradente,</strong></span> <span class='ocrx_word' id='word_1_539' title='bbox 1364 1567 1504 1600; x_wconf 79' lang='lat' dir='ltr'><strong>didicisse,</strong></span> <span class='ocrx_word' id='word_1_540' title='bbox 1534 1565 1612 1600; x_wconf 86' lang='lat' dir='ltr'><strong>quasi</strong></span> <span class='ocrx_word' id='word_1_541' title='bbox 1644 1568 1765 1599; x_wconf 84' lang='lat' dir='ltr'><strong>postmo-</strong></span> 
     </span>
    </p>
   </div>
   <div class='ocr_carea' id='block_1_76' title="bbox 982 1609 1766 1648">
    <p class='ocr_par' dir='ltr' id='par_1_76' title="bbox 982 1609 1766 1648">
     <span class='ocr_line' id='line_1_76' title="bbox 982 1609 1766 1648; baseline -0.011 -3"><span class='ocrx_word' id='word_1_542' title='bbox 982 1617 1046 1645; x_wconf 91' lang='lat' dir='ltr'><strong>dum</strong></span> <span class='ocrx_word' id='word_1_543' title='bbox 1061 1616 1186 1645; x_wconf 75' lang='lat' dir='ltr'><strong>essentia:</strong></span> <span class='ocrx_word' id='word_1_544' title='bbox 1201 1623 1256 1643; x_wconf 65' lang='lat' dir='ltr'><strong>suae</strong></span> <span class='ocrx_word' id='word_1_545' title='bbox 1284 1614 1397 1642; x_wconf 87' lang='lat' dir='ltr'><strong>scientia</strong></span> <span class='ocrx_word' id='word_1_546' title='bbox 1420 1613 1546 1648; x_wconf 82' lang='lat' dir='ltr'><strong>adjecta:</strong></span> <span class='ocrx_word' id='word_1_547' title='bbox 1567 1611 1609 1638; x_wconf 86' lang='lat' dir='ltr'><strong>vel</strong></span> <span class='ocrx_word' id='word_1_548' title='bbox 1633 1609 1766 1645; x_wconf 88' lang='lat' dir='ltr'><strong>Spiritum</strong></span> 
     </span>
    </p>
   </div>
   <div class='ocr_carea' id='block_1_77' title="bbox 981 1655 1768 1694">
    <p class='ocr_par' dir='ltr' id='par_1_77' title="bbox 981 1655 1768 1694">
     <span class='ocr_line' id='line_1_77' title="bbox 981 1655 1768 1694; baseline -0.01 -5"><span class='ocrx_word' id='word_1_549' title='bbox 981 1665 1117 1694; x_wconf 86' lang='lat' dir='ltr'><strong>sanctum,</strong></span> <span class='ocrx_word' id='word_1_550' title='bbox 1138 1660 1226 1688; x_wconf 85' lang='lat' dir='ltr'><strong>Patris</strong></span> <span class='ocrx_word' id='word_1_551' title='bbox 1240 1667 1272 1687; x_wconf 88' lang='lat' dir='ltr'><strong>ac</strong></span> <span class='ocrx_word' id='word_1_552' title='bbox 1282 1659 1342 1686; x_wconf 78' lang='lat' dir='ltr'><strong>Filii</strong></span> <span class='ocrx_word' id='word_1_553' title='bbox 1358 1658 1473 1686; x_wconf 80' lang='lat' dir='ltr'><strong>scientia</strong></span> <span class='ocrx_word' id='word_1_554' title='bbox 1494 1661 1588 1693; x_wconf 86' lang='lat' dir='ltr'><strong>postea</strong></span> <span class='ocrx_word' id='word_1_555' title='bbox 1605 1655 1768 1691; x_wconf 67' lang='lat' dir='ltr'><strong>indiguisse,</strong></span> 
     </span>
    </p>
   </div>
   <div class='ocr_carea' id='block_1_78' title="bbox 981 1702 1769 1744">
    <p class='ocr_par' dir='ltr' id='par_1_78' title="bbox 981 1702 1769 1744">
     <span class='ocr_line' id='line_1_78' title="bbox 981 1702 1769 1744; baseline -0.011 -8"><span class='ocrx_word' id='word_1_556' title='bbox 981 1707 1059 1744; x_wconf 84' lang='lat' dir='ltr'><strong>quasi</strong></span> <span class='ocrx_word' id='word_1_557' title='bbox 1073 1707 1173 1736; x_wconf 89' lang='lat' dir='ltr'><strong>sensim</strong></span> <span class='ocrx_word' id='word_1_558' title='bbox 1201 1713 1233 1733; x_wconf 84' lang='lat' dir='ltr'><strong>ac</strong></span> <span class='ocrx_word' id='word_1_559' title='bbox 1248 1705 1378 1740; x_wconf 84' lang='lat' dir='ltr'><strong>paulatim</strong></span> <span class='ocrx_word' id='word_1_560' title='bbox 1401 1703 1434 1732; x_wconf 83' lang='lat' dir='ltr'><strong>ad</strong></span> <span class='ocrx_word' id='word_1_561' title='bbox 1453 1702 1646 1739; x_wconf 75' lang='lat' dir='ltr'><strong>perfectionem</strong></span> <span class='ocrx_word' id='word_1_562' title='bbox 1674 1707 1769 1728; x_wconf 87' lang='lat' dir='ltr'><strong>evase-</strong></span> 
     </span>
    </p>
   </div>
   <div class='ocr_carea' id='block_1_79' title="bbox 982 1755 1028 1781">
    <p class='ocr_par' dir='ltr' id='par_1_79' title="bbox 982 1755 1028 1781">
     <span class='ocr_line' id='line_1_79' title="bbox 982 1755 1028 1781; baseline -0.022 0"><span class='ocrx_word' id='word_1_563' title='bbox 982 1755 1028 1781; x_wconf 87' lang='lat' dir='ltr'><strong>rit.</strong></span> 
     </span>
    </p>
   </div>
   <div class='ocr_carea' id='block_1_80' title="bbox 1018 1791 1767 1832">
    <p class='ocr_par' dir='ltr' id='par_1_80' title="bbox 1018 1791 1767 1832">
     <span class='ocr_line' id='line_1_80' title="bbox 1018 1791 1767 1832; baseline -0.012 -6"><span class='ocrx_word' id='word_1_564' title='bbox 1018 1799 1045 1826; x_wconf 88' lang='lat' dir='ltr'><strong>Si</strong></span> <span class='ocrx_word' id='word_1_565' title='bbox 1059 1802 1148 1826; x_wconf 89' lang='lat' dir='ltr'><strong>autem</strong></span> <span class='ocrx_word' id='word_1_566' title='bbox 1165 1797 1212 1825; x_wconf 60' lang='lat' dir='ltr'><strong>Dn-i</strong></span> <span class='ocrx_word' id='word_1_567' title='bbox 1235 1797 1344 1832; x_wconf 90' lang='lat' dir='ltr'><strong>quidetn</strong></span> <span class='ocrx_word' id='word_1_568' title='bbox 1371 1795 1489 1823; x_wconf 87' lang='lat' dir='ltr'><strong>Verbum</strong></span> <span class='ocrx_word' id='word_1_569' title='bbox 1521 1793 1609 1821; x_wconf 86' lang='lat' dir='ltr'><strong>Patris</strong></span> <span class='ocrx_word' id='word_1_570' title='bbox 1633 1791 1767 1826; x_wconf 78' lang='lat' dir='ltr'><strong>sapientia</strong></span> 
     </span>
    </p>
   </div>
   <div class='ocr_carea' id='block_1_81' title="bbox 981 1841 1768 1876">
    <p class='ocr_par' dir='ltr' id='par_1_81' title="bbox 981 1841 1768 1876">
     <span class='ocr_line' id='line_1_81' title="bbox 981 1841 1768 1876; baseline -0.013 -4"><span class='ocrx_word' id='word_1_571' title='bbox 981 1849 1034 1876; x_wconf 85' lang='lat' dir='ltr'><strong>est,</strong></span> <span class='ocrx_word' id='word_1_572' title='bbox 1051 1844 1105 1871; x_wconf 92' lang='lat' dir='ltr'><strong>imo</strong></span> <span class='ocrx_word' id='word_1_573' title='bbox 1123 1850 1194 1870; x_wconf 88' lang='lat' dir='ltr'><strong>unus</strong></span> <span class='ocrx_word' id='word_1_574' title='bbox 1227 1849 1289 1868; x_wconf 87' lang='lat' dir='ltr'><strong>cum</strong></span> <span class='ocrx_word' id='word_1_575' title='bbox 1310 1841 1390 1868; x_wconf 84' lang='lat' dir='ltr'><strong>Patre</strong></span> <span class='ocrx_word' id='word_1_576' title='bbox 1423 1841 1492 1867; x_wconf 85' lang='lat' dir='ltr'><strong>Deus</strong></span> <span class='ocrx_word' id='word_1_577' title='bbox 1520 1843 1573 1871; x_wconf 81' lang='lat' dir='ltr'><strong>est,</strong></span> <span class='ocrx_word' id='word_1_578' title='bbox 1603 1842 1768 1870; x_wconf 86' lang='lat' dir='ltr'><strong>sanetusque</strong></span> 
     </span>
    </p>
   </div>
   <div class='ocr_carea' id='block_1_82' title="bbox 983 1884 1765 1926">
    <p class='ocr_par' dir='ltr' id='par_1_82' title="bbox 983 1884 1765 1926">
     <span class='ocr_line' id='line_1_82' title="bbox 983 1884 1765 1926; baseline -0.013 -8"><span class='ocrx_word' id='word_1_579' title='bbox 983 1891 1101 1926; x_wconf 85' lang='lat' dir='ltr'><strong>Spiritus</strong></span> <span class='ocrx_word' id='word_1_580' title='bbox 1116 1889 1256 1923; x_wconf 71' lang='lat' dir='ltr'><strong>sapientia:</strong></span> <span class='ocrx_word' id='word_1_581' title='bbox 1267 1887 1385 1922; x_wconf 90' lang='lat' dir='ltr'><strong>Spiritus</strong></span> <span class='ocrx_word' id='word_1_582' title='bbox 1402 1894 1463 1914; x_wconf 90' lang='lat' dir='ltr'><strong>cum</strong></span> <span class='ocrx_word' id='word_1_583' title='bbox 1490 1886 1536 1918; x_wconf 88' lang='lat' dir='ltr'><strong>sit,</strong></span> <span class='ocrx_word' id='word_1_584' title='bbox 1552 1884 1618 1912; x_wconf 90' lang='lat' dir='ltr'><strong>nihil</strong></span> <span class='ocrx_word' id='word_1_585' title='bbox 1645 1889 1765 1917; x_wconf 86' lang='lat' dir='ltr'><strong>unquam</strong></span> 
     </span>
    </p>
   </div>
   <div class='ocr_carea' id='block_1_83' title="bbox 982 1928 1767 1969">
    <p class='ocr_par' dir='ltr' id='par_1_83' title="bbox 982 1928 1767 1969">
     <span class='ocr_line' id='line_1_83' title="bbox 982 1928 1767 1969; baseline -0.011 -5"><span class='ocrx_word' id='word_1_586' title='bbox 982 1937 1016 1964; x_wconf 90' lang='lat' dir='ltr'><strong>ab</strong></span> <span class='ocrx_word' id='word_1_587' title='bbox 1032 1936 1085 1963; x_wconf 91' lang='lat' dir='ltr'><strong>a&#39;io</strong></span> <span class='ocrx_word' id='word_1_588' title='bbox 1099 1935 1192 1962; x_wconf 88' lang='lat' dir='ltr'><strong>audire</strong></span> <span class='ocrx_word' id='word_1_589' title='bbox 1204 1942 1272 1969; x_wconf 91' lang='lat' dir='ltr'><strong>opus</strong></span> <span class='ocrx_word' id='word_1_590' title='bbox 1289 1933 1392 1967; x_wconf 84' lang='lat' dir='ltr'><strong>habet;</strong></span> <span class='ocrx_word' id='word_1_591' title='bbox 1410 1932 1468 1959; x_wconf 69' lang='lat' dir='ltr'><strong>hare</strong></span> <span class='ocrx_word' id='word_1_592' title='bbox 1477 1931 1549 1959; x_wconf 87' lang='lat' dir='ltr'><strong>enim</strong></span> <span class='ocrx_word' id='word_1_593' title='bbox 1564 1931 1598 1958; x_wconf 91' lang='lat' dir='ltr'><strong>ab</strong></span> <span class='ocrx_word' id='word_1_594' title='bbox 1627 1930 1672 1956; x_wconf 86' lang='lat' dir='ltr'><strong>illa</strong></span> <span class='ocrx_word' id='word_1_595' title='bbox 1701 1928 1767 1956; x_wconf 85' lang='lat' dir='ltr'><strong>sub-</strong></span> 
     </span>
    </p>
   </div>
   <div class='ocr_carea' id='block_1_84' title="bbox 982 1973 1767 2016">
    <p class='ocr_par' dir='ltr' id='par_1_84' title="bbox 982 1973 1767 2016">
     <span class='ocr_line' id='line_1_84' title="bbox 982 1973 1767 2016; baseline -0.01 -7"><span class='ocrx_word' id='word_1_596' title='bbox 982 1982 1082 2011; x_wconf 86' lang='lat' dir='ltr'><strong>stantia</strong></span> <span class='ocrx_word' id='word_1_597' title='bbox 1096 1988 1208 2016; x_wconf 87' lang='lat' dir='ltr'><strong>prorsus</strong></span> <span class='ocrx_word' id='word_1_598' title='bbox 1218 1980 1306 2008; x_wconf 86' lang='lat' dir='ltr'><strong>aliena</strong></span> <span class='ocrx_word' id='word_1_599' title='bbox 1318 1983 1392 2010; x_wconf 89' lang='lat' dir='ltr'><strong>sunt.</strong></span> <span class='ocrx_word' id='word_1_600' title='bbox 1407 1978 1590 2012; x_wconf 87' lang='lat' dir='ltr'><strong>discretioque</strong></span> <span class='ocrx_word' id='word_1_601' title='bbox 1601 1977 1627 2005; x_wconf 92' lang='lat' dir='ltr'><strong>in</strong></span> <span class='ocrx_word' id='word_1_602' title='bbox 1642 1973 1767 2010; x_wconf 86' lang='lat' dir='ltr'><strong>personis</strong></span> 
     </span>
    </p>
   </div>
   <div class='ocr_carea' id='block_1_85' title="bbox 981 2021 1768 2059">
    <p class='ocr_par' dir='ltr' id='par_1_85' title="bbox 981 2021 1768 2059">
     <span class='ocr_line' id='line_1_85' title="bbox 981 2021 1768 2059; baseline -0.013 -3"><span class='ocrx_word' id='word_1_603' title='bbox 981 2029 1082 2057; x_wconf 88' lang='lat' dir='ltr'><strong>divinis</strong></span> <span class='ocrx_word' id='word_1_604' title='bbox 1096 2029 1151 2059; x_wconf 82' lang='lat' dir='ltr'><strong>sola</strong></span> <span class='ocrx_word' id='word_1_605' title='bbox 1167 2035 1256 2055; x_wconf 68' lang='lat' dir='ltr'><strong>causa:</strong></span> <span class='ocrx_word' id='word_1_606' title='bbox 1272 2026 1444 2059; x_wconf 80' lang='lat' dir='ltr'><strong>causalisque</strong></span> <span class='ocrx_word' id='word_1_607' title='bbox 1471 2024 1577 2052; x_wconf 90' lang='lat' dir='ltr'><strong>ratione</strong></span> <span class='ocrx_word' id='word_1_608' title='bbox 1603 2022 1694 2049; x_wconf 90' lang='lat' dir='ltr'><strong>locum</strong></span> <span class='ocrx_word' id='word_1_609' title='bbox 1720 2021 1768 2047; x_wconf 93' lang='lat' dir='ltr'><strong>ha-</strong></span> 
     </span>
    </p>
   </div>
   <div class='ocr_carea' id='block_1_86' title="bbox 983 2068 1766 2110">
    <p class='ocr_par' dir='ltr' id='par_1_86' title="bbox 983 2068 1766 2110">
     <span class='ocr_line' id='line_1_86' title="bbox 983 2068 1766 2110; baseline -0.013 -7"><span class='ocrx_word' id='word_1_610' title='bbox 983 2076 1047 2105; x_wconf 85' lang='lat' dir='ltr'><strong>bet:</strong></span> <span class='ocrx_word' id='word_1_611' title='bbox 1063 2068 1290 2110; x_wconf 64' lang='lat' dir='ltr'><strong>liqttci,Patrem,</strong></span> <span class='ocrx_word' id='word_1_612' title='bbox 1312 2080 1374 2100; x_wconf 90' lang='lat' dir='ltr'><strong>cutn</strong></span> <span class='ocrx_word' id='word_1_613' title='bbox 1401 2071 1460 2098; x_wconf 88' lang='lat' dir='ltr'><strong>sine</strong></span> <span class='ocrx_word' id='word_1_614' title='bbox 1490 2077 1573 2097; x_wconf 84' lang='lat' dir='ltr'><strong>causa</strong></span> <span class='ocrx_word' id='word_1_615' title='bbox 1587 2069 1634 2099; x_wconf 88' lang='lat' dir='ltr'><strong>sit.</strong></span> <span class='ocrx_word' id='word_1_616' title='bbox 1663 2068 1766 2095; x_wconf 88' lang='lat' dir='ltr'><strong>idcirco</strong></span> 
     </span>
    </p>
   </div>
   <div class='ocr_carea' id='block_1_87' title="bbox 984 2115 1764 2154">
    <p class='ocr_par' dir='ltr' id='par_1_87' title="bbox 984 2115 1764 2154">
     <span class='ocr_line' id='line_1_87' title="bbox 984 2115 1764 2154; baseline -0.012 -6"><span class='ocrx_word' id='word_1_617' title='bbox 984 2122 1017 2148; x_wconf 90' lang='lat' dir='ltr'><strong>ab</strong></span> <span class='ocrx_word' id='word_1_618' title='bbox 1028 2121 1081 2148; x_wconf 90' lang='lat' dir='ltr'><strong>alio</strong></span> <span class='ocrx_word' id='word_1_619' title='bbox 1093 2127 1180 2154; x_wconf 88' lang='lat' dir='ltr'><strong>tteque</strong></span> <span class='ocrx_word' id='word_1_620' title='bbox 1196 2120 1325 2152; x_wconf 84' lang='lat' dir='ltr'><strong>accipere</strong></span> <span class='ocrx_word' id='word_1_621' title='bbox 1338 2125 1425 2152; x_wconf 84' lang='lat' dir='ltr'><strong>neque</strong></span> <span class='ocrx_word' id='word_1_622' title='bbox 1443 2117 1537 2144; x_wconf 88' lang='lat' dir='ltr'><strong>audire</strong></span> <span class='ocrx_word' id='word_1_623' title='bbox 1553 2125 1560 2143; x_wconf 88' lang='lat'><strong>:</strong></span> <span class='ocrx_word' id='word_1_624' title='bbox 1580 2115 1677 2142; x_wconf 85' lang='lat' dir='ltr'><strong>Filium</strong></span> <span class='ocrx_word' id='word_1_625' title='bbox 1690 2120 1764 2144; x_wconf 88' lang='lat' dir='ltr'><strong>vero,</strong></span> 
     </span>
    </p>
   </div>
   <div class='ocr_carea' id='block_1_88' title="bbox 984 2160 1766 2201">
    <p class='ocr_par' dir='ltr' id='par_1_88' title="bbox 984 2160 1766 2201">
     <span class='ocr_line' id='line_1_88' title="bbox 984 2160 1766 2201; baseline -0.014 -6"><span class='ocrx_word' id='word_1_626' title='bbox 984 2175 1047 2196; x_wconf 84' lang='lat' dir='ltr'><strong>cum</strong></span> <span class='ocrx_word' id='word_1_627' title='bbox 1064 2175 1117 2195; x_wconf 92' lang='lat' dir='ltr'><strong>non</strong></span> <span class='ocrx_word' id='word_1_628' title='bbox 1129 2175 1144 2194; x_wconf 91' lang='lat' dir='ltr'><strong>a</strong></span> <span class='ocrx_word' id='word_1_629' title='bbox 1160 2166 1251 2201; x_wconf 83' lang='lat' dir='ltr'><strong>seipse</strong></span> <span class='ocrx_word' id='word_1_630' title='bbox 1269 2165 1314 2197; x_wconf 85' lang='lat' dir='ltr'><strong>sit,</strong></span> <span class='ocrx_word' id='word_1_631' title='bbox 1330 2165 1376 2192; x_wconf 86' lang='lat' dir='ltr'><strong>sed</strong></span> <span class='ocrx_word' id='word_1_632' title='bbox 1403 2164 1509 2191; x_wconf 82' lang='lat' dir='ltr'><strong>initium</strong></span> <span class='ocrx_word' id='word_1_633' title='bbox 1525 2162 1632 2191; x_wconf 84' lang='lat' dir='ltr'><strong>habeat,</strong></span> <span class='ocrx_word' id='word_1_634' title='bbox 1648 2160 1766 2189; x_wconf 81' lang='lat' dir='ltr'><strong>Patrem,</strong></span> 
     </span>
    </p>
   </div>
   <div class='ocr_carea' id='block_1_89' title="bbox 145 2205 1765 2247">
    <p class='ocr_par' dir='ltr' id='par_1_89' title="bbox 145 2205 1765 2247">
     <span class='ocr_line' id='line_1_89' title="bbox 145 2205 1765 2247; baseline -0.007 -9"><span class='ocrx_word' id='word_1_635' title='bbox 145 2210 332 2244; x_wconf 82' lang='lat' dir='ltr'><strong>irrel‘ragabile</strong></span> <span class='ocrx_word' id='word_1_636' title='bbox 356 2210 468 2236; x_wconf 81' lang='lat' dir='ltr'><strong>omnino</strong></span> <span class='ocrx_word' id='word_1_637' title='bbox 502 2209 565 2241; x_wconf 84' lang='lat' dir='ltr'><strong>erit,</strong></span> <span class='ocrx_word' id='word_1_638' title='bbox 592 2209 722 2244; x_wconf 85' lang='lat' dir='ltr'><strong>omnique</strong></span> <span class='ocrx_word' id='word_1_639' title='bbox 746 2208 890 2235; x_wconf 64' lang='lat' dir='ltr'><strong>matr-dicto</strong></span> <span class='ocrx_word' id='word_1_640' title='bbox 906 2211 931 2233; x_wconf 86' lang='lat' dir='ltr'><strong>et</strong></span> <span class='ocrx_word' id='word_1_641' title='bbox 947 2217 970 2245; x_wconf 76' lang='grc' dir='ltr'><strong>η</strong></span> <span class='ocrx_word' id='word_1_642' title='bbox 984 2221 1037 2240; x_wconf 73' lang='lat' dir='ltr'><strong>non</strong></span> <span class='ocrx_word' id='word_1_643' title='bbox 1054 2221 1068 2240; x_wconf 68' lang='lat' dir='ltr'><strong><em>a</em></strong></span> <span class='ocrx_word' id='word_1_644' title='bbox 1085 2212 1184 2247; x_wconf 48' lang='lat' dir='ltr'><strong>“ipsa.</strong></span> <span class='ocrx_word' id='word_1_645' title='bbox 1196 2211 1242 2238; x_wconf 59' lang='lat' dir='ltr'><strong>sed</strong></span> <span class='ocrx_word' id='word_1_646' title='bbox 1260 2219 1274 2238; x_wconf 64' lang='lat' dir='ltr'><strong>a</strong></span> <span class='ocrx_word' id='word_1_647' title='bbox 1289 2211 1379 2240; x_wconf 51' lang='lat' dir='ltr'><strong>patre.</strong></span> <span class='ocrx_word' id='word_1_648' title='bbox 1394 2207 1420 2236; x_wconf 55' lang='lat'><strong>.31</strong></span> <span class='ocrx_word' id='word_1_649' title='bbox 1435 2209 1508 2244; x_wconf 69' lang='lat' dir='ltr'><strong>loqui</strong></span> <span class='ocrx_word' id='word_1_650' title='bbox 1531 2212 1558 2235; x_wconf 73' lang='grc' dir='ltr'>ει</span> <span class='ocrx_word' id='word_1_651' title='bbox 1586 2207 1681 2234; x_wconf 71' lang='lat' dir='ltr'><strong>audire</strong></span> <span class='ocrx_word' id='word_1_652' title='bbox 1693 2205 1765 2237; x_wconf 49' lang='lat' dir='ltr'><strong>diri;</strong></span> 
     </span>
    </p>
   </div>
   <div class='ocr_carea' id='block_1_90' title="bbox 144 2254 932 2290">
    <p class='ocr_par' dir='ltr' id='par_1_90' title="bbox 144 2254 932 2290">
     <span class='ocr_line' id='line_1_90' title="bbox 144 2254 932 2290; baseline -0.006 -6"><span class='ocrx_word' id='word_1_653' title='bbox 144 2256 320 2284; x_wconf 86' lang='lat' dir='ltr'><strong>accusatione</strong></span> <span class='ocrx_word' id='word_1_654' title='bbox 333 2255 529 2290; x_wconf 79' lang='lat' dir='ltr'><strong>vacaltit,quod</strong></span> <span class='ocrx_word' id='word_1_655' title='bbox 544 2255 577 2282; x_wconf 86' lang='lat' dir='ltr'><strong>ab</strong></span> <span class='ocrx_word' id='word_1_656' title='bbox 588 2254 731 2289; x_wconf 81' lang='lat' dir='ltr'><strong>Unigenito</strong></span> <span class='ocrx_word' id='word_1_657' title='bbox 742 2254 858 2289; x_wconf 79' lang='lat' dir='ltr'><strong>Spiritus</strong></span> <span class='ocrx_word' id='word_1_658' title='bbox 872 2254 932 2288; x_wconf 82' lang='lat' dir='ltr'><strong>ejus</strong></span> 
     </span>
    </p>
   </div>
   <div class='ocr_carea' id='block_1_91' title="bbox 146 2299 930 2336">
    <p class='ocr_par' dir='ltr' id='par_1_91' title="bbox 146 2299 930 2336">
     <span class='ocr_line' id='line_1_91' title="bbox 146 2299 930 2336; baseline -0.006 -7"><span class='ocrx_word' id='word_1_659' title='bbox 146 2303 271 2336; x_wconf 85' lang='lat' dir='ltr'><strong>accipere</strong></span> <span class='ocrx_word' id='word_1_660' title='bbox 284 2301 386 2334; x_wconf 86' lang='lat' dir='ltr'><strong>aliquid</strong></span> <span class='ocrx_word' id='word_1_661' title='bbox 414 2300 556 2327; x_wconf 80' lang='lat' dir='ltr'><strong>asseritur.</strong></span> <span class='ocrx_word' id='word_1_662' title='bbox 573 2299 651 2333; x_wconf 84' lang='lat' dir='ltr'><strong>Nam,</strong></span> <span class='ocrx_word' id='word_1_663' title='bbox 677 2307 738 2327; x_wconf 91' lang='lat' dir='ltr'><strong>cum</strong></span> <span class='ocrx_word' id='word_1_664' title='bbox 767 2307 814 2332; x_wconf 82' lang='lat' dir='ltr'><strong>per</strong></span> <span class='ocrx_word' id='word_1_665' title='bbox 842 2300 930 2332; x_wconf 87' lang='lat' dir='ltr'><strong>ipsum</strong></span> 
     </span>
    </p>
   </div>
   <div class='ocr_carea' id='block_1_92' title="bbox 147 2345 929 2380">
    <p class='ocr_par' dir='ltr' id='par_1_92' title="bbox 147 2345 929 2380">
     <span class='ocr_line' id='line_1_92' title="bbox 147 2345 929 2380; baseline -0.005 -6"><span class='ocrx_word' id='word_1_666' title='bbox 147 2346 306 2374; x_wconf 84' lang='lat' dir='ltr'><strong>naturaliter</strong></span> <span class='ocrx_word' id='word_1_667' title='bbox 336 2345 458 2380; x_wconf 81' lang='lat' dir='ltr'><strong>prodeat,</strong></span> <span class='ocrx_word' id='word_1_668' title='bbox 497 2346 574 2380; x_wconf 85' lang='lat' dir='ltr'><strong>quasi</strong></span> <span class='ocrx_word' id='word_1_669' title='bbox 602 2353 682 2372; x_wconf 84' lang='lat' dir='ltr'><strong>suum</strong></span> <span class='ocrx_word' id='word_1_670' title='bbox 711 2345 848 2380; x_wconf 85' lang='lat' dir='ltr'><strong>proprium</strong></span> <span class='ocrx_word' id='word_1_671' title='bbox 868 2352 929 2371; x_wconf 86' lang='lat' dir='ltr'><strong>cunt</strong></span> 
     </span>
    </p>
   </div>
   <div class='ocr_carea' id='block_1_93' title="bbox 146 2391 930 2427">
    <p class='ocr_par' dir='ltr' id='par_1_93' title="bbox 146 2391 930 2427">
     <span class='ocr_line' id='line_1_93' title="bbox 146 2391 930 2427; baseline -0.004 -8"><span class='ocrx_word' id='word_1_672' title='bbox 146 2393 286 2422; x_wconf 80' lang='lat' dir='ltr'><strong>omnibus.</strong></span> <span class='ocrx_word' id='word_1_673' title='bbox 300 2400 360 2427; x_wconf 70' lang='lat' dir='ltr'><strong>qua:</strong></span> <span class='ocrx_word' id='word_1_674' title='bbox 377 2391 495 2427; x_wconf 81' lang='lat' dir='ltr'><strong>perfecte</strong></span> <span class='ocrx_word' id='word_1_675' title='bbox 513 2392 603 2423; x_wconf 75' lang='lat' dir='ltr'><strong>habet,</strong></span> <span class='ocrx_word' id='word_1_676' title='bbox 616 2399 676 2426; x_wconf 78' lang='lat' dir='ltr'><strong>quae</strong></span> <span class='ocrx_word' id='word_1_677' title='bbox 689 2392 747 2426; x_wconf 82' lang='lat' dir='ltr'><strong>ejus</strong></span> <span class='ocrx_word' id='word_1_678' title='bbox 764 2397 838 2421; x_wconf 83' lang='lat' dir='ltr'><strong>sunt,</strong></span> <span class='ocrx_word' id='word_1_679' title='bbox 857 2391 930 2418; x_wconf 81' lang='lat' dir='ltr'><strong>acci-</strong></span> 
     </span>
    </p>
   </div>
   <div class='ocr_carea' id='block_1_94' title="bbox 146 2439 352 2474">
    <p class='ocr_par' dir='ltr' id='par_1_94' title="bbox 146 2439 352 2474">
     <span class='ocr_line' id='line_1_94' title="bbox 146 2439 352 2474; baseline 0 -9"><span class='ocrx_word' id='word_1_680' title='bbox 146 2447 209 2474; x_wconf 88' lang='lat' dir='ltr'><strong>pere</strong></span> <span class='ocrx_word' id='word_1_681' title='bbox 226 2439 352 2466; x_wconf 81' lang='lat' dir='ltr'><strong>dicitum</strong></span> 
     </span>
    </p>
   </div>
   <div class='ocr_carea' id='block_1_95' title="bbox 181 2482 931 2519">
    <p class='ocr_par' dir='ltr' id='par_1_95' title="bbox 181 2482 931 2519">
     <span class='ocr_line' id='line_1_95' title="bbox 181 2482 931 2519; baseline -0.001 -8"><span class='ocrx_word' id='word_1_682' title='bbox 181 2485 252 2511; x_wconf 86' lang='lat' dir='ltr'><strong>idem</strong></span> <span class='ocrx_word' id='word_1_683' title='bbox 273 2492 354 2518; x_wconf 66' lang='lat' dir='ltr'><strong>super</strong></span> <span class='ocrx_word' id='word_1_684' title='bbox 369 2484 434 2510; x_wconf 89' lang='lat' dir='ltr'><strong>illud</strong></span> <span class='ocrx_word' id='word_1_685' title='bbox 451 2492 457 2509; x_wconf 84' lang='lat'><strong>:</strong></span> <span class='ocrx_word' id='word_1_686' title='bbox 477 2482 572 2510; x_wconf 73' lang='lat' dir='ltr'><strong>Omnia</strong></span> <span class='ocrx_word' id='word_1_687' title='bbox 591 2491 649 2519; x_wconf 79' lang='lat' dir='ltr'><strong>qua:</strong></span> <span class='ocrx_word' id='word_1_688' title='bbox 673 2484 747 2511; x_wconf 77' lang='lat' dir='ltr'><strong>habet</strong></span> <span class='ocrx_word' id='word_1_689' title='bbox 766 2483 856 2516; x_wconf 81' lang='lat' dir='ltr'><strong>Paler,</strong></span> <span class='ocrx_word' id='word_1_690' title='bbox 875 2491 931 2510; x_wconf 82' lang='lat' dir='ltr'><strong>mea</strong></span> 
     </span>
    </p>
   </div>
   <div class='ocr_carea' id='block_1_96' title="bbox 145 2529 934 2564">
    <p class='ocr_par' dir='ltr' id='par_1_96' title="bbox 145 2529 934 2564">
     <span class='ocr_line' id='line_1_96' title="bbox 145 2529 934 2564; baseline 0.001 -9"><span class='ocrx_word' id='word_1_691' title='bbox 145 2529 250 2563; x_wconf 75' lang='lat' dir='ltr'><strong>sunt&quot;,</strong></span> <span class='ocrx_word' id='word_1_692' title='bbox 272 2538 281 2554; x_wconf 84' lang='grc'><em>‹</em></span> <span class='ocrx_word' id='word_1_693' title='bbox 298 2529 351 2556; x_wconf 82' lang='lat' dir='ltr'><strong>Sed</strong></span> <span class='ocrx_word' id='word_1_694' title='bbox 369 2529 488 2563; x_wconf 84' lang='lat' dir='ltr'><strong>Spiritus</strong></span> <span class='ocrx_word' id='word_1_695' title='bbox 514 2529 563 2556; x_wconf 78' lang='lat' dir='ltr'><strong>iste</strong></span> <span class='ocrx_word' id='word_1_696' title='bbox 598 2529 733 2564; x_wconf 87' lang='lat' dir='ltr'><strong>proprius,</strong></span> <span class='ocrx_word' id='word_1_697' title='bbox 764 2529 864 2563; x_wconf 85' lang='lat' dir='ltr'><strong>inquit,</strong></span> <span class='ocrx_word' id='word_1_698' title='bbox 891 2533 934 2556; x_wconf 81' lang='lat' dir='ltr'><strong>est</strong></span> 
     </span>
    </p>
   </div>
   <div class='ocr_carea' id='block_1_97' title="bbox 144 2574 931 2611">
    <p class='ocr_par' dir='ltr' id='par_1_97' title="bbox 144 2574 931 2611">
     <span class='ocr_line' id='line_1_97' title="bbox 144 2574 931 2611; baseline -0.001 -9"><span class='ocrx_word' id='word_1_699' title='bbox 144 2576 226 2602; x_wconf 84' lang='lat' dir='ltr'><strong>ctiam</strong></span> <span class='ocrx_word' id='word_1_700' title='bbox 250 2575 405 2611; x_wconf 80' lang='lat' dir='ltr'><strong>Unigeniti;</strong></span> <span class='ocrx_word' id='word_1_701' title='bbox 420 2574 662 2603; x_wconf 82' lang='lat' dir='ltr'><strong>consubstantialis</strong></span> <span class='ocrx_word' id='word_1_702' title='bbox 693 2575 770 2603; x_wconf 87' lang='lat' dir='ltr'><strong>enim</strong></span> <span class='ocrx_word' id='word_1_703' title='bbox 781 2574 855 2602; x_wconf 82' lang='lat' dir='ltr'><strong>Patri</strong></span> <span class='ocrx_word' id='word_1_704' title='bbox 880 2579 931 2602; x_wconf 84' lang='lat' dir='ltr'><strong>est.</strong></span> 
     </span>
    </p>
   </div>
   <div class='ocr_carea' id='block_1_98' title="bbox 146 2621 929 2656">
    <p class='ocr_par' dir='ltr' id='par_1_98' title="bbox 146 2621 929 2656">
     <span class='ocr_line' id='line_1_98' title="bbox 146 2621 929 2656; baseline 0.001 -9"><span class='ocrx_word' id='word_1_705' title='bbox 146 2621 279 2653; x_wconf 87' lang='lat' dir='ltr'><strong>Quoniam</strong></span> <span class='ocrx_word' id='word_1_706' title='bbox 291 2621 384 2656; x_wconf 82' lang='lat' dir='ltr'><strong>igitur,</strong></span> <span class='ocrx_word' id='word_1_707' title='bbox 393 2622 490 2656; x_wconf 85' lang='lat' dir='ltr'><strong>inquit,</strong></span> <span class='ocrx_word' id='word_1_708' title='bbox 504 2622 594 2649; x_wconf 80' lang='lat' dir='ltr'><strong>inesse</strong></span> <span class='ocrx_word' id='word_1_709' title='bbox 606 2621 660 2650; x_wconf 87' lang='lat' dir='ltr'><strong>Deo</strong></span> <span class='ocrx_word' id='word_1_710' title='bbox 669 2626 696 2650; x_wconf 87' lang='lat' dir='ltr'><strong>et</strong></span> <span class='ocrx_word' id='word_1_711' title='bbox 707 2622 781 2650; x_wconf 88' lang='lat' dir='ltr'><strong>Patri</strong></span> <span class='ocrx_word' id='word_1_712' title='bbox 797 2622 929 2654; x_wconf 79' lang='lat' dir='ltr'><strong>cernitur,</strong></span> 
     </span>
    </p>
   </div>
   <div class='ocr_carea' id='block_1_99' title="bbox 146 2667 928 2704">
    <p class='ocr_par' dir='ltr' id='par_1_99' title="bbox 146 2667 928 2704">
     <span class='ocr_line' id='line_1_99' title="bbox 146 2667 928 2704; baseline 0.004 -11"><span class='ocrx_word' id='word_1_713' title='bbox 146 2667 239 2702; x_wconf 86' lang='lat' dir='ltr'><strong>bisqui</strong></span> <span class='ocrx_word' id='word_1_714' title='bbox 253 2668 325 2704; x_wconf 77' lang='lat' dir='ltr'><strong>digni</strong></span> <span class='ocrx_word' id='word_1_715' title='bbox 339 2668 442 2700; x_wconf 84' lang='lat' dir='ltr'><strong>sunt,in</strong></span> <span class='ocrx_word' id='word_1_716' title='bbox 457 2668 557 2702; x_wconf 84' lang='lat' dir='ltr'><strong>Spiritu</strong></span> <span class='ocrx_word' id='word_1_717' title='bbox 571 2676 619 2695; x_wconf 81' lang='lat' dir='ltr'><strong>suo</strong></span> <span class='ocrx_word' id='word_1_718' title='bbox 635 2669 928 2703; x_wconf 82' lang='lat' dir='ltr'><strong>rcvelari,cflicereque</strong></span> 
     </span>
    </p>
   </div>
   <div class='ocr_carea' id='block_1_100' title="bbox 144 2713 928 2749">
    <p class='ocr_par' dir='ltr' id='par_1_100' title="bbox 144 2713 928 2749">
     <span class='ocr_line' id='line_1_100' title="bbox 144 2713 928 2749; baseline 0.004 -10"><span class='ocrx_word' id='word_1_719' title='bbox 144 2713 227 2740; x_wconf 88' lang='lat' dir='ltr'><strong>etiam</strong></span> <span class='ocrx_word' id='word_1_720' title='bbox 243 2721 289 2748; x_wconf 88' lang='lat' dir='ltr'><strong>per</strong></span> <span class='ocrx_word' id='word_1_721' title='bbox 319 2715 420 2749; x_wconf 85' lang='lat' dir='ltr'><strong>ipsum,</strong></span> <span class='ocrx_word' id='word_1_722' title='bbox 439 2723 499 2749; x_wconf 71' lang='lat' dir='ltr'><strong>quzc</strong></span> <span class='ocrx_word' id='word_1_723' title='bbox 518 2715 641 2744; x_wconf 80' lang='lat' dir='ltr'><strong>Vulucrit.</strong></span> <span class='ocrx_word' id='word_1_724' title='bbox 660 2715 695 2743; x_wconf 87' lang='lat' dir='ltr'><strong>ob</strong></span> <span class='ocrx_word' id='word_1_725' title='bbox 712 2716 781 2743; x_wconf 89' lang='lat' dir='ltr'><strong>hanc</strong></span> <span class='ocrx_word' id='word_1_726' title='bbox 818 2723 928 2743; x_wconf 79' lang='lat' dir='ltr'><strong>causam</strong></span> 
     </span>
    </p>
   </div>
   <div class='ocr_carea' id='block_1_101' title="bbox 146 2757 926 2794">
    <p class='ocr_par' dir='ltr' id='par_1_101' title="bbox 146 2757 926 2794">
     <span class='ocr_line' id='line_1_101' title="bbox 146 2757 926 2794; baseline 0.006 -11"><span class='ocrx_word' id='word_1_727' title='bbox 146 2757 225 2791; x_wconf 60' lang='lat' dir='ltr'><strong>dixit,</strong></span> <span class='ocrx_word' id='word_1_728' title='bbox 238 2759 307 2792; x_wconf 84' lang='lat' dir='ltr'><strong>Quia</strong></span> <span class='ocrx_word' id='word_1_729' title='bbox 319 2761 349 2787; x_wconf 82' lang='lat' dir='ltr'><strong>de</strong></span> <span class='ocrx_word' id='word_1_730' title='bbox 371 2768 425 2787; x_wconf 77' lang='lat' dir='ltr'><strong>meo</strong></span> <span class='ocrx_word' id='word_1_731' title='bbox 454 2761 572 2794; x_wconf 67' lang='lat' dir='ltr'><strong>«eripiet.</strong></span> <span class='ocrx_word' id='word_1_732' title='bbox 594 2766 617 2788; x_wconf 67' lang='grc' dir='ltr'><strong>θλ</strong></span> <span class='ocrx_word' id='word_1_733' title='bbox 636 2763 802 2789; x_wconf 76' lang='grc' dir='ltr'><strong>ηηηιιηιίαίιὶι</strong></span> <span class='ocrx_word' id='word_1_734' title='bbox 820 2763 901 2790; x_wconf 73' lang='lat' dir='ltr'><strong>vobis.</strong></span> <span class='ocrx_word' id='word_1_735' title='bbox 918 2772 926 2788; x_wconf 72' lang='grc' dir='ltr'>ι</span> 
     </span>
    </p>
   </div>
   <div class='ocr_carea' id='block_1_102' title="bbox 184 2842 732 2881">
    <p class='ocr_par' dir='ltr' id='par_1_102' title="bbox 184 2842 732 2881">
     <span class='ocr_line' id='line_1_102' title="bbox 184 2842 732 2881; baseline 0.013 -11"><span class='ocrx_word' id='word_1_736' title='bbox 184 2842 208 2858; x_wconf 85' lang='lat'>&quot;</span> <span class='ocrx_word' id='word_1_737' title='bbox 218 2842 295 2873; x_wconf 83' lang='lat' dir='ltr'><strong>Joan.</strong></span> <span class='ocrx_word' id='word_1_738' title='bbox 317 2855 372 2881; x_wconf 76' lang='lat' dir='ltr'><strong>xtv,</strong></span> <span class='ocrx_word' id='word_1_739' title='bbox 394 2846 435 2874; x_wconf 88' lang='lat' dir='ltr'><strong>l0.</strong></span> <span class='ocrx_word' id='word_1_740' title='bbox 491 2848 512 2864; x_wconf 78' lang='grc'><strong>³³</strong></span> <span class='ocrx_word' id='word_1_741' title='bbox 530 2847 608 2875; x_wconf 82' lang='lat' dir='ltr'><strong>Joan.</strong></span> <span class='ocrx_word' id='word_1_742' title='bbox 625 2857 668 2877; x_wconf 79' lang='lat' dir='ltr'><strong>xv.</strong></span> <span class='ocrx_word' id='word_1_743' title='bbox 689 2850 732 2877; x_wconf 74' lang='lat' dir='ltr'><strong>l3.</strong></span> 
     </span>
    </p>
   </div>
   <div class='ocr_carea' id='block_1_103' title="bbox 789 2849 1041 2883">
    <p class='ocr_par' dir='ltr' id='par_1_103' title="bbox 789 2849 1041 2883">
     <span class='ocr_line' id='line_1_103' title="bbox 789 2849 1041 2883; baseline -0.004 -5"><span class='ocrx_word' id='word_1_744' title='bbox 789 2851 808 2866; x_wconf 80' lang='grc'>³¹</span> <span class='ocrx_word' id='word_1_745' title='bbox 832 2849 909 2878; x_wconf 80' lang='lat' dir='ltr'><strong>Joan.</strong></span> <span class='ocrx_word' id='word_1_746' title='bbox 926 2857 981 2883; x_wconf 68' lang='lat' dir='ltr'><strong>th,</strong></span> <span class='ocrx_word' id='word_1_747' title='bbox 1000 2850 1041 2878; x_wconf 65' lang='lat' dir='ltr'><strong>lt.</strong></span> 
     </span>
    </p>
   </div>
   <div class='ocr_carea' id='block_1_104' title="bbox 983 2251 1766 2292">
    <p class='ocr_par' dir='ltr' id='par_1_104' title="bbox 983 2251 1766 2292">
     <span class='ocr_line' id='line_1_104' title="bbox 983 2251 1766 2292; baseline -0.01 -8"><span class='ocrx_word' id='word_1_748' title='bbox 983 2258 1082 2292; x_wconf 85' lang='lat' dir='ltr'><strong>quippe</strong></span> <span class='ocrx_word' id='word_1_749' title='bbox 1105 2265 1166 2283; x_wconf 76' lang='lat' dir='ltr'><strong>runt</strong></span> <span class='ocrx_word' id='word_1_750' title='bbox 1183 2256 1246 2283; x_wconf 86' lang='lat' dir='ltr'><strong>inde</strong></span> <span class='ocrx_word' id='word_1_751' title='bbox 1260 2260 1287 2283; x_wconf 85' lang='lat' dir='ltr'><strong>et</strong></span> <span class='ocrx_word' id='word_1_752' title='bbox 1301 2255 1449 2283; x_wconf 89' lang='lat' dir='ltr'><strong>essentiam</strong></span> <span class='ocrx_word' id='word_1_753' title='bbox 1473 2261 1537 2286; x_wconf 90' lang='lat' dir='ltr'><strong>una,</strong></span> <span class='ocrx_word' id='word_1_754' title='bbox 1557 2258 1582 2280; x_wconf 89' lang='lat' dir='ltr'><strong>et</strong></span> <span class='ocrx_word' id='word_1_755' title='bbox 1605 2251 1766 2286; x_wconf 80' lang='lat' dir='ltr'><strong>sapientiam</strong></span> 
     </span>
    </p>
   </div>
   <div class='ocr_carea' id='block_1_105' title="bbox 984 2297 1767 2335">
    <p class='ocr_par' dir='ltr' id='par_1_105' title="bbox 984 2297 1767 2335">
     <span class='ocr_line' id='line_1_105' title="bbox 984 2297 1767 2335; baseline -0.01 -5"><span class='ocrx_word' id='word_1_756' title='bbox 984 2303 1106 2331; x_wconf 80' lang='lat' dir='ltr'><strong>traxerit.</strong></span> <span class='ocrx_word' id='word_1_757' title='bbox 1131 2303 1333 2330; x_wconf 74' lang='lat' dir='ltr'><strong>Sanctttmrrro</strong></span> <span class='ocrx_word' id='word_1_758' title='bbox 1365 2301 1496 2335; x_wconf 90' lang='lat' dir='ltr'><strong>Spirituttt</strong></span> <span class='ocrx_word' id='word_1_759' title='bbox 1522 2307 1583 2326; x_wconf 87' lang='lat' dir='ltr'><strong>cum</strong></span> <span class='ocrx_word' id='word_1_760' title='bbox 1605 2306 1620 2325; x_wconf 95' lang='lat' dir='ltr'><strong>a</strong></span> <span class='ocrx_word' id='word_1_761' title='bbox 1642 2297 1712 2324; x_wconf 82' lang='lat' dir='ltr'><strong>Filio</strong></span> <span class='ocrx_word' id='word_1_762' title='bbox 1740 2299 1767 2322; x_wconf 86' lang='lat' dir='ltr'><strong>et</strong></span> 
     </span>
    </p>
   </div>
   <div class='ocr_carea' id='block_1_106' title="bbox 982 2343 1766 2382">
    <p class='ocr_par' dir='ltr' id='par_1_106' title="bbox 982 2343 1766 2382">
     <span class='ocr_line' id='line_1_106' title="bbox 982 2343 1766 2382; baseline -0.01 -6"><span class='ocrx_word' id='word_1_763' title='bbox 982 2350 1089 2381; x_wconf 87' lang='lat' dir='ltr'><strong>audire,</strong></span> <span class='ocrx_word' id='word_1_764' title='bbox 1103 2354 1129 2376; x_wconf 88' lang='lat' dir='ltr'><strong>et</strong></span> <span class='ocrx_word' id='word_1_765' title='bbox 1142 2349 1265 2382; x_wconf 85' lang='lat' dir='ltr'><strong>accipere</strong></span> <span class='ocrx_word' id='word_1_766' title='bbox 1294 2348 1416 2380; x_wconf 86' lang='lat' dir='ltr'><strong>dicatur,</strong></span> <span class='ocrx_word' id='word_1_767' title='bbox 1454 2349 1562 2373; x_wconf 82' lang='lat' dir='ltr'><strong>constat</strong></span> <span class='ocrx_word' id='word_1_768' title='bbox 1592 2343 1723 2379; x_wconf 75' lang='lat' dir='ltr'><strong>profectu,</strong></span> <span class='ocrx_word' id='word_1_769' title='bbox 1751 2349 1766 2368; x_wconf 88' lang='lat' dir='ltr'><strong>a</strong></span> 
     </span>
    </p>
   </div>
   <div class='ocr_carea' id='block_1_107' title="bbox 983 2391 1766 2431">
    <p class='ocr_par' dir='ltr' id='par_1_107' title="bbox 983 2391 1766 2431">
     <span class='ocr_line' id='line_1_107' title="bbox 983 2391 1766 2431; baseline -0.011 -8"><span class='ocrx_word' id='word_1_770' title='bbox 983 2403 1041 2431; x_wconf 81' lang='lat' dir='ltr'><strong>quo</strong></span> <span class='ocrx_word' id='word_1_771' title='bbox 1052 2396 1160 2430; x_wconf 81' lang='lat' dir='ltr'><strong>accipit,</strong></span> <span class='ocrx_word' id='word_1_772' title='bbox 1182 2395 1244 2422; x_wconf 86' lang='lat' dir='ltr'><strong>inde</strong></span> <span class='ocrx_word' id='word_1_773' title='bbox 1255 2395 1336 2422; x_wconf 87' lang='lat' dir='ltr'><strong>etiam</strong></span> <span class='ocrx_word' id='word_1_774' title='bbox 1357 2393 1503 2420; x_wconf 75' lang='lat' dir='ltr'><strong>essentiam</strong></span> <span class='ocrx_word' id='word_1_775' title='bbox 1531 2391 1648 2418; x_wconf 73' lang='lat' dir='ltr'><strong>traxisse</strong></span> <span class='ocrx_word' id='word_1_776' title='bbox 1669 2395 1766 2424; x_wconf 86' lang='lat' dir='ltr'><strong>proce-</strong></span> 
     </span>
    </p>
   </div>
   <div class='ocr_carea' id='block_1_108' title="bbox 983 2444 1082 2470">
    <p class='ocr_par' dir='ltr' id='par_1_108' title="bbox 983 2444 1082 2470">
     <span class='ocr_line' id='line_1_108' title="bbox 983 2444 1082 2470; baseline 0 0"><span class='ocrx_word' id='word_1_777' title='bbox 983 2444 1082 2470; x_wconf 87' lang='lat' dir='ltr'><strong>dendo.</strong></span> 
     </span>
    </p>
   </div>
   <div class='ocr_carea' id='block_1_109' title="bbox 1018 2481 1767 2524">
    <p class='ocr_par' dir='ltr' id='par_1_109' title="bbox 1018 2481 1767 2524">
     <span class='ocr_line' id='line_1_109' title="bbox 1018 2481 1767 2524; baseline -0.012 -7"><span class='ocrx_word' id='word_1_778' title='bbox 1018 2489 1079 2517; x_wconf 86' lang='lat' dir='ltr'><strong>Sive</strong></span> <span class='ocrx_word' id='word_1_779' title='bbox 1097 2489 1177 2524; x_wconf 78' lang='lat' dir='ltr'><strong>igitur</strong></span> <span class='ocrx_word' id='word_1_780' title='bbox 1191 2496 1243 2516; x_wconf 93' lang='lat' dir='ltr'><strong>non</strong></span> <span class='ocrx_word' id='word_1_781' title='bbox 1259 2487 1358 2523; x_wconf 87' lang='lat' dir='ltr'><strong>accipit</strong></span> <span class='ocrx_word' id='word_1_782' title='bbox 1377 2494 1392 2514; x_wconf 90' lang='lat' dir='ltr'><strong>a</strong></span> <span class='ocrx_word' id='word_1_783' title='bbox 1410 2486 1480 2514; x_wconf 85' lang='lat' dir='ltr'><strong>Filio</strong></span> <span class='ocrx_word' id='word_1_784' title='bbox 1497 2484 1613 2519; x_wconf 89' lang='lat' dir='ltr'><strong>Spiritus</strong></span> <span class='ocrx_word' id='word_1_785' title='bbox 1624 2503 1632 2515; x_wconf 91' lang='lat'><strong>,</strong></span> <span class='ocrx_word' id='word_1_786' title='bbox 1647 2486 1675 2510; x_wconf 83' lang='lat' dir='ltr'><strong>et</strong></span> <span class='ocrx_word' id='word_1_787' title='bbox 1690 2481 1767 2509; x_wconf 87' lang='lat' dir='ltr'><strong>Scri-</strong></span> 
     </span>
    </p>
   </div>
   <div class='ocr_carea' id='block_1_110' title="bbox 983 2529 1764 2570">
    <p class='ocr_par' dir='ltr' id='par_1_110' title="bbox 983 2529 1764 2570">
     <span class='ocr_line' id='line_1_110' title="bbox 983 2529 1764 2570; baseline -0.01 -8"><span class='ocrx_word' id='word_1_788' title='bbox 983 2540 1089 2570; x_wconf 87' lang='lat' dir='ltr'><strong>pturam</strong></span> <span class='ocrx_word' id='word_1_789' title='bbox 1119 2542 1170 2562; x_wconf 82' lang='lat' dir='ltr'><strong>una</strong></span> <span class='ocrx_word' id='word_1_790' title='bbox 1197 2539 1278 2568; x_wconf 87' lang='lat' dir='ltr'><strong>atque</strong></span> <span class='ocrx_word' id='word_1_791' title='bbox 1304 2535 1446 2561; x_wconf 89' lang='lat' dir='ltr'><strong>doctorum</strong></span> <span class='ocrx_word' id='word_1_792' title='bbox 1473 2539 1552 2559; x_wconf 87' lang='lat' dir='ltr'><strong>voces</strong></span> <span class='ocrx_word' id='word_1_793' title='bbox 1582 2529 1726 2558; x_wconf 81' lang='lat' dir='ltr'><strong>eradcmus</strong></span> <span class='ocrx_word' id='word_1_794' title='bbox 1757 2536 1764 2554; x_wconf 92' lang='lat'><strong>:</strong></span> 
     </span>
    </p>
   </div>
   <div class='ocr_carea' id='block_1_111' title="bbox 985 2574 1768 2616">
    <p class='ocr_par' dir='ltr' id='par_1_111' title="bbox 985 2574 1768 2616">
     <span class='ocr_line' id='line_1_111' title="bbox 985 2574 1768 2616; baseline -0.011 -7"><span class='ocrx_word' id='word_1_795' title='bbox 985 2589 1072 2616; x_wconf 84' lang='lat' dir='ltr'><strong>neque</strong></span> <span class='ocrx_word' id='word_1_796' title='bbox 1095 2581 1151 2616; x_wconf 89' lang='lat' dir='ltr'><strong>jam</strong></span> <span class='ocrx_word' id='word_1_797' title='bbox 1166 2589 1198 2609; x_wconf 88' lang='lat' dir='ltr'><strong>ex</strong></span> <span class='ocrx_word' id='word_1_798' title='bbox 1218 2582 1276 2616; x_wconf 88' lang='lat' dir='ltr'><strong>ipso</strong></span> <span class='ocrx_word' id='word_1_799' title='bbox 1297 2579 1468 2611; x_wconf 83' lang='lat' dir='ltr'><strong>naturaliter,</strong></span> <span class='ocrx_word' id='word_1_800' title='bbox 1485 2583 1567 2612; x_wconf 88' lang='lat' dir='ltr'><strong>atqtte</strong></span> <span class='ocrx_word' id='word_1_801' title='bbox 1585 2574 1768 2604; x_wconf 73' lang='lat' dir='ltr'><strong>essentializer</strong></span> 
     </span>
    </p>
   </div>
   <div class='ocr_carea' id='block_1_112' title="bbox 985 2621 1767 2661">
    <p class='ocr_par' dir='ltr' id='par_1_112' title="bbox 985 2621 1767 2661">
     <span class='ocr_line' id='line_1_112' title="bbox 985 2621 1767 2661; baseline -0.01 -7"><span class='ocrx_word' id='word_1_802' title='bbox 985 2627 1131 2661; x_wconf 84' lang='lat' dir='ltr'><strong>procedere</strong></span> <span class='ocrx_word' id='word_1_803' title='bbox 1144 2626 1249 2654; x_wconf 87' lang='lat' dir='ltr'><strong>dicetur</strong></span> <span class='ocrx_word' id='word_1_804' title='bbox 1264 2635 1272 2659; x_wconf 87' lang='lat'><strong>;</strong></span> <span class='ocrx_word' id='word_1_805' title='bbox 1305 2626 1364 2653; x_wconf 82' lang='lat' dir='ltr'><strong>sive</strong></span> <span class='ocrx_word' id='word_1_806' title='bbox 1377 2633 1409 2651; x_wconf 83' lang='lat' dir='ltr'><strong>ex</strong></span> <span class='ocrx_word' id='word_1_807' title='bbox 1441 2624 1501 2659; x_wconf 75' lang='lat' dir='ltr'><strong>ipso</strong></span> <span class='ocrx_word' id='word_1_808' title='bbox 1532 2622 1643 2657; x_wconf 80' lang='lat' dir='ltr'><strong>accipit,</strong></span> <span class='ocrx_word' id='word_1_809' title='bbox 1664 2627 1692 2647; x_wconf 91' lang='lat' dir='ltr'><strong>ut</strong></span> <span class='ocrx_word' id='word_1_810' title='bbox 1709 2621 1767 2654; x_wconf 83' lang='lat' dir='ltr'><strong>ipse</strong></span> 
     </span>
    </p>
   </div>
   <div class='ocr_carea' id='block_1_113' title="bbox 984 2667 1767 2706">
    <p class='ocr_par' dir='ltr' id='par_1_113' title="bbox 984 2667 1767 2706">
     <span class='ocr_line' id='line_1_113' title="bbox 984 2667 1767 2706; baseline -0.009 -6"><span class='ocrx_word' id='word_1_811' title='bbox 984 2672 1069 2700; x_wconf 86' lang='lat' dir='ltr'><strong>Filius</strong></span> <span class='ocrx_word' id='word_1_812' title='bbox 1095 2673 1180 2706; x_wconf 85' lang='lat' dir='ltr'><strong>dixit;</strong></span> <span class='ocrx_word' id='word_1_813' title='bbox 1203 2674 1237 2699; x_wconf 88' lang='lat' dir='ltr'><strong>ita</strong></span> <span class='ocrx_word' id='word_1_814' title='bbox 1254 2672 1325 2700; x_wconf 88' lang='lat' dir='ltr'><strong>enim</strong></span> <span class='ocrx_word' id='word_1_815' title='bbox 1353 2671 1379 2698; x_wconf 89' lang='lat' dir='ltr'><strong>id</strong></span> <span class='ocrx_word' id='word_1_816' title='bbox 1417 2671 1520 2697; x_wconf 68' lang='lat' dir='ltr'><strong>dictum</strong></span> <span class='ocrx_word' id='word_1_817' title='bbox 1550 2669 1638 2697; x_wconf 89' lang='lat' dir='ltr'><strong>sancti</strong></span> <span class='ocrx_word' id='word_1_818' title='bbox 1673 2667 1767 2694; x_wconf 74' lang='lat' dir='ltr'><strong>Patres</strong></span> 
     </span>
    </p>
   </div>
   <div class='ocr_carea' id='block_1_114' title="bbox 983 2713 1768 2753">
    <p class='ocr_par' dir='ltr' id='par_1_114' title="bbox 983 2713 1768 2753">
     <span class='ocr_line' id='line_1_114' title="bbox 983 2713 1768 2753; baseline -0.009 -7"><span class='ocrx_word' id='word_1_819' title='bbox 983 2724 1146 2753; x_wconf 83' lang='lat' dir='ltr'><strong>acceperunt</strong></span> <span class='ocrx_word' id='word_1_820' title='bbox 1159 2726 1167 2750; x_wconf 85' lang='lat'><strong>;</strong></span> <span class='ocrx_word' id='word_1_821' title='bbox 1182 2726 1242 2752; x_wconf 69' lang='lat' dir='ltr'><strong>quae</strong></span> <span class='ocrx_word' id='word_1_822' title='bbox 1264 2722 1354 2745; x_wconf 86' lang='lat' dir='ltr'><strong>autem</strong></span> <span class='ocrx_word' id='word_1_823' title='bbox 1372 2717 1482 2751; x_wconf 82' lang='lat' dir='ltr'><strong>accipit,</strong></span> <span class='ocrx_word' id='word_1_824' title='bbox 1498 2721 1525 2743; x_wconf 83' lang='lat' dir='ltr'><strong>ct</strong></span> <span class='ocrx_word' id='word_1_825' title='bbox 1543 2716 1642 2747; x_wconf 74' lang='lat' dir='ltr'><strong>habet;</strong></span> <span class='ocrx_word' id='word_1_826' title='bbox 1668 2713 1768 2748; x_wconf 87' lang='lat' dir='ltr'><strong>quippe</strong></span> 
     </span>
    </p>
   </div>
   <div class='ocr_carea' id='block_1_115' title="bbox 984 2758 1768 2798">
    <p class='ocr_par' dir='ltr' id='par_1_115' title="bbox 984 2758 1768 2798">
     <span class='ocr_line' id='line_1_115' title="bbox 984 2758 1768 2798; baseline -0.008 -7"><span class='ocrx_word' id='word_1_827' title='bbox 984 2764 1059 2798; x_wconf 75' lang='lat' dir='ltr'><strong>iuxta</strong></span> <span class='ocrx_word' id='word_1_828' title='bbox 1069 2763 1207 2791; x_wconf 83' lang='lat' dir='ltr'><strong>Athanasii</strong></span> <span class='ocrx_word' id='word_1_829' title='bbox 1223 2761 1396 2796; x_wconf 87' lang='lat' dir='ltr'><strong>sententiam,</strong></span> <span class='ocrx_word' id='word_1_830' title='bbox 1415 2771 1424 2788; x_wconf 74' lang='grc' dir='ltr'>ι</span> <span class='ocrx_word' id='word_1_831' title='bbox 1439 2762 1559 2795; x_wconf 71' lang='grc' dir='ltr'><strong>Ωιιαιίιυε</strong></span> <span class='ocrx_word' id='word_1_832' title='bbox 1572 2761 1662 2792; x_wconf 85' lang='lat' dir='ltr'><strong>habet,</strong></span> <span class='ocrx_word' id='word_1_833' title='bbox 1674 2767 1688 2786; x_wconf 84' lang='lat' dir='ltr'><strong>a</strong></span> <span class='ocrx_word' id='word_1_834' title='bbox 1699 2758 1768 2786; x_wconf 82' lang='lat' dir='ltr'><strong>Filio</strong></span> 
     </span>
    </p>
   </div>
   <div class='ocr_carea' id='block_1_116' title="bbox 1098 2848 1651 2883">
    <p class='ocr_par' dir='ltr' id='par_1_116' title="bbox 1098 2848 1651 2883">
     <span class='ocr_line' id='line_1_116' title="bbox 1098 2848 1651 2883; baseline -0.004 -6"><span class='ocrx_word' id='word_1_835' title='bbox 1098 2850 1119 2866; x_wconf 77' lang='grc'>³³</span> <span class='ocrx_word' id='word_1_836' title='bbox 1137 2849 1216 2878; x_wconf 83' lang='lat' dir='ltr'><strong>.loan.</strong></span> <span class='ocrx_word' id='word_1_837' title='bbox 1236 2858 1294 2883; x_wconf 85' lang='lat' dir='ltr'><strong>vui,</strong></span> <span class='ocrx_word' id='word_1_838' title='bbox 1310 2850 1354 2878; x_wconf 70' lang='lat'><strong>26.</strong></span> <span class='ocrx_word' id='word_1_839' title='bbox 1397 2851 1420 2866; x_wconf 81' lang='grc'>³³</span> <span class='ocrx_word' id='word_1_840' title='bbox 1436 2850 1514 2877; x_wconf 82' lang='lat' dir='ltr'><strong>Joan.</strong></span> <span class='ocrx_word' id='word_1_841' title='bbox 1533 2857 1588 2881; x_wconf 73' lang='lat' dir='ltr'><strong>xu,</strong></span> <span class='ocrx_word' id='word_1_842' title='bbox 1608 2848 1651 2876; x_wconf 83' lang='lat' dir='ltr'><strong>l5.</strong></span> 
     </span>
    </p>
   </div>
  </div>
