1934 3063
125 123 154 155 .‘7
595 142 611 156 ο

685 127 889 160 ADVERSUS
907 128 1064 160 GRAECOS
1085 130 1156 162 LIB.
1179 131 1204 161 Ι.

1712 130 1746 162 58

119 189 218 219 accepta
241 185 348 218 habet;
366 195 376 212 ι
394 194 458 221 qua:
483 190 573 214 autem
589 187 680 220 habet,
696 187 778 222 hujus
787 186 944 217 essentiaA
958 194 998 216 tra
1023 196 1054 216 se
1077 193 1155 217 erant
1182 189 1369 221 abstulerunt,
1403 193 1431 216 et
1462 189 1608 224 magistros
1637 195 1746 218 nostros

118 236 162 262 est,
178 236 265 266 atque
304 236 382 260 totus
412 233 471 267 ipse
499 234 645 261 essentiam
677 241 740 262 vere
760 233 910 268 procedens

118 277 202 309 habet,
222 277 303 304 sicut
320 282 349 305 et
375 278 463 305 Filius
482 278 552 306 hanc
566 278 648 306 habet
663 286 779 306 nascens
794 287 801 306 :
817 286 911 306 neces-

116 323 181 349 sario
201 329 218 349 a
240 321 323 350 Filio
340 323 492 358 accipiens,
519 323 600 351 etiam
619 324 652 351 ab
667 323 727 359 ipso
740 324 822 352 habet
838 330 909 351 esse.

143 368 182 394 Ac
194 367 282 395 sicuti
295 368 378 395 divus
392 369 603 404 Chrysostomus
612 369 714 397 dictum
723 369 909 405 evangelicum

113 419 251 446 exponens
265 421 274 439 :
291 412 377 440 Omne
383 413 513 448 judicium
522 414 591 442 dedit
601 414 673 442 Filio
682 414 723 442 ’δε
738 424 747 440 ‹
762 407 910 448 Quoniam,

113 458 208 491 inquit,
222 458 306 492 quod
319 459 370 492 ait,
388 459 461 486 dedit
472 460 563 491 vitam.
582 465 609 487 et
631 460 705 495 quod
721 460 802 493 dixit,
830 460 910 495 judi-

113 504 178 530 cium
194 505 286 536 dedit,
322 505 397 532 idem
417 510 459 533 est
483 513 516 534 ae
530 506 552 533 si
578 506 651 534 dicat
667 514 674 534 :
690 506 813 534 Judicem
834 507 909 534 illum

113 549 213 581 genuit.
233 559 243 575 ι
267 550 375 578 Eodem
406 550 486 578 modo
517 551 633 584 scilicet,
665 556 692 579 et
709 551 782 587 quod
812 552 911 580 dicitur

114 595 218 627 audire,
239 600 271 623 et
284 596 428 630 accipere,
443 597 592 624 secundum
609 597 765 625 dill'crentcs
781 604 911 632 persona-

115 647 170 667 rum
184 648 354 675 processus,
371 641 398 668 id
414 642 588 669 commendat.
603 650 665 669 eum
684 643 783 671 habere
800 650 860 670 esse
876 641 911 669 ab

114 693 179 716 co,a
201 694 262 720 quo
299 687 412 722 accipit.
440 686 507 714 Nam
534 687 558 714 si
585 688 657 722 quod
686 688 795 718 dicitur,
820 688 910 720 Dedit,

112 730 182 764 juxta
199 731 435 766 Chrysostomum
448 739 521 764 eum,
533 739 565 759 ex
578 740 659 760 causa
675 740 734 760 esse
762 733 911 767 signiﬁcat,

115 776 193 803 etiam
227 778 363 812 accipere
392 778 464 812 quod
494 778 605 810 dicitur,
636 778 707 806 idem
734 778 909 813 signiﬁcabit.

114 822 187 853 Quod
222 823 304 849 enim
338 823 386 849 dat
411 830 512 855 causa,
545 822 571 849 id
600 826 627 850 et
656 823 766 850 causale
798 823 908 858 accipit.

115 865 191 893 Unde
205 872 234 893 et
257 867 343 895 divus
363 867 539 900 Athanasius,
562 867 595 894 ad
620 867 794 902 Serapionem
810 876 818 893 ι
832 868 910 894 Acci-

114 913 162 944 piet
182 919 235 946 pro
257 920 306 944 eo,
329 913 401 948 quod
417 918 470 946 est,
482 913 619 948 suscipiet,
649 913 776 948 exposuit
789 913 885 941 dicens
902 922 909 941 :

117 965 126 982 ι
144 958 228 992 Atqui
244 959 270 986 si
292 958 353 986 Filii
365 959 483 994 Spiritus
499 964 552 992 est,
577 964 605 988 et
620 967 635 987 a
653 959 723 987 Filio
737 960 828 987 omnia
846 967 911 987 sus-

115 1004 178 1038 cipit
191 1000 333 1040 Spiritus,
349 1011 378 1033 ut
395 1006 452 1041 ipse
465 1006 567 1034 scilicet
596 1007 728 1034 Dominus
759 1007 809 1034 ait.
827 1016 836 1032 ι
858 1005 910 1034 Ubi

118 1057 179 1077 vero
195 1051 251 1078 hoc
267 1051 309 1078 ait
324 1051 475 1079 Dominus?
489 1052 547 1079 Illic
567 1051 686 1086 proferto
700 1051 745 1080 ubi
759 1052 828 1079 dixit
846 1061 853 1078 ε
867 1051 910 1079 Ex

117 1103 171 1122 meo
186 1097 319 1131 accipiet.
345 1096 439 1132 itaque
454 1097 477 1124 si
493 1097 565 1132 quod
580 1104 595 1124 a
606 1097 685 1126 Patre
710 1098 834 1132 accipere
847 1098 914 1126 dici—

120 1149 162 1171 tur
175 1144 281 1177 Filius,
297 1145 333 1172 ab
346 1152 380 1172 eo
395 1146 469 1173 nasci
484 1149 537 1179 est,
557 1149 585 1173 et
602 1145 674 1180 quod
691 1153 707 1174 a
724 1145 795 1173 Filio
823 1146 913 1174 susci-

119 1197 180 1224 pere
197 1190 324 1226 Spiritus
352 1191 463 1223 dicitur.
491 1192 542 1219 hoc
562 1196 602 1219 est
621 1199 637 1219 a
655 1191 734 1218 Patre
751 1198 798 1226 per
813 1191 911 1218 Filium

121 1237 284 1270 procedere,
301 1241 328 1265 et
357 1238 484 1272 quoniam
519 1238 579 1273 ejus
595 1237 667 1271 quod
695 1237 858 1265 annuntiare
886 1242 914 1265 et

123 1289 274 1316 suggerere
307 1283 421 1315 dicitur,
449 1284 573 1319 accipere
592 1291 675 1312 causa
709 1288 762 1315 est,
790 1283 914 1318 accipere

123 1334 213 1355 autem
253 1333 283 1356 et
305 1329 402 1356 audire
417 1337 432 1357 a
447 1329 625 1364 FilioJiabet,
650 1330 805 1358 necessario
819 1329 914 1357 audire

125 1377 150 1400 et
167 1375 299 1409 accipere
325 1375 397 1402 idem
423 1375 449 1402 in
464 1375 567 1403 divinis
586 1376 669 1403 rebus
690 1380 733 1403 est
751 1386 757 1403 ε
772 1383 804 1402 ac
815 1382 914 1410 magno

124 1425 264 1448 asserente
287 1421 449 1454 Athanasio,
475 1429 642 1456 quaecunque
677 1421 760 1448 habet
780 1420 914 1456 Spiritus,

125 1472 138 1491 a
158 1465 230 1494 Filio
243 1472 358 1500 accepta
387 1467 485 1499 habet;
501 1475 547 1502 per
570 1467 596 1495 id
610 1474 686 1502 ergo,
702 1468 773 1502 quod
799 1466 874 1496 audit
897 1473 913 1494 a

962 235 1068 270 injuriis
1087 234 1314 270 contumeliisque
1345 234 1502 266 ali‘ecerunt,
1528 236 1632 269 partim.
1646 235 1746 263 adden-

960 281 1005 312 do.
1024 280 1121 316 partim
1145 281 1310 308 detrahendo
1335 281 1443 308 illorum
1466 281 1546 309 dictis
1576 284 1658 315 atque
1683 289 1747 309 scn-

961 327 1065 355 tentiis.

996 372 1043 404 At,
1069 371 1092 399 si
1121 371 1195 399 dicat
1223 370 1369 406 quispiam,
1402 369 1530 397 Basiliam
1560 373 1686 397 sanctum
1715 370 1744 397 in

961 418 1055 446 eodem
1082 421 1177 445 comra
1197 417 1360 444 Eunomium
1383 423 1476 450 opere,
1493 421 1585 450 aperte
1602 416 1744 444 Trinitatis

960 464 1093 496 ordinem,
1119 464 1285 498 tertiumque
1309 471 1324 490 a
1354 463 1433 490 Patre
1461 462 1591 497 Spiritqu
1618 468 1742 490 sanctum

960 510 1110 544 denegare;
1137 516 1201 536 cum
1227 509 1315 543 ipsum
1334 507 1498 535 Eunomium
1515 515 1631 541 arguens
1654 507 1742 534 dixit:

963 563 973 580 ι
994 553 1110 586 Quinam
1137 559 1202 580 vero
1228 552 1328 584 sancti,
1352 556 1379 578 et
1410 552 1437 578 in
1464 552 1564 586 quibus
1581 551 1657 578 libris
1686 552 1745 586 ejus

960 599 1094 626 doctrinm
1120 603 1245 625 auctores
1270 597 1382 628 iuerint,
1407 596 1498 623 dicere
1525 604 1579 622 non
1606 600 1703 630 potest,
1733 605 1742 621 ι

962 646 1020 680 ipse
1037 645 1189 672 Eunomius
1209 644 1330 676 scilicet;
1351 643 1408 677 ipse
1424 642 1496 669 enim
1514 642 1548 668 de
1571 647 1666 669 sancto
1682 641 1744 676 Spi-

962 691 1015 719 ritu
1035 690 1152 722 dicebat,
1174 690 1256 724 quod,
1278 697 1339 717 cum
1363 697 1377 716 a
1403 689 1505 716 sanctis
1522 689 1629 716 tertium
1655 688 1743 721 ipsum

961 746 1032 768 esse.
1051 741 1078 765 et
1102 737 1198 764 ordine
1221 740 1247 763 ct
1269 736 1410 771 dignitate.
1450 734 1610 771 accepisset,
1637 734 1743 761 tertium

962 784 1043 812 etiam
1058 787 1155 810 natura
1169 789 1230 809 esse
1246 782 1380 809 crederet.
1396 780 1424 808 Si
1439 780 1500 815 quis
1515 780 1596 813 igitur
1609 780 1660 807 hoc
1675 779 1745 806 init-—

962 833 1002 855 rat
1016 848 1023 860 ,
1045 831 1154 855 constat
1171 826 1280 862 quidem
1305 834 1336 853 cx
1360 825 1402 852 his
1419 832 1480 859 qum
1503 824 1574 851 dicta
1595 828 1669 854 sunt,
1688 831 1745 850 ma-

962 881 1044 908 gnum
1058 873 1189 899 Basilium
1209 872 1330 899 ordinem
1357 870 1383 897 in
1399 874 1492 898 sancta
1508 869 1642 896 Trinitate
1657 868 1744 896 conli-

963 919 1024 952 leri,
1043 919 1207 952 tertiumque
1232 925 1248 945 a
1274 917 1354 944 Patre
1374 924 1435 944 esse
1452 916 1582 950 Spiritum
1606 919 1742 942 sanctum.

963 964 1012 993 llic
1029 972 1094 993 vero
1109 965 1271 992 Eunumium
1294 963 1444 995 insimulat,
1460 963 1503 990 vel
1524 962 1588 997 quia
1610 961 1680 989 ordo
1695 961 1747 988 iste

961 1013 1078 1040 necdum
1109 1012 1144 1039 ita
1163 1011 1252 1039 fuerat
1265 1019 1280 1037 ιι
1296 1009 1397 1038 sanctis
1413 1009 1577 1041 declaratus,
1597 1012 1623 1035 et
1640 1006 1747 1041 simpli-

962 1059 1041 1090 citer,
1055 1065 1131 1085 more
1146 1065 1207 1090 stto,
1228 1055 1401 1084 mentientem
1421 1062 1469 1090 per
1487 1054 1555 1086 haec,
1572 1048 1674 1086 aréuit,
1692 1060 1745 1079 non

964 1103 1125 1134 habentem,
1146 1102 1219 1129 unde
1248 1101 1274 1128 id
1297 1105 1385 1135 posset
1411 1106 1535 1126 asserere
1552 1096 1745 1124 'mauiiestius.

963 1149 1020 1177 lmo
1043 1147 1158 1176 necdum
1174 1147 1200 1174 id
1225 1146 1262 1174 ita
1286 1149 1378 1180 aperte
1405 1145 1521 1179 positum
1543 1143 1641 1173 fuerat,
1660 1149 1747 1175 neque

963 1196 997 1224 de
1011 1196 1061 1223 hac
1075 1195 1180 1222 ratione
1194 1193 1298 1221 ordinis
1325 1191 1460 1226 quispiam
1474 1189 1593 1224 priorum
1608 1189 1643 1215 ita
1660 1187 1747 1214 disse-

964 1245 1067 1269 ruerat.
1084 1241 1154 1268 Ante
1177 1239 1249 1267 enim
1266 1246 1298 1266 ea
1316 1242 1436 1271 tempora
1461 1235 1561 1270 quibus
1582 1232 1747 1260 Athanasius

965 1287 1137 1321 Basiliusque
1155 1285 1317 1315 ﬂoruerunt,
1335 1288 1360 1310 et
1382 1282 1482 1317 quique
1497 1288 1544 1316 per
1560 1287 1619 1307 eam
1640 1283 1745 1306 a'tatcm

965 1333 1076 1361 filerunt
1098 1331 1226 1359 Ecclesiae
1250 1328 1388 1364 magistri,
1415 1327 1504 1354 nullos
1529 1326 1616 1353 fuisse
1640 1324 1748 1360 publice

965 1366 1092 1407 doctores
1113 1377 1251 1412 legimus:
1276 1375 1335 1403 sive
1356 1373 1428 1409 quod
1450 1372 1535 1407 magis
1548 1371 1698 1407 proprium,
1715 1377 1748 1397 ac

966 1430 1060 1450 rerum
1079 1426 1132 1455 est,
1149 1421 1228 1456 quasi
1251 1420 1426 1454 derogantem
1452 1417 1564 1448 sanctis.
1588 1421 1669 1450 atque
1696 1415 1747 1449 ipsi

966 1468 1073 1496 veritati
1094 1466 1245 1494 calutnnias
1264 1468 1425 1494 struentem.
1449 1469 1512 1490 cum
1533 1469 1580 1489 eos
1604 1460 1749 1487 tradidisse

125 1509 192 1538 Filio
217 1516 247 1540 et
263 1511 374 1547 accipit,
393 1517 465 1540 totus
487 1521 518 1539 ex
538 1517 594 1540 toto
608 1520 669 1541 esse
695 1512 912 1541 demonstratur.
928 1528 950 1559 α
966 1517 1079 1545 asserat,
1101 1512 1230 1546 Spiritum
1250 1514 1372 1538 sanctum
1395 1509 1505 1535 tertium
1525 1513 1586 1534 esse
1600 1510 1627 1533 et
1642 1505 1747 1533 ordine.

127 1558 158 1584 Et
178 1559 246 1593 quia
265 1566 323 1586 non
352 1559 426 1586 aliud
443 1563 485 1586 est
514 1559 604 1592 Pater,
619 1559 692 1587 aliud
708 1563 794 1587 totum
819 1558 914 1592 Filius,

126 1603 170 1629 sed
186 1611 275 1632 unum
292 1607 333 1630 est
348 1607 436 1630 totum
449 1602 540 1637 Pater,
553 1609 579 1631 et
590 1603 694 1638 Filius;
719 1611 773 1631 una
785 1603 856 1631 enim
873 1608 916 1631 est

127 1649 245 1677 essentia
261 1653 290 1677 et
317 1648 407 1676 Patris
426 1653 453 1676 et
479 1648 551 1682 Filii,
571 1649 650 1684 quasi
666 1649 700 1676 ab
719 1656 781 1683 uno.
798 1649 916 1684 Spiritus

128 1697 239 1732 accipit,
255 1700 363 1724 servata
376 1704 483 1730 semper
497 1697 650 1725 differentia
669 1697 807 1733 gignentia
819 1702 846 1725 et
869 1704 917 1732 ge-

130 1743 187 1770 niti.
207 1743 346 1777 Quocirea
359 1744 442 1771 etiam
458 1751 473 1770 a
489 1743 558 1771 Filio
574 1743 675 1772 habere
686 1751 747 1772 esse
757 1743 868 1776 dicitur,
885 1750 918 1771 ac

130 1795 174 1823 per
191 1789 292 1815 Filium
306 1789 465 1823 procedere.
843 1823 846 1827 ι

163 1834 192 1862 Si
216 1835 301 1870 igitur
323 1835 402 1870 juxta
434 1835 584 1864 Salvatoris
609 1836 772 1863 sententiam
802 1835 836 1863 ab
858 1835 918 1869 ipso

133 1880 250 1914 Spiritus
264 1882 342 1908 audit
367 1885 394 1908 et
409 1882 521 1916 accipit.
535 1888 619 1916 porro
645 1882 680 1909 ah
692 1882 751 1916 ipso
780 1882 872 1909 audire
891 1885 918 1909 et

133 1928 253 1962 accipere
267 1929 341 1963 quod
355 1928 464 1961 dicitur,
488 1927 522 1955 ab
544 1935 577 1955 eo
596 1935 657 1956 esse
688 1928 791 1956 habere
814 1927 915 1963 signiti-

135 1976 186 2004 cat,
205 1972 358 2000 secundum
375 1980 535 2000 communes
548 1973 704 2000 sanctiones
718 1964 790 2004 ﬁdei,
807 1977 918 2000 saneto-

134 2024 248 2053 rumque
264 2018 375 2046 Patrum
391 2018 584 2053 expositiones.
600 2018 657 2051 Qua
674 2019 780 2046 ratione
805 2026 919 2053 magnus

137 2059 262 2095 Basilius,
277 2070 352 2095 eum,
383 2063 431 2097 qui
447 2070 507 2090 esse
523 2065 558 2090 ab
580 2063 628 2091 illa;
641 2063 732 2095 habet,
750 2067 777 2091 et
806 2063 841 2090 ab
860 2063 919 2098 ipso

137 2110 245 2144 accipit,
257 2114 284 2136 et
296 2109 444 2136 annuntiat
459 2109 548 2141 nobis,
564 2116 595 2135 ac
612 2108 720 2143 penitus
730 2116 763 2136 ex
779 2107 823 2136 illa
836 2115 919 2136 causa

138 2155 245 2188 pendet,
269 2155 348 2189 quasi
365 2155 484 2181 alienum
516 2154 679 2189 denegabit?
694 2153 759 2181 Illud
789 2154 861 2181 enim
887 2161 918 2181 ex

138 2202 218 2229 sacris
231 2200 341 2228 Litteris
354 2201 473 2235 accepit;
487 2201 541 2227 huc
553 2205 644 2228 autem
659 2199 738 2234 quasi
748 2208 920 2234 consequens

139 2252 165 2273 et
188 2247 367 2281 :equivalens,
392 2247 492 2281 posuit,
512 2246 594 2273 veluti
621 2246 823 2273 conclusionem
844 2246 920 2273 initia

142 2293 293 2320 necessario
313 2297 483 2326 sequentem.
505 2292 574 2324 Quis
587 2297 677 2319 autem
690 2293 772 2324 diem,
791 2299 859 2319 nova
886 2292 920 2318 il-

140 2337 204 2371 lum,
221 2343 247 2365 et
262 2340 412 2372 asperiore,
428 2343 511 2372 atque
534 2337 641 2364 insueta
662 2345 741 2364 usum
765 2344 840 2368 voce,
857 2345 918 2364 cum

143 2383 196 2417 ipsa
213 2392 291 2411 sacra
302 2383 422 2418 eloquia,
435 2387 462 2410 et
479 2383 560 2410 divus
575 2382 632 2418 ipse
655 2382 735 2409 Pater
750 2389 810 2409 cum
827 2381 922 2409 (ιυρισ-

142 2429 214 2456 ribus
229 2429 353 2463 reliquis,
367 2429 488 2464 lidcsque
510 2433 594 2463 atque
609 2429 700 2455 omnia
713 2428 820 2462 penitus
836 2427 923 2455 recla-

144 2474 233 2502 ment?

174 2521 213 2548 Ex
240 2520 340 2555 quibus
369 2527 435 2547 sane
455 2519 630 2548 manifestum
648 2525 701 2553 est,
726 2519 828 2547 dictum
846 2518 923 2552 illud,

144 2565 211 2592 sicut
225 2572 306 2598 supra
324 2564 478 2599 expositum
493 2568 546 2596 est,
562 2564 651 2599 magni
668 2564 754 2600 patris
769 2571 830 2592 esse
843 2563 923 2591 itas?-

143 2610 181 2643 lii,
196 2617 228 2637 ex
243 2617 297 2644 quo
308 2610 359 2638 sibi
373 2610 423 2644 ipsi
448 2615 475 2638 et
488 2610 647 2638 doctoribus
661 2610 766 2637 caeteris
778 2614 922 2638 consonet.

144 2654 171 2683 ln
192 2655 290 2690 quibus
314 2660 403 2683 autem
419 2656 622 2691 exemplaribus
646 2664 700 2684 non
714 2656 750 2683 ita
774 2656 922 2690 invenitur,

144 2707 230 2729 astum
255 2708 315 2729 esse
342 2706 442 2736 apertae
473 2702 659 2736 malignitatis,
690 2709 783 2729 eorum
808 2702 921 2735 scilicet,

145 2747 190 2782 qni
208 2747 312 2774 tuendae
324 2747 460 2782 opinionis
480 2755 536 2776 sua:
548 2755 641 2780 causa,
653 2755 712 2783 qua:
728 2747 843 2775 maxime
857 2754 922 2774 cou-

183 2834 209 2850 ³⁸
224 2834 298 2862 toan.
322 2843 349 2869 ν,
365 2836 413 2863 22.

965 1564 992 1587 et
1020 1558 1163 1593 dignitate,
1189 1555 1322 1590 quosdam
1349 1553 1453 1581 scilicet
1474 1551 1633 1580 substantia1
1647 1550 1749 1585 gradus

965 1602 1171 1638 distinguendo;
1191 1606 1272 1635 atque
1300 1599 1362 1627 ideo
1385 1606 1414 1626 se
1431 1597 1589 1628 credidisse,
1610 1595 1683 1622 illum
1700 1602 1750 1621 na-

965 1654 1026 1676 tura
1042 1654 1150 1682 quoque
1163 1653 1224 1673 csse
1240 1644 1367 1676 tertium;
1383 1642 1500 1670 Basilius
1522 1641 1606 1672 enim,
1628 1640 1699 1674 quod
1715 1647 1747 1666 cx

967 1693 1103 1730 praedictis
1117 1696 1200 1728 patet.
1214 1690 1311 1718 ordine
1321 1688 1430 1724 quidem
1443 1694 1475 1714 ac
1485 1686 1624 1721 dignitate,
1637 1684 1748 1711 tertium

967 1740 1056 1774 fateri,
1071 1743 1100 1767 ut
1114 1739 1198 1774 pium,
1214 1735 1400 1771 amplectitur;
1414 1734 1523 1762 tertium
1542 1739 1605 1759 vero
1619 1736 1646 1759 et
1660 1730 1750 1764 digni-

966 1791 1023 1815 tate
1047 1791 1073 1813 et
1088 1785 1185 1812 ordine
1198 1782 1348 1812 Secundum
1363 1785 1498 1810 naturam,
1511 1784 1647 1813 nusquam
1662 1774 1751 1803 susci-

967 1841 1030 1870 pere
1044 1831 1218 1868 perspicitur.

1005 1867 1142 1912 Dupliccm
1167 1876 1239 1905 enini
1265 1873 1368 1902 ordinis
1385 1872 1502 1908 speciem
1518 1871 1544 1897 in
1563 1867 1751 1904 superioribus

968 1925 1097 1956 tradidit,
1114 1923 1227 1951 alteram
1241 1929 1273 1949 cx
1290 1921 1331 1948 his
1344 1919 1473 1955 probans.
1486 1917 1610 1947 alteram,
1626 1918 1655 1940 ut
1669 1919 1750 1946 supra

968 1970 1134 1998 declaratum
1150 1973 1201 1998 est.
1219 1965 1391 2001 improbans.
1416 1963 1483 1990 Nam
1501 1961 1631 1988 alrersus
1647 1957 1672 1984 id
1691 1956 1752 1992 qni~

969 2016 1040 2048 dem,
1068 2014 1138 2049 quod
1165 2013 1261 2041 tertius
1282 2011 1376 2038 ordine
1404 2013 1431 2036 et
1458 2006 1590 2049 dignitate
1629 2003 1750 2049 dicitur:

967 2046 1043 2096 juxta
1065 2046 1145 2094 quem
1169 2056 1293 2085 ordinem
1326 2051 1504 2081 essentiarum
1536 2046 1707 2096 diderentiaz,
1724 2049 1751 2072 et

969 2091 1045 2140 prius
1069 2091 1101 2130 ac
1118 2101 1262 2136 posterius,
1277 2104 1303 2126 ct
1325 2095 1512 2125 honorabilius
1532 2092 1624 2120 inferri
1639 2091 1750 2140 rideba-

972 2136 1027 2182 tur,
1041 2154 1096 2176 tota
1111 2148 1204 2183 vigilat
1220 2143 1389 2173 intentione?
1404 2141 1444 2169 Ad
1467 2140 1493 2167 id
1517 2146 1591 2171 vero,
1611 2136 1682 2172 quod
1696 2141 1752 2163 lcr-

935 2192 957 2221 Ῑ)
973 2197 1026 2224 tius
1050 2195 1144 2222 ordine
1165 2196 1193 2219 et
1219 2191 1349 2225 dignitate
1373 2187 1483 2218 dicitur,
1504 2183 1655 2213 secundum
1671 2188 1752 2216 quem

972 2240 1095 2270 ordinem
1121 2244 1202 2265 causa
1242 2239 1269 2263 et
1290 2233 1410 2266 causale,
1435 2231 1553 2262 initium,
1576 2233 1603 2255 ct
1621 2227 1693 2262 quod
1719 2233 1751 2252 ex

973 2287 1051 2315 initio
1073 2289 1123 2316 est,
1146 2288 1172 2311 et
1189 2282 1280 2313 simul,
1296 2285 1322 2308 ct
1343 2278 1515 2308 comternitas
1535 2273 1752 2309 conspiciuntur,

973 2333 1042 2361 sicut
1069 2331 1133 2366 igni,
1151 2329 1183 2357 ad
1206 2329 1303 2356 lucelli.
1323 2333 1383 2360 quae
1396 2332 1429 2352 ex
1448 2324 1506 2358 ipso
1525 2324 1625 2352 manat,
1643 2323 1755 2346 natura-

972 2379 1032 2406 liter
1045 2375 1183 2408 convenit,
1201 2379 1230 2401 ut
1252 2374 1308 2407 ipse
1325 2370 1406 2402 dicit;
1427 2369 1478 2401 vel,
1496 2368 1565 2395 sicut
1582 2366 1638 2397 lux,
1657 2368 1685 2391 ct
1708 2371 1752 2390 ra-

971 2425 1042 2456 dius,
1055 2427 1082 2450 et
1101 2421 1140 2449 sul
1155 2421 1188 2447 ad
1205 2427 1234 2446 se
1255 2418 1369 2445 invicem
1391 2415 1505 2445 habent;
1529 2412 1561 2439 ad
1580 2412 1650 2438 hunc
1671 2409 1753 2444 igitur

972 2455 1094 2498 ordinem
1128 2472 1297 2501 nequaquam
1312 2458 1470 2494 reluctatur,
1491 2459 1543 2486 nisi
1560 2457 1621 2492 quis
1635 2463 1696 2501 eum
1710 2455 1753 2482 sui

973 2516 1086 2544 oblitum
1103 2499 1188 2549 putet,
1203 2499 1233 2540 ac
1248 2510 1366 2545 seipsqu
1382 2508 1534 2535 destruere.
1679 2499 1685 2507 '

1008 2561 1094 2589 Simul
1103 2547 1133 2587 ct
1147 2559 1200 2586 hoc
1215 2565 1246 2585 ex
1261 2555 1448 2591 superioribus
1461 2555 1584 2586 apparet,
1597 2557 1642 2578 cos
1657 2548 1703 2583 qui
1716 2547 1754 2574 ita

975 2611 1128 2643 exponunt,
1153 2604 1224 2640 quod
1255 2603 1358 2630 dictttm
1387 2605 1455 2628 est:
1481 2597 1523 2625 E50
1548 2605 1604 2623 mw
1631 2593 1753 2643 accipiet,

976 2638 1025 2691 pro
1047 2662 1090 2684 eu,
1113 2638 1184 2686 quod
1206 2653 1256 2682 est,
1273 2647 1315 2675 Ea:
1330 2649 1411 2674 Patre
1433 2652 1499 2677 meo,
1516 2651 1568 2670 non
1593 2646 1664 2668 recte
1684 2638 1759 2665 arbi-

975 2700 1051 2728 trari.
1067 2697 1171 2725 Summi
1186 2697 1256 2724 enim
1268 2695 1387 2725 Patrum,
1402 2692 1464 2723 hoc,
1476 2695 1504 2717 ut
1519 2695 1600 2723 supra
1617 2691 1756 2713 ostensun

975 2750 1025 2779 est,
1042 2744 1068 2771 in
1087 2742 1156 2771 Filio
1176 2744 1347 2776 acceperunt,
1367 2737 1445 2774 quasi
1465 2737 1608 2767 diceretur,
1628 2732 1668 2758 Ea:
1686 2737 1759 2762 meo,
