1934 3063
147 130 182 162 5)
773 130 974 160 MANUELIS
994 131 1147 161 CALECE
1737 128 1776 159 60

146 193 179 213 ea:
194 193 250 212 mea
266 193 304 219 re,
322 185 373 213 hoc
393 189 445 217 est,
466 189 551 212 totum
569 192 601 211 ex
619 189 672 211 tota
693 191 751 211 mea
768 183 934 219 plenitudine
951 189 971 214 Α
987 183 1092 217 tuisque
1107 184 1248 211 doctorum
1267 183 1291 209 id
1315 182 1421 210 videtur
1436 192 1442 210 :
1466 191 1517 209 nor.
1531 182 1603 213 ideo,
1620 181 1666 216 qui
1689 182 1775 214 hunc,

147 231 275 266 accipiet.
907 254 912 258 -

184 275 316 303 Praeterea
337 275 360 302 si
375 279 449 302 esset
462 275 520 302 lucc
543 281 605 301 νει-ει
626 273 811 307 intelligentia,
831 279 933 307 nequa~

149 327 229 354 quant
246 320 305 347 sine
328 319 513 346 additamenta
529 319 676 346 diceretur.
694 317 837 353 Nunquam
859 318 932 344 enim

148 365 303 400 possessiva
317 365 481 399 pronomina
496 364 650 394 maswlini,
663 364 704 390 vel
719 362 839 390 {eritinini
851 369 933 396 gene-

149 410 199 441 ris,
214 409 273 437 sine
290 409 396 436 articuli
414 409 568 444 adjeclionc
581 409 682 436 Graeca:
700 408 799 444 linguae
812 408 933 442 proprie-

150 460 205 482 tate
220 454 405 489 proferuntur.
421 454 541 480 Dicimus
559 454 630 480 enim
643 455 657 480 ὁ
686 453 752 488 ἐμὸς
767 452 869 487 πατὴρ.
885 452 933 478 καὶ

150 501 167 535 ἡ
180 499 232 535 ἐμὴ
246 499 328 532 οῑκια,
344 500 360 534 ἡ
375 499 461 531 πόλις,
472 499 480 525 i
493 501 510 531 Ι,
531 505 581 530 (Μ,
592 498 642 525 Hic
657 507 727 525 meus
737 498 826 530 Pater,
838 503 865 524 ct
879 497 933 524 ha'c

152 555 208 573 mea
222 546 326 578 domus,
341 550 387 573 aut
403 546 506 573 ciuitas.
524 546 560 572 lla
577 546 676 580 quippe
691 545 801 575 Cratere.
819 548 849 571 ut
866 543 934 570 dixi-

150 599 222 624 mus,
255 591 353 626 linguae
377 592 557 624 consuetudo,
586 599 639 626 qua
674 591 724 618 hoc
758 589 932 625 Evangeiium

149 638 281 672 scriptum
297 642 347 669 est,
365 637 486 671 proferre
499 636 644 664 consuevit
662 644 670 664 :
687 637 758 676 alias
770 635 841 662 enim
857 634 933 661 vitio-
945 666 953 671 ἱ

150 691 179 709 sa
203 688 276 710 esset
301 683 497 717 pronuntiatio.
519 682 587 709 Cum
614 672 759 708 verousine
784 680 934 714 adjectione

150 730 260 760 dicitur,
278 734 404 756 neutrum
426 737 498 760 esse,
516 734 543 755 et
563 735 619 755 rem
634 728 790 763 signiﬁcare
808 726 934 760 intelligi-

152 780 204 801 tur.
235 775 357 808 Exempli
376 782 456 802 causa
473 784 478 800 :
496 774 529 800 Εἴ
543 782 570 800 τι
587 773 633 800 καὶ
650 772 749 806 τούμόν
777 773 834 797 ἐστι
860 770 936 805 παρὰ

153 820 204 853 uol,
219 820 245 847 id
259 824 319 847 est:
336 819 365 847 Si
384 820 446 853 quid
461 827 546 846 meum
565 823 602 846 est
620 819 690 853 apud
706 823 740 849 te,
758 817 828 852 quod
844 824 891 851 per
906 823 936 842 se

987 234 1016 255 ut
1037 229 1121 256 Deum
1144 229 1214 255 tnilli
1232 228 1342 259 dixerit,
1361 228 1492 254 continuo
1511 228 1684 263 blasphemus
1702 227 1773 255 erit:

987 280 996 299 t
1009 273 1107 301 Missus
1120 273 1192 300 enim
1206 277 1258 306 est,
1268 273 1304 300 ait
1317 273 1459 307 theologus
1468 273 1624 308 Gregorius,
1637 274 1682 300 sed
1695 273 1775 308 quasi

986 319 1079 351 homo,
1096 319 1138 345 sin
1158 323 1248 345 autem
1270 319 1350 345 etiam
1376 323 1405 345 ut
1430 318 1511 350 Deus,
1528 318 1593 352 quid
1621 319 1690 345 hoc?
1704 327 1714 345 ι
1741 319 1778 345 ΕΙ.

987 366 1038 393 hoc
1055 365 1185 399 profecto,
1198 365 1276 399 quasi
1294 372 1397 397 rerum,
1413 364 1590 399 approbavit?

1022 411 1114 446 Neque
1141 419 1256 445 magnus
1283 410 1399 437 Basilius
1422 418 1482 438 cum
1511 409 1641 442 dixisset,
1673 409 1773 437 Filium

986 457 1080 485 Ordine
1114 464 1145 484 ac
1167 456 1298 491 dignitate
1323 463 1337 482 a
1363 455 1441 482 Patre
1457 455 1606 482 secundant
1622 463 1691 486 esse.
1709 455 1774 489 quia

987 503 1094 529 initimn
1122 506 1148 528 et
1163 509 1246 529 causa
1263 501 1311 531 illi.
1331 506 1360 527 ut
1375 505 1458 532 esset,
1474 500 1553 527 Pater
1569 500 1629 531 fuit,
1644 501 1775 527 continuo

983 549 1102 582 scipsum
1126 547 1267 578 destruxit,
1294 546 1444 581 adjiciens:
1469 555 1478 572 (
1498 545 1529 572 Et
1566 546 1694 580 quoaiam
1727 554 1777 578 per

986 594 1074 628 ipsum
1097 600 1222 620 accessus
1244 597 1270 619 et
1296 592 1421 618 addnclio
1444 592 1476 618 ad
1495 591 1578 618 Deum
1613 595 1640 618 et
1663 591 1775 618 Patrem

987 639 1065 666 nobis
1082 644 1131 666 est.
1151 650 1160 664 ι
1181 637 1332 672 Utrumque
1344 638 1415 664 enim
1434 645 1527 664 verum
1541 642 1592 669 est,
1605 637 1626 663 si
1646 637 1707 671 quis
1721 637 1774 664 ista

987 684 1155 719 dislinguere
1180 685 1254 715 velit,
1280 689 1307 711 et
1331 683 1408 718 juxta
1433 683 1536 710 variam
1567 683 1773 718 intelligentiam

988 731 1124 765 accipere.

1025 776 1063 803 Ita
1079 780 1105 803 et
1126 775 1338 810 Chrysoetomus
1355 775 1456 802 dixisse
1489 775 1627 809 putandus
1644 779 1694 807 est,
1712 782 1776 802 eum

990 821 1108 848 lueretici
1127 828 1160 847 ex
1177 828 1219 852 eo,
1237 821 1309 854 quod
1336 820 1436 848 dicitur
1461 821 1591 855 Spiritum
1617 827 1738 848 sanctum
1761 830 1776 846 a

154 873 209 892 rem
232 865 343 900 intelligi
366 865 424 892 dat.
440 865 480 893 Ad
504 867 560 892 inec
578 870 668 891 autem
683 873 690 891 :
707 862 749 890 Ea:
762 870 817 889 meo
831 861 936 896 accipil,
955 853 976 880 B
991 863 1059 890 Filio
1076 863 1213 898 accipere,
1232 853 1351 898 Spiritus
1368 853 1547 892 substantiam
1567 865 1664 891 velllnt
1684 865 1778 892 immi-

152 911 209 938 sivc
225 911 350 945 Accipiet,
371 910 550 945 praecedentia
573 909 755 937 commendat.
777 909 822 935 Ait
842 909 912 935 enim
929 915 937 934 :

154 955 259 985 Omnia.
276 964 333 990 qua:
348 956 424 982 habet
439 955 530 988 Pater,
543 963 601 982 mea
618 960 690 982 sunt.
706 954 770 981 Ideo
782 953 839 980 dixi
854 955 937 985 vobis,

152 1001 216 1035 quia
237 1008 269 1027 ea:
284 1009 339 1027 meo
356 1001 463 1035 accipit.
482 1000 510 1027 Si
528 1001 600 1028 enim
619 999 737 1035 Spiritus
752 1008 767 1027 a
784 999 853 1026 Filio
868 999 940 1026 arci-

153 1046 200 1079 pit,
221 1045 309 1072 Patris
324 1050 414 1073 autem
432 1047 522 1072 omnia
555 1050 582 1073 et
599 1045 667 1072 Filio
685 1044 842 1072 communia
860 1048 938 1076 sunt;

153 1090 326 1118 manifestum
338 1097 422 1119 estex
440 1091 492 1123 his,
506 1091 638 1118 insinuari
653 1090 763 1124 Filium,
780 1097 861 1117 unum
876 1097 942 1117 cum

153 1136 232 1164 Patre
261 1137 343 1163 Deutn
356 1144 432 1170 esse;
448 1137 579 1172 Spiritum
597 1141 686 1164 autem
699 1144 791 1163 verum
808 1137 891 1163 Deum
906 1143 940 1162 ex

154 1182 242 1210 Patris
269 1188 296 1210 et
315 1182 376 1210 Filii
400 1183 518 1211 essentia
534 1183 708 1211 denuntiari:
726 1190 786 1218 quae
803 1190 870 1210 sane
893 1189 940 1209 stt-

152 1228 229 1262 perni
247 1228 348 1263 eloquii
365 1229 405 1256 vis
421 1233 473 1257 est.

188 1273 273 1301 Porro
288 1274 400 1302 dicere:
424 1284 434 1301 t
450 1275 558 1308 Omnia,
579 1282 640 1310 quae
663 1274 744 1302 habet
767 1274 859 1306 Pater,
879 1281 940 1302 mea

153 1323 233 1348 sunt;
251 1319 310 1346 ideo
327 1319 404 1347 dixi:
421 1321 485 1354 quia
502 1328 535 1347 cx
549 1328 610 1347 meo
627 1320 706 1348 Patre
724 1319 850 1354 accipiet,
866 1329 875 1345 ι
894 1325 942 1347 aut

153 1365 221 1391 nihil
237 1365 382 1400 signiﬁcat.
398 1371 444 1393 aut
462 1365 529 1393 nihil
546 1366 578 1392 ad
597 1366 766 1400 propositum
785 1365 848 1397 sibi,
861 1365 942 1400 quip-

155 1418 190 1445 pe
212 1414 338 1446 suscepta
363 1411 396 1438 ad
423 1416 590 1438 structuram
615 1419 711 1443 causa.
738 1412 806 1438 nihil
829 1412 862 1439 de
881 1411 942 1439 Filii

154 1457 287 1491 dignitate
309 1458 459 1490 concludit,
474 1458 527 1486 nisi
551 1457 578 1484 in
602 1463 734 1493 quantutn
757 1457 859 1485 dictum
879 1462 941 1485 est:

155 1502 263 1534 Omnia,
284 1510 343 1538 qua
371 1503 448 1529 habet
474 1502 556 1530 Pater
580 1512 638 1530 mea
662 1507 734 1536 sum,
761 1503 833 1538 quod
859 1502 940 1530 etiam
957 1522 978 1552 ο

154 1549 214 1576 sine
240 1556 281 1580 eo,
300 1549 373 1583 quod
398 1550 532 1584 sequitur,
550 1550 638 1577 solum
662 1557 710 1584 per
727 1557 756 1576 5c
774 1549 863 1584 ipsum
887 1550 940 1577 dici

155 1598 272 1628 poterat.

190 1640 334 1673 Caeterum,
352 1641 375 1668 si
392 1641 454 1676 quis
471 1641 562 1669 divum
578 1641 802 1677 Chrysostomum
819 1642 940 1676 objiciat,

154 1687 181 1712 in
194 1686 311 1720 quodam
327 1694 453 1714 sermone
467 1694 518 1714 suo
533 1687 559 1714 id
575 1692 767 1721 exponentem.
783 1687 857 1721 quod
873 1687 940 1714 dici-

158 1736 229 1758 tur:
256 1731 299 1758 Ea:
324 1740 380 1759 meo
408 1733 519 1767 accipiet
539 1741 548 1760 :
573 1733 699 1761 videlicet
722 1741 755 1760 ex
769 1741 827 1761 mea
852 1742 941 1766 carne,

158 1782 239 1812 atque
261 1785 293 1804 ea:
314 1786 369 1805 utea
392 1787 509 1813 corpore,
533 1779 614 1806 veluti
637 1787 669 1806 ex
691 1779 808 1806 cisterna
826 1779 942 1814 quadam

157 1823 220 1849 inde
231 1823 371 1850 hauriens.
384 1823 526 1857 impletum
542 1823 615 1850 enim
633 1823 718 1851 fuisse
735 1823 827 1851 Iesum
844 1831 942 1852 secun-

156 1869 220 1895 dutn
235 1869 372 1896 hominem
388 1869 516 1896 omnibus
532 1869 627 1904 gratiis
640 1870 769 1904 Spiritus,
785 1870 878 1897 abillo
892 1871 942 1898 sibi

156 1915 246 1942 insitis
267 1920 293 1942 ct
309 1915 337 1942 in
351 1923 380 1943 se
395 1916 553 1947 reconditis,
566 1921 648 1951 atque
662 1915 702 1943 ita
724 1916 832 1944 caneris
852 1916 944 1943 distri-

158 1962 260 1994 buisse,
279 1967 307 1989 ut
329 1962 437 1989 interim
460 1962 560 1990 summi
583 1962 664 1996 hujus
688 1962 737 1989 viri
763 1962 848 1990 fuisse
871 1963 943 1990 hunc

156 2016 309 2036 sermonem
323 2008 520 2041 concedamus;
538 2009 615 2037 valde
634 2009 706 2036 enim
726 2014 870 2044 suspectus
890 2014 941 2042 cst,

157 2062 190 2082 eo
203 2055 275 2090 quod
298 2055 410 2089 reliquis
427 2056 598 2084 sermonibus
621 2055 694 2083 illius
712 2057 823 2083 minime
846 2057 944 2084 Similis

157 2101 207 2134 sit,
227 2108 315 2135 neque
330 2108 424 2134 sensu,
442 2109 529 2136 neque
547 2101 654 2129 dicendi
680 2102 772 2129 modo.
791 2101 853 2128 Erat
871 2103 943 2128 enim

159 2147 244 2182 magis
261 2147 398 2182 proprium
415 2147 504 2174 dicere
520 2147 652 2182 Spiritum
677 2155 709 2174 ex
726 2149 816 2182 soipso
832 2149 881 2175 ista
897 2156 942 2175 ac-

991 916 1096 936 nuere:
1113 915 1225 937 sanctus
1249 909 1357 936 illorum
1375 917 1422 936 ora
1443 911 1582 937 obstruere
1597 910 1699 942 \'0il‘l|§,
1726 911 1780 937 hoc

990 956 1015 982 in
1034 956 1093 983 loco
1111 956 1235 990 accipere
1249 956 1322 991 quod
1339 956 1448 988 dicitur,
1471 957 1618 983 secundum
1639 957 1778 983 hominem

990 1003 1110 1035 accepit;
1138 1001 1183 1028 ubi
1212 1006 1302 1028 autem
1320 1002 1452 1029 adversus
1468 1002 1528 1029 illos
1556 1002 1580 1029 ei
1604 1009 1691 1036 pugna
1721 1010 1778 1029 non

991 1051 1060 1078 erat.
1080 1047 1205 1074 traditam
1226 1048 1423 1082 expositionem
1443 1056 1504 1075 curn
1527 1048 1639 1082 reliquis
1655 1048 1778 1075 roborat.

992 1092 1088 1119 Diccus
1103 1093 1175 1119 enim
1189 1093 1214 1119 in
1225 1091 1338 1119 Joannis
1352 1091 1497 1127 Evangeliq
1511 1101 1518 1119 :
1530 1092 1571 1119 Ex
1589 1102 1644 1120 meo
1655 1094 1778 1128 accip.'et,

991 1138 1043 1165 hoc
1057 1143 1109 1170 est,
1125 1145 1157 1164 ex
1181 1146 1241 1165 mea
1262 1139 1387 1169 scientia.
1403 1139 1524 1166 ostendit
1538 1146 1566 1166 se
1580 1139 1652 1173 quod
1665 1139 1779 1171 dicitur,

989 1191 1021 1211 ex
1043 1191 1103 1210 meo
1126 1183 1252 1217 accipiet,
1269 1184 1310 1210 vel
1328 1184 1439 1218 accipit,
1455 1192 1486 1210 ex
1499 1183 1580 1216 Filio,
1598 1185 1778 1212 intellexisse.

992 1228 1050 1263 Ipse
1066 1228 1167 1263 quippe
1182 1234 1223 1256 est
1245 1229 1292 1256 Dei
1320 1230 1463 1264 sapientia,
1481 1238 1569 1264 neque
1591 1234 1632 1257 est
1647 1230 1720 1257 aliud
1734 1239 1780 1258 es-

992 1275 1078 1301 sentia
1093 1275 1165 1308 ejus,
1181 1280 1280 1310 praeter
1301 1275 1442 1303 scientiam
1460 1276 1554 1310 ipsius.
1572 1275 1657 1303 Aliter
1678 1277 1780 1312 quippe

991 1320 1160 1354 compositus
1175 1321 1237 1354 crit,
1252 1328 1314 1348 cum
1330 1321 1357 1348 in
1371 1321 1423 1349 alio
1437 1322 1566 1354 essentia,
1583 1323 1609 1349 in
1625 1323 1678 1350 alio
1693 1324 1782 1351 scicn-

993 1365 1028 1392 tia
1046 1366 1218 1400 inspiciatur.
1238 1366 1270 1393 Et
1291 1367 1409 1394 essentia
1431 1367 1539 1402 quidem
1564 1375 1657 1395 carere
1679 1369 1779 1395 intelli-

992 1412 1092 1445 gentia,
1114 1413 1225 1440 scientia
1243 1420 1306 1440 vero
1321 1413 1380 1440 sine
1393 1413 1545 1440 substantia
1567 1422 1629 1441 esse
1641 1415 1780 1441 credetur.

994 1457 1137 1485 Enimvero
1157 1459 1223 1486 dare
1253 1463 1282 1486 et
1303 1459 1427 1494 accipere
1440 1461 1512 1494 quod
1532 1460 1643 1493 dicitur,
1669 1468 1779 1487 causam

993 1505 1158 1539 causaleque
1181 1505 1289 1540 signare
1305 1506 1475 1532 monstravit.
1498 1505 1555 1532 Hoc
1568 1510 1657 1532 autent
1673 1507 1781 1541 exposi-

996 1551 1109 1584 tionem,
1122 1558 1203 1585 quaut
1219 1551 1406 1586 praediximus,
1426 1551 1545 1578 roborat.

1030 1596 1266 1628 Quemadmodum
1284 1597 1365 1631 igitur
1390 1597 1443 1629 his,
1466 1597 1511 1631 qui
1537 1604 1625 1632 majus
1649 1596 1676 1624 in
1699 1597 1781 1625 Patre

997 1642 1038 1676 pie
1051 1648 1141 1669 causae
1157 1642 1262 1678 ratione
1277 1643 1441 1677 suscipiunt,
1455 1642 1547 1670 dicere
1563 1642 1589 1669 id
1604 1650 1712 1677 quoque
1726 1651 1781 1670 non

996 1687 1047 1714 nisi
1065 1687 1137 1722 pium
1152 1692 1205 1720 est,
1218 1688 1295 1722 juxta
1317 1692 1474 1715 sanctorum
1491 1688 1596 1715 scilicet
1608 1687 1758 1715 doctrinam
1773 1697 1781 1716 :

996 1732 1032 1759 ita
1045 1737 1071 1759 et
1083 1733 1108 1760 in
1119 1732 1190 1759 Filio
1202 1732 1346 1760 dicendum
1359 1733 1506 1760 secundutn
1520 1732 1697 1759 Athanasium
1709 1733 1781 1767 quod

996 1777 1099 1805 scilicet
1115 1778 1218 1813 Spiritu
1235 1778 1270 1806 sit
1286 1778 1388 1812 major:
1407 1778 1443 1804 ita
1457 1785 1520 1812 ergo
1533 1777 1600 1804 nihil
1616 1778 1781 1812 prohibebit,

996 1824 1078 1851 etiam
1103 1824 1189 1859 ipsius
1213 1824 1400 1859 Chrysostomi
1425 1823 1550 1850 traditam
1573 1824 1781 1858 expositionem,

998 1877 1098 1903 veram,
1119 1877 1152 1896 ac
1174 1870 1355 1897 necessariam
1380 1868 1560 1896 existimare:
1579 1868 1698 1896 maxime
1721 1877 1781 1897 cum

998 1915 1078 1943 hodie
1105 1916 1178 1943 nulla
1208 1922 1258 1943 nos
1289 1915 1480 1942 haereticorum
1509 1914 1689 1942 contradictio
1722 1923 1783 1950 pcr-

998 1961 1097 1988 turbet.
1686 1986 1696 1997 .

1033 2005 1061 2033 Si
1086 2006 1168 2041 igitur
1195 1998 1283 2041 neque
1302 2006 1463 2034 doctoribus
1478 2006 1600 2042 reliquis,
1621 2004 1707 2043 neque
1730 2008 1780 2036 sibi

998 2053 1047 2087 ipsi
1063 2053 1218 2080 contrarius
1233 2057 1284 2086 est,
1301 2052 1439 2088 quomodo
1456 2053 1614 2087 praedictam
1632 2053 1781 2088 expositio-

998 2106 1058 2126 nem
1079 2099 1118 2125 illi
1136 2099 1299 2127 contrariam
1314 2098 1455 2130 dicemus;
1485 2098 1507 2125 si
1528 2105 1554 2125 et
1573 2098 1618 2125 illo
1634 2099 1713 2125 modo
1729 2099 1781 2125 alia

998 2145 1105 2172 ratione
1122 2144 1175 2171 dici
1193 2146 1293 2178 potest,
1314 2143 1388 2170 nulla
1403 2143 1554 2177 praesertim
1570 2144 1783 2172 contradictione

157 2194 258 2229 cipere,
281 2201 343 2220 cum
369 2194 428 2228 ipse
450 2194 537 2228 magis
561 2194 715 2229 hujusmodi
744 2202 886 2221 numerum
909 2194 944 2221 sit
961 2198 981 2226 ι)
997 2191 1173 2227 perurgente?
1191 2191 1288 2225 Coiligi
1313 2196 1402 2218 autetn
1419 2196 1445 2217 et
1465 2191 1516 2218 hoc
1533 2199 1566 2218 ex
1588 2193 1722 2226 praedictis
1737 2200 1783 2227 po-

158 2241 229 2271 l'ons,
247 2246 326 2272 quam
342 2237 447 2266 Domini
461 2246 561 2273 corpus
577 2239 604 2266 in
619 2244 751 2273 quantum
765 2247 882 2273 corpus:
899 2249 945 2266 ex-

158 2285 334 2319 pressiusque
350 2284 488 2311 diceretur
514 2289 542 2312 et
563 2286 664 2315 verius.
683 2285 781 2312 Filium
803 2294 816 2312 a
841 2286 943 2320 Spiritu

157 2330 290 2365 accipere,
304 2336 329 2357 ct
342 2330 407 2357 dare
419 2330 508 2361 nobis,
523 2337 583 2356 cum
600 2335 627 2357 et
639 2324 700 2364 ipse
717 2331 767 2358 ista
783 2333 827 2358 det
841 2341 847 2358 :
863 2336 944 2366 atque

157 2384 191 2403 co
219 2376 321 2410 magis,
358 2383 411 2411 quo
433 2381 459 2402 et
487 2375 545 2411 ipse
574 2376 705 2411 Spiritum
733 2377 793 2410 dat,
820 2385 872 2404 non
902 2378 945 2404 ille

158 2422 271 2450 Filium.

195 2470 286 2497 Posito
298 2475 400 2499 tamen,
415 2469 487 2496 hunc
500 2475 653 2496 sermonem
672 2476 730 2496 esse
746 2469 941 2504 Ch:ysostou:i,

157 2514 203 2540 hic
220 2514 270 2540 ista
292 2513 462 2544 docebimus.
482 2521 571 2548 neque
595 2514 785 2549 superioribus
808 2515 943 2542 corttraria

151 2553 230 2592 Ἄκην,
247 2568 335 2595 neque
355 2560 483 2586 traditam
500 2568 514 2587 a
531 2560 635 2587 sanctis
652 2560 780 2588 Patribtts
795 2561 944 2595 expositio-

158 2614 231 2638 nem,
243 2606 295 2634 hoc
314 2607 412 2641 posito,
428 2611 535 2633 nutare.
553 2605 647 2641 Neque
663 2606 714 2633 ista
729 2605 780 2633 sibi
797 2605 864 2633 adeo
879 2613 945 2632 cnn-

158 2653 252 2684 traria,
278 2658 306 2680 ut
337 2661 392 2680 uno
421 2653 520 2688 posito,
549 2652 682 2686 reliquum
709 2652 870 2679 inconstans
898 2653 945 2680 sit.

156 2698 251 2734 Neque
274 2699 359 2732 enim,
371 2699 433 2731 etsi,
450 2704 480 2727 ut
497 2698 590 2731 homo,
607 2697 690 2725 Filius
715 2697 842 2728 mittitur,
857 2697 944 2732 pluri-

193 2767 249 2803 iQ'l)
270 2769 332 2796 "me
347 2777 406 2803 qum
430 2775 464 2796 uc
482 2769 584 2802 majore
598 2772 624 2795 ct
639 2769 744 2795 minore
760 2768 804 2795 hic
819 2772 846 2795 et
861 2775 943 2802 supra

158 2803 257 2836 aut-pius
274 2805 387 2832 Calct‘as
404 2805 510 2838 repetit.
528 2805 570 2836 pic
585 2809 612 2831 et
625 2804 768 2830 commode
783 2803 942 2837 accipienda

157 2842 234 2868 aunt,
265 2845 294 2866 ut
321 2844 348 2866 ct
373 2840 416 2867 illa
435 2840 467 2867 tlc
495 2839 662 2874 ptioritatc:
691 2846 753 2866 naut
783 2838 944 2873 simpliciter

996 2243 1057 2270 test,
1074 2238 1136 2271 quia
1151 2237 1240 2271 majus
1256 2236 1324 2271 (27),
1338 2236 1410 2270 quod
1424 2235 1492 2263 Filio
1507 2238 1657 2264 secttndmu
1672 2245 1782 2265 causam

995 2284 1158 2311 Athanasius
1178 2282 1300 2312 reddidit.
1316 2282 1366 2308 hoc
1381 2288 1441 2316 mag
1453 2290 1506 2310 nus
1519 2282 1637 2310 Basilius
1656 2284 1682 2310 in
1700 2284 1783 2318 Spiri-

997 2335 1023 2357 tu
1042 2329 1141 2364 posuit,
1161 2320 1285 2355 asserens
1300 2327 1374 2354 illum
1389 2326 1458 2354 Filio
1472 2328 1621 2355 concedere
1647 2334 1672 2356 et
1690 2329 1783 2355 ordine

996 2380 1022 2403 ct
1035 2374 1174 2409 dignitate.
1184 2373 1251 2401 Nam
1270 2373 1292 2400 si
1311 2372 1430 2407 Spiritus
1443 2373 1568 2401 concedit
1581 2372 1660 2406 Filio,
1672 2379 1698 2401 et
1714 2375 1781 2401 ordi~

997 2429 1029 2447 ne
1055 2425 1082 2448 et
1095 2421 1235 2455 dignitate,
1249 2424 1353 2447 constat
1373 2419 1474 2446 Filium
1491 2420 1621 2454 majorem
1637 2427 1697 2447 esse
1713 2420 1783 2446 ordi-

999 2475 1032 2494 ne
1058 2475 1088 2494 ac
1101 2467 1242 2502 dignitate.
1257 2465 1312 2493 lloc
1325 2470 1414 2493 autent
1426 2467 1506 2492 etiam
1522 2467 1553 2492 ad
1566 2466 1781 2500 Amphilochium

998 2514 1130 2545 scribens,
1159 2511 1289 2546 indicavit
1321 2511 1416 2539 dicens
1439 2519 1447 2538 :
1474 2511 1549 2538 Sicut
1574 2519 1640 2546 ergo
1670 2512 1784 2546 Spiritus

998 2564 1118 2589 sanctus,
1133 2559 1191 2593 ejus
1221 2565 1253 2584 ex
1269 2565 1324 2592 quo
1341 2557 1475 2592 processit
1491 2557 1705 2590 magnitudinem
1720 2557 1784 2583 insi-

1000 2609 1077 2636 nuat,
1096 2604 1155 2631 Filii
1180 2604 1296 2635 scilicet,
1313 2603 1345 2630 dc
1362 2603 1421 2636 ipso
1442 2602 1514 2629 enim
1539 2603 1589 2629 sibi
1607 2611 1695 2630 sermo
1709 2608 1782 2635 erat;

1000 2653 1049 2680 etsi
1066 2653 1148 2687 igitur
1164 2659 1225 2678 cum
1245 2650 1315 2677 Filio
1331 2649 1481 2676 concedere
1508 2649 1585 2680 dixit,
1600 2657 1680 2675 unam
1696 2653 1781 2675 tarncu

1000 2698 1144 2732 utriusque
1168 2701 1296 2723 naturam
1321 2694 1475 2726 conlitelur,
1496 2694 1624 2728 quoniam
1651 2694 1737 2721 dcitas
1759 2694 1782 2720 in

998 2767 1064 2794 nihil
1081 2767 1168 2802 majus
1183 2769 1229 2793 aut
1247 2765 1336 2793 minus
1349 2770 1389 2792 cst
1405 2764 1430 2791 in
1446 2763 1486 2790 SS
1523 2761 1665 2788 Trini‘alis
1686 2765 1781 2796 Itlyslll-

999 2811 1050 2830 I'lU.
