1934 3063
96 120 126 153 Gl

667 119 867 151 ADVERSUS
885 107 1043 151 Gnaeos
1067 121 1142 151 [ιιι.
1164 120 1207 152 ιι.

1698 119 1736 150 6"!

98 184 215 213 utroque
231 185 298 205 una.
313 177 351 205 At:
369 177 451 205 veluti
465 184 527 204 cum
544 179 625 206 Pater
639 178 707 205 Filio
720 179 817 212 major,
830 186 894 205 cau-
909 181 931 209 Α
946 179 1038 209 etiam.
1050 179 1122 214 quod
1134 179 1245 211 dicitur,
1258 179 1290 206 ab
1303 186 1335 206 co
1350 185 1411 206 esse
1429 178 1537 211 habere,
1552 178 1734 206 substantiam

99 232 136 251 me
155 224 268 252 ratione
291 224 411 251 dicilur:
431 231 484 252 non
510 225 570 252 ideo
584 226 684 252 'tameu
709 224 795 252 Filius
816 225 898 252 Patre

100 271 191 297 n-inor
210 275 264 297 est.
280 270 332 302 ita,
345 275 371 298 et
387 278 449 297 cum
464 270 550 298 Filius
575 271 662 306 major
679 271 782 306 Spiritu
800 277 896 298 sancto

99 324 173 343 asset
181 322 258 348 atur,
275 324 331 344 non
347 321 436 344 tamen
452 315 522 343 Filio
538 317 627 344 minor
644 317 764 352 Spiritus
783 321 896 345 sanctus

101 362 280 396 intelligitur.
301 361 358 389 L'na
377 363 478 397 quippe
499 363 581 389 trium
605 363 725 390 essentia
745 368 797 390 est.
812 363 898 390 Porro

103 415 167 434 cum
203 408 363 443 hujnsmodi
397 409 548 436 secundum
577 409 747 444 personaletn
773 409 895 435 ordinem

102 453 247 485 dicuntur,
272 454 330 481 sola
357 461 440 481 causa
480 460 563 488 atque
587 454 690 480 causali
718 461 895 488 personarum

102 499 238 526 ιιῑεοηιιίη
255 500 388 526 redditur.
402 499 475 526 Nihil
493 499 565 526 enim
588 499 660 526 aliud
684 499 842 529 concedere.
857 498 897 526 vel

104 545 260 572 secundum
287 553 348 572 esse
367 545 517 580 signiﬁcat.
534 545 586 572 nisi
605 545 684 572 aliain
709 549 772 572 ante
786 552 815 572 se
837 552 899 572 esse

105 599 265 624 personam,
292 599 352 626 quae
381 596 443 618 ante
483 594 574 618 mente
611 590 788 625 concipiatur,
815 599 897 625 qualn

104 637 112 662 i
115 644 176 671 pse.
553 634 561 643 ⁸

139 704 242 737 Porro,
260 705 307 740 qui
321 704 357 732 ita
375 705 467 733 Basilii
487 705 588 733 dictum
608 706 756 741 accipiunt,
774 711 803 734 ut
824 707 898 741 quod

105 750 151 776 ηις
165 751 206 777 ait
221 750 354 784 Spiritum
371 758 384 777 a
402 749 472 778 Filio
487 758 549 778 esse
572 751 684 784 habere,
698 751 731 778 ab
747 752 807 786 ipso
828 752 899 784 dari,

105 796 210 822 habere
236 795 391 830 signiﬁcare
408 799 514 830 putent,
537 803 597 823 esse
620 803 668 830 pro
691 803 735 828 eo,
760 796 832 830 quod
858 800 901 824 est

106 841 180 873 dari,
202 841 391 875 accipientes:
412 846 506 868 contra
530 842 642 868 omnino
663 841 795 874 sentiunt,
820 850 902 876 qnam
917 843 940 872 Β

106 896 137 915 se
155 888 240 914 habet
254 888 374 916 doctoris
391 888 515 914 intentio.
533 887 579 914 ille
593 888 666 915 enim
679 887 902 915 consubstantia-

106 933 160 959 lem
184 933 260 960 Patri
279 932 376 960 Filium
395 940 455 960 cum
478 932 655 964 ostendisset,
669 933 750 960 etiam
769 933 901 968 Spiritum

107 984 239 1006 sanctum
268 978 529 1006 cansuhstantialem
558 977 638 1010 Filio,
666 985 698 1005 ac
730 986 778 1013 per
802 978 902 1013 ipsum,

109 1024 186 1051 Patri
216 1024 383 1051 concludere
408 1024 535 1052 intendit.
556 1024 691 1051 Ca'terum
707 1024 764 1052 dati
787 1032 801 1051 a
822 1024 902 1058 Filio,

109 1071 282 1098 contrarium
297 1071 444 1102 concludit,
460 1070 511 1097 ιιὶτὶ
526 1071 600 1106 quod
615 1071 694 1098 datur
709 1079 755 1105 per
767 1079 840 1103 eum,
857 1079 903 1106 per

108 1124 193 1151 quem
209 1116 291 1143 datur
305 1115 478 1149 naturaliter,
501 1120 526 1144 et
548 1116 731 1144 essentialiter
757 1117 904 1150 procedere

111 1166 350 1196 prtesupponatur.
368 1162 476 1196 quando
489 1162 570 1188 etiam
587 1162 657 1195 dari,
675 1163 701 1189 in
721 1162 821 1190 divinis
833 1162 903 1190 idem

110 1212 164 1239 est,
191 1207 264 1242 quod
295 1207 454 1241 procedere.
486 1208 621 1241 Quoniam
646 1209 728 1243 igitur
755 1210 904 1238 Eunornius

110 1254 281 1281 creationem
296 1253 358 1281 Filii
373 1253 504 1288 Spiritum
515 1259 641 1282 sanctum
657 1263 718 1283 esse
733 1256 905 1292 blasphema-

113 1300 170 1331 hat,
188 1299 246 1326 dari
271 1304 362 1326 autem
388 1299 476 1326 solum
500 1300 572 1334 quod
597 1301 707 1333 dicitur,
726 1302 759 1328 ad
782 1302 851 1329 hanc
868 1302 904 1329 illi

112 1345 314 1379 blasphemiam
340 1346 548 1380 opitulabatur:
575 1351 688 1374 sanctus
712 1347 831 1382 profecto
853 1349 904 1382 vir,

113 1396 196 1426 atque
218 1392 405 1424 doctissimus,
423 1399 564 1426 nunquam
584 1393 652 1420 adeo
675 1393 792 1421 itnbccill
805 1398 855 1424 ter,
875 1402 907 1421 ac

114 1445 164 1472 pro
181 1431 300 1465 inimicis
315 1439 396 1465 etiam
409 1438 527 1473 egisset;
545 1438 601 1465 into
616 1439 638 1466 si
654 1439 767 1466 omnino
781 1441 905 1474 putavis-

114 1489 166 1516 set,
190 1484 348 1518 hujusmodi
372 1484 572 1518 expositionem
595 1491 627 1523 cit
650 1481 740 1512 verbis
763 1486 821 1512 suis
845 1485 903 1520 capi

113 1537 206 1563 posse,
223 1530 266 1556 vel
288 1530 313 1556 id
335 1538 476 1564 utinquam
502 1530 610 1564 penitus
625 1530 747 1562 dixisset,
772 1535 818 1558 aut
841 1539 901 1557 cum

114 1574 270 1609 adiectione
285 1582 317 1601 ac
334 1573 524 1609 pra‘ﬁnitione,
538 1574 616 1608 juxta
633 1574 773 1601 doctorum
793 1583 905 1602 consue-

115 1621 239 1647 tudinem
256 1620 386 1653 dixisset;
406 1625 487 1655 atque
501 1620 624 1652 omnino,
641 1624 671 1647 ιιι
688 1619 739 1647 fuit
754 1621 905 1656 diligentis-

116 1667 215 1698 simus,
239 1666 266 1693 in
290 1666 341 1694 hac
365 1667 438 1693 rein
467 1666 564 1701 primis
590 1666 735 1693 maximam
760 1667 906 1702 diligentia:

116 1720 212 1739 curam
228 1712 379 1745 habuisset,
393 1719 427 1740 nc
442 1717 535 1740 contra
549 1719 630 1747 quam
645 1713 843 1747 proposuisset,
853 1712 909 1741 clli-

117 1763 202 1785 εει-ει.

919 1518 940 1547 C

154 1827 192 1853 Ex
214 1833 271 1861 quo
298 1826 362 1853 item
388 1831 506 1859 constat,
523 1827 626 1854 idcirco
648 1827 703 1855 dici
718 1834 732 1854 a
756 1826 824 1855 Filio
850 1827 908 1855 dari

120 1871 255 1906 Spiritum
280 1876 417 1904 sanciunt,
444 1873 574 1906 quoniam
595 1873 628 1899 ab
645 1872 706 1907 ipso
731 1879 791 1901 esse
816 1872 906 1900 habet.

121 1918 195 1944 Alias
220 1918 292 1945 enim
315 1918 434 1945 ministri
459 1919 621 1954 fungeretur
638 1919 736 1952 cilicio,
755 1920 827 1954 quod
846 1914 905 1949 ,ιιὸιι

124 1970 169 1998 per
186 1963 275 1997 ipsum
292 1964 453 1991 naturaliter
469 1965 640 2000 procederet.
658 1964 907 2000 prrcbeits.,Liquet

952 224 1067 259 Spiritus
1081 232 1128 259 per
1142 224 1237 251 Filium
1253 224 1416 259 signiﬁcare.

986 272 1128 302 Prteterea,
1146 279 1260 306 magnus
1273 271 1328 305 ipse
1345 270 1472 302 Basilius,
1491 270 1516 297 in
1535 270 1582 298 lib.
1602 278 1626 296 IV
1653 270 1735 302 Qua--

949 319 1074 350 s'iomtm,
1094 318 1132 344 ait
1148 325 1155 344 :
1177 327 1186 342 ι
1207 316 1299 351 Neque
1314 316 1386 342 enini
1403 316 1494 343 minus
1507 316 1609 350 aliquid
1623 322 1734 341 eramus

952 365 1070 391 habituri
1096 364 1128 391 ad
1154 364 1366 398 agnoscendum,
1388 362 1461 396 quod
1480 361 1598 396 Spiritus
1619 369 1652 388 ex
1680 360 1734 386 Di-n

951 411 1000 442 sit,
1017 410 1148 444 Spiritum
1162 408 1217 436 oris
1231 408 1290 442 ejus
1304 409 1391 442 ipsttm
1409 414 1468 434 esse
1483 407 1639 438 audientes;
1658 416 1666 431 ι
1687 405 1733 432 sed

952 457 1003 483 hoc
1019 456 1140 483 sulliccre
1167 458 1272 489 poterat
1291 461 1338 488 per
1356 462 1385 482 se
1401 453 1433 480 ad
1459 453 1646 483 indicandum.
1672 452 1736 478 sub-

951 503 1079 530 stantiam
1097 501 1156 536 ejus
1186 509 1218 528 ex
1236 500 1291 528 Deo
1306 508 1376 528 esse.
1397 499 1424 527 Si
1447 500 1528 531 igitur
1554 498 1685 533 Spiritum
1702 505 1734 525 ex

953 550 1007 577 Deo
1021 557 1090 581 esse,
1107 550 1176 575 idem
1201 553 1252 580 est,
1267 550 1340 583 quod
1364 547 1496 583 Spiritum
1514 548 1570 573 oris
1587 547 1646 580 ejus
1665 546 1736 577 dici;

952 603 983 622 os
1003 599 1093 622 autem
1118 594 1206 621 Patris
1233 594 1318 621 Filius
1337 601 1351 620 a
1369 594 1507 629 magistris
1526 593 1654 621 Ecclesia:
1669 592 1737 618 dici-

953 648 1014 672 tur:
1031 641 1102 668 idem
1126 648 1192 675 ergo
1206 646 1258 672 est,
1276 639 1407 674 Spiritum
1428 648 1459 666 ex
1477 639 1530 666 Deo
1547 646 1617 671 esse,
1635 638 1736 668 dicere,

952 694 980 716 et
994 689 1081 723 ipsum
1095 686 1156 714 Filii
1174 686 1303 721 Spiritum
1321 686 1420 713 dicere.
1440 686 1471 711 At
1485 684 1550 711 illud
1574 684 1660 711 sancti
1677 683 1738 717 Spi-

954 735 1022 761 titus
1037 741 1070 760 ex
1085 733 1138 760 Deo
1156 732 1337 760 substantiam
1355 731 1500 767 signiﬁcat.
1514 730 1608 764 Itaque
1621 735 1647 756 ct
1662 729 1736 764 quod

954 779 1014 806 F.lii
1032 778 1148 813 Spiritus
1163 779 1274 810 dicitur,
1295 777 1419 804 eamdem
1439 777 1530 803 itidem
1555 775 1738 803 substantiam

956 825 1073 859 Spiritus
1090 829 1116 851 et
1132 832 1178 858 per
1193 823 1291 851 Filium
1316 829 1342 850 et
1355 831 1370 850 a
1386 822 1453 850 Filio
1466 824 1598 856 designat.
1609 821 1674 849 Solii
1692 829 1739 848 ert:

954 870 1045 904 itaque
1057 871 1095 897 ait
1109 875 1135 897 et
1155 871 1206 898 hoc
1218 870 1252 896 ad
1271 869 1462 896 insinuandam
1480 868 1660 896 substantiam
1675 867 1738 901 Spi-

954 917 1033 943 ritus.
1050 915 1127 943 Unde
1140 921 1246 943 constat
1261 916 1352 947 etiam,
1365 916 1427 950 quia
1443 924 1495 942 non
1508 915 1575 941 alias
1591 914 1651 941 Filii
1668 914 1742 939 dit-c-

955 967 1028 989 retur
1041 962 1170 996 Spiritus,
1189 961 1241 988 nisi
1266 969 1313 996 per
1327 962 1428 996 ipsunt,
1443 965 1468 988 el
1484 969 1516 988 ex
1539 960 1597 995 ipso
1613 960 1741 987 substan-

955 1008 1018 1035 tiam
1034 1008 1155 1034 haberet.

990 1053 1125 1085 Quoniam
1147 1052 1230 1087 igitur
1253 1052 1278 1079 in
1308 1051 1374 1082 Deo,
1392 1056 1419 1078 et
1445 1051 1570 1082 materia,
1588 1054 1616 1078 et
1641 1054 1739 1077 cuncta

954 1105 1014 1132 quae
1033 1102 1097 1124 sunt
1113 1105 1146 1124 ex
1161 1097 1285 1130 materia,
1310 1098 1417 1132 penitus
1443 1098 1531 1124 locum
1549 1104 1601 1123 non
1620 1097 1736 1125 habent.

954 1149 981 1171 et
1006 1151 1094 1178 neque
1115 1143 1264 1170 sccumlum
1283 1143 1471 1170 excellentiam
1490 1148 1571 1177 atque
1586 1142 1720 1169 delectum
1732 1161 1740 1173 ,

956 1195 1043 1223 neque
1068 1193 1097 1215 ut
1125 1189 1271 1223 possessio,
1287 1189 1344 1216 sire
1365 1189 1477 1220 factura,
1504 1188 1562 1215 sive
1587 1195 1662 1222 pars,
1684 1187 1741 1213 sive

955 1234 1128 1263 membrum.
1148 1241 1234 1268 neque
1256 1234 1461 1268 quomodolibct
1485 1233 1562 1260 aliter
1577 1237 1665 1267 potest
1690 1232 1741 1258 hoc

956 1278 1049 1314 hujus,
1072 1284 1118 1305 aut
1146 1278 1228 1313 hujus
1249 1278 1314 1310 dici,
1334 1278 1484 1305 secundum
1511 1277 1665 1312 lmjusmodi
1681 1283 1742 1311 pro-

957 1326 1237 1360 prietatem;constat
1259 1323 1390 1358 profecto,
1406 1324 1469 1358 qu'a
1493 1330 1554 1350 cum
1579 1323 1631 1350 hoc
1649 1322 1741 1356 hujus,

956 1376 1003 1397 aut
1019 1370 1099 1403 hujus
1127 1378 1141 1396 a
1169 1369 1301 1403 theologis
1321 1369 1431 1401 dicitur,
1464 1376 1543 1396 «ausa
1567 1368 1742 1400 insinuatur;

957 1416 1037 1443 aliter
1052 1415 1124 1442 enim
1141 1423 1202 1442 esse
1216 1415 1345 1450 possibile
1361 1423 1413 1442 non
1427 1420 1478 1442 cst.

994 1462 1031 1489 Ex
1047 1470 1102 1496 quo
1117 1467 1142 1488 et
1156 1461 1219 1488 illud
1237 1469 1288 1488 una
1314 1461 1480 1494 insinuatur,
1499 1460 1630 1495 Spiritum
1647 1460 1678 1485 ad
1701 1459 1744 1486 F2—

956 1509 1023 1535 littnt
1041 1509 1155 1536 relative
1176 1509 1239 1540 diei,
1255 1508 1276 1535 si
1293 1509 1349 1535 lucc
1373 1507 1406 1534 ad
1435 1507 1550 1534 invicem
1577 1506 1742 1536 dlSCCl'lll‘tt‘,

957 1554 1108 1582 Secundum
1124 1562 1213 1581 causa:
1240 1554 1414 1588 causalisque
1430 1553 1588 1580 relationem
1606 1551 1720 1577 velimus
1735 1560 1741 1578 :

958 1599 1093 1634 siquidem
1116 1600 1193 1634 juxta
1221 1599 1380 1633 Gregorium
1407 1599 1582 1633 Nyssenum:
1611 1608 1619 1624 ι
1645 1598 1672 1624 iu
1693 1599 1744 1624 hoe

959 1645 1059 1676 solum,
1074 1644 1188 1671 alterum
1211 1644 1245 1671 ab
1270 1644 1355 1671 altero
1370 1644 1500 1677 distingui
1518 1643 1744 1677 deprelu-udimus

958 1690 1030 1724 quod
1053 1690 1097 1717 ille
1119 1698 1213 1720 causa.
1231 1690 1280 1717 iste
1301 1697 1333 1717 cx
1351 1697 1432 1717 causa
1454 1690 1497 1717 sit.
1516 1699 1525 1715 ι
1544 1689 1622 1722 Quod
1651 1696 1746 1716 rursus

957 1736 994 1763 ita
1010 1736 1112 1768 divisit,
1132 1741 1161 1763 ut
1184 1737 1266 1763 alium
1293 1736 1395 1763 diceret
1423 1744 1483 1762 es>e
1511 1735 1687 1762 continenter
1713 1743 1744 1761 ex

958 1781 1061 1816 primo;
1078 1781 1162 1807 alium
1190 1789 1237 1816 per
1260 1789 1334 1813 eum,
1359 1781 1404 1815 qui
1429 1782 1600 1808 continenter
1623 1785 1694 1807 essul.
1711 1788 1746 1807 ex

959 1826 1057 1861 primo,
1081 1834 1203 1854 manare.
1221 1827 1273 1854 Sed
1300 1827 1356 1862 jam
1384 1827 1446 1854 libri
1476 1827 1556 1861 hujus
1581 1826 1745 1853 conti-:enda

959 1872 1105 1906 longitudo
1120 1878 1171 1904 est.
1191 1879 1217 1900 ιιι
1233 1873 1266 1900 ad
1280 1881 1311 1900 ea
1329 1881 1389 1905 qum
1403 1878 1516 1903 restant,
1536 1873 1644 1900 lectoris
1660 1873 1746 1899 intru—

960 1919 998 1945 tio
1023 1918 1131 1945 interim
1146 1927 1160 1945 a
1177 1920 1271 1946 labore
1294 1924 1431 1953 reparata,
1446 1919 1563 1945 alacrior
1587 1923 1669 1952 atque
1686 1918 1747 1951 tigi-

960 1964 1061 1991 lantior
1072 1969 1207 2000 assurgat.

134 2065 1242 2080 w¥ﬁ~T—m'——~—~
1253 2071 1475 2077 Wm‘
1505 2069 1726 2080 ‘—‘—'“‘“_?9

1395 2078 1724 2087 ___._._..._._._-.-.

650 2166 828 2211 LIBER
891 2168 1218 2214 SECUNDUS.

389 2265 476 2304 Iesu,
495 2266 586 2298 nobis
603 2267 693 2307 praei,
712 2271 739 2298 ct
754 2267 820 2299 dum:
840 2272 915 2299 esto.
935 2270 977 2300 Te
1002 2269 1082 2300 enim
1109 2269 1197 2307 duce,
1212 2279 1276 2300 non
1292 2270 1477 2301 errabimus.

161 2411 189 2439 lu
204 2414 289 2442 sacris
307 2415 414 2445 Litteris
438 2418 557 2452 Spiritus
579 2425 691 2449 sanctus
711 2421 756 2449 Dei
776 2423 902 2457 spiracu-
921 2425 955 2453 D.

130 2456 182 2483 lum
196 2459 293 2487 dicitur
310 2469 316 2488 :
337 2462 518 2496 Spiraculum,
544 2467 628 2498 cnim,
647 2456 844 2501 omnipotentis,
870 2469 910 2496 ait

131 2501 223 2531 beatus
236 2503 297 2538 Job,
310 2508 397 2535 edocet
410 2517 450 2536 me
459 2511 478 2537 '.
491 2510 511 2537 Δ
525 2511 656 2545 spirando
666 2513 737 2539 enim
753 2518 908 2548 utrumque,

131 2552 158 2572 ct
179 2550 282 2581 spiritus
310 2554 424 2586 scilicet,
453 2560 481 2583 et
509 2557 674 2589 spiraculum
702 2558 907 2587 denominatur.

132 2590 195 2620 Nam
219 2600 245 2622 ct
262 2604 374 2632 magnus
386 2600 563 2632 Athanasius,
584 2602 611 2628 iu
629 2602 699 2628 libro
716 2603 762 2636 qui
778 2603 907 2631 inscribi-

134 2642 196 2666 tur:
222 2639 390 2675 [lepra/tentia
413 2646 595 2674 simulationis
623 2646 722 2675 lle/etii
749 2655 772 2676 et
802 2649 908 2677 Eusebii

135 2682 220 2711 dixit:
239 2695 248 2712 I
269 2687 325 2715 Non
353 2691 489 2719 natiritati
516 2693 604 2720 sancti
625 2692 744 2728 Spiritus
767 2696 906 2729 processio

137 2729 307 2765 assimilatur,
329 2736 374 2762 sed
387 2737 522 2771 spiraeulo
533 2759 540 2771 ,
558 2740 630 2774 quod
648 2740 813 2775 spi-aculum
828 2742 907 2776 quasi

193 2823 202 2837 ‘
222 2822 269 2849 Job
283 2832 378 2858 sunt,
399 2827 421 2854 ί.

958 2431 991 2450 ex
1007 2431 1055 2451 ore
1070 2425 1193 2458 prodeat.
1212 2434 1221 2450 ι
1239 2424 1369 2458 Idemque
1387 2424 1414 2451 in
1435 2424 1503 2451 libro
1517 2425 1550 2451 ad
1566 2424 1741 2459 Serapionem

963 2469 1003 2496 De
1019 2469 1122 2502 Spiritu
1134 2476 1248 2497 sancio:
1269 2479 1278 2496 ‹
1299 2469 1417 2504 Spiritus
1429 2470 1490 2502 iste,
1508 2471 1606 2505 inquit,
1622 2472 1746 2504 spiracu-

961 2513 1017 2542 lum
1032 2514 1093 2542 Filii
1111 2520 1163 2543 est.
1181 2524 1190 2540 ›
1210 2515 1238 2542 Si
1255 2516 1337 2550 igitur
1352 2515 1470 2550 Spiritus
1487 2515 1598 2550 quidem
1618 2515 1743 2548 FiliicSI,

938 2572 940 2575 ν
961 2566 987 2589 ct
1004 2562 1103 2589 dicitur
1115 2561 1232 2596 Spiritus
1244 2582 1251 2593 ,
1279 2561 1447 2596 spiraculum
1464 2567 1567 2594 autem,
1582 2566 1610 2589 et
1626 2561 1745 2597 Spiritus

962 2608 1033 2634 idem
1050 2611 1103 2640 est;
1122 2607 1292 2641 spiraculum
1320 2614 1383 2634 vere
1401 2607 1532 2642 spirantis
1547 2612 1604 2640 est;
1629 2608 1745 2634 manife-

961 2657 1032 2679 stum
1057 2657 1109 2684 est,
1124 2651 1254 2686 Spiritum
1271 2656 1395 2678 sanctqu
1422 2653 1454 2678 arl
1471 2651 1583 2684 Filium,
1608 2653 1687 2687 quasi
1706 2653 1741 2679 ad

961 2696 1137 2730 inspirantem
1157 2695 1263 2722 referri.
1278 2694 1344 2721 Nam
1357 2695 1380 2721 si
1398 2695 1565 2729 spiraculum
1577 2696 1664 2730 ipsius
1677 2699 1720 2722 est
1732 2714 1741 2727 ,

962 2745 1080 2774 constat,
1099 2740 1162 2775 quia
1180 2740 1214 2767 ab
1232 2748 1264 2768 eo
1283 2740 1445 2776 inspiratur,
1464 2741 1577 2776 ipseque
1603 2741 1743 2776 inspirans
