1934 3063
170 114 206 144 63
799 109 997 140 MANUELIS
1013 110 1169 141 CALECIE
1757 113 1794 144 ιιι

172 174 225 195 est.
246 167 419 203 Spiraculum
445 165 556 205 quippe,
579 169 609 193 ut
630 165 766 201 diximus,
787 172 802 192 a
828 165 1069 200 spirandersse
1097 166 1200 193 audiet.
1230 167 1290 200 Ipsa
1319 166 1401 202 igitur
1429 174 1545 200 persona
1576 166 1706 201 Spiritus,
1735 169 1794 196 sive

174 214 379 242 denominatum
394 218 447 241 est.

210 259 342 293 Quoniam
358 266 421 285 vero
446 258 612 293 spiraculum
638 258 683 285 Dei
713 257 814 285 dicitur
839 256 959 291 Spiritus

175 310 298 336 sanctus,
325 311 396 332 unus
420 309 509 331 autem
537 304 607 331 Deus
631 308 673 331 est
696 302 776 330 Pater
807 307 834 330 et
851 302 957 336 Filius;

176 351 275 386 quippe
290 350 353 377 dum
370 357 423 377 una
435 350 554 376 essentia
572 349 619 382 sit,
632 355 738 376 servata
756 348 844 377 solum
862 356 959 384 perso-

177 396 231 423 nali
246 395 410 426 diﬂ'ereutia,
427 402 480 429 qua
496 394 567 422 alius
584 394 681 430 gignit,
700 399 726 421 et
742 394 813 421 alius
827 394 959 429 gignitur,

177 446 306 476 totusque
321 448 354 469 ex
366 444 422 468 toto
437 440 557 474 Spiritus
574 445 686 467 sanctus
701 439 835 467 asseritur
849 448 856 467 :
870 447 961 475 neque

177 487 250 514 aliud
276 491 319 514 est
343 489 418 514 totus
439 485 531 518 Pater.
551 485 625 513 aliud
650 490 725 514 totus
747 485 845 518 Filius,
873 493 962 522 neque

176 533 329 564 dissonum,
352 535 459 559 constat
477 531 540 566 quia
564 533 643 559 Pater
675 536 703 559 et
725 531 812 559 Filius
827 539 898 559 unus
920 536 963 560 cst

177 579 285 613 spirans
300 582 425 605 sanctum
438 577 584 612 Spiritum,
600 582 718 612 quorum
735 578 781 605 ille
792 578 960 612 spiraculum

177 629 230 652 est.
249 622 326 651 Unde
338 628 365 651 et
380 624 530 659 productor
551 630 601 658 per
618 619 736 651 Verbum
754 623 846 651 dictus
862 629 916 651 est.

214 669 332 696 Sanctus
355 675 465 704 quoque
488 668 658 703 Epiphanius
683 668 710 696 in
736 676 769 696 eo
785 669 864 701 libro,
881 676 962 703 quem

179 713 318 748 inscripsit
335 713 483 739 Anc/teram
500 711 695 748 [Ancoratum],
723 713 762 740 sic
786 713 824 740 ait
841 721 848 739 :
862 721 871 738 ι
885 713 964 740 Pater

179 763 239 786 erat
261 766 378 794 semper,
405 762 431 786 et
457 757 543 785 Filius
571 762 631 785 erat
655 766 775 793 semper,
794 763 821 786 et
846 758 964 792 Spiritus

180 809 293 831 sanctus
320 807 426 838 semper
442 810 474 830 ex
493 802 572 830 Patre
590 803 675 838 spirat
700 807 726 830 et
739 802 820 831 Filio.
835 813 844 829 ι
863 804 963 831 Verum

180 850 331 884 enimvero,
347 855 377 878 ut
395 857 518 886 germen,
531 854 559 877 ct
573 849 658 878 Filius
675 850 746 878 idem
762 855 815 883 est,
830 856 857 878 et
874 850 961 886 Spiri-

182 903 236 930 tus,
252 901 280 924 et
303 896 376 932 quod
397 897 525 931 spiratur.
550 897 633 932 Atqui
657 896 804 931 productor
822 904 870 931 per
886 904 916 924 se
930 897 964 926 ad

181 944 346 978 productum
363 943 482 974 dicitur;
499 950 565 978 ergo
587 946 615 970 ct
631 942 665 969 ad
690 941 823 977 Spiritum
845 942 963 969 dicetur.

182 991 286 1024 Itaque,
310 989 391 1024 cuius
408 993 450 1016 est
465 988 585 1023 Spiritus
601 992 628 1016 et
654 988 690 1016 ab
706 995 739 1016 eo
760 988 923 1023 inspiratur,
939 993 965 1016 et

181 1035 214 1062 ad
230 1035 306 1062 illam
328 1034 445 1062 relative
459 1034 570 1062 dicitur.
587 1034 627 1061 Ex
644 1034 744 1069 quibus
762 1034 826 1061 item
844 1038 965 1067 constat,

183 1080 313 1116 quoniam
343 1078 463 1115 Spiritus
488 1079 601 1107 relative
628 1078 687 1107 Filii
718 1079 838 1115 Spiritus
854 1079 968 1107 dicitur.

181 1127 316 1160 Quocirca
334 1131 360 1154 et
373 1127 426 1154 hoc
441 1127 474 1154 ad
492 1126 684 1154 insinuandam
702 1126 761 1161 ejus
782 1125 964 1154 substantiam

182 1174 317 1207 sullicere,
340 1180 455 1208 magnus
482 1172 571 1207 inquit
597 1171 725 1200 Basilius.
747 1171 805 1199 Nisi
827 1171 901 1198 enim
929 1171 965 1198 ita

183 1225 266 1252 esset,
279 1227 339 1247 cum
355 1219 489 1254 Spiritum
504 1218 633 1251 dicimus,
647 1218 674 1245 in
694 1226 776 1245 unam
793 1222 894 1245 sanctae
906 1216 968 1245 Tri-

184 1266 279 1293 nitatis
296 1273 442 1300 personam
467 1264 598 1299 cogitatio
611 1271 667 1291 non
690 1269 855 1297 recurreret,
872 1264 917 1292 sed
938 1264 965 1291 in

184 1319 269 1338 tlnllm
286 1311 380 1338 Deum.
399 1310 432 1338 Et
448 1310 520 1338 Deus
532 1310 605 1338 enim
625 1310 750 1337 absolute
764 1309 883 1345 Spiritus
898 1310 966 1338 dici-

184 1364 237 1391 tur,
254 1361 335 1392 atque
355 1358 391 1385 ita
415 1364 502 1392 neque
524 1357 646 1384 Trinitas
673 1360 746 1384 esset
780 1356 861 1390 Deus,
879 1364 967 1392 neque

184 1412 234 1432 nos
250 1404 369 1439 propriis
392 1411 452 1431 eam
476 1402 632 1430 nominibus
653 1402 858 1434 conﬁteremur,
879 1410 966 1437 neque

185 1451 212 1478 in
228 1450 420 1484 cogitationem
440 1449 522 1477 trium
536 1455 717 1484 personarum
733 1447 942 1476 adduecremur.

167 1540 169 1543 ἡ
220 1507 372 1534 Attestatur
387 1510 478 1533 autem
504 1505 546 1532 his
564 1509 591 1532 et
608 1509 720 1532 sanctus
736 1505 916 1539 'Augustinns
939 1504 965 1530 in

186 1552 254 1580 libro
267 1560 282 1579 v
298 1552 336 1579 De
360 1551 506 1584 Trinitate,
533 1550 572 1578 ita
600 1550 695 1578 dicens
712 1558 719 1577 :
741 1560 749 1577 ι
768 1550 885 1584 Spiritus
902 1555 966 1576 vero

185 1601 298 1625 sanctus
308 1596 457 1625 secundum
471 1595 509 1628 id,
525 1594 599 1630 quod
612 1594 745 1629 scriptum
759 1599 818 1626 est,
835 1593 966 1629 quoniam

188 1642 258 1670 Deus
270 1641 388 1677 Spiritus
403 1646 455 1671 est.
468 1645 557 1675 potest
573 1639 683 1675 quidem
701 1639 891 1667 uuiversalitcr
904 1639 968 1670 dici,

187 1688 250 1721 quia
282 1692 308 1715 et
326 1687 406 1714 Pater
420 1686 551 1721 Spiritus,
577 1690 604 1712 et
622 1685 706 1713 Filius
727 1685 857 1720 Spiritus.
875 1683 969 1719 Itaque

187 1738 213 1760 ιιι
241 1733 320 1760 Pater
341 1736 466 1764 sanctus,
493 1735 519 1759 et
545 1730 633 1758 Filius
655 1736 778 1762 sanctus,
803 1734 830 1757 et
852 1730 970 1765 Spiritus

188 1783 310 1810 sanctus,
337 1778 469 1812 quoniam
496 1784 569 1804 unus
598 1775 698 1804 Deus:
727 1780 754 1804 et
777 1776 870 1812 utique
897 1775 969 1803 Deus

188 1829 301 1853 sanctus
316 1828 367 1856 est,
384 1828 412 1851 et
434 1823 504 1850 Deus
523 1822 644 1857 Spiritus
659 1825 711 1856 est,
734 1826 760 1848 et
778 1825 867 1856 potest
882 1821 972 1856 appel-

188 1871 238 1897 lari
255 1870 386 1903 Trinitas,
410 1874 435 1897 et
453 1869 572 1904 Spiritus
591 1871 715 1897 sanctus.
742 1867 794 1894 Sed
813 1871 904 1895 tamen
927 1867 971 1895 ille

190 1916 308 1951 Spiritus
321 1920 432 1944 sanctus
448 1915 494 1950 qui
515 1922 568 1943 non
586 1913 718 1946 Trinitas,
732 1914 778 1941 sed
797 1913 824 1941 in
838 1913 971 1941 Trinitate

190 1964 359 1998 intelligitur.
387 1962 413 1989 in
441 1969 485 1994 eo,
511 1962 583 1996 quod
602 1961 712 1996 proprie
736 1960 835 1988 dicitur
853 1959 971 1995 Spiritus

189 2013 311 2040 sanctus,
338 2007 451 2035 relative
477 2006 587 2039 dicitur,
619 2014 681 2034 cum
705 2005 739 2033 ad
763 2005 870 2033 Patrem
896 2009 923 2032 et
937 2005 970 2032 ad

188 2055 287 2082 Filium
311 2054 443 2086 refertur;
470 2053 534 2088 quia
559 2051 679 2087 Spiritus
704 2055 826 2085 sanctus,
843 2056 870 2078 et
884 2050 971 2078 Patris

189 2106 216 2128 et
227 2100 289 2139 Filii
306 2100 424 2135 Spiritus
437 2104 491 2127 est.
510 2108 519 2125 ι

1008 211 1184 245 producturo,
1214 211 1272 239 sive
1301 212 1426 247 spiritus,
1456 213 1514 239 sive
1541 213 1703 247 procedens,
1734 213 1794 241 sive

1008 257 1113 290 aliquid
1142 256 1216 284 aliud
1250 257 1368 290 dicatur,
1394 257 1539 285 Trinitatis
1567 258 1648 284 tertia
1675 266 1794 291 persona

1009 302 1095 330 Patris
1108 307 1131 329 et
1148 302 1209 329 Filii
1223 310 1282 330 esse
1293 303 1405 334 dicitur,
1424 307 1451 331 et
1465 303 1498 331 ad
1514 303 1621 331 Patrem
1651 309 1676 331 et
1691 303 1792 331 Filium

1010 347 1134 374 refertur.
1161 347 1190 374 In
1217 347 1317 374 divinis
1344 352 1436 374 autem
1465 349 1607 382 personis,
1637 349 1708 383 quod
1734 357 1796 377 esse

1010 393 1126 428 alicujus
1140 393 1251 425 dicitur,
1266 399 1310 420 aut
1326 401 1359 420 ex
1377 393 1423 420 illo
1438 398 1490 426 est.
1504 399 1552 422 aut
1569 385 1651 422 causa
1665 399 1708 422 est
1722 395 1796 430 ejus,

1010 438 1090 473 cujus
1104 446 1165 467 esse
1187 438 1298 466 dicitur.
1317 437 1394 466 Nulla
1412 439 1486 466 enim
1503 439 1554 466 alia
1571 439 1626 469 illic
1640 440 1795 468 diﬂ'erenlia

1010 489 1063 515 est.
1092 488 1191 518 praeter
1225 483 1385 510 relationem
1415 491 1476 518 quae
1508 485 1658 512 secundum
1683 493 1795 513 causam

1011 528 1120 556 causale
1153 533 1205 556 est.
1245 528 1333 555 Aliter
1371 528 1445 557 enim
1481 536 1533 557 non
1569 533 1642 557 esset
1675 530 1798 557 Trinitas

1012 575 1096 602 Deus.

1047 632 1124 665 Quod
1147 636 1237 659 autem
1259 640 1275 658 a
1297 624 1460 666 quibusdam
1485 632 1614 662 infertur.
1630 637 1659 659 ut
1681 633 1798 660 dicant:

1016 687 1026 703 ι
1045 677 1113 710 Quia
1139 681 1166 704 et
1188 678 1272 712 jauna
1301 678 1401 705 domus
1426 679 1537 709 dicitur,
1562 684 1589 706 et
1616 678 1697 712 Dens,
1726 678 1799 706 Dens

1014 729 1118 757 noster,
1135 724 1181 751 sed
1205 731 1292 758 neque
1305 724 1390 759 janua
1403 732 1434 751 ex
1451 725 1545 758 domo,
1563 733 1652 760 neque
1671 734 1702 752 ex
1718 725 1799 752 nobis

1013 770 1096 802 Deus,
1111 770 1218 804 penitus
1232 769 1381 797 absurdum
1402 776 1428 797 et
1443 770 1547 798 fcedum
1572 776 1624 798 est.
1645 781 1653 796 ι
1676 771 1798 797 Primum

1014 816 1086 844 enim
1110 816 1137 843 in
1158 816 1260 844 divinis
1285 817 1409 850 personis
1431 817 1518 844 solum
1548 817 1667 852 dignitas
1692 816 1795 844 servari

1017 862 1129 894 dicitur,
1150 866 1190 894 ut,
1213 861 1286 896 quod
1307 861 1422 896 alicuius
1442 861 1553 895 dicitur,
1576 866 1623 888 aut
1640 869 1672 889 ex
1690 861 1736 888 illo
1751 861 1798 893 sit,

1018 912 1064 935 aut
1084 915 1166 934 causa
1190 907 1249 941 ejus
1273 914 1347 939 esse,
1370 907 1449 941 cujus
1470 907 1580 939 dicitur,
1608 907 1798 942 intelligatur:

1017 953 1240 988 quandoquidem
1258 952 1403 980 illic‘nulla
1420 956 1460 980 est
1474 954 1526 980 alia
1537 952 1698 991 differentia.
1708 952 1801 987 Neque

1016 999 1088 1026 enim
1105 1003 1135 1026 ut
1159 998 1323 1029 membrum,
1342 1003 1389 1025 aut
1405 1006 1479 1032 pars,
1506 1004 1551 1025 aut
1576 998 1800 1031 instrumentum,

1016 1052 1062 1072 aut
1080 1044 1229 1079 possessio,
1245 1048 1293 1071 aut
1308 1044 1517 1079 quomodolibct
1532 1044 1621 1074 aliter.
1637 1051 1664 1071 ut
1679 1044 1706 1071 in
1722 1051 1801 1071 crea-

1018 1090 1087 1118 turis
1111 1090 1150 1122 fit,
1170 1091 1220 1117 hoc
1239 1090 1321 1124 huius
1338 1090 1450 1118 dicitur.
1466 1090 1567 1117 Deinde
1579 1090 1678 1117 dicitur
1690 1090 1800 1126 quidem

1019 1137 1101 1168 Deus,
1124 1137 1193 1163 Deus
1220 1136 1368 1168 Abraham,
1384 1140 1411 1163 ct
1435 1136 1524 1166 Isaac.
1541 1141 1569 1163 et
1593 1135 1727 1169 omnium,
1752 1136 1801 1163 sed

1015 1183 1149 1218 justorum
1172 1181 1292 1217 quidem,
1312 1186 1342 1208 ut
1369 1183 1472 1209 mansio
1503 1186 1529 1209 ct
1551 1190 1622 1209 sors.
1650 1182 1802 1210 Hatreditas

1017 1230 1089 1256 enim
1120 1233 1279 1256 sanctorum
1314 1229 1384 1255 Dens
1411 1232 1470 1260 est;
1501 1232 1690 1255 creaturarum
1723 1235 1801 1260 vero,

1017 1278 1235 1308 catterorumque
1253 1273 1426 1309 simpliciter,
1441 1277 1469 1300 ut
1481 1277 1600 1306 creator,
1614 1277 1641 1299 et
1657 1273 1803 1306 Dominus,

1019 1326 1189 1353 suorumque
1201 1318 1402 1353 providentiam
1418 1326 1522 1352 gerens.
1587 1321 1593 1323 “

1052 1375 1091 1402 Ex
1105 1382 1160 1411 quo
1174 1374 1271 1410 liquet,
1287 1382 1321 1402 ne
1338 1376 1364 1401 in
1380 1375 1433 1402 ltoc
1445 1375 1555 1410 quidem
1572 1375 1665 1403 deesse
1677 1376 1802 1403 ordinem

1017 1422 1167 1450 secundum
1185 1429 1215 1449 ca
1227 1429 1289 1457 qum
1303 1422 1432 1449 dicuntur
1442 1422 1483 1449 Ad
1493 1422 1608 1456 aliquid.
1622 1422 1802 1450 Animadver-

1019 1468 1087 1496 titur
1108 1467 1131 1495 is
1150 1467 1220 1495 ordo
1237 1468 1389 1496 secundum
1412 1467 1439 1496 id
1463 1468 1534 1503 quod
1558 1468 1663 1503 perﬁcit
1679 1471 1706 1495 et
1726 1469 1800 1503 quod

1019 1515 1169 1550 perlicitur,
1185 1514 1315 1549 quodque
1332 1515 1403 1548 rcgit
1417 1519 1444 1541 et
1459 1515 1531 1549 quod
1546 1514 1659 1549 regitur.
1684 1515 1802 1549 Ideoque

1019 1567 1106 1595 neque
1122 1560 1243 1595 Spiritus
1259 1559 1407 1587 secundum
1425 1559 1594 1594 personalcm
1610 1559 1800 1595 proprietatem

1019 1613 1109 1638 suam,
1136 1610 1268 1633 creatura:
1303 1605 1420 1639 Spiritus
1444 1606 1553 1642 dicitur,
1579 1605 1626 1632 sed
1652 1606 1801 1633 scentulum

1019 1651 1090 1686 quod
1117 1650 1188 1678 Deus
1206 1659 1277 1679 unus
1294 1656 1336 1678 est
1357 1658 1419 1678 cum
1438 1650 1517 1678 Patre
1532 1656 1559 1678 ct
1582 1650 1664 1684 Filio,
1676 1651 1801 1678 sanctiﬁ-

1019 1690 1098 1727 cans,
1125 1700 1208 1730 atque
1235 1695 1391 1729 inspirans,
1413 1700 1460 1722 aut
1485 1695 1565 1723 aliter
1588 1703 1636 1723 eos
1657 1696 1703 1730 qui
1728 1696 1802 1731 digni

1020 1746 1093 1773 sunt,
1109 1741 1234 1769 meliores
1252 1740 1380 1772 efﬁciens,
1394 1745 1475 1775 atque
1491 1749 1538 1768 eos
1552 1741 1676 1769 visitans.

1056 1796 1201 1830 Praeterea,
1228 1797 1358 1831 quoniam
1384 1797 1532 1832 productor
1557 1805 1619 1824 cum
1648 1798 1682 1825 sit
1707 1805 1802 1825 eorum

1021 1851 1080 1877 qua:
1107 1843 1148 1870 Ad
1176 1844 1279 1879 aliquid
1304 1843 1446 1873 dicuntur.
1469 1843 1502 1870 ad
1531 1843 1674 1878 solumque
1698 1844 1804 1871 dicatur

1022 1889 1164 1924 Spiritum,
1196 1892 1304 1916 constat
1318 1893 1345 1915 et
1362 1887 1493 1922 Spiritum
1507 1896 1540 1915 ex
1558 1889 1602 1915 his
1619 1896 1679 1922 quin
1694 1888 1732 1914 Ad
1752 1887 1804 1914 ali-

1021 1936 1082 1970 quid
1097 1935 1227 1962 dieuutur
1248 1941 1320 1966 esse,
1336 1939 1417 1968 atque
1439 1933 1472 1960 ad
1489 1933 1577 1961 solum
1593 1934 1688 1961 referri
1706 1935 1806 1968 produ-

1022 1986 1135 2008 ctorem.
1162 1980 1230 2007 Nam
1250 1980 1272 2007 si
1299 1979 1376 2014 quid,
1398 1979 1550 2007 secundum
1578 1979 1651 2014 quod
1672 1979 1804 2014 ejusmodi

1021 2031 1075 2060 est,
1091 2026 1125 2052 ad
1140 2025 1213 2052 aliud
1232 2025 1333 2060 aliquid
1349 2024 1460 2057 dicitur,
1479 2029 1597 2058 constat,
1613 2025 1676 2058 quia
1694 2030 1721 2052 et
1740 2025 1806 2052 illud

1022 2072 1055 2099 ad
1071 2073 1199 2106 primum,
1210 2071 1289 2106 quasi
1305 2071 1336 2097 ad
1350 2069 1452 2105 aliquid
1465 2069 1576 2097 dicitur.
1588 2069 1615 2096 Si
1629 2070 1700 2096 enim
1713 2070 1806 2100 homo,

1024 2118 1173 2146 secundum
1186 2117 1259 2152 quod
1280 2116 1422 2149 Dominus,
1444 2115 1476 2142 ad
1501 2115 1583 2142 alium
1605 2115 1722 2148 aliquem
1737 2114 1807 2140 dici-

223 2157 380 2191 Thcologus
403 2157 466 2183 item
491 2155 639 2190 Gregorius
662 2155 699 2182 ait
721 2163 728 2181 :
750 2163 760 2181 ι
779 2153 965 2183 Emanat'ronis

1021 2171 1074 2194 tur.
1087 2168 1114 2191 ct
1127 2164 1173 2190 ille
1188 2168 1218 2190 ut
1232 2170 1327 2190 servus
1342 2162 1375 2189 ad
1392 2168 1454 2188 eum
1471 2160 1614 2191 referetur,
1626 2160 1698 2194 quod
1711 2167 1808 2187 servus

189 2204 223 2230 ad
247 2203 407 2235 alterutrum
427 2201 536 2228 habitus
556 2201 761 2235 diﬂ'ereutiam;
790 2199 970 2227 diﬂ‘erentiam

189 2249 269 2276 etiam
285 2248 393 2275 illorum
415 2246 624 2281 appellationem
645 2246 790 2278 effecisse;
807 2250 837 2272 ut
857 2245 971 2276 scilicet,

190 2295 261 2322 alius
276 2294 387 2329 quidem
405 2293 503 2326 Filius,
521 2293 591 2320 alius
606 2292 725 2328 Spiritus
740 2296 853 2320 sanctus
869 2292 973 2319 dicere-

189 2344 246 2367 tur.
268 2348 277 2365 ι

227 2395 280 2422 Sed
303 2400 329 2422 ct
345 2393 493 2429 Gregorius
510 2392 650 2428 Nyssenus
671 2392 709 2419 ait
724 2400 732 2419 :
750 2400 759 2418 ι
777 2391 864 2418 Filius
883 2395 972 2418 autem

192 2447 305 2470 sanctus
319 2440 441 2476 Spiritus
458 2447 548 2474 neque
562 2443 615 2471 est,
640 2446 728 2473 neque
750 2439 860 2470 dicitur,
887 2445 975 2468 neque

190 2489 361 2517 convertitur
399 2487 508 2514 habitus
544 2486 595 2513 ista
635 2485 842 2520 consequentia.
875 2493 884 2510 ι
922 2484 974 2511 Ubi

190 2543 257 2562 vero
282 2535 393 2562 habitus
418 2539 478 2566 est,
511 2538 539 2560 ct
569 2532 730 2560 relationem
764 2530 887 2566 profecto
913 2538 975 2558 esse

191 2586 309 2608 constat.

227 2637 306 2670 Quod
322 2638 344 2665 si
360 2637 421 2672 quis
435 2637 591 2677 contendat.
608 2644 639 2664 ac
654 2636 772 2671 Spiritus
787 2645 885 2664 nomen
904 2638 975 2664 inter

192 2691 235 2716 ea,
277 2692 336 2719 qua:
363 2684 502 2716 dicuntur,
534 2684 567 2710 ad
589 2684 711 2718 'aliquid,
736 2691 836 2718 ponere
862 2684 974 2711 omnino

193 2733 308 2763 renuat,
327 2729 444 2764 primum
461 2729 582 2763 quidem,
593 2733 692 2762 praeter
703 2736 811 2755 munem
831 2728 974 2760 rationem,

195 2776 360 2811 Patrumqne
378 2776 526 2804 sententias
544 2776 645 2802 sentire
669 2783 697 2802 se
719 2775 834 2802 noverit.
875 2775 974 2802 Deinde

196 2821 276 2848 nobis
294 2830 347 2850 non
361 2823 393 2850 de
408 2822 527 2855 nomine,
539 2822 585 2850 sed
598 2822 631 2849 de
645 2829 673 2849 re
688 2821 806 2849 maxime
822 2828 974 2848 sermonem

1023 2216 1051 2238 et
1075 2210 1204 2237 dominus
1226 2209 1259 2235 ad
1277 2209 1439 2235 alterutrum
1465 2214 1572 2240 semper
1594 2205 1707 2232 relativo
1734 2205 1805 2235 sint,

1024 2256 1075 2283 hoc
1101 2255 1190 2288 ipsum
1218 2257 1245 2280 ct
1263 2253 1289 2280 in
1307 2253 1445 2285 omnibus,
1464 2260 1524 2288 qua;
1544 2252 1622 2286 quasi
1642 2251 1682 2277 Λιι
1706 2250 1808 2284 aliquid

1024 2309 1053 2328 se
1067 2301 1099 2329 ad
1117 2301 1232 2327 invicem
1248 2299 1357 2327 habent.
1368 2299 1453 2333 Cujus
1466 2306 1531 2333 ergo
1547 2297 1677 2332 Spiritus,
1691 2296 1809 2331 Spiritus

1024 2351 1077 2378 est,
1099 2347 1144 2374 ille
1160 2346 1309 2381 productor
1325 2350 1380 2376 est,
1399 2345 1573 2379 Spiritusque
1597 2343 1630 2370 ad
1651 2351 1713 2369 cum
1731 2343 1809 2374 cujus

1024 2398 1067 2421 est
1084 2392 1212 2427 Spiritus.
1229 2393 1306 2427 quasi
1330 2392 1362 2418 ad
1387 2390 1579 2425 productorem
1598 2388 1725 2416 refertur.
1748 2388 1809 2422 Spi-

1024 2441 1094 2468 ritus
1111 2444 1202 2467 autcm
1217 2439 1279 2466 Filii
1294 2438 1414 2473 Spiritus
1429 2437 1549 2467 dicitur;
1566 2435 1650 2462 Filius
1668 2441 1732 2469 ergo
1746 2442 1809 2468 pro-

1025 2487 1123 2513 ductor
1139 2485 1227 2512 sancti
1248 2484 1368 2518 Spiritus
1382 2487 1433 2514 est,
1460 2487 1485 2509 el
1513 2482 1621 2516 spirans
1641 2481 1729 2515 ipsum
1756 2485 1808 2506 csr.

1026 2532 1143 2565 Ideoque
1161 2537 1306 2565 processus
1319 2528 1395 2556 illius
1409 2527 1548 2562 spiracnlo
1565 2526 1744 2556 assimilatur,
1755 2530 1781 2551 et
1795 2532 1809 2550 a

1026 2577 1155 2612 spirando
1168 2576 1358 2603 denominatus
1374 2579 1425 2606 est,
1448 2577 1475 2600 ct
1493 2573 1660 2607 spiraculum
1682 2570 1741 2598 Filii
1761 2578 1810 2604 ap-
1838 2569 1842 2571 “

1026 2624 1142 2658 prllatus
1160 2627 1211 2649 est.
1227 2623 1265 2649 Ac
1279 2621 1355 2656 juxta
1374 2623 1499 2647 sauctum
1518 2618 1710 2654 Epiphaniam,
1727 2615 1811 2651 Spiri-

1028 2676 1070 2697 tus
1087 2678 1120 2697 ex
1137 2669 1216 2696 Patre
1231 2667 1315 2702 spirat
1331 2670 1357 2693 et
1374 2665 1454 2693 Filio.

1062 2725 1194 2752 Prmterea
1213 2723 1329 2750 Basilius
1343 2722 1370 2749 in
1394 2721 1469 2749 lihris
1486 2725 1582 2748 contra
1607 2719 1769 2746 Eunominm
1786 2722 1812 2744 rt

1030 2772 1122 2799 Arium
1139 2779 1145 2797 :
1161 2780 1170 2795 «
1185 2769 1312 2804 Spiritus,
1328 2769 1426 2803 inquit,
1444 2768 1476 2794 ad
1494 2767 1600 2794 Patrem
1619 2765 1810 2799 proprietatem

1030 2817 1161 2852 intelligo,
1171 2816 1233 2851 quia
1249 2815 1371 2850 procedit
1388 2823 1419 2843 cx
1434 2813 1526 2841 Patre.
1539 2812 1577 2839 Ad
1593 2811 1690 2838 Filium
1708 2813 1809 2840 autem,
