1934 3063
126 126 162 156 65
446 131 451 135 ·
640 117 650 133 λ
672 121 873 153 ADVERSUS
893 121 1051 151 GRAECOS
1071 121 1144 152 LIB.
1167 122 1205 152 Π.
1713 121 1748 151 f6

131 182 261 217 quoniam
279 181 374 209 audio:
389 181 490 216 Siquis
509 180 637 208 Soiritum
653 180 752 209 Christi
768 179 915 211 nanhabet,
932 182 953 210 Α
969 177 1203 205 consubstantiaie
1232 177 1319 212 ipsum
1358 177 1544 213 principaliter
1571 177 1746 213 signiﬁcant.

132 230 171 255 lu'c
184 237 238 255 non
251 233 290 255 est
308 227 364 262 ejus
377 228 399 254 ‘.
418 236 428 253 a

166 273 303 306 Quoniam
322 273 405 306 igitur
420 281 473 300 non
488 267 575 308 magis
587 273 713 308 proprius
725 272 822 305 Patris,
834 279 915 307 quam

134 319 193 346 Filii
206 323 250 346 est
269 319 386 354 Spiritus
399 324 519 351 sanctus,
529 319 591 354 quia
607 323 649 346 est
658 319 751 346 eadem
766 318 915 346 substantia

135 363 224 391 Patris
260 369 287 391 et
313 365 385 395 Filii,
410 363 529 399 Spiritus
553 369 642 391 autem
671 363 865 399 proprietatem
882 361 915 389 ad

133 409 241 437 Patroni
273 410 313 437 vir
338 414 450 438 sanctus
478 410 615 445 intelligit,
644 410 707 445 quia
735 410 858 445 procedit
882 416 915 436 ex

135 456 223 486 Patre,
240 457 398 484 nccrssario
423 462 449 484 et
473 457 506 484 ad
532 456 631 483 Filium
655 456 806 491 proprietas
820 455 915 483 cadent

134 502 238 529 ratione
264 502 438 537 intelligenda
461 506 515 530 est.
532 502 627 536 Itaque
642 501 714 536 quod
733 501 833 529 dicitur
855 501 917 537 Spi-

133 548 202 575 ritus
222 547 340 579 Christi,
358 553 386 575 et
413 548 532 583 Spiritus
550 547 622 580 Filii.
642 555 673 575 ex
691 555 725 575 eo
744 548 831 583 ipsum
855 555 916 575 esse

133 594 325 626 commendat;
352 594 471 621 maxime
488 602 548 621 cum
566 595 608 621 vir
630 600 741 622 sanctus
757 594 916 628 praemiserit

133 640 238 673 dicens,
254 640 287 667 ad
303 640 500 668 ostendendum
516 640 590 667 illius
604 640 796 672 substantiam,
813 647 846 667 ex
861 640 916 667 Deo

131 693 201 716 esse.
211 685 237 712 id
251 686 468 720 sumccre,quod
484 687 587 714 dicitur
599 685 732 721 :Spiritus
744 687 798 714 oris
812 687 884 714 illius
893 686 914 714 '.

132 731 182 758 Sed
200 737 228 758 et
244 732 273 758 in
289 732 415 766 capitulis
436 740 545 767 quoque
560 733 594 760 ad
619 734 839 767 Amphilochium
855 733 892 759 ait
907 741 913 761 :

135 786 144 802 ι
161 777 253 812 Neque
273 777 339 805 hinc
355 779 442 805 solum
458 783 562 806 natura:
577 779 738 806 communio
750 779 914 810 ostenditur,

131 823 177 850 sed
191 823 259 857 quia
284 824 364 850 etiam
381 831 412 850 ex
431 824 486 850 Deo
497 831 560 851 esse
575 824 687 856 dicitur,
706 831 760 851 non
775 824 853 859 quasi
869 831 916 858 per

129 869 220 896 omnia
245 876 279 896 ex
308 869 363 896 Deo
385 869 523 904 prodiens,
547 869 594 896 sed
619 868 696 901 quasi
723 868 841 904 Spiritus
859 869 915 896 oris

129 915 221 946 illius;
238 915 303 942 binc
318 914 427 949 quidem
447 915 585 942 insinuata
599 915 774 950 proprietate,
787 915 915 943 substan-

129 961 171 988 tiae
181 968 247 988 vero
261 961 343 991 modo
357 961 485 988 inelabili
500 966 620 989 servato.
635 963 668 990 Et
681 961 800 997 Spiritus
813 966 916 994 autem,

135 1007 234 1042 inquit,
252 1007 315 1035 Filii
332 1007 444 1041 dicitur,
464 1009 542 1043 quasi
565 1009 691 1044 proprius
708 1008 745 1036 illi
769 1015 817 1043 per
835 1012 914 1035 natu-

130 1059 198 1080 ram.
219 1062 230 1078 1

165 1097 201 1124 Ex
231 1098 275 1125 his
305 1102 395 1125 autem
424 1102 543 1132 constat,
571 1098 634 1134 quia
651 1092 769 1134 magnus
797 1097 915 1126 Basilius

130 1144 324 1178 proprietatem
348 1144 376 1171 in
391 1144 493 1172 divinis
509 1145 636 1180 personis
650 1145 741 1172 dicere
757 1145 824 1177 vult,
843 1144 915 1171 velut

129 1198 218 1217 causae
251 1190 427 1226 causalisque
450 1192 632 1219 consortium.
655 1191 730 1225 Quod
751 1191 823 1218 enim
839 1190 914 1222 dicit,

130 1236 182 1263 tale
195 1241 235 1264 est
250 1246 258 1264 :
276 1236 344 1264 Cum
359 1237 488 1265 audimus
504 1237 634 1273 Spiritum
650 1242 772 1265 sanctum
786 1241 813 1264 et
828 1236 916 1272 Spiri-

133 1286 187 1308 tum
213 1282 271 1310 oris
295 1282 355 1315 Dei,
380 1282 557 1318 intelligimus
582 1283 670 1317 ipsum
706 1282 867 1310 naturaliter
882 1290 915 1309 ex

135 1327 185 1354 Deo
200 1336 274 1355 esse.
292 1327 348 1355 iloc
362 1333 403 1356 est
424 1328 498 1355 enim
517 1329 687 1364 proprietas;
710 1330 821 1356 modum
837 1334 913 1360 vero,

133 1381 184 1407 quo
194 1382 227 1400 ex
243 1374 299 1401 Deo
310 1377 362 1405 est,
377 1374 429 1401 hoe
440 1379 481 1401 cst
491 1374 638 1409 procedere
647 1374 735 1408 ipsum
747 1374 913 1409 ignoramus.

134 1418 187 1446 Etsi
206 1420 281 1447 enim
300 1419 383 1446 alium
399 1419 510 1454 quidem
527 1419 612 1455 gigni,
633 1419 717 1447 alium
733 1427 798 1447 vero
818 1427 915 1455 proce-

132 1464 205 1497 dere,
230 1472 315 1501 atque
333 1466 416 1492 alium
430 1466 541 1501 quidem
564 1467 622 1493 sine
644 1466 733 1493 medio
754 1474 785 1493 cx
807 1466 912 1501 primo,

132 1510 213 1539 alium
228 1520 296 1540 vero
310 1519 358 1547 per
373 1520 447 1545 eum,
464 1513 510 1547 qui
527 1512 587 1539 sine
606 1512 695 1539 medio
709 1519 743 1539 ex
759 1512 847 1547 primo
861 1517 913 1544 est,

133 1557 314 1585 substantiam
340 1558 439 1586 habere
460 1558 612 1591 credimus,
632 1558 809 1585 nihilominus
825 1562 914 1585 tamen

133 1603 240 1630 modum
257 1604 427 1638 ignoramus.
452 1604 510 1632 Hoc
525 1612 588 1640 ergo
603 1604 720 1640 cognito,
743 1605 806 1640 quia
826 1609 866 1632 est
881 1612 914 1632 ex

134 1648 185 1676 Deo
212 1650 389 1684 naturaliter,
415 1656 615 1685 consequenter
629 1651 767 1686 quomodo
791 1651 826 1678 sit
841 1658 914 1686 qum-

131 1701 208 1722 ΓΙΗΙΓ.

166 1741 260 1776 Itaque
280 1742 435 1776 proprietas
454 1744 511 1770 haec
527 1742 713 1778 principaliter
728 1742 838 1778 quidetn
851 1750 916 1770 cau—

132 1796 188 1816 sam
218 1795 247 1817 ct
273 1792 382 1818 causate
406 1791 552 1825 signiﬁcat.
577 1790 689 1824 Deinde,
708 1795 915 1826 consaquenter,

133 1835 368 1863 consubstantiale
384 1837 478 1863 etiam.
493 1837 581 1871 Atque
597 1836 678 1871 hujus
702 1836 834 1864 indicium
850 1842 892 1864 est
906 1845 914 1864 :

133 1879 249 1913 prirnutn
282 1881 415 1915 quidem,
451 1881 517 1916 quia
546 1881 781 1909 consubstantiale
811 1881 915 1909 nullam

135 1925 233 1954 indicat
248 1926 455 1954 discretionem.
472 1927 629 1961 Proprietas
642 1934 707 1954 vero
732 1927 916 1955 diil‘erentiam

135 1973 382 2008 discretionemque
406 1975 592 2001 commendat.
614 1972 728 2007 Deinde,
751 1973 824 2008 quod
849 1981 916 2000 con-

136 2019 324 2047 substantialia
349 2020 460 2055 quidem
484 2019 613 2053 invicem,
629 2020 777 2047 secundum
794 2020 915 2047 eamdem

136 2065 278 2093 verborum
299 2066 444 2097 rationem,
470 2065 575 2100 absque
600 2065 653 2092 ulla
681 2065 834 2100 adiectione
852 2072 917 2092 con-

137 2116 294 2145 vertuntur;
313 2111 393 2139 Pater
405 2112 507 2146 quippe
522 2111 763 2139 consulistantialis
781 2117 823 2139 est
835 2111 913 2144 Filio,

137 2161 162 2182 et
186 2156 273 2185 Filius
303 2157 547 2184 consubstantialis
573 2162 615 2184 cst
639 2157 722 2185 Patri.
749 2157 827 2190 Quod
849 2165 915 2185 sane

137 2202 366 2229 consubstantiale
384 2202 426 2230 hic
448 2203 531 2230 etiam
552 2203 743 2230 discretionem
758 2209 913 2238 prmsuppo-

139 2246 183 2279 nit,
196 2255 225 2274 ex
243 2247 401 2275 nonuuibus
413 2247 505 2275 Patris
534 2255 564 2274 ac
577 2247 636 2275 Filii
651 2249 718 2276 satis
732 2254 916 2283 apparentem.

139 2290 245 2327 Propria
260 2301 324 2320 vero
340 2301 393 2320 non
420 2293 593 2328 simpliciter,
610 2294 657 2322 sed
673 2302 733 2322 cum
750 2295 917 2330 adjectione;

141 2344 221 2372 neque
235 2338 307 2365 etnim
328 2339 419 2365 dicere
434 2345 594 2372 possumus,
609 2338 688 2366 Pater
702 2339 828 2374 proprius
848 2339 918 2366 Filio

139 2387 163 2407 et
178 2383 262 2410 Filius
279 2384 404 2418 proprius
418 2383 565 2418 Patri,‘,sed
583 2384 617 2411 ita
629 2384 738 2420 proprie
751 2385 894 2412 reddemus
908 2393 916 2413 :

141 2426 220 2456 Filius
251 2430 359 2464 quidem
392 2429 521 2464 proprius
549 2434 589 2456 est
616 2429 688 2457 Patri
706 2430 809 2462 Filius;
837 2429 917 2458 Pater

141 2480 225 2502 autent
251 2476 377 2510 proprius
402 2482 445 2503 est
463 2475 535 2502 Filio
553 2476 644 2504 Pater.
669 2476 716 2503 Illo
741 2477 814 2503 enim
839 2476 918 2504 modo

142 2517 293 2553 indiscrete,
306 2527 334 2548 et
362 2521 421 2548 sine
444 2521 577 2549 reiatioue
596 2522 628 2549 ad
649 2522 763 2550 invicem
779 2522 915 2550 reddetur.

142 2564 182 2592 Sic
200 2571 290 2594 autent
307 2568 501 2603 proprietatem
518 2567 577 2595 Filii
594 2568 627 2596 ad
641 2566 749 2595 Putrem
765 2569 916 2596 secundum

142 2618 215 2645 quam
231 2621 262 2640 ex
275 2613 322 2641 illo
338 2615 456 2648 genitus,
470 2613 615 2650 Patrisque
639 2615 673 2642 ad
695 2614 806 2648 Filium,
821 2622 918 2643 secun-

142 2655 199 2683 dum
214 2666 295 2692 quam
311 2658 399 2694 ipsius
413 2658 492 2687 Pater
508 2664 560 2693 est,
576 2660 723 2688 reddimus.

172 2704 316 2737 Oportebat
330 2705 414 2739 igitur
429 2706 554 2733 similiter
575 2707 694 2734 converti
710 2707 916 2742 proprietatem,

142 2746 205 2774 sicut
233 2750 470 2778 consubstantiale
498 2756 541 2778 est
565 2760 571 2778 :
606 2752 737 2786 siquidem
767 2753 918 2787 proprietas

192 2839 200 2853 '
217 2839 296 2866 Rem.
315 2848 373 2874 VIII,
391 2841 418 2868 9.

966 223 1046 251 Nunc
1063 231 1128 251 vero
1142 223 1299 259 bujusmodi
1312 223 1504 258 proprietatem
1517 222 1748 250 consubstantiale

966 270 1102 304 sequitur.
1121 268 1197 297 Sicut
1209 273 1235 296 ct
1252 269 1346 302 Filius,
1365 276 1462 296 nomen
1475 269 1625 296 secundum
1642 276 1672 296 se
1684 269 1746 302 qui-

966 316 1027 343 dem
1057 323 1216 350 processum
1243 315 1359 349 alicujus
1385 322 1417 342 ex
1444 315 1538 350 aliquo
1555 314 1700 348 signiﬁcat,
1719 315 1745 341 in

966 362 1061 388 eadem
1088 362 1188 395 specie,
1208 365 1407 396 consequenter
1425 368 1489 387 vero
1513 359 1747 388 consubstantiale

967 409 1060 436 etiam.
1075 408 1242 440 Quod~enim
1261 408 1296 434 ita
1315 407 1456 441 processit,
1483 406 1642 433 necessario
1664 406 1745 432 etiam

967 454 1202 481 consubstantiale
1231 459 1282 481 eu.
1303 453 1360 480 Non
1385 453 1466 487 igitur
1491 452 1609 487 Spiritus
1636 457 1746 479 sanctus

966 501 1094 535 proprius
1122 500 1183 527 Filii
1210 499 1358 527 secundum
1383 504 1507 526 naturam
1526 498 1671 529 diceretur,
1694 498 1746 524 nisi

966 553 1015 580 per
1030 546 1118 579 ipsum
1140 546 1290 580 procedens
1304 544 1477 575 naturaliter,
1494 551 1539 577 per
1558 543 1647 577 ipsum
1664 542 1746 568 etiam

966 592 1148 618 substantiam
1167 591 1286 624 haberet.
1302 589 1380 623 Quod
1393 591 1466 616 enim
1480 597 1511 616 ex
1528 589 1629 623 aliquo,
1643 593 1689 615 aut
1702 596 1750 623 pcr

965 637 1077 672 aliquod
1099 637 1249 664 secttndnm
1274 637 1445 670 mquivocum
1464 642 1620 669 processum
1647 635 1748 668 prodit,

965 690 1073 717 unaque
1090 690 1123 709 ex
1142 683 1187 709 illo
1204 689 1266 709 esse
1283 685 1463 712 monstratur,
1483 688 1496 706 a
1513 687 1567 715 quo
1584 684 1609 706 et
1627 679 1749 714 proprie-

967 733 1008 756 tas
1020 728 1137 755 maxime
1147 728 1246 760 elucet,
1258 732 1284 754 et
1297 726 1530 754 consubstantiale
1539 729 1746 760 consequenter,

965 773 1144 809 ejusdemque
1158 774 1257 809 speciei
1273 773 1485 801 demonstratur.

1002 819 1107 847 Idcirco
1119 827 1234 855 magnus
1248 826 1357 854 quoque
1383 818 1500 845 Basilius
1515 817 1578 843 hinc
1596 816 1746 851 proprieta-

968 871 1021 893 tem
1037 865 1169 892 insinuari
1185 865 1265 897 dixit,
1276 864 1341 899 quia
1355 871 1387 890 ex
1403 863 1457 889 Deo
1471 869 1531 889 esse
1549 861 1656 888 dicitur.
1670 860 1746 893 Quod

968 917 1058 939 autem
1075 919 1107 939 ex
1130 911 1187 939 Deo
1205 918 1264 938 esse
1288 910 1399 942 dicitur,
1424 916 1535 936 causam
1552 908 1678 939 ostendit,
1694 915 1747 942 qua

967 958 1135 992 praecedente
1148 956 1384 985 con5ubslantiale
1395 955 1476 982 etiam
1494 954 1642 982 secundum
1655 953 1749 987 hujus-

967 1003 1040 1031 modi
1068 1003 1261 1038 proprietatem
1293 1002 1320 1028 in
1347 1001 1448 1029 divinis
1473 1000 1597 1035 personis
1613 1001 1746 1034 sequitur.

965 1049 1099 1082 Quoniam
1114 1049 1197 1084 igitur
1209 1047 1326 1083 Spiritus
1338 1051 1450 1074 sanctus
1461 1046 1610 1073 secundum
1621 1050 1746 1072 naturam

966 1095 1093 1131 proprius
1110 1101 1152 1122 est
1174 1093 1255 1127 Filio,
1271 1097 1379 1121 constat
1396 1093 1460 1128 quia
1477 1092 1511 1119 ad
1525 1092 1601 1119 illum
1614 1091 1695 1118 veluti
1713 1092 1746 1117 ad

964 1148 1078 1168 causam
1102 1140 1230 1168 refertur.
1247 1139 1324 1167 Unde
1340 1138 1422 1166 etiam
1448 1137 1690 1165 consubstantialis
1707 1137 1747 1164 illi

964 1191 1017 1215 est.

1001 1245 1115 1280 Magnus
1130 1243 1194 1271 item
1204 1242 1320 1270 Basilius
1331 1242 1358 1269 in
1374 1240 1550 1276 Expositione
1563 1248 1636 1267 xuii
1652 1240 1748 1275 psalmi

965 1291 1003 1319 ait
1033 1299 1040 1318 :
1081 1300 1090 1316 t
1112 1290 1189 1317 Sicut
1219 1288 1301 1324 igitur
1342 1291 1449 1315 creator
1480 1285 1597 1313 Verbum
1631 1284 1750 1312 ﬁrmavit

963 1337 1049 1365 caelos
1060 1355 1068 1368 ,
1087 1336 1123 1374 ita
1139 1339 1164 1362 et
1177 1333 1307 1369 Spiritus,
1321 1333 1366 1367 qui
1386 1340 1417 1360 ex
1433 1332 1487 1359 Deo
1502 1336 1553 1363 est,
1571 1331 1618 1366 qui
1636 1338 1651 1358 a
1666 1331 1748 1357 Patre

964 1381 1097 1416 procedit,
1115 1380 1166 1406 hoc
1180 1383 1232 1410 est,
1255 1380 1302 1413 qui
1328 1385 1360 1404 ex
1380 1384 1428 1404 ore
1451 1377 1522 1411 ejus,
1539 1383 1572 1403 ne
1600 1375 1665 1411 quid
1684 1383 1746 1402 eum
1796 1399 1806 1404 _

963 1427 1129 1454 exteriorum
1155 1432 1227 1457 esse,
1249 1431 1338 1459 neque
1353 1427 1552 1454 creaturarum,
1575 1422 1718 1449 arbitreris
1738 1431 1745 1449 :

966 1472 1013 1500 sed
1028 1476 1057 1499 ut
1071 1472 1144 1506 quod
1158 1479 1190 1498 cx
1207 1470 1263 1498 Deo
1275 1470 1375 1497 habeat
1388 1468 1584 1500 substantiam,
1600 1467 1748 1503 gloriﬁccs.

928 1507 950 1537 (ἶ
968 1518 1068 1546 Omnes
1085 1517 1156 1544 enim
1174 1516 1200 1543 in
1218 1521 1253 1543 eo’
1266 1515 1382 1542 virtutes
1397 1513 1477 1542 simul
1495 1513 1621 1541 contulit.
1637 1522 1647 1539 ι

1002 1563 1034 1591 Ει
1049 1567 1111 1599 post
1125 1570 1209 1598 pauca
1226 1571 1233 1590 :
1250 1571 1259 1588 (
1277 1561 1332 1589 Hoc
1352 1561 1461 1596 quidem
1487 1560 1514 1587 in
1542 1560 1603 1587 loco
1628 1558 1747 1594 Spiritus

966 1611 1023 1638 oris
1039 1610 1099 1645 ejus
1121 1609 1186 1642 dici,
1210 1613 1239 1636 ut
1262 1608 1429 1643 intelligatur
1451 1606 1585 1639 Salvator,
1605 1605 1748 1633 sanctissi-

966 1664 1081 1691 musque
1111 1655 1170 1689 ejus
1202 1654 1329 1690 Spiritus.
1372 1651 1422 1680 Ubi
1458 1656 1548 1679 autem
1578 1651 1748 1678 invenietur?

965 1701 1095 1737 Apostolo
1117 1701 1222 1728 scilicet
1246 1700 1353 1727 dicente
1375 1698 1409 1726 de
1430 1697 1525 1725 Filio:
1543 1696 1642 1724 Ferens
1659 1697 1749 1723 omnia

971 1747 1054 1774 Verbo
1077 1747 1181 1774 virtutis
1205 1754 1261 1773 suae
1275 1745 1295 1772 ⁸.
1324 1744 1459 1772 Virtutem
1497 1748 1523 1771 et
1543 1744 1660 1771 Verbum
1686 1743 1747 1770 Filii

965 1794 1097 1829 Spiritum
1125 1798 1250 1820 sanctum
1275 1791 1376 1827 posuit.
1399 1801 1407 1817 ι
1437 1792 1475 1818 Ac
1504 1798 1636 1818 rursum:
1663 1790 1746 1823 Quem

967 1840 1096 1868 Dominus
1114 1839 1192 1867 Jews
1217 1839 1358 1873 interﬁt-iet
1377 1838 1481 1875 Spiritu
1503 1838 1556 1864 oris
1580 1838 1633 1870 sui,
1648 1842 1672 1864 et
1699 1838 1747 1864 de-

965 1890 1048 1914 struet
1076 1884 1255 1912 illustrations
1277 1884 1403 1912 adventus
1427 1884 1501 1910 sui'.
1526 1883 1566 1910 Ex
1587 1891 1641 1918 quo
1663 1883 1745 1910 etiam

965 1935 1083 1964 constat,
1097 1931 1211 1959 stultum
1230 1934 1258 1957 et
1275 1930 1490 1957 irrationabilem
1513 1929 1596 1956 fuisse
1612 1936 1746 1963 quorum-

965 1979 1028 2006 dam
1044 1977 1253 2012 maliguitatem,
1265 1977 1312 2011 qui
1326 1984 1358 2003 ex
1372 1977 1423 2003 boc
1433 1975 1553 2010 Apostoli
1566 1974 1640 2002 dicto
1655 1974 1747 2008 Jews,

965 2024 1136 2056 deleverunt,
1151 2030 1185 2050 ne
1203 2023 1236 2049 de
1249 2021 1318 2048 Filio
1337 2021 1382 2048 Dei
1405 2022 1456 2048 hoc
1471 2021 1647 2055 intelligatur.
1664 2020 1702 2048 Ex
1715 2028 1748 2048 co

964 2076 1049 2101 enim,
1071 2067 1144 2103 quod
1171 2066 1274 2094 illatum
1301 2070 1352 2098 est,
1369 2065 1558 2097 illustratioue,
1580 2069 1745 2099 arguuntur.

964 2114 1068 2141 Futura
1104 2113 1176 2139 enim
1209 2111 1343 2146 apparitio
1375 2110 1481 2138 Domini
1516 2110 1579 2138 Jcsu
1613 2111 1745 2142 creditur,

930 2174 952 2203 Β
967 2161 1103 2195 simulque
1125 2159 1154 2186 in
1168 2157 1364 2185 vetustissimis
1386 2157 1585 2191 exemplaribus
1603 2156 1747 2192 integritas

968 2206 1126 2242 apostolicae
1152 2203 1295 2232 sententia:
1321 2203 1483 2230 ostenditur.
1513 2202 1689 2229 Hoc-tamen
1719 2202 1745 2229 in

965 2253 1027 2280 loco
1050 2255 1161 2279 sanctus
1178 2250 1218 2277 vir
1241 2257 1272 2277 os
1298 2248 1344 2276 Dei
1361 2248 1458 2276 Filium
1484 2256 1546 2276 esse
1571 2249 1624 2281 ait;
1642 2248 1748 2276 dixerat

966 2298 1038 2325 enim
1069 2297 1195 2332 superius
1220 2295 1354 2330 Spiritum
1385 2302 1418 2322 ex
1449 2294 1495 2322 Dei
1521 2301 1568 2321 ore
1585 2301 1656 2326 esse,
1674 2294 1745 2329 quod

966 2343 1038 2369 idem
1053 2340 1207 2376 signiﬁcare
1224 2340 1294 2367 dixit
1314 2349 1321 2366 :
1339 2340 1391 2372 Qui
1406 2348 1422 2366 α
1438 2339 1519 2366 Putre
1535 2339 1664 2372 procedit.

1004 2388 1121 2416 Sanetus
1142 2383 1237 2414 autem
1247 2386 1414 2414 Athanasius
1434 2385 1621 2413 Antiocbeuus
1641 2385 1749 2419 episco~

967 2441 1031 2469 pus,
1056 2434 1082 2460 in
1109 2441 1142 2460 eo
1172 2433 1251 2464 libro,
1277 2439 1358 2466 quem
1385 2431 1572 2468 praediximus,
1589 2441 1599 2456 r
1618 2428 1748 2463 Verbum,

969 2479 1068 2514 inquit.
1096 2479 1155 2506 sine
1180 2477 1282 2513 Spiritu
1308 2485 1362 2505 non
1389 2482 1450 2511 est,
1477 2477 1549 2505 sicut
1575 2486 1664 2513 neque
1690 2478 1749 2505 sine

971 2525 1058 2552 Verbo
1087 2533 1174 2552 mens.
1203 2523 1317 2551 Mentem
1347 2531 1412 2551 vero
1438 2531 1501 2551 esse
1531 2522 1638 2551 Patrem
1669 2523 1749 2550 Verbi

969 2572 1097 2600 dicimus.
1113 2570 1197 2602 Mens.
1214 2570 1240 2596 in
1256 2578 1309 2605 qua
1325 2568 1453 2603 Verbum,
1472 2577 1534 2596 ctttn
1549 2577 1602 2605 qua
1620 2568 1749 2604 Spiritus,

971 2622 1097 2646 sanctum
1117 2616 1248 2651 Spiritum
1269 2615 1326 2643 oris
1342 2615 1387 2643 Dei
1402 2615 1507 2649 dicens,
1524 2623 1555 2643 os
1570 2615 1642 2642 enim
1660 2615 1750 2642 Patris

970 2661 1067 2689 Filius.
1086 2671 1096 2687 ι

1008 2706 1037 2734 Si
1054 2707 1137 2742 igitur
1169 2706 1286 2742 Spiritus
1301 2705 1410 2741 quidem
1433 2713 1466 2733 ex
1490 2713 1538 2732 ore
1562 2704 1607 2732 Dei
1623 2708 1676 2736 est,
1701 2704 1752 2730 hoc

971 2757 1061 2780 autem
1086 2753 1158 2780 idem
1182 2757 1234 2784 est,
1251 2752 1323 2787 qumI
1351 2753 1395 2787 qui
1419 2760 1435 2778 ιι
1461 2751 1540 2779 l’alre
1563 2751 1692 2786 procedit;
1720 2757 1752 2775 us

478 2841 487 2855 ³
501 2839 573 2867 Psal.
595 2848 679 2874 xxxii,
696 2842 722 2869 6.
760 2844 770 2858 ι
788 2841 868 2870 llebr.
883 2851 901 2875 I,
919 2843 945 2870 3.
984 2843 993 2858 '
1009 2843 1028 2870 ll
1046 2843 1141 2871 Tbcss.
1156 2851 1186 2876 ιι,
1204 2844 1228 2870 8.
