1934 3063
160 133 199 163 67

166 235 324 269 procedere,
340 235 412 262 illius
435 235 616 262 substantiam
640 235 776 269 signiﬁcat
793 244 799 262 :
826 242 876 261 cur
893 242 948 260 non

166 280 194 307 id
209 288 330 315 queque,
348 281 420 315 quod
438 281 540 308 dicitur
555 281 615 307 Filii
635 280 764 314 Spiritus,
783 284 809 306 et
829 279 949 312 Spiritus

166 326 222 353 oris
239 326 310 360 ejus,
324 326 508 352 ittdtﬁt-rettter
521 326 593 353 illitis
607 326 785 353 substantiam
801 325 947 358 signiticet,

166 372 316 398 scentulum
335 379 416 406 quam
431 379 462 398 ex
482 371 561 398 Patre
581 380 628 406 per
652 371 750 398 Filium
771 369 902 406 procedit,
919 376 950 396 ac

166 425 215 452 per
232 417 329 451 ipsum,
343 421 369 444 et
385 417 418 444 ab
432 417 490 451 ipso
504 425 563 445 esse
581 417 684 445 habet?

201 462 314 497 Magnus
341 463 404 489 item
436 463 554 490 Basilius
574 464 601 490 in
631 463 677 490 lib.
701 470 727 490 tv
744 462 845 490 Contra
862 461 951 489 Erme-

166 509 258 540 mium,
274 509 351 543 qttasi
369 517 402 536 ex
420 509 560 536 contrario
581 501 737 544 proponens
753 518 760 536 :
777 518 786 534 ι
803 508 854 535 Sed
871 508 950 541 dicis,

166 555 254 588 inquit
271 564 277 581 :
294 554 321 581 Si
342 554 387 581 Dei
408 555 517 589 quidem
545 555 634 589 imago
648 554 734 580 Filius
756 558 807 584 est.
829 553 949 580 Verbum

166 605 255 626 autem
274 599 334 626 Filii
360 599 492 634 Spiritus,
514 607 561 627 cur
575 607 630 626 non
648 599 732 627 Filius
754 597 815 626 Filii
832 598 950 632 Spiritus

165 646 256 672 dictus
268 646 345 673 est?»
362 645 388 672 ln
406 646 453 672 has
467 646 550 679 igitur
565 645 780 680 ineptiasipsum
797 645 952 678 impellente

166 690 311 722 Eurtomio,
343 691 395 718 nisi
421 699 453 717 ex
482 691 550 718 Filio
577 698 637 718 esse
664 690 795 724 Spiritum
823 694 949 717 sanctum

164 735 301 768 crederet,
326 736 441 764 Basilius
459 736 588 763 facillime
604 736 642 763 illi
667 732 806 763 obviasset
833 736 949 763 dicens:

167 780 310 813 Quomodo
326 786 400 808 esset
421 782 541 816 Spiritus
556 781 642 808 Filius
657 781 729 813 Filii,
746 781 792 816 qui
810 789 864 808 non
881 788 951 815 quo-

168 826 316 853 modolibet
329 834 361 853 ex
379 826 457 858 Filio,
474 827 531 854 sire
546 835 592 861 per
605 826 704 854 Filium
720 826 899 862 procederet?
912 825 949 853 lla

168 871 240 898 enim
267 879 296 899 se
321 873 516 900 controversite
549 873 631 906 lmjus
656 873 781 900 molestia
808 872 948 900 eximeret.

170 915 269 943 Verum
293 917 319 944 id
335 918 446 952 quidem
464 926 517 945 non
536 918 615 948 dixit.
638 919 686 946 sed
710 919 860 954 subjiciens
877 917 950 953 quod

168 967 359 996 proposuerat,
376 963 458 990 solvit
473 973 479 990 :
499 964 569 993 «Nos
584 969 674 991 autem
691 969 718 991 et
738 965 770 992 de
787 965 839 991 hoc
854 964 885 991 ad
902 970 952 990 nos

169 1008 254 1043 ipsOS,
275 1014 406 1042 quantum
424 1008 555 1044 possibile
579 1007 632 1041 esi,
660 1010 865 1044 respondemus.
883 1009 951 1036 Nam

168 1057 201 1081 ad
231 1058 257 1082 te
281 1055 392 1089 quidem
418 1056 499 1082 etiam
530 1056 619 1083 facere
648 1056 715 1083 satis
746 1059 829 1089 esset,
857 1055 951 1082 eadem

169 1101 430 1134 interrogatiuncnla
450 1101 498 1128 tibi
522 1109 629 1136 quoque
642 1101 813 1129 imminente.
834 1101 952 1128 Dicimus

169 1147 262 1180 igitur,
294 1146 422 1181 quoniam
438 1147 528 1174 dicere
547 1147 644 1174 Filium
659 1155 692 1174 ex
704 1147 784 1179 Filio,
800 1147 960 1174 divinitatis

169 1189 329 1218 Trinitatem
345 1192 371 1218 in
394 1193 580 1227 suspicionem
598 1192 781 1220 multitudinis
794 1192 950 1224 adduceret,

168 1236 332 1264 audentibus
369 1238 537 1265 hotninihus.
566 1238 595 1264 ltt
627 1244 751 1272 promptu
780 1237 852 1264 cnim
883 1241 951 1269 erat,

168 1283 302 1317 suspicari
317 1283 446 1318 quoniam
463 1284 485 1312 si
506 1283 591 1311 Filios
606 1292 637 1311 ex
651 1283 720 1311 Filio
736 1287 817 1311 natus
833 1288 916 1316 esset,
927 1288 954 1310 et

167 1337 199 1356 ex
215 1337 247 1356 eo
268 1337 364 1357 rursus
382 1330 462 1356 alium
487 1332 574 1362 nasci,
592 1335 673 1363 atque
690 1336 786 1357 rursus
809 1329 903 1361 alitttn,
921 1335 953 1355 ac

168 1376 296 1410 deinceps
312 1377 338 1403 in
356 1376 558 1404 multitudinem
582 1384 715 1403 crescere.
733 1376 820 1410 Hujus
838 1383 902 1409 ergo
914 1374 953 1401 rei

169 1422 267 1455 gratia,
295 1430 327 1448 ex
355 1422 409 1447 Deo
435 1421 544 1456 quidem
569 1429 629 1448 esse
654 1420 787 1455 Spiritum
807 1421 953 1454 Apostolus

170 1470 263 1500 aperte
282 1465 439 1500 praedicarit
461 1466 555 1493 dicens
572 1474 580 1492 :
604 1465 734 1498 Quoniam
760 1465 888 1498 Spiritum
907 1465 955 1493 Dei

796 131 993 163 MANUELlS
1010 131 1160 162 CALEC/E

165 193 255 216 autem
280 188 367 216 Patris
382 189 468 216 Filius
483 192 542 222 est;
563 189 677 223 etquod
696 188 795 216 dicitur
815 196 845 216 ex
867 187 1027 217 PatreAex
1045 189 1118 219 ﬁliis,
1150 193 1178 214 ιιι
1205 188 1232 215 ﬁt
1259 188 1285 215 in
1311 188 1482 221 hominibus,
1515 189 1640 216 habere
1673 189 1805 216 Credita.
1831 197 1843 211 ι
1880 208 1897 224 λλ

1003 233 1071 260 Cum
1089 234 1203 262 dixiss-t
1220 234 1302 268 igitur
1318 243 1325 261 :
1343 244 1352 260 ι
1370 234 1429 262 Non
1445 235 1520 265 ideo.
1542 236 1621 270 quia
1643 243 1706 261 non
1726 243 1763 262 ex
1783 235 1846 262 Deo
1872 253 1887 270 ε

1003 287 1053 315 per
1069 279 1165 307 Filium
1184 282 1229 311 sit.
1251 290 1259 307 ι
1276 281 1404 313 ostendit,
1419 282 1481 316 quia
1498 290 1536 309 ex
1564 281 1628 308 Deo
1649 289 1704 316 per
1724 281 1839 308 Filium

1002 330 1054 356 est.
1077 325 1182 353 duabus
1212 325 1406 360 negationibus
1432 333 1481 360 pro
1522 332 1587 352 una
1631 325 1844 352 aflfrmatione

1005 376 1093 398 utens.
1119 372 1204 403 Quem
1236 372 1317 406 igitur
1340 379 1401 399 esse
1424 379 1472 406 per
1486 370 1601 398 Filium
1637 370 1732 402 dixit,
1756 372 1841 397 hunc

1005 418 1086 445 etiam
1105 426 1152 451 per
1170 417 1267 445 Filium
1293 426 1403 445 tnanare
1424 417 1576 449 indicavit,
1602 425 1682 448 esse,
1705 423 1757 447 ac,
1780 425 1845 443 ma-

1005 472 1070 491 nare
1085 465 1113 490 t'u
1128 464 1288 495 substantia,
1310 463 1497 491 indiﬁ'erenter
1514 470 1653 498 ponens.

1040 510 1106 538 Nam
1120 511 1153 543 si,
1169 517 1196 537 ut
1209 510 1317 544 quidam
1330 514 1436 544 putant,
1452 516 1581 539 manare,
1610 507 1842 534 manifestatio-

1004 564 1140 591 nem.qu
1155 556 1256 583 mundo
1272 555 1464 582 manifestarius
1479 558 1532 585 est,
1552 554 1674 587 signat,
1690 553 1839 586 quoniam

1005 603 1154 630 secundum
1172 602 1242 628 hanc
1266 601 1351 631 magis
1366 600 1463 627 Filium
1484 599 1619 634 Spiritus
1636 598 1837 631 manifestat,
1874 627 1893 633 η

1005 648 1055 675 Ille
1067 649 1149 679 enim,
1175 647 1274 681 inquit,
1301 654 1341 673 me
1362 645 1571 680 tlart’ﬁcubit";
1605 645 1669 672 erit
1698 651 1775 678 ergo
1808 650 1838 670 et

1004 694 1091 721 Filius
1110 693 1226 720 Verbum
1257 692 1342 718 sancti
1373 690 1501 725 Spiritus.
1528 691 1566 718 At
1604 691 1635 717 id
1665 689 1838 724 Gregorius

1004 738 1145 774 Nyssenus
1165 738 1276 772 negavit
1293 737 1387 764 dicens
1406 745 1413 763 :
1438 745 1447 762 ι
1470 735 1559 763 Filius
1580 741 1691 762 autem
1710 741 1837 763 sanctus

1004 785 1122 819 Spiritus
1138 791 1225 818 neque
1240 787 1293 814 est,
1311 789 1399 817 neque
1417 782 1528 814 dicitur,
1544 789 1654 816 neque
1678 783 1836 808 converti-

1004 816 1048 854 tur
1061 827 1169 854 habitus
1183 816 1236 854 ista
1248 825 1472 861 consequentia.»
1484 825 1592 861 Nempe
1611 827 1721 853 autem
1739 827 1833 857 sitne,
1868 816 1884 830 4

1004 874 1044 900 vel
1060 881 1112 900 non
1134 873 1167 900 sit
1183 872 1268 900 Filius
1281 871 1398 907 Spiritus
1416 872 1502 899 sancti
1522 872 1740 899 manifestatio
1756 872 1830 898 nihil

1804 132 1847 162 (8

1866 861 1876 873 "-

1001 923 1089 954 potest
1110 918 1269 950 Ostendere;
1294 917 1346 945 nisi
1376 925 1495 948 ntanare,
1513 917 1720 945 sulstantiatn
1754 917 1830 944 sim-

1001 945 1106 1000 pliciter
1122 963 1267 998 signiﬁcet,
1280 963 1351 990 sicut
1363 970 1424 990 esse
1438 963 1532 994 etiam.
1546 963 1721 990 secundum
1735 970 1826 997 qualn
1865 945 1930 1000 in?“

1002 991 1105 1037 scilicet
1133 991 1314 1037 substantiam
1332 1014 1381 1042 per
1409 1006 1510 1033 Filium
1537 1014 1604 1034 esse
1623 1014 1641 1033 a
1672 991 1825 1040 theologis
1871 991 1933 1025 "5“?"

1002 1054 1147 1081 asserilur.
1871 1055 1873 1057 ’
1887 1044 1912 1088 ω)
1931 1050 1934 1064 ¹

1040 1100 1073 1127 Ει
1091 1099 1133 1126 his
1149 1105 1214 1126 vero
1229 1097 1294 1124 illud
1309 1097 1453 1124 conﬁcitur
1464 1102 1508 1129 ,et
1520 1097 1667 1131 Spiritum
1680 1101 1824 1123 sanctum
1873 1092 1931 1131 ΜΨ

1004 1153 1057 1172 non
1074 1152 1135 1172 esse
1160 1144 1270 1175 Filium,
1293 1142 1394 1177 quippe
1417 1130 1601 1169 etuanationis
1630 1142 1819 1170 dilI'erentia.
1865 1130 1927 1157 "‘1"-

1003 1190 1055 1217 hoe
1074 1194 1124 1220 est,
1148 1187 1246 1215 modus
1267 1188 1395 1214 dilTereus
1416 1194 1561 1221 processits
1586 1187 1718 1214 illorum
1747 1188 1820 1214 suh—
1865 1182 1929 1204 “in

1003 1236 1120 1267 stantite.
1147 1234 1297 1262 secundum
1325 1233 1481 1268 theologum
1508 1233 1682 1267 Gregorium
1699 1254 1707 1264 ,
1738 1235 1819 1259 hunc
1868 1225 1930 1250 “iﬁlli

1004 1282 1115 1313 Filium,
1132 1281 1208 1307 illum
1223 1279 1356 1315 Spiritum
1373 1283 1498 1306 sanctum
1510 1279 1645 1313 appellari
1662 1278 1746 1306 fecit.
1764 1279 1817 1305 llic
1862 1276 1874 1293 ‘3
1890 1269 1923 1297 δυο

1004 1328 1076 1355 enim
1093 1335 1125 1354 ex
1151 1327 1231 1354 Patre
1247 1327 1306 1353 sine
1321 1326 1422 1359 medio,
1441 1325 1485 1352 ille
1503 1330 1605 1357 autem,
1625 1333 1682 1360 per
1702 1325 1812 1353 Filium
1860 1322 1922 1365 “7“‘f11‘l

1004 1382 1064 1401 esse
1080 1374 1246 1408 perhibetur.
1859 1368 1913 1389 tum

1041 1419 1139 1454 Liquet
1152 1424 1243 1445 autem
1260 1423 1287 1446 et
1304 1418 1367 1450 hoc,
1380 1418 1454 1452 quod
1466 1425 1580 1451 magnus
1596 1417 1726 1445 Basilius
1740 1425 1810 1443 cum
1860 1412 1925 1454 έῖίῗθμε

1005 1466 1064 1500 jure
1082 1452 1132 1493 suo
1149 1465 1292 1493 confutare
1305 1464 1411 1499 objecta
1428 1464 1560 1491 valuisset
1573 1464 1673 1492 dicens
1692 1472 1700 1490 :
1724 1473 1735 1489 ι
1751 1462 1810 1496 Qui
1857 1452 1919 1483 “ll”-

1868 1504 1895 1527 ιλιι
1908 1508 1916 1523 ἓ

1006 1558 1070 1585 tiam
1085 1557 1178 1590 habet,
1194 1556 1254 1584 Filii
1282 1556 1369 1584 Filius
1395 1556 1548 1584 existimari
1581 1555 1720 1588 credique
1746 1563 1808 1582 non
1855 1547 1913 1588 ’f‘lm’l

170 1512 317 1545 ara-pimus
331 1511 353 1542 ⁸,
370 1519 488 1545 eumque
504 1519 550 1545 per
570 1511 668 1538 Filium
686 1519 821 1543 manasse,
835 1510 949 1538 manilc-
962 1521 985 1551 α
1007 1512 1088 1547 igitur
1110 1520 1197 1546 neque
1214 1519 1247 1538 ex
1266 1510 1346 1544 Filio,
1370 1518 1458 1545 neque
1473 1518 1521 1545 per
1538 1510 1635 1537 Filium
1659 1511 1811 1538 substan-

169 1561 240 1582 stum
258 1554 319 1582 fecit
337 1554 433 1587 Filius,
451 1555 581 1590 Spiritum
609 1556 696 1590 ipsum
719 1555 856 1590 appellans
878 1555 951 1582 sicut

169 1607 196 1627 et
218 1600 267 1627 Dei
298 1605 324 1628 et
340 1601 441 1628 Christi
465 1606 580 1628 mentem
604 1601 759 1633 nominans,
778 1600 849 1628 sicut
863 1605 890 1628 ct
905 1601 951 1628 Dei

169 1648 313 1682 Spiritum.
349 1648 409 1675 Filii
444 1653 537 1676 autem
572 1648 671 1676 Filium
706 1649 843 1684 appellare
872 1653 951 1676 caute

168 1694 323 1721 declinavit.
343 1703 352 1720 I

204 1739 298 1774 Itaque
315 1747 432 1774 magnus
448 1739 565 1767 Basilius
576 1739 638 1766 Filii
652 1740 760 1775 quidem
773 1740 869 1767 Filiutn
889 1746 951 1767 esse

170 1786 300 1820 Spiritum
318 1791 409 1820 negat,
423 1793 455 1813 ex
477 1785 544 1812 Filio
573 1791 664 1812 autem
692 1786 750 1813 sive
779 1793 825 1820 per
851 1784 950 1812 Filium

169 1831 277 1864 prodire
291 1835 441 1858 assevorat.
457 1831 534 1864 Quod
557 1837 647 1858 autem
668 1839 778 1858 manare
792 1831 951 1858 naturaliter

168 1878 307 1911 procedere
326 1877 474 1912 signiﬁcet,
492 1886 523 1905 ex
541 1885 574 1905 eo
589 1877 697 1912 quidem
714 1877 885 1904 manifestum
900 1882 950 1909 est,

169 1923 240 1957 quod
261 1931 294 1950 eo
311 1923 392 1950 verbo
409 1924 491 1951 etiam
518 1924 544 1951 in
572 1924 714 1950 nativitatc
744 1923 805 1949 Filii
833 1923 951 1957 theologi

172 1973 296 1995 utuntur.
316 1968 434 1996 Sanetus
452 1969 524 1996 enirn
541 1969 668 2002 Cyrillus,
688 1969 717 1995 in
731 1968 901 2003 libro,quetn
917 1968 951 1995 ad

168 2013 344 2041 Valerianum
360 2015 525 2050 episcopum.
537 2015 659 2049 scripsit,
683 2024 692 2040 ι
707 2013 835 2047 Sanctus,
853 2015 953 2049 inquit,

170 2069 218 2095 per
237 2066 361 2088 naturam
381 2069 444 2088 cum
472 2061 518 2093 sit,
547 2061 776 2096 quemadmodum
810 2065 835 2088 et
861 2060 952 2092 Pater,

173 2107 195 2134 is
220 2108 266 2141 qui
294 2115 326 2134 ex
350 2115 382 2134 eo
408 2107 529 2134 manavit
547 2107 704 2141 unigenitus
721 2107 807 2134 Filius
823 2114 838 2134 a
864 2106 953 2138 Patre,

172 2154 358 2181 sanctiﬁcatus
390 2153 492 2181 dicitur
530 2154 680 2181 secundum
721 2153 793 2188 quod
827 2154 952 2188 apparuit

172 2200 263 2225 homo.
285 2207 295 2224 ι

203 2244 256 2272 διδά
273 2249 300 2271 et
317 2245 374 2279 ipse
390 2252 499 2280 quoque
517 2244 633 2272 Basilius
648 2245 675 2271 iu
699 2245 769 2271 libro
787 2244 823 2270 De
851 2243 955 2278 Spiritu

169 2294 277 2323 sancta,
312 2299 321 2315 ι
349 2289 478 2324 Spiritus,
509 2289 607 2323 inquit,
639 2289 706 2316 nihil
732 2289 782 2316 sibi
812 2290 955 2324 quatsitntn

170 2335 261 2368 habet,
278 2335 323 2362 sed
350 2340 452 2361 atterite
468 2339 563 2361 cuncta
586 2334 679 2366 habet,
696 2339 726 2361 ut
751 2333 870 2369 Spiritus
895 2334 953 2365 Dei.

171 2387 250 2417 atque
265 2389 297 2409 ex
324 2382 370 2408 illo
395 2388 520 2408 manans.
543 2390 552 2406 ι
584 2380 704 2413 Manere,
731 2381 821 2415 posuit
840 2389 888 2415 pro
907 2389 951 2415 eo,

169 2428 242 2462 quod
260 2432 392 2459 cst,esse.
426 2426 500 2453 Patet
531 2431 620 2453 autern
649 2434 681 2454 ex
711 2427 949 2461 prteeedentibus:

173 2484 182 2500 ι
200 2473 260 2500 Filii
286 2473 370 2501 enim.
392 2472 491 2506 inquit,
516 2471 647 2506 Spiritttm
676 2472 763 2506 ipsqu
790 2472 949 2504 nominavit,

169 2518 398 2553 quemadmodum
416 2522 443 2545 et
460 2517 518 2549 Dei.
534 2517 627 2545 eodem
645 2518 724 2545 modo
746 2525 804 2545 esse
819 2517 950 2552 Spiritum

169 2564 231 2592 Filii
249 2563 392 2600 Spiritum,
410 2571 464 2598 quo
479 2564 561 2590 etiattt
580 2568 623 2590 est
637 2563 682 2590 Dei
696 2569 722 2591 et
737 2563 837 2592 Patris.
859 2575 868 2589 ι

205 2611 275 2638 Idem
292 2619 387 2637 rursus
409 2610 435 2636 iu
452 2610 566 2642 eisdem,
582 2610 715 2644 capitulo,
732 2611 805 2645 quod
826 2611 953 2638 insolibi-

170 2663 213 2684 tur
239 2665 246 2683 :
277 2657 331 2682 Cur
356 2664 406 2682 non
433 2662 458 2683 et
485 2655 602 2690 Spiritus
624 2655 688 2683 Filii
709 2655 810 2686 Filius.
838 2657 949 2691 inquit:

172 2712 182 2728 ι
199 2703 257 2730 Non
277 2703 347 2733 ideo,
365 2703 428 2737 quia
458 2710 510 2728 non
528 2710 559 2728 ex
577 2701 631 2727 Deo
656 2709 703 2736 per
726 2701 825 2728 Filium
842 2702 886 2733 sit,
903 2706 950 2728 sed

170 2757 204 2776 ne
219 2749 361 2776 Trinitatis
378 2747 551 2776 existimetur
576 2747 680 2774 inﬁnita
707 2747 852 2775 multitudo
880 2747 950 2775 ﬁlios

207 2837 308 2863 “ltum.
331 2845 388 2870 \‘lfl,
407 2837 446 2864 l5.
504 2835 606 2863 ’Joan.
628 2843 682 2868 XVI,
704 2835 745 2862 14.

1006 1609 1113 1637 posset;
1134 1613 1143 1629 ι
1164 1603 1292 1638 quoniam
1305 1609 1337 1630 ea
1351 1602 1440 1636 potius
1457 1601 1590 1629 Sententia
1608 1608 1661 1628 sua
1679 1604 1758 1630 erat,
1775 1608 1812 1626 ex

1005 1650 1085 1677 Patre
1113 1657 1160 1684 per
1185 1649 1282 1677 Filium
1311 1653 1392 1684 atque
1429 1656 1444 1675 a
1471 1647 1539 1674 Filio
1567 1654 1628 1674 esse
1656 1644 1811 1678 Spiritum

1004 1697 1173 1730 sanctum,ei
1189 1701 1216 1722 ut
1227 1695 1385 1723 certissima»
1395 1701 1426 1721 ac
1439 1692 1619 1720 voracissima:
1632 1691 1785 1724 acquievit
1802 1699 1810 1723 ;

1006 1744 1123 1770 maxime
1132 1751 1192 1769 cuin
1202 1742 1311 1774 dixerit,
1322 1742 1358 1768 ita
1369 1748 1430 1768 esse
1438 1740 1499 1766 Filii
1510 1740 1641 1774 Spiritum
1650 1745 1808 1769 sanctum,

1007 1789 1115 1816 sicutet
1129 1787 1225 1814 Patris.
1246 1786 1328 1820 Atqui
1359 1785 1446 1812 Patris
1464 1789 1523 1816 est,
1542 1783 1696 1811 secundum
1725 1783 1806 1816 quod

1005 1844 1037 1864 ex
1047 1843 1079 1863 eo
1092 1840 1144 1863 est.
1163 1835 1196 1862 Et
1216 1833 1275 1861 Filii
1303 1833 1387 1868 igitur
1404 1832 1497 1859 eadem
1513 1832 1619 1858 ratione
1645 1833 1703 1861 est,
1727 1837 1804 1864 quo-

1006 1883 1079 1909 niam
1106 1881 1211 1908 scilicet
1240 1880 1274 1906 ab
1299 1880 1346 1906 illo
1376 1886 1436 1912 esse
1471 1878 1563 1911 habet,
1592 1884 1624 1905 ac
1654 1883 1706 1912 per
1733 1884 1800 1904 eum

1006 1927 1137 1962 procedit.

1042 1975 1114 2001 Idem
1144 1978 1273 2008 praeterea
1301 1971 1437 2002 Basilius,
1467 1971 1599 1998 adversus
1627 1969 1798 1997 Ennomiurn

1007 2026 1142 2054 pugnans,
1153 2022 1317 2045 asserentem
1328 2025 1359 2044 ex
1369 2017 1427 2044 solo
1434 2016 1502 2043 Filio
1511 2015 1641 2050 Spiritum
1653 2019 1796 2047 sanctum,

1007 2073 1068 2093 esse
1081 2064 1158 2099 quasi
1168 2068 1333 2095 creaturam,
1342 2063 1421 2090 sicuti
1434 2066 1461 2089 et
1473 2061 1570 2088 Filiutn
1583 2069 1615 2088 ex
1626 2061 1686 2087 solo
1700 2060 1795 2091 Patre,

1006 2115 1034 2138 et
1049 2110 1137 2145 ipsum
1154 2109 1232 2143 quasi
1254 2113 1407 2135 creaturam
1422 2116 1428 2134 2
1445 2114 1560 2141 arguere
1577 2106 1685 2140 quidem
1701 2105 1793 2137 illum,

1008 2156 1080 2191 quod
1092 2163 1145 2182 non
1158 2155 1192 2182 sit
1208 2162 1222 2180 a
1236 2153 1315 2185 Filio,
1329 2153 1400 2180 sicut
1413 2157 1538 2179 creatura
1556 2151 1663 2178 interitu
1678 2152 1794 2185 omittit,

969 2196 991 2224 υ
1006 2203 1085 2229 tertio
1114 2202 1141 2228 id
1169 2207 1312 2227 reservans
1328 2200 1418 2226 libro:
1452 2208 1460 2223 ι
1481 2199 1515 2225 lle
1532 2198 1592 2229 hoc,
1607 2198 1707 2233 inquit,
1729 2206 1794 2226 cum

1005 2248 1064 2281 plus
1084 2247 1132 2273 otii
1167 2246 1260 2276 fuerit.
1290 2246 1448 2272 dicemus.)
1473 2245 1551 2271 Circa
1589 2244 1668 2272 littcm
1698 2252 1793 2271 autem

1004 2293 1115 2320 secundi
1130 2293 1191 2319 libri
1207 2297 1301 2318 contra
1316 2291 1491 2323 Eunomium,
1509 2291 1534 2317 in
1548 2291 1624 2317 illum
1639 2291 1791 2318 invehens:

1006 2349 1014 2363 ι
1037 2339 1104 2364 lllttd
1132 2343 1236 2369 autem,
1260 2336 1358 2371 inquit,
1381 2337 1424 2363 etti
1443 2345 1474 2364 ex
1492 2337 1620 2363 omnibus
1638 2337 1790 2364 obscurum

1002 2391 1062 2411 esse
1076 2385 1171 2418 possit,
1186 2383 1467 2415 nullamcllicientiam
1480 2383 1539 2409 Filii
1555 2390 1569 2408 a
1587 2382 1665 2409 Patre
1677 2382 1790 2410 dirimi:

1005 2429 1129 2463 nihilque
1143 2436 1205 2456 esse
1225 2428 1251 2454 in
1266 2428 1404 2459 omnibus,
1426 2429 1498 2462 quod
1518 2428 1582 2454 insit
1605 2427 1673 2454 Filio
1686 2429 1758 2462 quod
1775 2437 1789 2454 ει

1005 2474 1086 2502 Patre
1097 2474 1213 2501 alienuttt
1223 2474 1275 2501 sit?
1288 2473 1384 2500 Omnia
1399 2474 1482 2504 enim.
1492 2474 1539 2504 ait,
1557 2481 1625 2503 mra,
1647 2479 1692 2499 tua
1706 2479 1789 2506 sunt;

1004 2526 1028 2546 et
1048 2525 1104 2552 tua,
1115 2528 1174 2547 mea
1190 2525 1251 2547 sunt
1261 2520 1282 2546 ⁸.
1293 2519 1434 2552 Quomodo
1448 2520 1529 2555 igitur
1546 2519 1664 2554 Spiritus
1677 2527 1786 2547 causam

1005 2566 1055 2592 soli
1076 2565 1145 2592 Filio
1167 2565 1299 2600 assignat,
1327 2565 1468 2600 ipsiusque
1484 2570 1588 2592 naturae
1600 2567 1786 2600 pra'dicalum,

1005 2611 1087 2645 hujus
1120 2610 1220 2644 accipit
1255 2610 1446 2637 creationem?
1478 2611 1616 2645 Siquidem
1641 2619 1706 2645 ergo
1735 2611 1788 2638 duo

1004 2656 1136 2690 principia
1166 2656 1394 2684 subintroduceus
1419 2657 1470 2683 sibi
1498 2657 1612 2684 invicem
1641 2657 1787 2688 contraria,

1006 2702 1063 2728 hch
1081 2703 1119 2728 ait
1138 2720 1146 2733 ,
1162 2710 1223 2729 cum
1242 2701 1390 2729 Manicltmo
1409 2707 1436 2730 et
1458 2702 1595 2730 Marcione
1621 2695 1788 2731 conteretur.

1004 2747 1051 2774 Sin
1071 2755 1135 2775 vero
1164 2756 1201 2779 ,εχ
1216 2756 1270 2776 ιιιιο
1286 2757 1346 2784 qua:
1359 2752 1432 2783 sunt,
1445 2749 1588 2785 suspendit
1600 2749 1702 2783 onmia,
1715 2751 1788 2784 quod

804 2835 813 2850 ⁸
833 2834 912 2862 Joan.
932 2842 1000 2867 xm.
1020 2834 1063 2862 i0.

1864 1768 1886 1802 δίη
1896 1772 1925 1799 ῥιω,

1876 1817 1910 1844 Cum

1861 1871 1902 1891 .tute
1911 1868 1923 1893 ri.

1859 1907 1922 1942 irritusl

1865 1963 1890 1981 r31:
1898 1968 1914 1986 tt

1866 2011 1921 2033 «ιτιηιιι

1870 2056 1885 2074 “li
1895 2050 1920 2077 l’o.

1871 2098 1875 2117 l
1885 2098 1922 2123 ltiti.

1871 2146 1900 2169 “iis
1908 2155 1923 2171 rl

1872 2192 1893 2213 Ἓξ
1905 2199 1925 2224 pn

1875 2239 1920 2263 ’ὶίιηωιι

1879 2287 1922 2310 Mur

1878 2329 1921 2356 "litua

1885 2374 1913 2399 ςτὲλι
