1934 3063
93 114 119 144 (9
173 130 178 136 ,
643 112 843 142 ADVERSUS
866 111 1025 144 GllrliCOS
1047 115 1119 145 LIB.
1142 115 1181 146 Ιῐ.
1682 120 1718 151 70

93 167 175 193 riu-itur
199 174 216 193 a
246 166 330 194 Filio
360 166 448 193 factus
469 173 539 198 esse,
575 167 607 193 ad
628 174 745 201 primum
770 174 880 193 causam
898 170 918 195 Α
934 173 1017 202 atque
1037 177 1071 196 οη
1085 170 1150 196 nino
1169 177 1200 196 ex
1226 169 1270 196 illa
1291 169 1408 204 pendere
1425 177 1516 203 causa,
1536 171 1616 204 idque
1634 173 1717 197 rat‘u-

92 211 240 237 relationem
264 211 365 238 liabet.
378 212 473 244 Itaque
488 211 539 238 etsi
557 212 650 238 omnia
668 219 714 245 per
739 211 837 238 Filinin
855 213 881 238 in

90 263 134 281 sua
159 257 309 289 producta
346 256 496 288 credimus,
525 257 645 282 omnium
675 260 764 290 tamen
797 257 880 284 Deum

90 307 187 326 ansam
207 307 279 328 esse
297 308 354 328 non
374 301 504 328 tollimus.
527 310 536 326 ι

113 346 137 372 lii
159 346 206 373 his
231 347 282 374 vir
307 352 425 374 sanctus
451 348 615 376 Eunomium
641 349 772 384 exagitat.
807 350 878 384 quod

90 392 183 418 interim
203 401 218 419 a
239 393 329 420 Patre
345 401 402 420 non
421 393 588 422 dixeritesse
598 394 730 429 Spiritum
743 401 878 423 sanctum.

88 438 123 464 Sin
136 446 205 465 vero
228 439 311 466 hunc
334 447 388 465 non
404 446 419 466 a
441 438 509 466 Filio
528 447 589 467 esse
610 441 745 471 crederet.
761 441 879 469 Basilius

90 484 188 511 {icilius
218 484 288 518 ejus
309 484 458 518 objectioni
484 477 622 512 obviasset
637 486 730 513 dicens
753 495 760 513 :
779 496 788 512 ‹
804 486 878 519 Quo-

89 531 145 555 eam
166 530 291 563 quidem
325 538 340 557 a
367 529 435 557 Filio
456 531 530 558 nulla
554 532 677 564 ratione,
691 539 763 564 esse,
787 532 878 565 habet,

88 575 217 606 quomodo
235 575 390 602 secundum
401 581 426 602 te
440 584 471 603 ex
488 577 544 603 solo
560 577 629 604 Filio
639 578 700 604 est?
717 588 726 604 i
745 578 877 606 Caeterum

87 623 102 646 it
117 622 238 656 quidem
259 631 316 649 non
334 622 413 652 dixit,
430 623 475 649 sed
493 632 553 649 i-rini
586 631 600 650 a
625 623 693 650 Filio
709 632 784 656 esse,
815 633 876 651 (‘lllll

86 676 120 699 7m
136 675 289 695 concesso
305 669 458 702 posuisset,
476 669 639 697 Eunouriuni
653 671 754 705 argnir,
777 672 848 706 quod
863 679 877 698 a

85 714 149 741 l‘aire
168 714 259 741 illum
275 722 338 741 esse
356 715 479 749 deneget.
497 716 534 742 Ac
561 716 702 751 deinceps,
727 725 757 744 se
783 723 877 745 contra

82 768 130 785 iam
149 767 290 791 armaris,
323 760 364 786 ait
382 769 388 785 :
409 771 416 785 ι
433 760 574 793 Quomodo
591 770 654 797 ergo
677 770 730 789 non
753 769 875 798 apertum

82 806 239 837 ;z‘rii‘.lllulll
255 810 308 836 est,
330 813 344 833 a
368 805 447 833 Patre
473 807 603 841 Spiritum
621 808 753 841 dividere,
774 810 798 836 id
823 814 874 842 cst,

933 214 1116 247 nempictalis
1143 215 1274 241 tradere:
1303 216 1508 249 concordatqiic
1531 216 1582 242 sibi
1607 222 1717 242 sant-ins

933 259 974 285 vir
991 260 1017 286 in
1038 260 1098 290 hoc,
1113 265 1193 294 atque
1213 261 1238 287 in
1255 261 1316 288 aliis
1331 261 1467 296 plerisque
1481 261 1558 288 locis.
1571 261 1608 287 Ε).
1620 262 1717 293 quibus

935 310 1056 333 constat.
1076 306 1206 340 Spii‘iluui
1230 311 1353 333 sanctum
1379 307 1490 332 relative
1506 305 1567 332 Filii
1585 306 1716 340 Spiritum

931 350 995 382 dici,
1010 357 1037 378 et
1057 352 1186 386 Spiritum
1203 352 1315 384 Christi,
1332 356 1360 378 ct
1378 351 1508 386 Spiritum
1532 353 1662 378 veritatis.

966 396 1105 431 Nyssentis
1146 405 1254 432 quoque
1289 397 1437 432 Gregorius
1475 405 1556 431 super
1593 399 1717 424 oratione

932 441 1084 475 Dorninica,
1117 452 1126 468 ι
1151 442 1327 477 Unigenitus,
1354 444 1451 478 inquit,
1493 444 1578 471 Filius
1603 453 1616 470 a
1638 453 1714 471 sai-ra

931 489 1071 522 Scriptura
1095 489 1261 520 nominatur,
1284 494 1364 523 atque
1392 491 1524 517 hactenus
1550 490 1622 516 illius
1651 497 1716 523 pro-

931 535 1030 568 prietas
1044 534 1169 562 traditur.
1189 535 1308 561 Sanctus
1323 540 1411 562 autem
1434 536 1552 570 Spiritus
1573 543 1604 561 ex
1636 535 1715 562 Patre

931 580 1040 612 dicitur,
1070 586 1152 614 atque
1177 588 1208 606 ex
1247 580 1314 607 Filio
1350 588 1410 607 esse
1453 588 1518 607 vero
1558 581 1713 606 testimonio

929 625 1069 652 asscritur.
1089 635 1098 650 ι
1117 624 1145 652 Si
1161 626 1221 660 quis
1237 631 1338 657 autem,
1363 634 1405 656 ex,
1426 626 1645 660 prieposiiioneni
1663 627 1713 652 hoc

930 669 955 696 in
981 670 1039 696 loco
1053 677 1068 696 a
1087 669 1250 702 quibusdam
1268 669 1401 704 adiectam
1416 676 1566 701 asseveret,
1596 670 1712 703 μ’ἰιιιιιιιι

928 716 1037 750 quidem
1069 716 1095 742 in
1122 716 1316 743 vetustissimis
1340 716 1540 750 exemplaribus
1557 717 1593 741 ita
1619 716 1713 742 liatcri

928 761 1075 791 invenitur,
1092 761 1133 787 vel
1149 761 1244 788 saltem
1260 761 1337 789 locus
1355 766 1480 793 notatur;
1502 761 1573 787 unde
1584 768 1647 795 quor
1656 769 1713 787 iirri-

928 806 990 832 dam
1007 806 1090 834 niinis
1107 806 1291 841 insipientium
1309 807 1449 834 hominum
1477 807 1630 834 temeritate
1652 814 1713 840 par-

81 859 129 876 rum
149 858 214 877 non
247 857 311 878 esse
333 859 348 877 a
364 851 418 877 Deo
445 857 470 879 ct
499 852 587 884 Patre,
615 855 791 885 contendere,
809 862 870 881 cuin

928 851 1008 878 ticula
1024 851 1068 878 illa
1084 852 1171 878 deleta
1188 851 1362 886 perspicitur.

81 897 325 931 suumquenobis
337 897 481 931 Apostolus
495 898 641 933 conjuncte
656 900 755 929 tradat.
764 905 790 926 et
804 909 876 928 nunc

78 943 206 975 καλὼ-πυ.
222 942 327 970 Christi
341 941 471 977 Spiritum
483 943 566 974 dicat,
577 952 648 971 nunc
663 950 752 972 autem
768 945 824 977 Dei.
840 947 876 973 ita

79 990 210 1016 yribcns
222 998 230 1015 :
244 988 274 1016 Si
287 989 347 1023 quis
359 994 447 1015 autem
463 989 592 1020 Spiritum
608 990 708 1018 Clit-isti
722 1000 772 1018 non
786 993 875 1025 liabet,

78 1037 107 1061 irir
133 1044 201 1062 nou
231 1040 270 1061 est
308 1034 364 1069 ejus
375 1035 396 1060 θ.
419 1035 458 1062 Ac
480 1042 591 1062 rursum
609 1044 616 1063 :
631 1037 686 1063 No:
709 1042 796 1064 autem
826 1046 876 1065 non

77 1082 206 1108 miriium
225 1081 304 1115 Irujus
326 1081 417 1107 mundi
435 1082 597 1116 accepimus,
625 1082 671 1109 sed
688 1082 818 1116 Spiritum
830 1085 875 1118 qui

75 1134 98 1151 ii:
120 1127 190 1153 Deo
204 1131 244 1152 ρει
262 1126 294 1153 ¹⁹.
313 1135 322 1152 ι

103 1174 168 1200 L'bi
203 1173 372 1205 notandum,
403 1173 465 1208 quia
495 1173 660 1201 Erinoinium
695 1174 872 1207 insimulatis,

73 1222 143 1252 quod
169 1219 323 1246 nonetiam
337 1227 351 1245 a
366 1218 444 1246 Patre
462 1219 594 1254 Spiritum
612 1220 725 1252 diceret,
744 1220 791 1248 s-sd
804 1221 874 1247 divi-

72 1268 151 1293 iii-ret
174 1274 189 1292 ει
224 1264 279 1292 Deo
308 1265 452 1299 Spiritum,
470 1266 528 1300 ipse
546 1266 619 1300 quod
649 1267 813 1301 conjunctus
827 1268 873 1300 sit,

72 1311 272 1338 Le~tiuioniuin
289 1318 323 1336 ex
342 1311 472 1344 Apostolo
485 1311 648 1344 produceus,
663 1311 715 1337 Deo
729 1318 754 1337 ei
766 1311 874 1338 Christo

71 1357 254 1392 ruiijiinctiin
287 1357 419 1390 Spiritum
453 1357 648 1388 commendat,
681 1357 732 1383 hoc
757 1361 818 1387 est.
841 1366 872 1384 cx

71 1406 208 1438 uirisque
222 1409 295 1429 esse.
312 1400 391 1432 Nam,
417 1401 440 1428 si
469 1408 483 1428 a
513 1400 567 1428 Deo
589 1401 682 1433 dividi,
703 1401 728 1428 id
757 1407 796 1428 cst
823 1409 873 1428 non

69 1457 136 1475 esse
155 1457 170 1474 a
189 1448 256 1478 Deo,
292 1447 421 1482 conjungi
437 1446 493 1473 Deo
510 1452 537 1473 ct
553 1446 673 1478 Christo,
688 1451 791 1474 constat
802 1447 872 1481 quod

70 1495 105 1520 ab
129 1494 205 1528 ipsis
230 1500 290 1519 esse
314 1492 457 1526 significat.
476 1490 543 1525 Ejus
564 1496 653 1518 :iuteni
675 1491 713 1518 rei
743 1492 872 1518 indicium

67 1545 128 1572 est,
152 1540 230 1573 quod
259 1546 321 1565 cum
351 1538 465 1565 dixisset
493 1537 639 1572 Spiritum,
667 1545 739 1564 nutic
762 1537 871 1571 quidem

67 1585 187 1612 Christi
206 1583 273 1616 dici,
299 1591 371 1610 nunc
387 1588 476 1610 autem
493 1582 552 1615 Dei,
568 1591 629 1609 cuin
651 1583 809 1610 testiiuo;rio
828 1583 873 1609 lir-

70 1638 157 1657 iiiare
175 1629 268 1660 vellet,
288 1628 424 1662 quomodo
437 1629 472 1655 sit
488 1628 535 1656 Dei
556 1629 629 1656 :Nos
655 1634 752 1660 autem,
771 1629 871 1663 inquit,

71 1685 132 1702 non
146 1675 275 1707 spiritum
292 1674 370 1706 hujus
388 1675 477 1701 mundi
501 1676 659 1709 accepimus,
676 1675 721 1702 sed
738 1674 869 1710 Spiritum

73 1721 127 1754 qni
145 1727 180 1745 ea.
208 1719 260 1745 Deo
284 1723 345 1745 est:
372 1720 458 1753 quasi
475 1720 641 1747 tantumdem
660 1720 746 1746 valeat
770 1719 871 1752 dicere,

76 1767 222 1802 Spiritum
243 1766 301 1800 Dei,
322 1772 348 1794 et
361 1766 490 1801 Sp'ritriiii
506 1767 552 1802 qui
571 1775 601 1794 ex
621 1768 675 1794 Deo
686 1772 738 1794 est.

115 1814 191 1840 tJuui
214 1813 297 1847 igitur
320 1813 491 1847 exposuisset
514 1813 698 1840 testimonium
716 1814 789 1848 quod
807 1821 873 1841 ron-

74 1863 178 1894 jniicte
196 1859 304 1886 dicatur
318 1859 436 1894 Spiritus
450 1863 573 1890 sanctus.
589 1864 615 1886 et
639 1859 758 1894 Spiritus
775 1859 833 1891 Dei,
846 1863 874 1886 et

78 1905 205 1940 Spiritus
213 1905 324 1936 Clirisli,
335 1905 550 1940 Apostoluinque
558 1906 754 1933 introduxisset
762 1910 871 1937 testem.

79 1953 165 1978 ct’azii
180 1959 212 1977 ex
228 1950 373 1983 Evangelio
384 1951 568 1977 testimonium
581 1951 612 1977 a.l
624 1952 673 1978 hoc
683 1952 872 1984 asserenduin,

84 2003 229 2023 ιιδιυιιιιιιηξ
250 1996 353 2026 voluit;
371 2003 402 2021 ac
425 1996 555 2029 deinceps
568 1996 606 2022 ait
624 2005 629 2022 :
661 2005 668 2020 i
687 1996 755 2023 Cum
780 2001 869 2022 autem

84 2044 157 2068 Luiic
178 2040 312 2067 Dominus
325 2039 456 2074 Spiritum
474 2041 595 2068 veritatis
608 2041 688 2071 dicat,
702 2041 758 2076 ipse
774 2041 874 2076 quippe

87 2092 127 2114 est
155 2086 268 2118 veritas,
291 2089 317 2112 et
338 2085 384 2119 qui
410 2093 424 2111 a
443 2085 521 2112 l‘atre
548 2086 677 2119 procedit.
697 2096 706 2112 ι
736 2086 784 2114 llic
801 2087 871 2114 idem

89 2141 184 2160 rursus
201 2132 338 2159 existimat
368 2131 499 2166 Spiritum
524 2132 650 2159 veritatis
674 2131 739 2165 dici,
761 2139 842 2166 atque
856 2140 871 2159 a

965 897 1076 930 Deinde,
1090 897 1159 924 nihil
1173 898 1223 924 sibi
1239 897 1379 924 insolitum
1402 897 1471 924 dixit
1488 897 1528 923 \‘ir
1556 897 1616 924 iste.
1635 897 1711 930 Quod

927 941 1000 969 enim
1011 942 1074 968 alilri
1087 942 1141 969 ait:
1156 942 1250 969 «Aliud
1264 942 1372 977 quidem
1383 942 1556 969 continenter
1570 950 1602 968 ex
1612 943 1709 976 primo,

927 989 1000 1016 aliud
1014 997 1077 1016 vero
1094 997 1140 1024 per
1155 989 1191 1022 id,
1204 989 1275 1023 quod
1287 997 1348 1016 esse
1360 989 1530 1015 continenter
1541 997 1572 1015 ex
1587 988 1684 1022 primo,
1699 997 1708 1013 ι

928 1034 979 1061 hoc
996 1035 1073 1069 aitet
1090 1035 1134 1061 hic
1150 1034 1356 1067 universaliler;
1368 1035 1468 1069 quippe
1482 1041 1574 1060 vei-uiri
1586 1037 1627 1060 est
1639 1034 1711 1068 quod

927 1080 1105 1107 essentialiter
1115 1088 1161 1113 per
1172 1080 1281 1114 aliquod
1294 1081 1430 1114 procedat,
1440 1084 1466 1106 ct
1477 1089 1522 1114 per
1535 1080 1622 1114 ipsum
1634 1080 1669 1106 sit
1680 1086 1712 1106 ac

927 1133 976 1159 per
987 1126 1075 1160 ipsum
1091 1133 1237 1160 processus
1259 1126 1360 1160 proprii
1389 1125 1593 1152 sulistantialr-nr
1614 1125 1667 1151 lrah
1684 1131 1711 1151 at

914 1171 1048 1202 iniodum,
1061 1171 1086 1198 id
1102 1172 1182 1198 etiam
1196 1179 1228 1197 ex
1245 1172 1303 1206 ipso
1319 1179 1388 1198 esse.
1407 1171 1463 1197 lnio
1475 1178 1594 1197 consona
1613 1170 1712 1197 Basilio

926 1216 994 1242 dixit
1007 1224 1013 1242 :
1024 1216 1071 1243 llle
1079 1216 1188 1250 quippe,
1199 1220 1228 1242 iit
1240 1224 1271 1243 ex
1288 1216 1423 1250 pra-dictis
1435 1220 1550 1248 cmrstat,
1567 1223 1610 1250 qui
1620 1215 1636 1242 d
1649 1223 1697 1242 san

926 1267 984 1289 itus
995 1263 1112 1296 Spiritus
1123 1261 1181 1288 Filii
1193 1261 1311 1296 Spiritus
1322 1262 1431 1294 dicitur,
1442 1262 1468 1288 in
1478 1261 1626 1288 substantia
1640 1262 1711 1288 illitis

927 1308 1069 1334 intellexit.
1089 1307 1167 1340 Quod
1194 1308 1265 1334 enim
1295 1307 1413 1342 Spiritus
1437 1307 1508 1340 Filii,
1539 1312 1566 1334 et
1592 1307 1710 1341 Spiritus

926 1353 980 1380 oris
995 1353 1054 1388 ejus
1070 1353 1180 1386 dicitur.
1198 1353 1268 1380 idern
1283 1361 1342 1380 esse
1352 1354 1402 1384 ait,
1418 1361 1449 1380 ac
1467 1354 1488 1379 si
1506 1353 1657 1382 diceretur,
1676 1360 1711 1378 ex

926 1400 1004 1426 Patre
1020 1399 1166 1433 procedere
1178 1407 1184 1431 ς
1195 1403 1276 1433 atque
1286 1406 1318 1426 cx
1334 1406 1378 1431 eo,
1395 1399 1468 1434 quod
1480 1399 1579 1425 dicitur
1594 1398 1712 1432 Spiritus

925 1445 997 1478 Filii,
1025 1445 1183 1480 hujusmodi
1211 1445 1245 1472 ad
1270 1452 1332 1471 cum
1352 1445 1544 1479 proprietatem
1574 1445 1710 1480 designari

926 1491 1057 1522 deﬁnivit,
1069 1491 1175 1525 qualem
1191 1490 1224 1517 ad
1242 1490 1349 1516 Patrem
1362 1498 1393 1517 ex
1412 1489 1502 1523 Putre,
1513 1490 1584 1524 quod
1599 1490 1710 1524 dicitur,

926 1536 1073 1572 procedere
1089 1535 1279 1569 commendat;
1297 1535 1475 1570 suliicereque
1495 1537 1542 1566 ait,
1557 1536 1629 1570 quod
1645 1536 1713 1563 dlci-

925 1587 970 1609 tur
984 1582 1103 1616 Spiritus
1119 1581 1190 1613 Filii,
1209 1586 1236 1608 et
1255 1582 1373 1616 Spiritus
1386 1582 1442 1609 oris
1455 1583 1513 1617 ejus
1525 1583 1556 1609 ad
1573 1582 1712 1609 insinuan-

925 1625 988 1653 duin
1015 1626 1196 1654 substantiam
1224 1627 1331 1660 ipsius;
1369 1634 1458 1661 neque
1489 1629 1580 1654 minus
1607 1627 1710 1661 aliquid

924 1672 1089 1706 siguilicare,
1110 1679 1172 1698 cum
1195 1671 1254 1698 Filii
1276 1671 1396 1706 Spiritus
1412 1672 1523 1703 dicitur,
1540 1680 1621 1707 quain
1647 1681 1708 1700 cuni

925 1725 956 1744 ex
992 1716 1047 1744 Deo
1061 1725 1123 1744 esse
1149 1717 1224 1744 illuni
1248 1717 1387 1745 audimus.
1415 1717 1461 1744 llle
1484 1718 1568 1752 igitur
1596 1719 1648 1745 hoc
1674 1719 1733 1745 ila-

924 1765 1059 1799 exposuit.
1083 1764 1142 1791 Pari
1170 1769 1259 1792 autem
1291 1764 1466 1799 intelligentia
1499 1766 1525 1792 id
1555 1767 1655 1793 dictum
1684 1772 1711 1794 el.

925 1809 1062 1845 Nyssenus
1077 1811 1192 1844 accepit.
1210 1820 1218 1836 ι
1239 1810 1307 1843 Quia
1330 1811 1417 1841 enim,
1438 1812 1543 1845 inquit,
1562 1813 1710 1846 Apostolus

925 1865 985 1884 eum
1001 1856 1060 1884 Filii
1082 1857 1226 1891 Spiritum,
1241 1857 1313 1884 sicut
1330 1861 1357 1884 et
1374 1858 1417 1884 Dei
1432 1858 1594 1889 nominavit,
1607 1866 1708 1885 secun-

925 1903 988 1930 dum
1006 1903 1131 1930 eumdem
1147 1910 1248 1929 morem
1265 1907 1307 1929 est
1325 1902 1442 1937 Spiritus
1467 1902 1539 1935 Filii,
1556 1905 1707 1930 secundum

926 1954 1006 1981 quem
1025 1950 1052 1973 et.
1084 1945 1129 1972 Dei
1157 1951 1183 1972 et
1206 1945 1305 1974 Patris.
1330 1945 1429 1973 Verum
1456 1946 1525 1977 Dei.
1555 1953 1582 1975 et
1622 1948 1710 1975 Patr-is

925 1994 1043 2028 Spiritus
1057 1994 1167 2025 dicitur,
1184 1994 1261 2026 quasi
1282 2001 1314 2020 ex
1338 1994 1398 2027 ipso
1414 1994 1560 2020 exsistrns.
1585 1993 1667 2028 Igitur
1684 1998 1711 2020 et

925 2040 985 2066 Filii
1003 2040 1148 2073 Spiritum,
1168 2044 1197 2066 ut
1222 2039 1267 2073 qui
1287 2048 1318 2065 ex
1344 2039 1403 2074 ipso
1426 2040 1471 2070 sit,
1489 2044 1512 2065 et
1529 2040 1561 2066 ab
1578 2040 1637 2073 ipso
1650 2048 1710 2067 esse

925 2087 1031 2117 haheat,
1048 2090 1161 2118 acet-pst.
1176 2085 1235 2110 Non
1249 2092 1314 2119 ergo
1331 2092 1402 2111 nova
1420 2085 1623 2119 nequeiiisneta
1645 2093 1709 2112 rore

923 2138 951 2159 et
968 2131 1144 2164 intelligentia
1161 2131 1256 2156 beatus
1271 2130 1321 2156 istc
1345 2138 1411 2157 usus
1420 2135 1460 2157 est
1476 2138 1483 2156 :
1500 2131 1546 2166 sed
1559 2137 1592 2157 ex
1610 2130 1710 2158 divinis

89 2178 166 2205 Patre
192 2179 340 2212 procedere
354 2185 362 2209 ;
379 2177 515 2211 pollicitus
535 2177 618 2209 en‘in,
640 2177 822 2204 lcslitllonittllt
843 2185 871 2204 se
889 2165 910 2192 θ
924 2177 1035 2204 Litteris
1048 2176 1192 2204 occasione
1206 2181 1324 2210 sumpta,
1335 2182 1518 2204 consentanea
1531 2177 1707 2212 iiiaguol‘atri

90 2223 236 2256 dicturum,
262 2225 332 2257 quod
348 2223 491 2257 conjuncta
513 2223 634 2257 Spiritus
651 2223 696 2249 Dei
719 2228 746 2249 et
768 2223 869 2249 Christi

56 2276 57 2296 l
90 2271 225 2297 diceretur
238 2277 246 2296 ;
261 2268 362 2296 Clirisli
379 2270 488 2304 quidem
502 2276 574 2299 esse,
592 2277 624 2295 ex
637 2276 679 2295 eo.
697 2268 768 2302 quod
782 2268 869 2302 Spiri-

56 2320 57 2336 1
93 2322 133 2341 Ius
142 2314 264 2341 veritatis
273 2314 361 2341 dictus
372 2319 427 2346 est;
442 2314 559 2341 ostendit
570 2319 660 2340 autem
670 2313 714 2340 Dei
726 2321 796 2346 esse,
806 2315 868 2348 quia

56 2362 57 2396 l
94 2359 209 2390 procedit
232 2366 246 2385 a
273 2358 373 2390 Patre;
401 2359 528 2392 quoniam
551 2359 644 2394 igitur,
667 2359 738 2393 quod
758 2359 869 2391 dicitur,

56 2402 57 2416 ‘
96 2405 205 2438 Spiritus
222 2403 279 2435 Dei,
301 2409 329 2432 et
346 2405 466 2439 Spiritus
478 2405 523 2440 qui
543 2413 575 2432 ex
598 2407 651 2432 Deo
671 2410 723 2438 est,
741 2411 767 2432 γι
789 2406 835 2440 qui
855 2413 869 2432 a

97 2448 168 2477 i‘atie
179 2451 308 2484 procedit,
325 2458 432 2477 causam
445 2452 592 2486 signiﬁcat,
608 2454 735 2486 quodque
750 2452 869 2486 Spiritus

99 2495 202 2527 chr-isli,
217 2500 244 2523 et
260 2495 377 2530 Spiritus
392 2496 465 2529 Filii,
481 2500 507 2522 et
527 2495 646 2531 Spiritus
669 2498 791 2525 veriiatis
818 2502 869 2528 est,

100 2546 121 2568 i-t
143 2542 249 2572 dicitur,
264 2549 372 2569 causam
393 2543 520 2570 similiter
543 2543 675 2570 ostendit.
699 2543 760 2570 lla:e
784 2543 870 2574 enini,

102 2589 125 2611 iit
141 2585 265 2619 magister
278 2586 333 2621 (28)
349 2587 451 2619 docuit,
464 2587 587 2615 eamdem
606 2588 707 2615 habent
722 2588 774 2614 viiii
788 2595 796 2622 ς
808 2587 868 2614 ideo

102 2635 169 2658 etiam
181 2631 247 2658 dixit
262 2631 390 2667 Spiritum
407 2638 533 2660 sanctum
559 2642 574 2660 a
596 2633 665 2660 Filio
680 2641 740 2661 esse
756 2633 867 2663 habere.

926 2224 1024 2251 Basilio
1045 2224 1152 2250 locutus
1166 2227 1217 2249 est.

962 2270 1078 2297 Sanctus
1109 2277 1216 2304 quoque
1234 2269 1371 2305 Cyrillus,
1396 2277 1479 2303 super
1507 2269 1570 2296 illud
1593 2277 1708 2304 evange-

923 2318 1023 2344 licum:
1038 2316 1124 2343 illium
1136 2316 1305 2343 Paracle'um
1321 2317 1393 2343 dabit
1411 2316 1481 2342 vobis
1493 2316 1583 2347 “,ait:
1596 2326 1604 2341 ι
1619 2317 1707 2342 Alium

923 2362 1031 2398 quidem
1046 2361 1215 2388 Paraclctuin
1233 2362 1364 2396 Spiritum
1384 2367 1481 2395 vocat;
1503 2370 1554 2389 una
1570 2363 1667 2397 quippe
1681 2363 1707 2389 in

924 2410 1046 2443 utrisque
1061 2408 1218 2435 substantia:
1235 2409 1314 2440 ratio,
1327 2417 1379 2435 non
1397 2413 1475 2435 extra
1490 2409 1578 2443 ipsum
1592 2416 1709 2443 ponens,

923 2455 969 2481 sed
982 2453 1125 2480 alteritrrtis
1141 2454 1251 2479 verbum
1264 2454 1289 2478 in
1306 2460 1338 2479 eo
1353 2452 1708 2486 solodans,quodSpiritus

925 2502 982 2534 ipse
1007 2500 1114 2535 propria
1141 2500 1293 2526 substantia
1319 2505 1403 2530 esset,
1431 2504 1512 2534 atque
1534 2499 1706 2526 subsisteret.

919 2545 1014 2580 Neque
1049 2545 1120 2571 enim
1149 2544 1237 2571 Filius
1266 2544 1383 2579 Spiritus
1408 2549 1460 2576 est,
1483 2545 1534 2571 scd
1553 2552 1614 2571 cuni
1647 2552 1708 2571 iere

923 2591 1086 2625 proprieque
1111 2590 1156 2620 sit,
1189 2595 1269 2624 atque
1297 2590 1440 2620 subsistat,
1469 2590 1529 2621 Iroc,
1566 2589 1637 2623 quod
1667 2593 1709 2616 est

926 2636 954 2662 in
972 2635 1023 2663 lidc
1047 2635 1247 2669 suSiipiciiius;
1265 2634 1383 2670 Spiritus
1403 2635 1475 2662 enini
1500 2639 1541 2662 est
1557 2634 1658 2667 Patris,
1680 2638 1708 2661 et

145 2719 153 2734 ’
169 2720 245 2747 ltum.
263 2728 320 2753 vni,
337 2721 362 2749 9.
404 2721 446 2767 τοι
461 2722 525 2750 Cor.
543 2731 572 2755 ii,
587 2722 629 2749 12.
670 2722 689 2738 ¹¹
708 2722 786 2751 Joari.
803 2732 858 2756 xiv,
877 2723 918 2750 l6.

132 2811 179 2846 (23)
199 2809 229 2838 S.
247 2811 371 2842 Basilius.
