1934 3063
146 122 180 156 ’11
774 112 971 145 MANUELIS
986 110 1138 142 (ΖΜ-ΕΟιῖ
1729 105 1765 136 ’ἶ2

153 180 224 208 Filii.
245 188 254 205 ι
273 178 322 206 llic
333 176 494 208 notandum,
518 174 589 211 quod
603 173 635 201 ad
648 172 858 205 ostendendum,
872 170 934 205 Spi-
951 172 971 200 Α
986 169 1135 197 secundum
1152 167 1225 202 quod
1239 167 1354 195 invicem
1369 166 1526 194 differentes
1538 168 1613 197 sunt,
1631 163 1764 195 refertur;

149 228 232 253 ritum
246 229 368 253 sanctum
379 222 594 251 snbsrantialitcr
607 227 677 252 esse,
688 224 769 252 alque
783 217 932 245 subsistere

150 272 212 303 hoc,
240 270 312 304 quod
339 273 391 300 est,
414 269 466 295 hoc
482 271 524 294 est
553 274 568 292 a
597 265 665 292 Filio
683 264 830 291 discretum
860 269 932 295 esse,

150 316 276 352 adjuuxit
291 324 299 343 :
315 324 326 341 ε
345 315 465 350 Spiritus
481 313 553 340 enim
572 316 614 339 est
631 316 657 338 et
673 310 770 342 Patris,
784 314 809 337 et
825 308 898 336 Filii.
909 312 929 334 ἰ

150 362 245 398 Itaque
277 369 339 389 eum
369 361 468 388 dicitur
500 358 620 393 Spiritus
650 356 723 389 Filii,
743 355 932 383 discretionem

151 409 296 443 quamdam
309 411 417 442 oportet
432 405 593 440 intelligere,
616 411 670 431 non
695 400 936 430 consubstantiali-

152 460 245 486 tatem,
261 457 290 480 ut
306 453 416 488 quidam
436 452 563 478 dixerunt
575 459 583 484 ;
595 449 655 483 etsi,
672 456 754 484 quain
767 447 894 478 maxime,
908 450 936 472 ut

151 501 254 527 dictum
270 503 322 530 est,
335 498 398 525 inde
413 496 686 525 consubstantialitas
701 494 836 530 sequitur.
849 492 936 520 Sicuti

152 551 177 572 et
190 546 296 572 aPatre
310 544 420 579 quidem
442 542 609 570 discernitur
625 541 753 575 Spiritus,
770 539 835 574 quia
852 538 938 573 ipsius

152 598 194 620 cst
214 592 344 627 Spiritus.
361 595 456 626 utpote
477 591 511 617 ab
528 590 588 624 ipso
604 588 751 624 prodicns;
769 587 828 621 ipso
847 590 937 614 autem

154 639 217 670 hoc,
234 638 306 672 quod
323 637 396 664 illius
415 641 457 664 est
476 635 604 670 Spiritus.
622 634 743 669 procedit
756 633 791 660 ab
805 633 860 664 illo,
874 640 941 660 con-

154 683 400 717 substantialisque
414 682 454 709 illi
471 685 523 713 est,
540 685 567 708 et
580 679 664 708 Filius
679 687 694 706 a
706 679 783 706 Patre
797 678 941 712 distingui-

154 734 209 760 tur,
225 728 374 756 secundum
387 727 459 762 quod
472 725 557 753 Filius
569 729 621 755 est.
634 733 666 752 ac
678 724 806 752 discretio
818 723 940 758 qttaedatn

156 774 278 806 signatur
288 781 320 800 ex
329 772 456 805 nomine;
471 779 504 799 eo
517 776 607 798 autent
622 765 691 805 ipso,
705 770 777 805 quod
789 769 875 796 Filius
887 773 940 800 est,

156 819 269 846 omnino
286 818 367 846 etiam
385 816 630 845 consubstantialis
647 820 700 843 est.

985 221 1074 247 neque
1092 213 1165 240 enim
1183 213 1216 239 ad
1230 211 1350 244 Patrem,
1363 211 1514 247 secundum
1530 210 1602 245 quod
1615 209 1695 237 Pater
1706 214 1746 237 est
1758 218 1764 236 :

983 265 1058 287 esset
1075 259 1149 286 enim
1165 258 1285 293 Spiritus
1299 258 1405 290 Filius;
1425 263 1515 291 neque
1537 256 1570 283 ad
1595 255 1705 286 Filium,
1724 263 1769 282 se-

985 305 1104 332 cundant
1124 304 1196 340 quod
1210 303 1295 332 Filius
1306 308 1348 331 est
1367 311 1374 330 :
1392 303 1425 330 ad
1441 302 1540 329 Filium
1556 302 1628 329 enim
1638 301 1678 328 sic
1690 300 1769 328 Pater

986 350 1104 378 refertur
1120 350 1206 378 solus.
1223 349 1317 383 Itaque
1340 347 1468 383 quoniam
1498 355 1580 374 unum
1600 346 1710 380 aliquod
1737 353 1770 372 ac

985 394 1098 430 simplex
1113 401 1166 428 est.
1181 397 1208 424 in
1233 397 1314 424 Patre
1351 403 1382 423 ac
1407 393 1486 426 Filio,
1506 394 1538 422 ad
1560 393 1631 429 quod
1656 394 1771 420 refertur

987 443 1116 477 Spiritus,
1132 443 1239 475 merito,
1253 448 1280 470 et
1306 441 1386 469 unica
1404 440 1535 468 relatione
1554 439 1587 466 ad
1611 446 1660 466 eos
1675 437 1771 466 referri

985 489 1119 517 ditendus
1135 495 1188 517 est.

1021 545 1135 580 Insuper
1148 545 1278 580 quoniam
1294 545 1366 573 idem
1381 549 1408 573 et
1429 551 1500 571 unus
1520 542 1640 578 Spiritus
1660 544 1772 568 sanctus

988 592 1186 622 indifferenter,
1197 595 1224 618 et
1250 591 1310 619 sine
1334 591 1424 626 aliqua
1446 589 1608 625 adjectionis
1629 588 1773 617 varietate.

986 636 1077 665 Patris
1099 644 1132 665 ac
1178 637 1238 665 Filii
1266 636 1384 672 Spiritus
1406 637 1515 668 dicitur,
1534 642 1645 663 necesse
1658 639 1710 666 est.
1733 640 1776 660 se-

987 684 1107 711 cundum
1125 683 1251 711 eumdem
1267 683 1390 716 modum,
1406 683 1489 710 etiam
1508 682 1650 710 amborum
1665 680 1699 708 sit
1712 688 1719 707 :
1730 679 1774 707 sin

990 730 1068 762 alias,
1086 729 1146 756 Filii
1159 730 1191 756 ad
1207 728 1315 756 Patrem
1332 728 1504 763 imrqnalitas
1526 726 1662 761 sequitur,
1678 725 1777 753 simili-

992 775 1148 809 ludinlsque
1168 773 1466 802 incommutalilelrinc
1483 773 1597 800 tollitur.
1616 770 1776 798 Sicutenim

942 840 950 842 -
989 821 1135 854 sapientia,
1160 819 1281 852 bonitas,
1307 819 1434 853 justitia,
1458 818 1677 852 conditionisque
1695 816 1777 848 ratio,

195 863 226 889 Et
241 862 369 896 quoniam
395 861 421 888 in
449 861 548 888 dirinis
570 859 694 895 personis
721 859 851 886 discretio
871 859 939 885 rela-

1004 867 1065 894 ‘atri
1084 866 1206 900 Filioque
1217 865 1374 897 distributa,
1389 865 1430 892 eis
1445 864 1551 895 itidem.
1565 867 1593 891 et
1608 862 1779 904 sine’varie—

158 909 258 936 tionem
278 908 428 934 secundum
454 912 564 933 causam
604 904 768 939 causaleque
797 903 941 938 significat,

158 953 231 989 quod
263 957 354 980 autem
380 952 480 979 dicitur
504 951 565 978 Filii
595 950 723 985 Spiritus.
749 949 942 977 discretionem

159 998 282 1029 indicat,
300 1001 418 1030 constat,
435 996 499 1031 quia
514 1004 575 1024 cum
590 996 704 1023 dicimus
723 995 854 1031 Spiritum
871 994 942 1026 Filii.

161 1044 320 1071 relationem
337 1043 486 1070 secundum
501 1049 624 1075 causam,
639 1046 721 1076 atque
731 1042 842 1076 ramale
851 1041 944 1076 signa-

161 1098 233 1117 mus.
263 1089 409 1116 Enimvero
433 1089 458 1115 id
486 1088 577 1115 dicere
599 1096 652 1114 non
667 1095 824 1122 possumus,
846 1087 944 1114 referri

161 1136 270 1170 quidem
287 1135 418 1169 Spiritum
433 1139 558 1161 sanetum
571 1133 602 1160 ad
615 1133 722 1160 Patrem
749 1137 776 1160 ct
787 1133 820 1160 ad
836 1132 945 1165 Filium,

162 1182 234 1210 idem
269 1189 342 1212 esse,
374 1181 445 1216 quod
481 1180 662 1215 proprietates
687 1179 786 1206 habere
814 1178 944 1213 Spiritum

161 1231 301 1260 sanctum,
326 1229 354 1254 ut
376 1226 408 1253 ad
437 1225 512 1260 ipsos
536 1224 692 1252 diﬁcrenter
722 1224 873 1256 referatur;
901 1229 948 1251 aut

163 1272 296 1307 Spiritum
315 1271 485 1299 diﬂ‘erentem
501 1270 658 1305 quempiam
669 1276 741 1302 esse,
751 1277 782 1296 ac
793 1269 947 1304 duplicem;

163 1321 210 1343 aut
229 1314 338 1346 Filium.
353 1322 406 1341 non
430 1314 581 1341 secundum
603 1313 765 1346 essentiam,
790 1320 873 1341 unum
889 1320 949 1340 esse

163 1369 225 1389 cum
238 1360 397 1394 Patrc,qu:e
410 1359 580 1387 idenlitatem
590 1358 651 1386 Filii
664 1359 697 1386 ad
714 1358 821 1386 Patrem
839 1358 948 1391 tollunt,

165 1414 305 1442 unumque
337 1413 369 1433 ac
395 1405 547 1438 simplicem
571 1404 689 1439 Spiritus
718 1412 886 1439 processum.
906 1413 950 1432 se-

166 1451 284 1478 cundum
311 1458 392 1485 quem
420 1450 453 1477 ad
466 1449 574 1477 Patrem
595 1454 622 1477 et
647 1450 747 1477 Filium
773 1451 950 1483 refertnr,cx

168 1497 247 1525 Patre
264 1505 312 1531 per
328 1496 425 1523 Filium
441 1495 602 1531 procedens,
616 1504 669 1523 ttna
682 1495 818 1524 auferunt.

204 1541 317 1572 Deinde,
341 1542 391 1570 etsi
407 1542 492 1569 Filius
507 1541 540 1568 ad
562 1541 670 1568 Patrem
707 1545 731 1569 et
755 1542 788 1569 ad
813 1541 948 1576 Spiritum
964 1548 985 1577 ε

169 1589 295 1621 refertur,
311 1594 338 1616 et
360 1587 440 1615 Pater
461 1588 553 1615 itidem
570 1588 603 1614 ad
623 1587 722 1615 Filium
745 1592 773 1615 et
797 1587 949 1622 Spiritum:

169 1633 215 1662 sed
232 1634 343 1661 omnino
360 1633 515 1660 luereticum
530 1637 584 1666 est,
598 1633 680 1660 etiam
690 1633 724 1660 de
741 1633 844 1668 Spiritu
857 1638 952 1661 sancto

170 1679 243 1707 istud
266 1685 372 1714 putare,
400 1683 430 1706 ut
455 1680 513 1714 ipse
539 1687 658 1714 quoque,
686 1680 794 1715 gemina
821 1680 953 1708 relatione

170 1724 276 1752 scilicet
304 1725 336 1751 ad
361 1723 469 1751 Patrem
494 1723 647 1759 Filiumque
662 1724 805 1752 referatur.
835 1725 953 1760 Spiritus

170 1771 242 1796 enim
255 1768 405 1795 secundum
431 1776 512 1795 unam
540 1776 572 1795 ac
584 1769 671 1796 solam
697 1769 867 1803 personalent
891 1776 955 1804 pro-

170 1815 315 1850 prietatem
343 1821 434 1845 suam.
451 1821 482 1842 ac
505 1814 656 1842 secundum
671 1815 744 1849 quod
770 1814 900 1849 Spiritus,
920 1814 953 1842 ad

171 1860 278 1887 Patrem
295 1859 413 1887 refertur
437 1864 465 1887 et
487 1858 603 1887 Filium:
628 1859 708 1887 Pater
721 1865 812 1888 autem
829 1866 856 1888 et
871 1860 955 1888 Filius

171 1904 205 1932 ad
222 1905 336 1932 invicem
349 1904 459 1939 quidem
475 1910 498 1932 el
521 1905 572 1940 ipsi
597 1905 787 1941 pcrsoualibus
803 1906 956 1941 proprieta-

172 1951 244 1978 tibus
258 1950 423 1978 referuntur.
442 1951 481 1977 Ad
492 1950 622 1986 Spiritum
638 1959 713 1985 vero,
726 1959 780 1979 non
792 1951 844 1984 liis,
862 1959 955 1978 rerum

172 1997 224 2024 alia
252 1997 394 2029 relatione,
418 2004 501 2031 quant
527 1996 714 2032 generationis
737 2004 770 2024 ac
794 1996 955 2026 nativitatis.

172 2042 362 2078 productionis
374 2041 555 2078 [spirationis]
570 2043 687 2075 scilicet,
701 2042 851 2070 secundum
861 2049 956 2077 quam,

175 2096 260 2116 unum
278 2092 344 2116 sttnt
361 2088 442 2115 Pater
464 2092 491 2115 et
513 2087 618 2120 Filius;
634 2088 687 2115 etsi
711 2087 767 2115 suis
789 2087 822 2115 ad
839 2087 955 2115 invicem

175 2134 337 2162 ditlerentiis
373 2134 497 2161 discreti.
527 2134 615 2167 Nam,
638 2134 789 2162 secundum
818 2133 892 2168 quod
914 2133 958 2160 ille

174 2181 265 2213 I‘ater,
278 2181 323 2208 hic
340 2179 424 2208 Filius
438 2185 490 2213 est,
517 2179 550 2207 ad
580 2180 698 2208 invicem
714 2180 801 2208 solum
817 2180 958 2207 dicuntur.

174 2226 269 2261 itaque
286 2226 342 2253 illic
359 2227 467 2261 quidem
482 2226 523 2254 fas
539 2231 591 2259 est,
614 2226 764 2253 secundum
788 2233 871 2252 unum
887 2225 960 2252 scili-
976 2227 997 2255 Ι)

175 2277 229 2303 cet.
244 2279 276 2298 ac
293 2272 382 2299 solum
401 2272 488 2306 ipsius
504 2271 674 2306 personalem
690 2277 860 2305 processum,
873 2269 960 2303 Spiri-

176 2321 235 2343 tum
257 2321 383 2343 sanctum
401 2316 435 2344 ad
459 2315 584 2347 Patrem,
604 2322 636 2342 ac
663 2314 761 2342 Filium
785 2315 902 2347 referre;
932 2314 959 2340 in

177 2363 255 2390 Patre
275 2369 356 2395 vero,
372 2362 406 2389 ad
423 2361 554 2396 Spiritum
566 2366 592 2388 et
610 2359 726 2388 Filium:
753 2367 785 2387 ac
804 2367 910 2392 rursus,
933 2359 960 2386 in

179 2408 249 2435 Filio
272 2408 306 2434 ad
337 2407 448 2434 Patrem
467 2410 493 2434 et
524 2405 655 2441 Spiritum
685 2409 823 2438 sanctum,
849 2405 962 2433 omnino

180 2452 350 2488 impossibile
361 2457 404 2479 est
418 2460 426 2485 ;
443 2458 542 2486 nempe
559 2451 644 2484 enim,
658 2451 709 2478 etsi
726 2451 815 2478 Patris
833 2458 961 2484 persona,

180 2507 233 2525 una
266 2506 327 2525 cum
343 2498 379 2524 sit
400 2505 432 2524 ac
451 2497 577 2531 simplex.
595 2496 628 2524 ad
654 2496 750 2524 Filium
775 2504 807 2524 ac
831 2495 961 2531 Spiritum

180 2544 307 2576 refertur,
322 2544 412 2570 dicere
435 2551 594 2578 possumus.
608 2543 737 2577 quoniam
757 2542 837 2570 Pater
851 2542 960 2578 quidem

179 2590 213 2616 ad
225 2589 382 2616 ditl'crentes
397 2595 529 2623 personas
557 2587 688 2623 Spiritum
706 2596 737 2616 ac
752 2587 849 2615 Filium
877 2589 962 2617 refero

180 2639 236 2667 tur,
246 2635 395 2662 sectrtrdum
412 2637 486 2669 quod
501 2640 564 2663 sunt
578 2643 701 2670 persona:
716 2635 885 2668 differentes,
903 2636 965 2664 ideo

181 2685 209 2707 et
222 2679 338 2707 refertur
349 2680 508 2708 differenter
518 2681 574 2716 (‘29)
587 2689 595 2714 ;
607 2681 724 2716 Spiritus
735 2685 823 2708 autem
841 2687 963 2714 sanctus,

181 2726 233 2752 etsi
257 2726 291 2753 ad
321 2734 453 2761 personas
486 2727 644 2755 differentes
668 2728 798 2760 refertur,
828 2729 874 2756 sed
909 2737 961 2755 non

993 916 1048 939 tate
1063 911 1225 944 redduntur,
1234 910 1349 944 ideoque
1365 917 1417 937 una
1431 910 1560 941 essentia,
1573 913 1666 943 et‘una
1680 908 1778 940 virtus,

992 963 1019 985 ct
1035 966 1108 986 unus
1125 957 1194 985 Deus
1213 961 1256 985 est
1272 965 1279 984 :
1300 958 1335 984 ita
1361 961 1389 984 et
1407 957 1433 983 in
1451 956 1554 991 Spiritu
1568 959 1674 986 sancto.
1688 963 1780 989 requa-

994 1005 1076 1032 Iitatis
1099 1003 1170 1031 ratio
1193 1002 1351 1031 necessario
1371 1002 1493 1029 habenda
1506 1006 1557 1029 est.
1578 1001 1651 1028 Alias
1667 1001 1778 1035 quippe,

994 1051 1064 1078 sicut
1075 1050 1102 1077 in
1120 1049 1185 1080 illis,
1205 1056 1266 1076 cum
1287 1055 1340 1076 non
1355 1047 1480 1076 similiter
1499 1047 1572 1074 Patri
1593 1046 1781 1074 redduntnret

995 1095 1085 1122 Filio:
1114 1094 1276 1126 diminutio,
1306 1093 1478 1127 varietasque
1506 1092 1632 1119 essentia:
1657 1091 1718 1118 Filii
1746 1092 1782 1119 ad

997 1139 1114 1172 Patrem,
1128 1139 1262 1175 sequitur.
1278 1143 1306 1165 ut
1323 1137 1426 1166 dictum
1446 1143 1504 1170 est,
1521 1138 1670 1179 secundum
1693 1138 1783 1164 Aria-

997 1193 1094 1214 norum
1108 1185 1319 1220 propositi0nem
1335 1194 1342 1212 :
1356 1183 1478 1219 profecto
1490 1187 1518 1211 et
1529 1183 1557 1210 in
1568 1188 1663 1211 sancto
1678 1183 1782 1218 Spiritu

997 1239 1058 1259 eum
1072 1231 1205 1258 ambobus
1221 1230 1358 1262 similiter,
1375 1237 1407 1257 ac
1424 1230 1484 1257 sine
1505 1229 1557 1255 ulla
1575 1228 1705 1255 varietate
1722 1229 1784 1255 red-

997 1277 1090 1308 datur,
1112 1277 1136 1304 si
1155 1284 1171 1304 a
1196 1276 1274 1303 nobis
1291 1275 1463 1303 dissimiliter
1505 1282 1537 1302 ac
1558 1274 1630 1300 varie
1649 1273 1784 1305 redditur.

998 1323 1071 1350 idem
1092 1321 1246 1350 necessario
1269 1321 1404 1356 sequitur,
1420 1320 1560 1354 multoque
1582 1320 1627 1347 hic
1654 1319 1783 1354 amplius,

999 1369 1130 1405 quoniam
1160 1374 1188 1396 et
1213 1368 1247 1396 de
1272 1367 1554 1396 consubstantialitate
1572 1366 1690 1402 Spiritus
1718 1365 1785 1401 ipsis

1000 1423 1090 1443 sermo
1100 1419 1152 1442 est.

1039 1472 1066 1500 Id
1087 1475 1111 1498 et
1137 1470 1258 1505 magistri
1283 1468 1412 1498 Ecclesiae
1432 1474 1588 1497 senserunt.
1609 1469 1655 1495 Ait
1684 1468 1787 1503 quippe

1002 1518 1121 1553 Cyr-illus
1145 1517 1333 1549 beatissimus,
1361 1523 1423 1542 cum
1452 1515 1518 1542 illud
1540 1518 1689 1549 exponeret
1705 1514 1794 1547 {Egrr

1004 1563 1099 1599 rogabo
1114 1562 1233 1594 Patrem.
1248 1567 1271 1589 et
1289 1562 1372 1588 alium
1399 1560 1567 1588 Paracletnm
1596 1560 1668 1587 dabit
1693 1560 1765 1587 vobis
1777 1568 1786 1586 :

1008 1620 1017 1637 ι
1037 1609 1082 1636 Dei
1105 1609 1177 1636 enirn
1199 1612 1227 1636 ct
1247 1607 1335 1635 Patris
1358 1607 1522 1634 naturalium
1541 1606 1676 1633 bonoruur
1694 1613 1789 1633 essen-

1007 1654 1107 1682 tialiter
1129 1653 1219 1681 socius
1242 1659 1421 1688 consorsque,
1451 1659 1514 1679 cum
1531 1652 1572 1679 sic
1590 1651 1685 1679 eodem
1707 1651 1789 1678 modo

1007 1700 1089 1727 habet
1102 1698 1244 1734 Spiritum,
1260 1705 1316 1734 quo
1329 1697 1430 1725 habere
1443 1705 1506 1724 cum
1521 1697 1601 1724 Pater
1617 1697 1789 1731 intelligitur.

1008 1754 1063 1774 non
1087 1746 1249 1778 inductum,
1278 1751 1367 1779 neque
1388 1745 1560 1772 extrinsecus
1588 1743 1737 1778 injectum,
1763 1743 1789 1770 id

1008 1794 1109 1828 quippe
1131 1791 1245 1824 sentire,
1267 1798 1382 1819 summa:
1405 1791 1522 1818 vesania:
1548 1794 1609 1823 est;
1629 1790 1687 1822 sed,
1709 1790 1790 1817 sicuti

1009 1837 1198 1873 unusquisque
1211 1843 1335 1865 nostrum
1356 1837 1496 1872 proprium
1522 1837 1574 1863 sibi
1593 1835 1717 1864 continet
1735 1834 1791 1869 spi-

1010 1883 1102 1915 ritum,
1135 1889 1215 1918 atque
1238 1891 1270 1910 ex
1290 1882 1394 1910 intimis
1421 1883 1573 1910 visceribus
1600 1883 1633 1909 ad
1656 1881 1791 1909 exteriora

1010 1928 1158 1962 profundit.
1180 1928 1295 1963 Propter
1317 1927 1369 1956 ltoc
1387 1928 1475 1963 ipsum
1499 1928 1617 1963 denique
1642 1927 1794 1956 insuiIIavit

1009 1974 1190 2008 carporaliter
1205 1973 1342 2007 Ciiristus,
1356 1973 1515 2007 ostendens,
1531 1975 1660 2009 quoniam
1675 1974 1746 2002 sient
1759 1981 1793 2001 ex

1011 2021 1131 2048 humano
1155 2027 1202 2048 ore
1230 2020 1350 2055 procedit
1382 2019 1560 2056 corporaliter
1587 2020 1721 2055 Spiritus.
1753 2020 1790 2046 ita

1011 2071 1038 2094 et
1056 2066 1084 2094 in
1107 2066 1198 2094 divina
1218 2066 1385 2098 substantia,
1402 2067 1448 2101 qui
1473 2074 1507 2093 ex
1527 2065 1586 2101 ipsa
1607 2069 1650 2093 est
1676 2065 1795 2100 Spiritus

1012 2111 1107 2140 deifice
1121 2112 1255 2148 digneque
1269 2111 1451 2147 profunditur.
1469 2121 1479 2138 ι

1047 2166 1121 2194 Idem
1140 2174 1236 2194 rursus
1256 2174 1317 2194 cum
1330 2167 1396 2194 illud
1413 2167 1598 2202 evangelicum
1622 2171 1794 2203 exponeret:

1013 2211 1048 2238 Et
1059 2212 1127 2239 Deus
1146 2217 1203 2238 erat
1228 2211 1351 2244 Verbum,
1384 2220 1394 2238 ‹
1416 2211 1476 2239 Non
1492 2220 1567 2247 ergo.
1580 2213 1685 2247 inquit,
1707 2214 1796 2240 minor

1013 2262 1067 2291 est,
1083 2257 1129 2292 qui
1146 2257 1271 2284 eamdem
1289 2257 1370 2284 habet
1380 2257 1551 2285 eﬂlcientiam
1567 2266 1648 2293 quatn
1660 2258 1796 2294 perfectus

1014 2303 1105 2336 Pater,
1123 2302 1310 2338 genitorisque
1338 2302 1470 2337 Spiritum
1495 2303 1577 2331 habet
1593 2304 1733 2338 proprium
1750 2311 1797 2331 na-

1016 2354 1084 2376 tura:
1099 2349 1202 2376 bonum
1223 2348 1381 2384 vivumque,
1393 2353 1421 2377 et
1447 2349 1500 2377 sibi
1525 2349 1741 2377 snbstsntialiter
1756 2350 1797 2377 iu-

1016 2396 1110 2429 situm,
1130 2395 1360 2431 quemadmodum
1377 2396 1503 2424 videlicet
1518 2401 1545 2423 et
1568 2395 1656 2423 l'ater.
1679 2406 1689 2422 ι

1051 2453 1111 2488 llic,
1119 2455 1142 2482 si
1152 2462 1247 2483 rursus
1256 2455 1320 2490 quis
1336 2455 1405 2482 duos
1419 2461 1566 2489 processus
1582 2454 1668 2482 sancti
1680 2453 1797 2488 Spiritus

1017 2509 1130 2537 ponens,
1150 2509 1234 2528 unum
1250 2501 1454 2536 intemporalern
1473 2499 1608 2535 [ἄχρονον]
1623 2507 1655 2527 ac
1671 2501 1798 2527 substan-

1016 2548 1118 2581 tialem,
1148 2547 1327 2580 temporalem
1355 2547 1470 2573 alterum
1497 2553 1548 2573 nec
1577 2545 1797 2579 substantialem,

1015 2593 1090 2620 Patri
1106 2591 1218 2627 quidem
1234 2591 1330 2618 ambos
1343 2590 1473 2625 assignet,
1492 2589 1560 2618 Filio
1574 2598 1638 2617 vero
1650 2590 1797 2618 secundum

1019 2646 1052 2667 ac
1070 2639 1261 2674 temporalem.
1279 2637 1431 2664 secundum
1456 2644 1538 2672 quem
1559 2641 1587 2664 et
1610 2637 1681 2664 mitti
1700 2636 1798 2664 dicitur

1019 2685 1053 2711 ab
1069 2685 1143 2719 ipso.
1155 2690 1183 2712 et
1197 2684 1269 2715 dari,
1285 2688 1313 2710 et
1332 2683 1449 2716 infundi,
1462 2689 1488 2710 et
1501 2684 1523 2710 si
1536 2684 1601 2719 quid
1617 2683 1690 2710 aliud
1707 2683 1799 2718 hujus-

1020 2730 1093 2757 tnodi
1108 2730 1143 2757 de
1159 2735 1234 2757 tanta
1249 2737 1277 2757 re
1297 2729 1352 2757 dici
1368 2729 1575 2766 convenientius
1595 2734 1692 2765 potest.
1710 2729 1799 2756 Pritno

219 2813 274 2850 (2.9)
287 2815 351 2851 [ιρις.
364 2815 444 2852 Grcg.
458 2818 491 2845 de
502 2816 636 2849 Valentia,
649 2821 716 2844 tom.
733 2817 741 2842 ι
757 2816 857 2844 Comm.
873 2816 941 2844 Ilico!

1008 2816 1099 2848 isc.‘2,
1115 2825 1142 2851 q.
1165 2818 1206 2845 Η).
1225 2827 1239 2849 ιι
1271 2820 1277 2825 “

1917 778 1925 791 λ
