1934 3063
101 116 135 130 πει

118 128 136 148 ὗ
681 128 880 158 ADVERSUS
899 129 912 157 ί

972 129 1056 159 ECOS
1076 131 1150 162 LIB.
1171 132 1212 162 Π.
1724 137 1738 165 7

102 178 214 213 quidem
235 179 267 207 id
294 180 398 216 legem
416 182 528 210 ferentis
543 186 585 210 est
598 183 672 219 (50);
687 192 774 218 neque
789 185 861 212 enim
878 185 928 211 ida
942 185 965 215 Α
980 187 1088 214 etiamsi
1106 195 1158 215 non
1183 187 1350 224 intelligatur
1368 196 1428 216 esse
1450 189 1546 221 Pater;
1563 191 1653 218 omnia
1669 199 1759 220 autem

102 233 249 259 quoquam
286 234 465 256 sanctorum
494 229 597 256 dictum
622 234 676 262 est,
706 234 788 264 atque
804 238 856 257 una
875 231 925 258 hoc

101 272 190 305 ipsum
207 271 241 299 in
266 273 388 308 primis
404 279 457 307 est,
482 274 554 309 quod
577 274 710 303 minorem
727 275 807 304 Patre
827 276 924 303 Filium

100 317 241 346 ostendit.

136 363 255 391 Deinde
300 373 369 392 non
388 365 490 393 dicitur
518 369 624 392 tantum
643 374 650 392 :
667 364 735 397 Quia
761 373 809 400 per
833 366 922 401 ipsum

100 408 239 439 mittitur.
260 415 297 437 et.
316 410 406 438 datur
418 419 427 443 ;
439 411 496 443 sed,
514 410 583 444 Quia
604 412 686 438 etiam
701 411 838 446 procedit.‘
851 412 923 446 quod

100 455 234 488 profecto
247 457 480 484 substantialem
514 458 600 484 sancti
627 458 745 490 Spiritus
765 465 922 492 processum

99 499 208 535 signat,
227 503 287 536 qui
305 503 396 530 etiam
417 508 539 530 aeternus
563 508 646 538 atque
661 508 724 530 ante
749 504 847 530 sascula
863 512 922 531 cre-

98 546 188 573 ditur.
223 547 293 574 Sed
316 549 393 576 enim
413 549 469 582 jam
496 555 579 582 supra
603 548 773 576 declaratum
790 555 843 582 est,
863 557 922 583 qua:

99 592 233 627 ineptiae.
249 601 328 628 quae
345 593 457 629 indigna
480 594 639 628 hujusmodi
663 594 789 622 homines
805 603 923 629 Sequan-

99 642 158 664 tur.
176 638 308 666 Praeter
325 639 352 666 id
366 646 494 674 namque,
525 639 599 674 quod
623 639 693 666 Filio
713 640 829 668 ministri
846 641 922 668 ordi-

99 692 165 712 iem
187 685 366 719 assignant,
381 686 463 712 etiam
477 685 630 713 accidentia
648 687 796 714 secundum
815 691 921 722 tempus

99 730 175 757 Filio
192 739 233 759 ac
270 731 406 766 Spiritui,
429 731 719 767 imperiectioncm‘que
745 733 827 761 simul
853 734 922 762 assi-

98 784 193 810 gnare
215 780 379 811 cogentur.

138 820 203 848 Sed
222 828 267 848 ne
286 820 316 847 in
331 820 380 847 has
396 827 483 854 nugas
506 820 676 852 decidamus.
706 821 851 849 dicendum
879 827 921 850 est

99 866 286 893 secundum
316 872 446 900 magnum
465 865 603 893 basilium
621 867 698 901 quia,
715 867 787 901 quod
813 875 844 894 cx
863 867 920 895 Deo

100 911 264 944 procedit,
283 918 335 937 non
351 910 474 945 procedit
489 910 516 937 in
534 916 667 945 tempore,
683 911 791 939 etiamsi
810 913 836 939 in
853 918 921 940 tem-

102 964 179 990 pore
198 955 276 990 ejus
302 954 420 982 eﬂicacia
445 959 593 989 appareat;
606 960 634 982 et
646 956 711 990 quia
725 957 874 984 secundum
894 958 919 985 id

104 1000 240 1034 quidem
276 999 350 1034 quod
369 999 480 1031 dicitur,
505 1007 538 1026 ex
557 1007 619 1034 quo,
650 1000 746 1028 unicus
763 1009 919 1036 processus,

104 1045 288 1072 secundum
303 1052 368 1072 vero
386 1044 412 1071 id
429 1045 501 1079 quod
517 1045 631 1078 dicitur,
650 1048 677 1072 in
696 1046 775 1080 quod,
795 1047 918 1081 geminus

105 1097 181 1117 esse
223 1089 382 1117 secundum
415 1094 537 1117 nostrum
563 1090 686 1118 habitum
703 1092 870 1126 agnoscitur,
891 1099 919 1120 ct

109 1143 251 1171 quaeque
264 1135 315 1162 alia
334 1143 413 1170 supra
428 1136 499 1163 dicta
516 1140 589 1164 sunt.
603 1136 764 1172 Quanquam
779 1143 916 1173 nunquam

112 1189 129 1208 a
148 1180 235 1208 Filio
252 1181 372 1213 daretur,
394 1180 446 1208 nisi
464 1181 497 1208 ab
516 1181 574 1216 ipso
588 1187 672 1210 esset.
696 1192 705 1209 i
723 1184 744 1210 Δ
765 1191 819 1218 quo
832 1183 917 1218 enim,

115 1227 159 1254 ait
192 1234 315 1261 magnus
339 1226 519 1258 Athanasius,
535 1227 594 1254 dari
613 1228 757 1262 oportebat
774 1229 916 1264 Spiritum,

117 1271 178 1297 nisi
196 1271 238 1297 ab
250 1279 292 1302 eo,
303 1271 383 1305 cujus
398 1269 455 1297 eet?
474 1279 483 1296 ι
498 1271 572 1298 Alias
588 1272 689 1307 quippe
707 1273 831 1301 minister
845 1280 918 1302 esset

120 1315 233 1343 Filius.
251 1315 281 1343 Et
297 1321 380 1349 certe,
407 1316 430 1343 si
451 1316 570 1350 priorem
591 1317 669 1344 illum
684 1320 915 1354 ‘substantialem-

121 1371 187 1398 que
200 1371 369 1398 processum,
391 1364 543 1392 secundum
561 1372 643 1399 quem
669 1365 703 1393 ab
726 1374 759 1394 eo
782 1368 917 1402 procedit,

125 1410 223 1436 l'ater
247 1411 316 1444 apud
342 1410 461 1445 seipsum
483 1411 562 1445 quasi
592 1419 647 1438 non
660 1418 831 1440 communem
848 1413 917 1440 Filio

124 1461 267 1486 servaret,
285 1455 478 1490 inissionisque
498 1457 685 1484 tantummodo
704 1457 779 1485 illum
791 1466 914 1486 commu-

123 1500 218 1527 nione
242 1501 415 1534 dignaretur;
444 1509 476 1528 ex
497 1509 623 1529 mensura
652 1510 717 1538 ergo
739 1504 816 1531 daret
835 1503 915 1531 Pater

123 1544 203 1572 Filio
218 1545 359 1580 Spiritum,
385 1551 411 1573 et
433 1554 499 1580 non,
521 1551 551 1574 ut
566 1546 685 1582 Baptista
708 1547 792 1582 dixit,
808 1557 860 1576 non
881 1550 914 1576 ad

124 1599 286 1618 mensuram
303 1592 335 1619 ".

163 1637 305 1665 Praeterea
333 1638 467 1674 siquidem
497 1640 590 1667 missio
606 1639 681 1667 Patri
698 1639 823 1676 Filioque
842 1649 917 1669 coni-

122 1685 225 1711 munis
239 1684 284 1716 sit.
300 1686 448 1719 processio
467 1693 531 1719 vero
549 1694 564 1713 a
577 1686 656 1714 Patre
669 1688 741 1720 solo,
758 1695 813 1714 non
840 1696 916 1715 coni-

123 1731 291 1759 municaiite
318 1732 369 1759 sibi
395 1733 472 1766 Filio,
488 1735 580 1761 omnia
603 1735 721 1768 quidem
732 1735 793 1762 Filii
824 1736 915 1764 Patris
936 1744 938 1747 ·

121 1782 228 1809 erunt;
247 1785 299 1803 non
315 1782 404 1804 autem
420 1779 509 1805 omnia
533 1778 620 1806 Patris
635 1786 662 1807 et
681 1779 754 1807 Filii.
769 1779 830 1808 Non
850 1789 915 1816 ergo

123 1831 225 1852 verum
255 1824 317 1855 erit,
341 1824 414 1858 quod
439 1832 453 1851 a
485 1825 598 1852 veritate
632 1826 689 1860 ipsa
719 1827 818 1854 dictum
849 1832 913 1855 cst:

126 1869 229 1897 Omnia
245 1877 301 1896 mea
320 1875 365 1895 tua
389 1875 460 1902 sunt,
476 1876 499 1897 et
520 1876 566 1897 tua
594 1879 651 1898 mea
664 1877 726 1898 sunt
739 1872 815 1900 ".Et
829 1873 912 1902 illud:

126 1915 241 1947 Omnia,
256 1923 314 1950 qua:
327 1914 402 1942 habet
423 1915 515 1948 Pater,
532 1924 589 1943 mea
602 1922 662 1943 sunt
681 1917 712 1950 ",
728 1919 799 1952 quod
815 1918 913 1946 absur-

124 1961 272 1987 dissimum
287 1965 339 1992 est,
357 1966 572 1996 sanctorumque
587 1963 729 1990 sententiis
742 1964 850 1998 penitus
867 1965 914 1992 ad-

126 2014 249 2034 versum.

166 2053 211 2079 Ait
230 2053 303 2080 enitn
319 2053 436 2088 Cyl-illus
450 2054 626 2082 beatissimus
646 2063 728 2091 super
742 2056 828 2083 illud:
846 2056 911 2084 0m-

127 2098 176 2123 nin
201 2105 258 2132 qua:
274 2098 348 2125 habet
368 2098 457 2131 l'ater,
486 2107 543 2125 mea
563 2105 634 2127 sunt.
655 2110 668 2132 _i
688 2099 805 2129 Fructus
829 2103 911 2138 igitur

127 2148 155 2167 i~:
175 2143 257 2174 li,;ura
273 2150 400 2177 expressa
424 2149 543 2177 paterna:
563 2144 720 2172 substantia:
746 2145 829 2174 Filius
849 2155 909 2174 cuin

978 232 1097 266 perfecte
1112 235 1137 260 in
1155 235 1247 269 seipso
1274 235 1387 268 habens,
1404 244 1464 270 quae
1480 243 1543 264 sunt
1560 245 1682 272 persona:
1694 240 1759 266 sub-

977 278 1082 304 stantim
1100 280 1206 313 propria
1219 286 1300 314 atque
1315 282 1461 315 praecipua.
1480 292 1488 307 i

1011 322 1082 350 idem
1099 332 1180 359 super
1191 325 1254 352 illud
1272 335 1278 351 :
1291 325 1363 352 Sicut
1378 332 1405 353 ιιι
1415 336 1454 354 me
1469 329 1564 356 misisti
1581 330 1606 357 in
1617 332 1756 364 mundum,

979 378 988 394 ι
1004 369 1148 402 Quoniam,
1164 372 1306 405 inquit,”
1319 372 1409 405 Palrc,
1423 379 1449 400 et
1462 375 1487 400 in
1503 374 1592 405 Patre.
1609 377 1756 404 secundum

975 420 1102 442 naturam
1121 422 1162 444 est
1178 417 1273 448 Filius.
1304 419 1410 446 fructus
1433 421 1569 447 cxsistens
1592 430 1673 449 vertis
1691 425 1758 451 sub-

975 460 1082 488 stantiae
1099 463 1193 496 ipsius,
1212 463 1299 491 Patris
1316 466 1456 500 proprium
1484 467 1615 501 Spiritum
1636 469 1687 496 sibi
1708 477 1757 503 per

975 511 1098 533 naturam
1113 508 1240 536 vindicat.
1267 519 1276 534 ι

1009 551 1061 578 Sed
1091 557 1118 579 et
1143 561 1255 589 magnus
1283 555 1399 584 Basilius
1424 558 1451 584 in
1477 558 1523 585 lib.
1542 558 1578 585 De
1598 559 1661 592 ﬁde,
1677 560 1756 594 cujus

974 595 1081 624 initium
1097 604 1137 624 est
1154 608 1160 625 :
1179 593 1225 626 Dei
1240 601 1342 635 quidem
1357 603 1503 629 meminisse
1514 603 1627 638 jugiter,
1650 615 1659 630 ι
1672 605 1757 632 Filius

973 641 1093 676 quidem,
1115 644 1215 679 inquit,
1229 651 1257 672 ut
1276 646 1371 679 Filius,
1397 649 1567 681 naturaliter,
1588 659 1646 684 qua:
1666 651 1756 678 Patris

973 692 1037 714 sunt
1055 689 1194 723 possidet;
1215 695 1244 717 ut
1260 697 1348 720 autem
1365 692 1545 728 Unigcnitus,
1563 697 1655 724 omnia
1674 697 1755 725 habet

972 731 999 758 iii
1015 734 1106 768 scipso
1118 735 1246 763 collecta.
1269 747 1278 763 ι
1316 769 1322 772 _
1391 736 1394 738 ⁷

1009 779 1036 806 Si
1056 788 1120 815 ergo
1133 783 1235 814 omnia,
1251 791 1311 818 quae
1338 784 1419 812 habet
1434 785 1513 814 Pater
1533 787 1603 814 bona
1619 789 1753 823 praecipua

971 829 998 851 et
1014 827 1122 860 propria
1138 826 1235 859 Patris.
1257 833 1284 856 et
1296 829 1382 858 Filius
1395 831 1489 859 itidem
1501 833 1591 867 habet,
1602 836 1754 869 praecipuus

971 875 1061 898 autem
1076 876 1120 899 est
1136 873 1253 908 Spiritus
1276 876 1382 910 vivens,
1409 883 1436 905 et
1452 879 1669 908 substantialiter
1689 883 1754 909 insi-

971 920 1025 950 tus,
1041 918 1118 953 isque
1136 921 1242 955 proprie
1261 921 1322 949 Filii
1342 928 1446 951 natuita
1463 925 1562 953 bonurn
1574 934 1635 954 esse
1647 936 1662 954 a
1678 929 1754 956 theo-

970 963 1039 997 logis
1050 966 1193 999 asseritur,
1213 969 1339 1001 quamvis
1351 970 1433 997 etiam
1454 976 1551 1004 praeter
1567 973 1674 1001 Patrem
1691 982 1754 1002 esse

969 1008 1068 1041 solum,
1086 1012 1175 1038 omnia
1190 1020 1249 1047 quae
1262 1013 1351 1042 Patris
1365 1022 1425 1054 sunt
1438 1015 1536 1044 Filium
1550 1017 1649 1046 habere
1659 1020 1751 1047 itidem

969 1061 1153 1090 asseveratur,
1167 1064 1275 1086 constat
1288 1061 1410 1094 profecto
1423 1063 1486 1097 quia
1501 1068 1527 1091 et
1536 1064 1595 1091 Filii
1610 1071 1650 1093 est
1667 1064 1753 1100 Spiri-

969 1105 1014 1127 tus
1030 1106 1152 1134 sanctus,
1171 1104 1243 1131 sicut
1258 1110 1284 1132 et
1299 1105 1398 1140 Patris,
1413 1115 1444 1135 ac
1461 1111 1609 1137 secundum
1626 1113 1751 1139 eumdem

970 1146 1092 1175 modum.
1111 1148 1185 1177 Alias
1202 1141 1275 1177 enini
1291 1160 1397 1180 summa
1417 1155 1462 1182 illa
1480 1163 1541 1182 cuni
1556 1157 1635 1184 Patre
1653 1159 1751 1186 identi-

969 1197 1023 1220 tale
1038 1198 1065 1219 et
1081 1194 1353 1225 incommutabililate
1368 1198 1465 1226 Filium
1481 1202 1699 1231 excltideremus.

1004 1238 1103 1266 Verum
1114 1262 1121 1273 ,
1137 1241 1187 1268 etsi
1202 1243 1325 1271 eamdem
1340 1247 1518 1274 substantiam
1542 1248 1621 1276 habet
1633 1255 1660 1277 et
1671 1250 1750 1278 Pater

969 1287 996 1310 ct
1014 1283 1109 1317 Filius,
1126 1286 1197 1313 sicut
1213 1287 1240 1314 in
1256 1288 1347 1323 divina
1368 1291 1411 1318 illa
1428 1292 1686 1330 simplicissimaque
1702 1305 1749 1323 na—

969 1335 1029 1357 tura
1041 1331 1119 1365 digne
1133 1333 1234 1361 habere
1248 1335 1418 1371 intelligitur,
1429 1339 1551 1366 eamdem
1564 1344 1654 1368 tamen
1671 1342 1750 1370 Pater

968 1375 1004 1401 ita
1024 1375 1115 1408 habet,
1133 1382 1187 1404 uta
1203 1379 1278 1406 nullo
1291 1382 1439 1415 accepisse,
1456 1390 1515 1409 cum
1532 1384 1592 1412 sine
1606 1393 1688 1414 causa
1703 1390 1748 1419 sit,

968 1419 1157 1455 intelligatur:
1175 1421 1261 1450 Filius
1278 1429 1366 1452 autem
1387 1428 1510 1455 eamdem
1526 1429 1561 1456 ita
1581 1430 1670 1465 habet,
1692 1438 1749 1462 uta

967 1465 1047 1493 Patre
1076 1469 1229 1501 acceperit,
1261 1475 1290 1497 ut
1314 1479 1448 1505 acatisa,
1476 1473 1590 1510 Filiique
1617 1479 1748 1506 rationem

968 1512 1103 1539 nascendo
1124 1514 1175 1541 sibi
1190 1515 1386 1545 -vindicaverit.
1409 1518 1540 1547 Similiter
1562 1528 1652 1550 autem
1675 1530 1702 1552 et
1716 1526 1749 1552 de

969 1555 1073 1590 Spiritu
1093 1558 1256 1595 dicendum,
1274 1564 1346 1597 quod
1363 1565 1484 1592 eamdem
1503 1575 1564 1594 cum
1583 1569 1637 1597 illis
1654 1571 1749 1598 habeat

968 1603 1166 1638 substantiam,
1185 1615 1199 1634 a
1223 1608 1301 1636 Patre
1321 1611 1429 1644 quidem
1454 1613 1618 1647 procedens,
1642 1623 1656 1643 a
1680 1615 1749 1644 Filio

967 1652 1058 1675 autem
1088 1652 1223 1686 accipiens
1247 1656 1441 1689 cauSabilitcr,
1465 1658 1517 1685 huc
1541 1665 1582 1686 est
1606 1669 1748 1694 processus

967 1694 1074 1722 ratione
1088 1705 1094 1723 :
1115 1698 1171 1724 sive
1184 1707 1216 1725 cx
1232 1698 1311 1727 Patre
1325 1710 1372 1735 per
1386 1702 1483 1730 Filium
1501 1707 1651 1734 secundum
1668 1717 1746 1736 suiiui

967 1738 1173 1768 substaiilialcm
1186 1751 1356 1779 procoSsuin,
1377 1749 1526 1775 secundum
1537 1758 1615 1777 uttcm
1627 1759 1658 1779 ex
1669 1753 1748 1781 Patic

966 1791 1028 1813 esse
1041 1793 1088 1819 per
1105 1785 1201 1814 Filium
1218 1791 1360 1818 asseritur.
1548 1785 1552 1789 ’

1001 1829 1095 1859 Dicere
1115 1838 1224 1862 autem:
1243 1835 1270 1862 Si
1288 1839 1380 1865 omnia
1397 1839 1486 1869 Patris
1505 1842 1584 1870 habet
1599 1844 1700 1879 Filius,
1718 1851 1746 1872 ct

965 1874 1050 1903 Filius
1066 1880 1222 1906 necessario
1239 1881 1293 1914 jam
1317 1883 1397 1911 Pater
1413 1893 1471 1919 cst;
1491 1887 1630 1916 hominum
1647 1895 1687 1917 est
1700 1899 1746 1924 pa~

965 1926 1025 1946 rum
1041 1922 1210 1951 considerate
1230 1925 1410 1961 loquentium,
1432 1931 1635 1967 Salvatorisque
1651 1922 1745 1962 delen-

965 1965 1032 1992 tiuni
1049 1975 1152 2001 vocent,
1166 1978 1196 1996 ac
1209 1979 1388 2004 personarum
1403 1977 1526 2004 ordinem
1543 1981 1655 2007 omnino
1669 1982 1746 2016 igno-

963 2011 1094 2041 rantium.
1126 2014 1218 2049 Neque
1242 2018 1312 2045 cnim
1337 2020 1393 2054 jam
1419 2027 1491 2050 esset
1519 2023 1604 2053 Filius
1637 2027 1745 2061 Filius,

962 2063 1051 2091 neque
1074 2059 1152 2086 Pater
1171 2060 1258 2094 Pater,
1277 2064 1323 2090 sed
1356 2064 1433 2092 inista
1464 2069 1554 2095 omnia
1581 2075 1608 2097 et
1629 2059 1744 2100 contusa

962 2106 1284 2140 essent,proprietatibus
1322 2111 1445 2141 sublatis.
1457 2113 1589 2141 Caeterum
1621 2125 1743 2151 constat,

963 2149 1078 2177 servatis
1096 2155 1200 2178 tantum
1219 2154 1439 2190 proprietatibus,
1451 2166 1512 2192 quac
1526 2167 1657 2194 personas
1671 2171 1744 2191 com-

128 2188 177 2217 sit,
196 2188 296 2219 omnia,
312 2196 371 2222 quic
385 2188 471 2223 ipsius
486 2195 549 2215 sunt
564 2197 613 2224 per
633 2195 769 2222 naturam.
784 2193 835 2220 sibi
852 2194 907 2220 vin-
926 2187 947 2213 D
963 2195 1101 2226 tneiidaiit,
1123 2198 1226 2232 reliqua
1243 2201 1332 2227 omnia
1360 2210 1419 2230 esse
1436 2207 1602 2233 communia.
1620 2209 1743 2245 Νςιιιιιιιιιι

130 2233 217 2245 ,Ιζλ..ιι.
235 2232 334 2245 Ζ.Ιι.ἕ..,.η
349 2235 382 2245 -ἔι
404 2242 410 2245 .
431 2235 524 2245 n,..t.:_
567 2243 621 2245 _,,_
640 2236 647 2245 ι
676 2237 682 2245 ι
709 2243 712 2245 .
748 2237 765 2245 n
789 2243 792 2245 .
964 2241 969 2245 .
984 2240 988 2245 .
1025 2241 1041 2245 -κ
1092 2242 1097 2245 .

129 2233 219 2264 dirat;
234 2232 336 2259 idcirco
348 2235 386 2259 ait
404 2242 410 2259 :
430 2235 536 2266 Omnia,
562 2243 622 2270 quae
636 2236 713 2263 liabet
743 2237 834 2269 Pater,
853 2247 909 2265 mea

129 2282 211 2309 ιιηιυ
229 2277 285 2303 ideo
303 2278 359 2304 dixi
381 2280 464 2310 vobis,
482 2280 544 2314 quia
557 2280 588 2306 de
610 2289 666 2307 meo
684 2283 802 2316 accipiet,
821 2289 844 2310 et
860 2292 908 2310 an-

130 2323 263 2348 nniitiabit
293 2323 375 2355 vobis,
401 2325 520 2358 Spiritus
541 2326 656 2360 scilicet,
672 2329 718 2362 qui
751 2337 797 2363 per
821 2329 909 2364 ipsum

130 2374 211 2402 atque
230 2369 257 2395 iii
277 2370 335 2403 ipso
349 2375 400 2396 est.
420 2380 429 2396 ι

166 2413 198 2440 Et
213 2414 282 2441 idem
300 2423 394 2442 rursus
409 2425 491 2451 super
502 2417 567 2444 illud
584 2427 591 2445 :
605 2418 660 2445 Hoc
669 2427 723 2446 erat
740 2421 765 2447 in
777 2422 908 2456 principio

132 2458 201 2492 apud
220 2459 314 2490 Deum.
334 2470 342 2485 ι
361 2461 456 2494 Deum,
479 2463 577 2497 inquit,
595 2471 688 2491 verum
711 2473 743 2492 ex
761 2467 815 2494 Deo
831 2468 909 2495 l'atre

132 2512 196 2531 vero
209 2506 332 2539 genitum
352 2509 471 2541 seipsuni
503 2508 661 2544 Unigenitus
681 2514 826 2540 ostendens
841 2515 878 2540 ait
900 2523 906 2540 :

134 2550 239 2581 Omnia,
254 2559 311 2584 qua?
331 2552 405 2579 habet
432 2553 524 2586 Pater,
541 2563 598 2582 inea
621 2561 700 2589 sunt;
730 2558 907 2593 omniumque

132 2595 325 2629 proprietatum
344 2606 402 2632 quas
418 2599 488 2626 Patri
510 2600 602 2628 insunt
617 2603 777 2631 naturaliter
793 2623 799 2636 ,
819 2605 906 2632 lia-res

131 2639 215 2667 Filius
226 2646 278 2673 cst,
295 2647 322 2668 ut
335 2650 365 2670 ex
387 2645 445 2678 ipso
458 2648 609 2674 seeiinduin
622 2653 744 2676 naturam
759 2650 904 2683 exsistens,

183 2734 206 2748 "
222 2732 301 2759 .loaii.
320 2742 359 2767 iii,
372 2736 414 2763 54.
472 2738 492 2754 ’⁸
511 2738 590 2767 Joan.
609 2749 674 2775 IVII,
692 2742 733 2769 l0.

963 2240 1008 2267 hic
1025 2241 1114 2269 Patris
1141 2251 1172 2271 ac
1203 2246 1243 2272 sui
1267 2248 1430 2276 mentionem
1449 2251 1551 2280 faciens
1569 2253 1700 2283 Dominus
1715 2265 1743 2283 ιιι.

962 2286 1095 2319 omnium,
1111 2287 1207 2315 Omnia
1223 2291 1302 2324 enim,
1315 2292 1413 2327 inquit,
1428 2303 1485 2329 qua?
1498 2297 1572 2324 habet
1589 2298 1670 2327 Pater
1684 2309 1742 2328 mea

958 2337 1037 2362 sunt,
1055 2333 1097 2361 bis
1114 2335 1159 2368 qui
1176 2335 1336 2364 Trinitatem
1363 2344 1389 2366 et
1419 2342 1549 2370 unitatem
1565 2346 1739 2378 conlitentui‘,

958 2377 1082 2412 dicendo,
1100 2379 1188 2413 Pater,
1205 2388 1232 2409 et
1248 2383 1343 2418 Filius,
1360 2385 1548 2421 intelligendas
1561 2392 1741 2425 proprietates

958 2423 1040 2455 dedit,
1054 2425 1302 2462 discretioncnique
1326 2438 1519 2466 personarum;
1533 2436 1621 2462 omnia
1651 2443 1738 2464 autem

957 2467 1090 2502 dicendo,
1110 2478 1208 2500 cuncta
1231 2480 1335 2503 natura).
1360 2477 1430 2504 bona
1452 2487 1513 2513 quin
1540 2480 1617 2508 Pater
1641 2483 1719 2511 habet
1733 2504 1740 2512 ς

960 2521 1138 2550 praeterquam
1153 2526 1211 2546 esse
1225 2520 1331 2548 Patrem
1347 2523 1459 2559 intelligi
1476 2525 1570 2552 voluit.

998 2562 1073 2590 Unde
1092 2573 1205 2598 magnus
1221 2574 1329 2601 quoque
1350 2567 1466 2596 Basilius
1482 2572 1506 2597 in
1529 2572 1597 2599 libro
1618 2573 1653 2599 De
1668 2574 1736 2607 [ide'

963 2619 972 2634 ι
995 2609 1090 2636 Omnia
1108 2618 1168 2645 qua:
1184 2612 1261 2638 l‘aler
1279 2618 1319 2640 est
1335 2613 1418 2641 Filius
1439 2620 1489 2644 est.
1509 2617 1613 2644 Patrem
1632 2619 1687 2646 diri
1715 2626 1742 2646 i-t

962 2655 1073 2688 Flilllm,
1093 2656 1140 2682 bas
1159 2657 1222 2683 mihi
1242 2659 1422 2693 proprietates
1439 2662 1645 2690 scrradlancns
1660 2665 1739 2699 igitur

756 2743 793 2759 ·¹³
808 2743 885 2770 han.
909 2753 950 2771 xvi
985 2746 1026 2772 15.

166 2811 226 2846 {50)
245 2811 300 2839 lloc
314 2817 364 2846 est,
382 2816 448 2843 nihil
471 2818 619 2852 probantis,
636 2822 682 2848 scd
710 2827 814 2849 tantum
841 2831 901 2850 cum
923 2825 1086 2853 auctoritate
1107 2829 1298 2862 (lsSL‘VCl'illlliS,

296 2859 424 2893 Parnoc.
447 2865 504 2895 Gn.
527 2865 617 2896 CLll.
