1934 3063
171 120 205 147 ’75
795 119 992 149 MANUELIS
1012 119 1162 149 CALECE

171 175 268 206 l-‘dius.
285 175 368 202 Filius
389 176 479 202 omnia
499 179 557 207 est,
578 183 636 209 qua:
659 175 754 208 Pater,
775 176 850 210 juxta
868 177 953 210 ipsius
971 179 990 204 Δ

173 221 278 248 Domini
296 229 388 248 vocem
406 221 541 256 dicentis:
562 221 674 252 Omnia,
693 229 750 253 qua:
768 222 844 248 liabet
863 222 951 253 Pater,

173 275 229 293 mea
242 272 313 294 sunt.
327 267 364 294 Re
380 267 451 294 enim
467 275 528 294 vera
548 268 674 302 imaginis
691 273 755 295 sunt
772 268 875 298 omnia,
891 275 953 301 quzc

140 308 142 313 ’
173 313 273 340 adsunt
289 313 548 348 primitivast'ormm.
574 324 582 339 ι

135 350 141 366 ³
208 357 305 384 Beatus
318 358 382 384 item
398 358 515 392 Cyrillus
528 358 553 384 in
569 358 689 385 secundo
702 358 735 385 ad
748 358 884 385 Hermiam
896 358 951 385 ait:

175 413 184 428 ε
207 403 377 430 Cozternum
406 403 479 430 Patri
511 404 648 431 credimus
676 404 775 431 Filium
807 404 953 438 omniaque

172 449 310 481 aequaliter
322 449 477 481 habentem,
491 454 589 483 praeter
604 449 690 476 solum
704 450 826 483 gignere.
842 458 851 474 ι
865 449 952 476 Idem-

170 502 223 527 que
237 495 265 521 in
284 495 352 521 libro
370 503 421 522 suo
438 494 474 522 De
493 495 636 527 Trinitule,
664 504 673 520 t
696 495 724 522 In
744 495 812 522 Filio
825 514 832 525 ,
853 495 951 529 inquit.

171 539 321 573 nuigenito,
337 548 384 574 per
398 541 488 567 omnia
504 540 585 567 simili
597 540 669 567 Patri
697 545 722 567 et
735 540 844 574 aequali,
857 544 953 575 praeter

169 587 195 613 id
211 586 312 618 solum,
327 587 399 620 quod
415 585 496 612 Pater
513 594 565 612 non
582 589 635 612 est.
659 595 668 611 ι

205 631 289 659 Divus
308 632 370 658 item
397 632 610 666 Chrysostomus
633 631 660 656 in
684 630 793 657 humilia
818 630 851 657 59
871 638 953 664 super

170 678 317 709 Joannem,
335 684 416 711 super
431 677 517 704 illud:
542 676 683 717 UtImnnes
700 677 825 703 honorent
843 675 951 708 Filium,

171 725 237 750 sicut
261 725 391 750 honorant
411 728 435 750 et
459 723 567 749 Patrem
582 744 589 755 ,
609 732 618 748 ι
639 723 707 749 Nunt
726 731 800 756 ergo,
817 724 912 758 inquit,
927 727 953 749 et

173 771 279 796 Patrem
300 771 388 804 ipsum
409 768 626 804 appellabimus?
650 769 738 796 Absit.
760 769 863 795 Idcirco
880 768 950 794 enim

172 817 238 843 dixit
255 815 363 847 Filium,
381 819 410 842 ut
426 819 579 841 manentem
597 813 706 845 Filium,
723 818 752 840 ut
768 814 885 844 Patrem,
905 814 951 840 ho-

173 870 312 890 norcmus.
322 861 372 894 Qui
388 866 477 888 autem
499 861 587 894 ipsum
606 860 670 887 dicit
684 859 803 891 Patrem,
824 868 877 886 non
895 859 950 894 jam

172 914 200 935 ut
222 908 330 935 Patrem
354 907 452 934 Filium
469 907 597 939 honorat,
615 906 660 933 sed
679 906 823 940 permiscet
843 910 870 932 ct
883 913 950 932 con<

173 955 259 981 t‘undit
274 954 377 980 ornnia.
397 962 406 978 ι
428 954 465 979 Ac
479 957 541 987 post
558 952 706 986 pusillum:
726 961 735 977 ι
755 951 833 978 Dedit
861 956 950 978 autem

173 1001 273 1027 idcirco
298 999 416 1029 dictum,
445 1005 477 1025 ue
501 998 649 1031 ingenitum
678 998 765 1031 ipsum
791 997 951 1031 suspiceris,

174 1050 260 1077 neque
280 1042 347 1069 duos
374 1041 466 1068 Patres
487 1048 548 1068 esse
569 1045 656 1074 putes.
681 1040 776 1068 Omnia
799 1042 869 1068 enim
892 1049 951 1075 quae

172 1089 252 1115 Pater
273 1092 324 1119 est,
343 1087 400 1114 [nec
419 1091 446 1114 et
470 1087 554 1114 Filius
573 1090 631 1118 est,
651 1086 756 1120 genitus
786 1092 812 1114 et
839 1095 951 1115 manens

172 1134 265 1161 Filius.
291 1143 300 1160 ι

206 1180 300 1212 Porro,
318 1180 340 1206 si
355 1180 416 1214 quis
435 1180 515 1206 etiam
530 1179 660 1214 Spiritum
676 1185 811 1213 sanctum,
827 1179 948 1214 ejusdem

170 1226 295 1253 essentne
311 1233 371 1252 cum
386 1225 465 1252 Patre
481 1230 508 1252 et
521 1225 590 1252 Filio
602 1233 663 1252 cum
676 1226 720 1257 sit,
731 1230 758 1252 et
772 1225 860 1260 ipsum
873 1223 950 1258 quasi

171 1271 325 1298 necessario
352 1279 381 1298 se
407 1272 557 1304 producere
579 1272 747 1303 subinl'erat,
772 1271 863 1298 audiet
887 1270 951 1297 hinc

170 1316 277 1350 quidem
303 1323 360 1343 esse
379 1316 445 1342 nihil
480 1317 552 1350 quod
573 1317 662 1352 ipsum
679 1319 798 1350 seipsum
817 1317 948 1351 proferat.

171 1361 314 1394 ipsumque
335 1360 377 1387 sui
400 1361 486 1394 ipsius
507 1369 589 1388 causa
613 1361 666 1393 sit;
684 1361 746 1388 hinc
768 1368 832 1388 vero
849 1361 948 1387 nullam

170 1405 249 1431 aliam
262 1405 341 1432 nobis
355 1412 497 1440 personam
514 1410 609 1441 prreter
624 1411 689 1438 tres,
707 1407 732 1433 in
746 1406 844 1433 divinis
860 1406 949 1433 tradi-

171 1456 236 1482 tam,
259 1455 284 1476 ut
310 1450 380 1477 illam
403 1451 535 1485 producat
561 1451 689 1486 Spiritus.
714 1451 809 1486 ltaque
835 1457 947 1486 cogetur

170 1504 315 1530 personam
333 1496 426 1529 aliam,
440 1505 501 1531 qua:
515 1497 687 1531 producatur,
703 1497 836 1530 invenire,
862 1505 949 1532 quan-

169 1541 324 1576 doquidem,
338 1542 412 1577 quod
426 1543 561 1577 producit,
571 1547 598 1571 et
609 1543 681 1578 quod
696 1543 865 1578 producitur,
879 1543 947 1570 idem

168 1595 229 1614 esse
246 1595 300 1613 non
319 1591 416 1620 potest,
430 1587 565 1622 simulque
579 1588 715 1615 sermonis
733 1588 841 1615 tolletur
853 1588 949 1615 funda-

171 1637 302 1659 mentum.
318 1632 540 1667 Prazsupponitur
552 1633 663 1668 quippe,
675 1633 753 1668 juxta
766 1633 836 1660 sacri
849 1632 948 1667 eloquii

171 1677 334 1712 positionem
346 1696 354 1709 ,
372 1677 502 1712 Spiritum
526 1677 650 1713 produci,
670 1677 710 1704 vel
726 1677 886 1712 procedere;
903 1685 948 1704 so-

169 1724 278 1757 lumque
294 1723 366 1750 unde
383 1723 530 1757 quaeritur:
549 1729 575 1751 et
591 1724 613 1750 si
631 1723 720 1755 Pater,
736 1729 762 1750 et
779 1722 862 1749 Filius
879 1731 948 1750 unus

168 1769 315 1804 productor
325 1773 379 1802 est,
388 1773 416 1796 at
429 1770 500 1803 quod
512 1770 645 1804 producit,
657 1770 766 1804 etquod
780 1769 947 1804 producitur,

169 1814 238 1840 idem
262 1821 321 1840 esse
341 1822 394 1841 non
421 1818 520 1848 potest.
546 1815 590 1842 Sic
611 1815 682 1841 enim
701 1815 856 1842 necessario
875 1815 945 1848 ejus.

168 1859 240 1892 quod
269 1859 387 1889 dicitur.
414 1859 503 1891 unde,
535 1867 617 1887 causa
647 1860 778 1886 tolletur:
808 1862 857 1886 hac
883 1866 947 1885 vero

168 1904 283 1935 ratione,
294 1910 320 1931 et
335 1905 407 1939 quod
419 1904 519 1932 dicitur
531 1913 563 1932 ex
576 1905 653 1932 Patre
664 1913 712 1940 per
723 1905 819 1932 Filium
835 1912 948 1939 prorsus

167 1948 317 1976 auferetur.
339 1949 398 1977 Non
415 1958 480 1985 ergo
499 1956 541 1977 est
559 1951 677 1985 putanda
697 1951 844 1982 instantia,
864 1958 945 1985 quam

165 2000 192 2021 et
209 2002 251 2026 ea,
265 1994 298 2021 de
309 1995 409 2030 quibus
421 2003 512 2024 sermo
524 2001 574 2029 est,
588 2001 614 2024 et
623 2004 681 2031 quae
691 2004 706 2023 a
717 1996 946 2031 disputationibus

165 2048 296 2067 concessa
311 2046 385 2075 sunt,
402 2042 510 2070 tollunt.

200 2086 361 2122 Quanquam
378 2088 485 2117 etiamsi
499 2089 550 2116 alia
563 2097 677 2124 persona
690 2089 778 2121 detur,
792 2089 844 2116 hoc
856 2089 943 2123 ipsum
961 2106 982 2133 η

165 2137 192 2157 ct
208 2133 241 2158 de
266 2132 309 2159 ilia
332 2134 466 2167 quispiam
491 2135 618 2169 inquirct,
642 2140 724 2169 atque
746 2134 783 2160 ita
809 2141 944 2167 nusquam

165 2175 273 2203 sistetur
285 2177 415 2205 inﬁnitas.
429 2178 489 2206 Pari
502 2180 573 2206 enim
585 2179 699 2211 ratione,
710 2183 757 2206 aut
769 2178 797 2206 in
807 2178 944 2205 inﬁnitum

165 2222 336 2256 progreditur
355 2231 533 2262 processuum
562 2231 704 2256 numerus,
726 2229 789 2257 aut,
812 2224 835 2251 si
862 2225 945 2251 stabit

165 2267 279 2301 uspiam,
290 2275 338 2294 cur
348 2276 401 2296 non
416 2269 467 2296 hoc
476 2270 560 2304 magis
571 2270 596 2295 in
609 2270 722 2303 Spiritu,
732 2270 810 2297 tertia
819 2269 944 2297 videlicet

163 2320 278 2346 persona
293 2313 446 2346 Trinitatis,
464 2320 492 2341 ut
510 2320 536 2341 et
553 2314 694 2342 Trinitatis
714 2316 791 2342 nobis
808 2315 944 2342 confessio

163 2363 304 2391 servetur,
328 2363 354 2385 et
375 2359 529 2393 hujusmodi
551 2360 656 2386 vanitas
673 2361 784 2387 omnino
804 2359 944 2387 arceatur?

163 2403 229 2428 Nam
258 2408 355 2437 praeter
378 2403 422 2435 id,
451 2404 523 2438 quod
553 2404 708 2438 hujusmodi
735 2406 942 2434 ratiocinatores

163 2448 236 2480 vani,
256 2449 323 2476 ηιιιίι
340 2449 527 2481 concludunt,
545 2449 626 2477 etiam
650 2458 711 2485 quae
739 2451 817 2478 nobis
833 2453 866 2479 de
881 2451 943 2479 Τι’ἱέ

164 2494 246 2521 nitate
265 2500 328 2521 sunt
345 2495 440 2522 tradita
454 2516 461 2528 ,
479 2500 634 2522 morentur.
655 2495 747 2523 Posito
766 2498 839 2524 enim
858 2499 941 2525 etiam

161 2547 192 2566 ex
220 2539 278 2566 solo
306 2539 385 2567 Patre
410 2547 470 2568 esse
493 2541 637 2576 Spiritum,
661 2541 754 2569 eadem
779 2548 803 2569 et
825 2544 859 2570 ad
883 2543 942 2570 illos

160 2584 341 2613 nihilominus
366 2586 417 2613 erit
435 2586 582 2620 instantia,
605 2588 793 2623 luesitatioque
810 2589 940 2619 manebit.

160 2629 195 2656 Ut
210 2637 274 2665 ergo
290 2636 317 2658 et
327 2631 367 2659 eis
381 2627 455 2666 ipsis,
473 2637 500 2660 et
515 2633 594 2661 nobis
606 2635 673 2662 nihil
686 2635 718 2663 ad
730 2636 941 2671 dispalationem

161 2675 304 2702 conterens
325 2677 456 2710 ejusmodi
475 2678 612 2718 instantia,
634 2680 688 2708 imo
702 2681 782 2708 etiam
803 2683 940 2718 proposita

160 2722 305 2750 destructis
320 2724 472 2759 abjiciatur.

212 2811 233 2826 ”
251 2811 327 2839 Joan.
345 2821 398 2845 λιν,
415 2814 440 2840 9.

1759 124 1804 153 ’1ίῖ

1042 177 1079 203 Ex
1098 177 1139 203 liis
1155 184 1219 210 ergo
1237 185 1296 211 qua:
1313 177 1440 208 diximus,
1455 182 1575 211 apparet.
1589 182 1615 204 et
1627 178 1713 212 ipsum
1727 177 1803 204 Filii

1004 229 1113 253 nomen,
1124 227 1151 248 et
1171 223 1286 249 multum
1300 223 1417 255 quidem.
1430 223 1638 257 adpropositum
1651 223 1802 250 conferre-

1003 268 1094 303 Neque
1106 269 1178 295 enim
1195 268 1275 295 Pater
1293 276 1377 295 verus
1405 268 1485 296 Pater
1500 276 1561 296 esse
1572 269 1718 301 diceretur,
1735 270 1800 297 nisi

1003 314 1121 348 seipsum
1136 314 1243 350 penitus
1271 314 1485 341 communicaret
1509 314 1592 347 Filio;
1606 322 1693 349 neque
1702 315 1801 342 Filius

1005 367 1085 386 verus
1101 365 1172 385 esset
1193 359 1287 390 Filius.
1301 361 1353 386 nisi
1363 359 1452 387 Patris
1464 361 1554 387 omnia
1572 360 1683 388 haberet
1702 362 1729 387 in
1746 369 1800 388 se—

1003 405 1078 438 ipso;
1092 405 1137 431 sed
1154 412 1241 439 neque
1253 410 1326 432 esset
1339 405 1572 432 inc-ourmutabilis
1586 406 1675 441 imago
1686 406 1798 438 Patris,

1003 450 1026 476 si
1042 450 1087 476 illo
1111 450 1199 477 minor
1215 455 1377 484 appareret;
1402 458 1489 483 neque
1511 451 1629 486 sigillum
1653 452 1800 479 uniforme

1004 501 1090 527 cs~et.
1109 497 1180 530 quod
1200 497 1226 523 in
1245 504 1274 523 se
1295 497 1414 524 ostendit
1431 497 1540 524 Patrem
1559 498 1637 532 juxta
1658 506 1796 533 magnum

1003 542 1151 570 Basiliam:
1166 552 1174 567 α
1190 543 1315 575 Itnaginis
1326 543 1425 577 quippe
1434 548 1496 570 sunt
1506 543 1608 576 onmia,
1617 551 1796 578 quaecunque

1003 586 1094 614 insunt
1109 587 1251 621 primitiva:
1264 587 1368 619 fornae,
1387 597 1396 613 ›
1413 593 1441 615 ut
1455 589 1510 621 ipse
1525 589 1580 620 ait;
1595 594 1622 616 et
1634 589 1705 616 sicut
1719 589 1794 617 Gie—

1003 632 1094 665 gorius
1104 631 1257 667 Theologus
1268 633 1472 660 insurmonihus
1481 634 1513 660 de
1520 634 1589 661 Filio
1600 635 1669 661 dixit
1681 644 1688 661 :
1701 645 1710 661 ι
1725 635 1794 662 llu'c

1002 679 1074 704 enim
1097 679 1222 712 imaginis
1240 685 1336 706 natura
1353 684 1408 712 est,
1433 681 1613 708 imitationem
1631 689 1690 708 esse
1705 682 1790 715 primi

1003 724 1167 757 exemplaris
1178 743 1185 755 ,
1203 724 1329 759 idemque
1344 733 1405 752 esse
1424 726 1526 760 potius.
1543 734 1623 760 quam
1637 728 1790 754 assimula-

1004 769 1105 794 tionem
1120 788 1126 799 ,
1148 777 1180 796 ne
1198 770 1233 796 sit
1253 770 1277 795 in
1295 770 1348 796 alio
1366 771 1474 802 similis.
1492 772 1518 798 in
1535 771 1588 799 alio
1604 772 1755 799 dissimilis.
1779 783 1787 797 ι

1003 814 1033 840 Et
1047 814 1145 847 adjecit
1156 823 1162 839 :
1175 824 1184 839 ι
1200 814 1249 841 llic
1265 821 1354 841 autem
1370 823 1401 842 eo
1415 817 1496 843 etiam
1511 818 1605 851 magis,
1621 824 1675 851 quo
1691 817 1788 844 vivens

1001 859 1110 885 viventi:
1121 865 1158 885 est
1177 861 1274 894 imago.
1296 869 1305 886 ι
1323 860 1375 888 Sed
1396 869 1484 896 neque
1499 862 1624 889 Christus
1643 870 1703 888 vera
1719 870 1788 896 prc-

1001 907 1112 930 secutus
1127 909 1201 930 esset
1214 904 1246 931 de
1268 905 1359 939 seipso
1386 905 1480 932 dicens
1494 907 1598 939 omnia,
1616 914 1675 940 qua:
1695 907 1713 933 P
1734 913 1786 933 tris

1000 954 1111 981 essent,
1135 956 1164 975 se
1187 949 1304 983 habere;
1329 950 1410 977 habet
1430 956 1520 978 autem
1541 951 1619 978 Pater
1644 953 1784 987 proprium

1003 999 1105 1021 naturae
1117 1002 1173 1021 sine
1187 995 1299 1027 bonum,
1314 995 1443 1030 Spiritum
1456 1003 1593 1024 sanetum.
1606 997 1637 1025 Et
1650 999 1782 1032 quoniam

1002 1047 1082 1066 unam
1095 1042 1272 1076 eamdemque
1297 1047 1421 1069 naturam
1437 1042 1521 1071 Filius
1536 1052 1567 1071 ex
1583 1045 1660 1071 Patre
1672 1046 1782 1080 genitus

1001 1085 1083 1112 etiam
1100 1093 1162 1113 eum
1184 1086 1261 1114 Patre
1276 1087 1367 1121 habet,
1385 1089 1445 1122 quis
1461 1089 1558 1116 audeat
1574 1090 1624 1117 hac
1639 1091 1781 1124 praeditum

1002 1131 1100 1159 Filium
1117 1141 1240 1160 asserere
1250 1138 1426 1167 paternorum
1437 1135 1570 1162 bonorum
1582 1137 1642 1162 aliis
1653 1137 1782 1170 gaudere.

1003 1178 1063 1204 aliis
1074 1178 1196 1212 privari?
1210 1180 1297 1213 Atque
1313 1179 1376 1206 hinc
1391 1181 1525 1212 omnium.
1541 1181 1611 1215 quod
1624 1182 1722 1209 dicitur
1737 1185 1782 1209 αρ-

1002 1224 1149 1250 ﬁnitionem
1170 1224 1277 1256 tollere,
1300 1232 1362 1251 cum
1380 1225 1509 1253 Dominus
1532 1226 1620 1252 Patris
1643 1227 1733 1253 omnia
1753 1234 1782 1254 se

975 1264 979 1266 ’
1002 1269 1100 1295 habere
1116 1269 1233 1296 dixerit?
1248 1269 1380 1302 Praeterea
1395 1270 1497 1297 diclllm
1511 1276 1572 1299 est:
1587 1272 1639 1304 Qui
1651 1273 1715 1298 ridet
1730 1280 1780 1305 me,

1001 1315 1067 1340 videt
1086 1319 1109 1340 et
1127 1313 1233 1340 Patrem
1250 1314 1280 1340 ¹⁸.
1302 1314 1378 1346 Quod
1394 1320 1484 1342 autent
1501 1316 1617 1348 dicitur,
1636 1318 1712 1348 videt,
1730 1324 1781 1351 pro

1000 1367 1031 1386 co
1045 1359 1161 1393 positum
1172 1362 1224 1391 est,
1235 1359 1305 1393 quod
1317 1363 1369 1390 est,
1381 1360 1517 1394 intelligit,
1533 1360 1567 1387 ita
1580 1359 1799 1395 cxpoueutibus‘

1001 1405 1137 1432 Patribus.

961 1444 982 1474 C
1035 1449 1064 1476 Et
1087 1450 1149 1476 hinc
1173 1450 1264 1484 itaque
1288 1455 1415 1483 constat,
1436 1451 1508 1485 quod
1533 1451 1579 1486 qui
1599 1451 1697 1479 Filium
1721 1453 1779 1480 sine

1001 1494 1101 1529 Spiritu
1127 1496 1243 1530 cogitat,
1264 1496 1344 1522 etiam
1362 1496 1470 1523 Patrem
1489 1495 1593 1531 Spiritu
1617 1499 1776 1525 destitutum

1000 1539 1141 1574 intelliget.
1161 1540 1229 1573 Quia
1252 1541 1324 1567 enim
1345 1540 1430 1568 Filius
1448 1541 1536 1568 Patris
1553 1547 1594 1569 est
1613 1542 1734 1569 deﬁnitio
1750 1548 1777 1569 ct

1001 1584 1129 1618 verbum;
1144 1591 1170 1611 et
1189 1586 1260 1612 sicut
1275 1585 1396 1613 deﬁnitio
1414 1586 1447 1613 ad
1469 1586 1620 1618 deﬁnitum,
1635 1587 1692 1614 sive
1711 1587 1777 1614 deﬁ-

999 1629 1093 1662 nibile,
1104 1630 1144 1658 sic
1154 1637 1182 1657 se
1193 1630 1273 1657 habet
1285 1629 1370 1657 Filius
1381 1630 1413 1656 ad
1423 1630 1529 1657 Patrem
1541 1631 1616 1665 juxta
1624 1631 1776 1666 theologum

989 1675 1019 1702 .G
1025 1677 1160 1710 regorium
1173 1675 1310 1706 :omnino,
1321 1677 1366 1710 qui
1375 1675 1476 1703 deﬁnlti
1489 1676 1671 1704 deﬁnitionem
1682 1678 1766 1704 nescit

999 1728 1087 1755 neque
1101 1721 1188 1755 ipsum
1203 1722 1339 1748 detinibile
1354 1729 1385 1749 ac
1400 1721 1541 1749 deﬁnitum
1560 1723 1637 1751 sciet.
1650 1723 1742 1757 Itaque
1754 1725 1776 1751 si

998 1767 1106 1800 quidem
1126 1766 1208 1793 Pater
1231 1767 1348 1801 Spiritus
1369 1767 1457 1794 sancti
1475 1775 1558 1795 causa
1578 1772 1635 1802 est,
1652 1774 1676 1796 et
1694 1769 1775 1796 Filius

999 1819 1059 1838 cum
1076 1819 1117 1839 eo.
1139 1812 1218 1844 Quod
1236 1814 1256 1839 si
1277 1820 1331 1839 non
1348 1812 1447 1844 Filius,
1465 1821 1550 1848 neque
1564 1813 1642 1841 Pater
1656 1815 1774 1849 quidem.

998 1856 1064 1884 Nam
1078 1857 1150 1890 quod
1167 1859 1192 1884 in
1211 1858 1429 1885 incommutabiii
1445 1859 1562 1894 imagine
1577 1867 1630 1886 non
1645 1861 1773 1893 cernitur,

998 1902 1024 1928 id
1045 1909 1133 1936 neque
1154 1903 1179 1929 in
1209 1903 1344 1936 primitiva
1369 1904 1457 1931 forma
1481 1905 1654 1939 inspicietur.
1679 1905 1711 1932 Et
1730 1907 1774 1940 qui

998 1947 1097 1974 Filium
1122 1947 1238 1982 Spiritus
1271 1949 1357 1975 sancti
1393 1957 1504 1976 causam
1531 1958 1584 1977 non
1606 1951 1726 1984 inspicit,
1744 1960 1775 1978 ne

997 1994 1105 2021 Patrem
1124 1995 1231 2028 quidem
1250 2001 1361 2022 causam
1382 1994 1535 2029 lmjnsntodi
1555 1995 1647 2023 videre
1667 1997 1773 2031 poterit.

996 2037 1073 2071 Quod
1089 2039 1161 2065 enim
1179 2039 1216 2066 ait
1232 2039 1367 2071 Christus,
1383 2039 1466 2066 veluti
1485 2040 1574 2066 brevis
1586 2041 1709 2074 quamam
1726 2040 1774 2067 Pa-

998 2085 1046 2112 tris
1057 2090 1082 2111 et
1096 2083 1154 2112 Filii
1168 2085 1316 2119 parilitatis
1331 2091 1357 2112 et
1384 2086 1455 2119 azqui
1470 2085 1580 2112 honoris
1591 2085 1713 2113 deﬁnitio
1724 2092 1771 2114 est.

996 2129 1110 2162 Quaan
1134 2130 1234 2164 igitur,
1256 2135 1283 2157 et
1303 2137 1384 2164 quam
1405 2130 1565 2164 periculosa:
1580 2130 1701 2157 audaci-.e
1724 2136 1772 2164 est,

996 2182 1057 2202 cum
1071 2180 1143 2202 tanta
1155 2175 1190 2202 sit
1202 2175 1335 2203 ambobus
1353 2175 1633 2203 iucommutabilitatis
1651 2175 1773 2202 identita-

997 2221 1086 2254 li-que
1101 2220 1187 2251 ratio,
1204 2220 1334 2253 Spiritum
1350 2227 1365 2246 a
1383 2219 1454 2246 Filio
1469 2220 1577 2247 auferre
1589 2240 1597 2252 ,
1614 2225 1707 2247 contra
1726 2221 1772 2248 Du-

995 2265 1059 2291 miui
1076 2264 1241 2298 Petrumque
1253 2264 1430 2296 sententiam,
1442 2270 1471 2290 ut
1482 2265 1545 2291 hinc
1559 2266 1639 2291 etiam
1652 2266 1772 2300 imaginis

995 2309 1255 2336 incommutabilitas
1280 2309 1393 2336 tollatur
1422 2309 1606 2344 essentiaeque
1624 2309 1771 2337 ὼΙΪιςιειιιίίι

995 2356 1149 2382 necessario
1165 2355 1314 2389 sequatur?
1327 2354 1402 2381 Unde
1417 2362 1483 2382 sane
1498 2359 1613 2387 constat,
1626 2355 1733 2382 Patrem
1748 2362 1772 2382 et

995 2399 1092 2426 Filium
1110 2407 1190 2426 unam
1214 2407 1274 2427 esse
1283 2401 1370 2426 sancti
1391 2400 1508 2434 Spiritus
1518 2408 1639 2432 causam,
1650 2404 1770 2435 gignendi

994 2445 1180 2479 nascendique
1196 2444 1361 2479 proprietate
1376 2450 1493 2472 servata.

1028 2501 1147 2528 Joannes
1160 2501 1223 2528 item
1238 2500 1447 2535 Chrysostomus
1464 2499 1489 2526 in
1504 2499 1538 2526 58
1551 2506 1632 2533 super
1643 2498 1769 2527 Joannem

994 2548 1115 2580 homilia,
1130 2548 1361 2582 interrogantibus
1374 2546 1492 2576 Arianis,
1503 2545 1640 2579 quomodo
1652 2546 1768 2580 ejusdem

993 2598 1065 2621 esset
1089 2593 1224 2625 essentia,
1249 2592 1296 2627 qui
1323 2592 1458 2623 mitteret,
1484 2596 1511 2617 el
1534 2592 1580 2625 qui
1608 2591 1767 2624 mitteretur,

994 2639 1134 2673 respondit
1153 2638 1268 2665 dicens:
1287 2646 1296 2662 ι
1313 2636 1419 2664 Rursus
1439 2636 1473 2663 ad
1489 2636 1607 2664 humana
1621 2636 1766 2663 orationem

993 2684 1129 2711 convertis
1141 2704 1148 2715 .
1168 2689 1256 2717 neque
1276 2682 1406 2716 intelligis
1423 2681 1473 2708 ista
1491 2687 1600 2716 propter
1616 2681 1684 2708 nihil
1698 2681 1766 2708 aliud

993 2730 1058 2762 dici,
1076 2729 1128 2757 nisi
1143 2733 1171 2756 ut
1186 2733 1213 2757 et
1225 2735 1334 2756 causam
1351 2728 1479 2761 sciamus,
1495 2728 1560 2755 etin
1576 2726 1686 2754 Sabellii
1697 2734 1766 2753 mor-
