1934 3063
140 90 178 119 τι
331 84 335 91 “
770 89 962 118 ΜΑΝΗΞΞῌΞ
982 90 1131 120 CALECJE
1723 92 1762 122 8i)

143 156 205 175 cum
224 147 275 174 hoe
292 147 318 174 in
336 147 439 181 Spiritu
456 151 552 174 Sancto
572 154 623 174 non
641 146 756 178 habeat,
778 146 838 173 ideo
853 144 925 179 quod
942 149 961 174 A
977 145 1162 180 disputatione
1190 147 1332 175 orthoduiii
1356 153 1381 176 et
1410 149 1555 180 Ationitei,
1582 156 1614 176 cit
1642 157 1761 184 persona

143 201 243 228 corpus
258 201 309 220 non
326 192 506 227 assunipsei'it
521 197 549 219 tit
566 192 660 224 Filius,
678 195 761 219 restat
775 191 924 224 intelligen-

115 271 117 276 ι
147 241 210 266 dtiiii
226 239 260 265 de
276 239 392 265 naturali
411 246 539 272 processu
556 237 643 264 sancti
663 237 725 271 Spir
738 241 782 264 tus
798 243 829 263 ex
845 235 924 268 Filio,

112 283 118 317 ξ
141 285 213 319 q-iod
232 284 312 316 mitti,
327 289 353 311 et
366 285 450 315 exire,
465 288 490 310 et
508 283 615 317 prodire
629 283 737 309 dicitur.

176 330 213 357 Ex
236 331 336 364 quibus
361 330 442 357 etiam
469 329 587 356 maxime
614 328 787 355 manifestum
810 332 871 359 est,
897 330 926 354 ut

141 377 273 409 diximus,
292 384 345 403 non
359 376 430 403 duos
447 383 509 402 esse
526 375 612 402 sancti
633 375 752 409 Spiritus
768 381 924 409 processus,

141 422 212 457 quod
227 429 241 448 a
263 421 427 456 quibusdam
447 421 614 452 assumitur;
641 420 692 447 hoc
705 419 778 446 enini
803 418 926 454 pluribus

143 469 279 502 arguitur,
299 467 350 494 etsi
371 471 480 501 propter
496 467 569 493 illius
581 466 756 499 temporalem
770 465 926 492 manifesta-

143 514 253 545 iioneni,
268 517 447 546 nostrumque
463 511 627 546 profectum,
641 517 773 538 aeternum
790 510 862 544 quod
873 515 924 543 est,

142 560 290 593 temporale
303 559 437 590 videatur,
453 562 482 585 iit
496 558 622 592 superius
639 551 742 585 dictum
756 560 808 584 est.

175 606 253 638 Quod
275 605 298 633 si
321 605 402 632 divus
424 605 634 640 Chrysostomus
650 603 704 630 alio
720 603 745 630 in
761 603 820 630 loco
835 601 903 629 dixit
917 611 923 629 :

144 659 154 676 ι
169 651 237 678 Cum
253 650 398 677 vcromitti
413 649 544 679 audieris.
562 648 614 675 noli
626 649 659 675 de
670 648 811 675 divinitate
822 647 923 674 dictum

140 697 280 731 accipere;
313 696 386 723 Deus
411 703 462 722 non
491 695 619 726 mittitur,
640 704 648 720 ι
671 694 833 726 dicendum,
852 694 924 728 quod

140 743 202 776 qitia
217 741 325 775 plurimi
337 741 539 773 haereticorum,
552 748 584 766 ex
598 747 630 766 eo
643 739 714 773 quod
727 739 829 766 dicitur
842 739 922 772 mittl,

140 789 240 822 gradus
264 787 437 814 divinitatum
478 787 700 818 introducentes,
729 793 864 820 unamque
898 790 925 813 et

140 833 320 860 unitissiniaui
332 832 477 860 essentiam
490 837 516 858 et
527 831 656 859 deitatem
669 830 832 863 dividentes,
841 831 921 858 aliain

139 880 247 914 quidem
265 879 387 910 mittere.
407 878 476 905 mitti
493 878 573 904 aliam
602 877 754 909 docebant;
770 877 832 904 ideo
849 885 922 912 prai-

139 931 232 960 teptor
248 925 355 960 pietatis
376 924 440 951 illud
470 924 577 959 quidem
596 924 727 957 denegat,
744 932 778 950 ne
793 923 922 950 deitalum

140 971 328 998 introducatui'
345 970 500 1001 multitudo,
515 970 681 1003 deorumque
696 969 922 1003 consequentium

142 1018 239 1052 partim
252 1017 437 1051 superiorum,
450 1015 550 1050 partim
567 1014 739 1048 inferiorum,
753 1015 830 1050 juxta
848 1015 923 1042 scili-

140 1069 183 1090 cet
207 1063 419 1090 substantiarum
444 1061 626 1094 diti‘erentias;
652 1065 679 1088 et
698 1061 736 1088 ait
755 1061 819 1096 quia
837 1060 924 1088 deltas

141 1117 192 1134 unu
209 1108 334 1137 mittitur.
350 1114 436 1142 neque
451 1107 531 1139 Deus,
544 1105 654 1141 quando
666 1105 816 1133 secundum
832 1103 923 1132 Deita-

140 1155 173 1181 tis
190 1161 286 1180 nomen
304 1153 429 1180 absolute
450 1152 551 1180 dicitur
564 1173 571 1185 ,
587 1157 614 1179 et
629 1152 689 1179 sine
704 1151 848 1178 relatione.
870 1150 922 1178 Per

141 1201 165 1227 id
183 1208 256 1231 vero,
273 1199 344 1234 quod
363 1199 470 1225 mittere
484 1202 510 1224 et
524 1198 594 1225 mitti
612 1197 725 1229 dicitur,
743 1203 921 1231 personarum

139 1246 334 1277 substantiam,
350 1251 519 1278 causamque
533 1248 560 1270 et
577 1243 685 1270 eausale
705 1242 860 1269 cont‘ttetnr.
878 1241 923 1268 Di-

139 1294 229 1327 citque
245 1291 346 1318 ideirco
364 1291 427 1321 dici,
448 1291 512 1324 quia
536 1290 663 1322 mittitur,
683 1294 711 1315 ut
723 1295 832 1315 causam
851 1287 922 1314 scia-

140 1345 215 1368 mus,
238 1342 265 1363 et
286 1337 312 1363 in
335 1335 444 1363 Sabellii
462 1335 587 1363 morbum
603 1342 657 1362 non
675 1333 837 1363 incidamus,
855 1332 922 1358 mitti

140 1383 178 1410 sic
192 1382 339 1416 accipiens.
356 1380 505 1408 secundum
521 1379 594 1414 quod
624 1386 739 1412 persona
758 1386 789 1405 ex
807 1385 921 1412 persona

140 1427 320 1454 substantiam
336 1426 437 1458 habet,
461 1433 492 1452 ex
507 1432 539 1453 ea
557 1424 701 1460 prodiens,
719 1431 781 1451 cum
800 1430 852 1449 una
869 1423 921 1450 illis

140 1473 176 1498 sit
190 1473 318 1499 essentia.

177 1517 270 1552 Itaque
285 1516 434 1544 secundum
451 1517 522 1551 quod
539 1516 631 1544 divina
649 1523 764 1551 persona
779 1520 830 1548 est,
852 1515 920 1541 mitti

142 1562 264 1597 ponitur,
279 1562 343 1595 ditia
358 1566 385 1588 et
402 1561 471 1588 mitti
488 1561 515 1588 in
532 1560 641 1592 divinis,
659 1565 687 1587 tit
702 1561 803 1587 dictum
821 1565 871 1591 est,
889 1559 922 1586 ab

142 1609 195 1635 alio
215 1614 277 1634 esse
300 1606 447 1641 signiﬁcat.
469 1605 542 1633 Alias
559 1606 675 1640 quippe.
698 1610 725 1632 ct
744 1606 795 1633 sibi
819 1606 866 1640 ipsi
893 1609 919 1631 et

143 1653 295 1680 Salvatoris
309 1651 449 1678 sententiis
461 1651 651 1678 adversaretur
666 1651 834 1685 apertissime
849 1650 882 1676 de
894 1658 923 1677 se

141 1699 268 1729 dicentis,
285 1697 431 1725 missurum
448 1705 477 1724 se
490 1696 671 1729 Paracletum,
685 1697 813 1731 Spiritum
825 1697 923 1723 verita-

141 1745 176 1771 tis
189 1753 194 1770 :
213 1745 332 1778 seipsum
345 1744 479 1770 veritatem
495 1743 601 1775 dicens,
615 1743 690 1770 illum
715 1743 819 1770 scilicet
834 1741 921 1776 Spiri-

142 1795 211 1821 tum,
226 1797 307 1824 quem
322 1790 404 1815 mittit
417 1788 506 1820 Pater,
518 1793 544 1816 et
558 1788 631 1822 quia
646 1787 726 1815 Patre
740 1788 867 1822 procedit,
883 1787 921 1814 Ex

140 1836 240 1870 quibus
255 1836 280 1862 id
297 1836 378 1862 etiam
394 1840 516 1870 apparet,
531 1835 604 1869 quod
619 1835 665 1869 qui
683 1843 730 1869 per
745 1836 845 1861 donum
863 1834 923 1861 sine

142 1881 306 1913 substantia.
321 1889 372 1908 non
387 1889 544 1916 personam,
558 1881 794 1914 seciindunirquod
808 1888 922 1915 persona

141 1933 199 1958 cst,
225 1927 295 1954 mitti
312 1934 327 1953 a
352 1926 422 1954 Filio
442 1926 572 1960 Spiritum
590 1931 714 1953 sanetum
738 1925 849 1956 dicunt,
869 1933 921 1952 non

142 1977 215 2000 recte
230 1973 386 2007 opinantur.
399 1972 450 2005 Qui
464 1971 535 1998 enini
550 1979 582 1998 ex
596 1972 681 2007 Patre.
694 1972 825 2006 prm-edit,
842 1970 923 1997 Para-

140 2019 228 2045 eletus
249 2023 291 2045 est
304 2017 423 2052 Spiritus
437 2016 575 2048 veritatis,
596 2024 670 2050 quem
696 2019 779 2043 mtuet
801 2016 921 2051 quidem,

142 2064 240 2098 inquit.
261 2062 378 2089 Peterin
393 2063 498 2089 nomine
512 2069 579 2094 meo,
594 2061 644 2088 hoc
661 2066 713 2092 est,
731 2068 778 2096 per
794 2069 846 2088 me.
860 2061 921 2088 Illis-

141 2117 235 2136 surum
249 2116 311 2135 vero
325 2116 364 2140 se,
382 2108 438 2142 ipse
452 2109 561 2142 qu'oqiie
575 2107 728 2141 pollicetur,
745 2107 789 2141 qui
806 2107 922 2141 discipu-

141 2156 181 2182 los
202 2155 323 2186 docerct,
347 2154 442 2188 eisque
463 2157 620 2187 suggereret
638 2153 738 2180 omnia.
758 2153 836 2180 Hunc
856 2160 921 2187 ergo

142 2200 276 2234 Spiritum
300 2200 362 2234 quis
379 2199 477 2226 audeat
496 2200 555 2226 sine
574 2198 724 2226 substantia
742 2198 847 2230 dicere,
869 2193 921 2225 nisi

142 2247 331 2280 blasphemare
346 2244 427 2272 velit?

176 2292 290 2327 Magnus
313 2298 421 2325 quoque
438 2291 555 2317 Basilius
572 2290 597 2316 iii
614 2289 685 2316 libro
704 2289 741 2315 De
755 2294 846 2315 sancto
862 2288 920 2322 Spi-

141 2339 207 2370 ritu,
234 2347 243 2363 (
266 2337 397 2372 Spiritus,
417 2335 518 2370 inquit,
533 2339 651 2366 sanctus,
673 2335 738 2360 nihil
755 2334 805 2360 sibi
824 2334 921 2367 aequi-

141 2386 224 2411 situm
242 2383 344 2410 habens
360 2386 411 2412 est,
432 2380 480 2408 sed
495 2383 595 2406 aeterne
612 2379 693 2405 habet
708 2379 811 2409 omnia,
831 2383 859 2405 ut
876 2378 920 2405 Dei

140 2429 258 2464 Spiritus
269 2433 295 2455 et
307 2435 382 2465 exeo
396 2433 693 2460 manans,causamque
707 2425 725 2459 i;
735 2433 794 2452 sum
808 2425 918 2457 habens,

142 2482 171 2503 ut
187 2476 287 2502 fontem
302 2474 355 2502 sui.
371 2483 380 2499 ι
398 2472 448 2500 Ubi
461 2471 620 2503 notandum,
634 2472 695 2506 quia
711 2470 792 2498 Deum
808 2478 918 2498 causam

141 2531 201 2549 esse
214 2522 305 2548 sancti
315 2519 433 2554 Spiritus
442 2527 474 2546 ex
486 2526 518 2546 eo
530 2518 602 2553 quod
616 2517 677 2546 fons
686 2518 745 2553 ejus
759 2518 803 2549 sit,
818 2523 918 2545 monet.

140 2570 185 2596 Ait
197 2569 291 2596 enim:
307 2576 316 2592 ι
335 2567 452 2594 Causam
466 2565 555 2600 ipsum
569 2564 660 2597 habet,
677 2569 706 2591 ut
720 2564 820 2591 fontem
836 2564 889 2591 sui.
907 2573 916 2588 ι

142 2615 238 2650 Liquet
252 2617 363 2644 autem,
385 2611 446 2646 quia
471 2611 553 2639 lontis
571 2618 668 2638 nomen
684 2616 793 2645 causam
815 2609 918 2643 signiti-

139 2670 203 2691 care
223 2662 292 2689 vult.

177 2710 288 2745 Magnus
319 2709 382 2736 item
407 2707 573 2736 Athanasius
595 2707 622 2733 in
645 2714 676 2733 ea
700 2713 780 2741 quam
808 2705 918 2740 scripsit

175 2801 196 2817 "
215 2799 313 2828 Jerem.
330 2809 360 2835 ii,
379 2801 421 2830 i3.
459 2803 482 2819 "
496 2801 583 2830 Galat.
601 2809 639 2833 iii,
651 2801 676 2828 5.

977 192 1121 219 orthodoxi
1144 194 1200 220 ait:
1218 203 1226 219 ι
1245 194 1376 228 Spiritum
1400 199 1489 221 autent
1515 196 1663 229 ingenitum
1684 195 1761 227 dico;

977 244 1030 264 non
1047 238 1119 265 enim
1134 238 1213 266 habet
1229 241 1412 272 generationis
1430 246 1580 272 auctorem,
1594 243 1639 267 sed
1658 242 1723 266 lunt:
1736 252 1749 265 ιι

976 283 1036 315 sui;
1052 283 1124 310 sicut
1138 284 1210 310 enim
1227 283 1289 311 fons
1307 285 1477 312 extrinsecus
1495 293 1548 312 non
1565 285 1660 319 piguit,
1679 294 1761 319 quatit

976 327 1064 355 fundit
1078 336 1188 363 aquam,
1215 330 1259 357 Sed
1280 337 1310 356 ex
1337 331 1429 364 seipse
1451 331 1586 358 inundans
1605 331 1701 359 habet.
1723 333 1761 356 ita

975 377 1003 400 et
1027 374 1096 401 Deus
1113 375 1174 402 fons
1191 375 1309 409 Spiritus
1327 381 1382 409 est,
1401 382 1429 402 ut
1451 377 1551 403 dietutn
1570 381 1627 407 est,
1648 376 1762 410 largitor

974 419 1046 455 ejus,
1064 429 1116 448 non
1132 421 1209 449 illum
1225 425 1398 451 extrinsecus
1417 430 1540 455 sumens,
1559 423 1605 450 sed
1620 431 1652 450 ex
1669 423 1761 457 seipso

976 466 1161 500 profundens;
1181 469 1311 503 scriptum
1335 470 1434 504 quippe
1450 474 1509 497 est:
1528 469 1586 496 Duo
1605 469 1672 496 enim
1688 469 1760 494 mala

975 511 1037 545 fecit
1059 512 1170 547 populus
1188 522 1278 546 metu;
1298 523 1338 541 me
1360 515 1553 549 dereliquerunt
1571 515 1669 548 fontem
1685 522 1761 548 aqntv

975 558 1051 591 vivit,
1068 564 1092 585 et
1108 559 1230 593 [oderunt
1248 561 1298 588 sibi
1317 561 1389 588 locus
1409 562 1548 594 contritas,
1564 561 1608 595 qni
1624 568 1674 587 non
1686 566 1760 594 pote-

976 608 1037 629 runt
1061 612 1157 639 aquam
1183 607 1316 633 continere
1330 607 1362 635 “.
1385 607 1418 634 Et
1431 607 1577 641 Apostolus
1599 607 1687 634 dicit:
1708 606 1761 638 Qui

976 651 1092 684 lutgi'ur
1105 651 1178 678 nobis
1195 651 1343 686 Spiritum,
1360 657 1383 679 et
1401 658 1526 686 operatur
1540 653 1567 679 in
1586 652 1659 678 nobis
1675 653 1759 678 uirtu-

976 700 1013 721 tes
1028 695 1062 722 ".
1076 695 1153 727 Quod
1174 701 1265 723 autent
1283 705 1353 732 aqtta
1368 697 1426 724 viva
1442 697 1476 724 sit
1491 696 1618 731 Spiritus.
1635 695 1760 723 Christus

976 741 1069 768 docuit
1082 742 1175 770 dicetis
1188 751 1196 769 :
1213 742 1264 775 Qui
1279 743 1371 770 biberit
1386 751 1418 770 ea;
1435 751 1515 778 aqua,
1528 751 1607 778 quatit
1615 750 1660 777 ego
1676 741 1758 772 dabo,

976 787 1044 813 sicut
1063 788 1126 814 dicit
1145 787 1420 823 Scriptura,ﬂumina
1440 790 1472 816 de
1493 793 1580 816 ventre
1596 787 1652 822 ejus
1676 787 1759 821 ﬂuent

974 840 1052 866 aqua:
1064 835 1127 860 vim
1139 833 1173 860 ".
1195 843 1205 860 ι
1222 835 1253 860 Et
1267 835 1318 861 hoc
1336 834 1362 860 in
1380 834 1439 861 loco
1455 841 1568 868 magnus
1596 833 1759 860 Athanasius

974 878 1072 912 fontem
1089 878 1194 907 Patrem
1209 880 1291 912 dixit,
1301 879 1432 915 Spiritum
1448 888 1555 914 aquam.

1013 923 1061 950 Ubi
1080 931 1143 951 vero
1168 930 1310 952 enumerat
1349 925 1493 960 Scriptura:
1508 924 1661 952 testimonia
1678 927 1758 951 natu-

974 969 1039 997 ralis
1071 971 1286 1002 eommunionis.
1304 979 1336 999 ex
1353 979 1385 998 eo
1400 971 1473 1006 quod
1486 971 1610 998 similiter
1623 971 1657 998 sit
1668 969 1758 1002 Pater,

972 1021 999 1041 ei
1014 1014 1109 1048 Filius,
1126 1021 1152 1043 et
1167 1015 1286 1051 Spiritus
1303 1021 1425 1052 sanctus,
1446 1017 1481 1044 ibi
1499 1017 1636 1044 Christum
1655 1015 1757 1042 fontem

974 1061 1091 1096 Spiritus
1114 1062 1191 1094 dicit,
1218 1070 1316 1097 aquam
1336 1070 1398 1090 vero
1412 1067 1536 1090 sanctum
1557 1062 1688 1097 Spiritum
1708 1069 1758 1088 no-

974 1108 1070 1135 minat.
1086 1108 1130 1134 Ait
1144 1108 1259 1142 denique
1274 1116 1281 1135 :
1300 1118 1308 1134 ι
1328 1108 1397 1135 Dicit
1412 1108 1536 1135 Salvator
1551 1109 1664 1135 iterum:
1679 1117 1687 1132 t
1701 1107 1753 1140 Qui

972 1153 1056 1180 credit
1083 1153 1184 1185 inme,
1205 1155 1272 1180 sicut
1312 1154 1376 1180 dicit
1407 1153 1546 1188 Scriptura
1564 1174 1571 1185 ,
1586 1152 1696 1187 ﬂumina
1725 1153 1757 1178 de

973 1203 1059 1224 ventre
1085 1197 1141 1229 (ius
1165 1198 1247 1232 ﬂuent
1274 1205 1349 1232 aqutc
1387 1198 1472 1224 trime.
1489 1198 1632 1231 Expone-iis
1665 1201 1753 1223 autem

972 1243 1135 1278 evangelista
1164 1243 1228 1278 quid
1261 1244 1297 1270 sit
1325 1251 1394 1278 aqua
1421 1244 1480 1269 viva
1495 1252 1501 1269 :
1518 1242 1575 1269 Hoc
1590 1248 1678 1269 autem
1692 1263 1698 1273 ,
1713 1243 1755 1269 iii-

972 1294 1041 1324 qu.t,
1073 1288 1175 1315 diccbat
1199 1288 1351 1323 tleSpirilu,
1383 1297 1457 1323 quem
1468 1291 1598 1321 accepturi
1615 1293 1754 1315 emittere-

973 1335 1062 1361 dentes
1093 1335 1120 1360 in
1146 1342 1204 1360 eunt
1219 1354 1226 1360 .
1244 1334 1314 1361 Dicit.
1346 1335 1418 1361 enim
1449 1335 1600 1369 propheta:
1620 1334 1663 1360 Me
1679 1334 1752 1360 dere-

972 1381 1101 1415 liqnerunt
1118 1381 1214 1413 [autem
1238 1389 1314 1415 aqua:
1346 1382 1408 1408 vim
1424 1400 1432 1411 ν
1449 1386 1471 1407 et
1498 1380 1621 1414 [oderunt
1646 1380 1695 1406 sibi
1715 1380 1756 1406 la-

973 1436 1019 1454 cus
1046 1429 1172 1455 contritas
1191 1428 1258 1462 ,qui
1298 1436 1349 1454 ηοη
1381 1433 1502 1462 poterunt
1543 1435 1638 1461 aquam
1673 1427 1756 1453 canti-

932 1474 953 1504 C
972 1481 1039 1500 nere.
1049 1483 1057 1499 ι

1011 1520 1082 1546 Ιτιιδιιι
1102 1526 1196 1546 rursus
1221 1519 1247 1545 iii
1270 1519 1338 1546 libro
1355 1519 1391 1545 De
1414 1519 1606 1552 dispensatione
1634 1519 1756 1544 incanta-

974 1565 1051 1592 tiaitis
1082 1563 1198 1594 Domini.
1232 1564 1310 1598 cujus
1342 1563 1446 1590 iititiiiiii
1473 1569 1515 1590 est
1542 1563 1617 1595 :Qtti
1644 1563 1756 1596 maligne

973 1610 1076 1636 divinas
1094 1609 1211 1635 Litteras
1229 1613 1316 1635 volunt
1342 1609 1498 1644 intelligere,
1518 1617 1527 1633 t
1559 1608 1638 1635 Novit
1669 1609 1752 1640 enim,

973 1656 1083 1689 inquit,
1097 1655 1226 1690 propheta
1259 1655 1329 1689 apud
1358 1654 1441 1682 Deum
1458 1655 1565 1681 Patrem
1578 1662 1638 1681 esse
1657 1653 1754 1680 Filium

974 1701 1074 1728 fontem
1093 1701 1179 1728 sancti
1200 1701 1328 1734 Spiritus.
1352 1710 1360 1726 I
1393 1699 1445 1727 Sed
1463 1705 1489 1726 et
1505 1699 1714 1735 Clirysostomus
1729 1701 1754 1727 in

973 1754 1097 1774 sermone
1114 1746 1151 1773 De
1167 1749 1331 1772 sacrain'enta
1356 1746 1521 1780 baptismatis
1541 1754 1550 1773 :
1570 1755 1578 1771 ι
1600 1746 1754 1780 Propterea,

973 1793 1072 1826 inquit,
1093 1792 1212 1819 ostendit
1226 1800 1256 1819 se
1282 1792 1369 1826 ipsum
1398 1792 1522 1819 Salvator
1550 1792 1651 1819 fontem
1679 1799 1756 1826 aqua:

972 1837 1050 1868 vivae,
1065 1842 1092 1864 et
1118 1845 1218 1871 aquam
1249 1837 1336 1865 vivam
1371 1837 1501 1871 Spiritum
1528 1842 1676 1864 sanetum.
1698 1846 1707 1863 ι
1726 1837 1755 1864 iii
1790 1845 1795 1851 ’

975 1883 1081 1917 hymnis
1116 1890 1225 1917 quoque
1253 1883 1417 1917 psallimus:
1449 1891 1457 1906 t
1487 1881 1528 1909 Me
1555 1883 1756 1916 dereliqucrunt

973 1926 1073 1953 fontem
1105 1926 1221 1953 viventis
1255 1934 1355 1960 aquat,
1381 1925 1580 1959 Barrabainqiie
1603 1925 1756 1959 petiverunt

972 1979 1053 2006 atque
1069 1972 1242 2014 dimiserunt.
1259 1981 1268 1997 ι
1286 1971 1400 1998 Constat
1426 1971 1507 2006 igitur
1524 1990 1530 2003 ,
1547 1964 1623 2005 quod
1653 1971 1754 1998 dictum

973 2024 1025 2051 est,
1041 2027 1080 2046 me
1106 2018 1301 2053 tlercliqueruut
1320 2017 1418 2052 [autem
1435 2024 1509 2050 aqua:
1523 2018 1595 2047 υἰισαε,
1612 2017 1756 2050 aliquando

972 2071 1095 2098 persona:
1122 2063 1209 2091 Patris
1238 2063 1394 2094 convenire,
1423 2062 1569 2096 aliquando
1594 2070 1658 2089 vero
1673 2063 1753 2089 etiam

973 2109 1033 2136 Filii
1051 2130 1058 2136 .
1073 2109 1137 2136 Viva
1167 2115 1256 2136 autem
1282 2116 1351 2143 aqua
1371 2108 1489 2143 Spiritus
1506 2113 1615 2135 sanctus
1632 2113 1752 2135 vocatur.

938 2140 958 2167 θ
975 2154 1046 2181 Fons
1074 2156 1164 2188 itaque
1179 2154 1298 2187 Spiritus
1308 2140 1400 2180 sancti
1415 2151 1495 2179 Pater
1507 2157 1534 2178 et
1551 2152 1634 2179 Filius
1647 2157 1699 2179 est.
1718 2152 1752 2178 lt.i

972 2200 1072 2234 quippe
1083 2205 1108 2226 et
1134 2206 1148 2226 a
1163 2199 1264 2226 sanctis
1276 2198 1402 2225 Patribus
1418 2198 1609 2232 exponitunlit
1626 2199 1752 2232 quoniam

972 2246 1033 2273 fons
1047 2246 1154 2279 quidem
1177 2245 1293 2279 Spiritus
1311 2244 1389 2271 Pater
1421 2249 1473 2276 est,
1488 2249 1516 2271 ut
1544 2252 1626 2272 causa
1659 2245 1752 2279 ipsius,

971 2296 1013 2320 est
1033 2297 1122 2318 autent
1150 2290 1235 2317 Filius
1261 2291 1348 2317 sancti
1380 2290 1500 2324 Spiritus
1518 2290 1588 2322 fons,
1606 2291 1751 2324 colligitur,

971 2338 1033 2371 quia
1049 2345 1102 2363 una
1128 2344 1220 2368 causa,
1255 2343 1380 2370 unusque
1393 2336 1456 2363 fons
1475 2337 1561 2362 sancti
1580 2335 1696 2369 Spiritus
1713 2340 1751 2362 est

972 2381 1050 2408 Pater
1066 2385 1092 2407 et
1105 2380 1200 2408 Filius.
1213 2380 1309 2407 Omnia
1331 2380 1415 2412 enim,
1430 2387 1490 2414 quae
1506 2380 1584 2407 Pater
1594 2380 1683 2412 habet,
1695 2381 1752 2406 Filii

972 2431 1047 2458 sunt,
1061 2432 1087 2453 et
1117 2435 1176 2461 quin
1204 2426 1263 2454 Filii
1278 2431 1342 2454 sntit
1371 2428 1403 2453 ad
1419 2425 1526 2453 Patrem
1541 2426 1707 2454 referuntur.
1720 2427 1752 2453 Et

972 2472 1037 2500 illud
1072 2473 1153 2500 simul
1183 2478 1301 2504 constat,
1327 2472 1389 2507 quia
1409 2472 1480 2500 sicut
1495 2480 1542 2507 per
1559 2478 1682 2499 naturam
1699 2480 1751 2499 una

971 2524 1013 2546 est
1042 2527 1124 2554 aqua,
1142 2524 1169 2546 et
1201 2526 1260 2554 qua:
1284 2519 1311 2545 in
1323 2518 1397 2545 fonte
1422 2523 1463 2545 est
1492 2523 1519 2545 et
1537 2526 1598 2552 qua:
1613 2523 1705 2545 manat
1718 2526 1750 2544 cii

971 2564 1056 2597 fonte,
1089 2565 1125 2592 ita
1139 2572 1221 2591 unum
1237 2571 1285 2598 per
1297 2567 1422 2590 naturam
1436 2569 1498 2590 sunt
1514 2563 1604 2594 Pater,
1618 2568 1645 2590 et
1656 2562 1752 2595 Filius,

970 2616 997 2638 ct
1012 2610 1131 2645 Spiritus
1157 2614 1266 2637 sanctus
1283 2628 1290 2635 .
1311 2608 1357 2635 Siti
1376 2643 1379 2646 .
1393 2616 1456 2636 vero
1470 2617 1540 2643 aqua
1558 2617 1590 2636 ex
1606 2608 1681 2636 fonte
1693 2617 1750 2635 ma-

971 2661 1028 2688 nat,
1051 2654 1235 2690 profunditur,
1261 2658 1370 2686 scatet;
1387 2653 1562 2681 manifestum
1593 2657 1643 2685 est,
1675 2654 1739 2688 quia

969 2707 996 2729 et
1031 2701 1147 2736 Spiritus
1156 2708 1188 2728 ex
1203 2699 1271 2728 Filio
1287 2704 1390 2732 manat,
1405 2705 1488 2727 scatet
1514 2704 1595 2735 atque
1611 2699 1750 2735 profundi-

715 2801 737 2816 ’⁵
755 2800 831 2828 Joan.
850 2806 897 2830 vit,
914 2798 957 2831 57,
973 2797 1020 2824 58.
