1934 3063
155 177 188 207 εὴ

706 186 903 216 ADYEiiSUS
927 188 1084 219 CILECDS
1101 189 1174 220 LIB.
1192 190 1228 219 II.

1745 201 1761 229 Β
1768 201 1783 230 2

156 242 202 262 tur
220 255 227 262 .
245 235 308 263 llaec
333 240 422 263 auten:
454 237 541 271 ipsum
569 247 602 266 cx
630 239 675 266 illo
689 248 748 268 esse
764 242 917 276 significant
937 252 943 271 :
963 247 983 272 Α
1000 245 1162 285 substantia,
1180 251 1206 273 et
1226 246 1330 278 eTe'tv,
1346 252 1372 273 ct
1387 248 1514 282 splendor
1531 251 1623 285 gloria:
1640 252 1697 279 Det.
1728 256 1779 281 dea

154 281 259 314 quippe
292 281 389 308 Filium
417 290 449 310 ex
479 283 556 310 Patre
585 293 717 318 manare,
747 287 828 314 flutare
865 293 945 323 atque

155 326 298 359 profundi,
325 328 410 354 sancti
438 327 531 356 Patres
544 331 677 364 dicentes,
692 332 872 360 substantiam
886 335 945 369 ejus

155 378 188 397 ex
205 370 289 398 Patre
303 372 456 406 signiﬁcare
472 375 576 402 volunt.

192 417 238 443 Ait
254 418 354 452 quippe
370 424 482 447 sanctus
499 420 617 455 Cyrillns
636 423 662 449 in
679 424 796 458 quodam
812 426 942 461 capitulo,

157 460 195 487 De
222 463 370 490 mternitate
391 463 467 497 Filii,
483 467 560 500 cujus
590 467 697 495 initium
725 474 765 497 est
781 479 787 497 :
803 470 874 498 Fons
899 480 943 499 sa-

154 508 261 538 pientiae
275 508 343 535 Deus
375 516 485 537 vocatur
504 531 511 542 .
525 517 602 539 etest
619 521 628 538 :
651 523 660 538 ί
695 515 758 542 Erat
781 523 845 551 ergo
868 517 940 545 Patri

154 559 306 580 eumn-ritus
321 554 417 587 Filius,
431 564 462 582 ex
490 562 601 591 paterna
631 559 781 588 substantia
812 562 892 589 veluti
909 571 941 590 ex

155 597 273 628 quodam
308 597 381 625 fonte
413 602 581 633 scaturiens.
619 612 628 628 ι
651 603 734 631 Aiunt
763 606 940 635 nihilominus

155 647 181 667 et
199 642 250 675 ipsi
279 643 372 671 Patres
398 645 530 679 Spiritum
561 654 685 676 sanctum
699 657 730 677 ex
745 650 814 678 Filio
830 659 940 687 quoque

155 687 290 719 profluere
309 708 317 721 ,
346 690 475 723 profundi
505 712 513 724 ,
533 700 643 721 manare
672 699 753 729 atque
782 698 938 731 procedere.

154 731 220 759 Nam
254 734 377 769 ingestis
407 737 501 771 primm
517 738 542 765 in
558 738 647 767 Niezea
664 742 770 776 synodi,
784 743 810 769 iit
823 743 865 771 his
879 751 939 778 quae

153 778 281 806 dixerunt
307 781 395 808 sancti
423 782 517 810 Patres
541 784 574 811 ad
592 786 781 820 pltilosopltum
810 795 859 823 per
880 790 940 824 cpi-

155 831 270 856 smpum
294 825 449 860 Leontium,
461 837 576 863 quorum
592 832 736 859 verborum
752 834 861 861 initium
881 841 934 862 est:

155 868 201 894 Est
234 870 302 897 il'ud
330 879 418 899 au‘em
447 875 669 910 inielligendum,
699 887 714 906 ο
739 880 843 911 amice.
876 881 936 914 jam

152 915 269 941 veritatis
290 916 440 952 philosophe
457 940 464 951 .
482 921 521 948 sic
537 922 664 954 habetur,
682 933 691 950 α
710 925 850 954 Invenitur
871 928 936 962 Spi-

155 962 223 986 r‘tus
245 969 277 988 ex
306 963 385 990 Patre
407 966 516 999 quidem
541 969 700 1002 procedens,
712 973 836 1006 proprius
846 979 951 1002 autem‘

152 1004 222 1035 Filii.
251 1011 279 1034 et
308 1015 340 1035 ex
357 1009 416 1043 ipso
436 1011 583 1045 profluens.
602 1024 611 1040 ι
627 1015 655 1042 Si
670 1004 730 1050 quis
743 1004 875 1047 auteutex
895 1021 937 1049 his

154 1048 250 1077 Filium
276 1051 394 1086 Spiritus
419 1054 520 1083 fontem
533 1060 609 1091 juxta
638 1048 699 1087 cuin
714 1062 760 1095 qui
787 1072 802 1090 a
818 1066 935 1099 quibus-

155 1094 216 1121 dant
247 1096 437 1131 introducitur,
468 1104 618 1131 secundum
639 1113 797 1140 processum
819 1112 878 1145 ejus
898 1114 937 1141 in-

153 1139 234 1174 telligi
250 1145 354 1170 tantum
368 1146 422 1172 vult
437 1155 443 1172 :
462 1153 487 1173 at
501 1155 534 1175 eo
548 1149 623 1182 dato.
640 1139 700 1185 quae
715 1139 843 1188 praedicta
857 1165 933 1193 sunt,

153 1184 241 1220 inepta
257 1195 335 1216 erunt
351 1195 376 1216 et
393 1192 510 1220 absurda
529 1196 634 1223 omnia.

186 1231 318 1261 Praeterea
344 1236 395 1263 etsi
421 1238 588 1274 dederimus,
617 1244 754 1276 geminum
771 1255 928 1282 processum

151 1283 219 1308 esse,
237 1283 383 1314 utrumque
411 1291 523 1313 necesse
535 1292 575 1314 est
591 1287 659 1316 Filio
674 1298 846 1322 communem
869 1303 931 1325 esse

151 1328 210 1347 cum
242 1322 322 1351 Patre
338 1344 347 1358 ,
366 1334 399 1354 ne
411 1329 527 1358 varietas
554 1335 681 1362 essentia;
697 1336 756 1364 Filii
774 1339 806 1366 ad
823 1340 930 1370 Patrem

151 1371 290 1400 sequatur.
306 1369 426 1402 Quorum
438 1375 510 1402 ettim
526 1383 566 1405 est
581 1379 668 1407 virtus
680 1381 818 1416 differens,
835 1394 915 1415 essen
925 1401 933 1408 -

153 1411 188 1438 tia
217 1420 327 1448 quoqtte
359 1416 486 1447 differens
518 1428 570 1454 est;
601 1425 682 1452 sicuti
709 1435 824 1461 quorum
848 1439 926 1467 aequa

151 1455 236 1485 virtus
264 1463 317 1492 est,
347 1463 459 1497 :equalis
475 1469 501 1492 ct
524 1469 644 1496 essentia
662 1455 803 1506 erm-Quod
816 1477 837 1503 si
857 1455 929 1506 uitus

151 1508 296 1533 prooessus
309 1511 361 1538 est,
383 1509 466 1536 multo
481 1512 565 1546 magis
585 1516 659 1548 quod
686 1520 870 1553 quzerehatur,
903 1523 930 1550 in

997 294 1024 316 et
1055 295 1112 317 toto
1137 282 1163 318 in
1195 292 1283 325 St‘llel)
1317 294 1434 321 ostendit
1460 295 1575 328 Patrem,
1599 305 1629 324 cr
1646 302 1700 325 tota
1720 300 1779 334 ejus

996 336 1080 370 gloria
1098 337 1284 371 resplendeus.
1303 347 1312 363 ι
1796 372 1799 375 Α

1031 381 1101 407 ΙιΙθηι
1113 382 1137 407 in
1152 389 1276 409 sermone
1291 383 1388 410 Contra
1403 384 1550 413 Sabe/lium
1565 393 1588 414 et
1602 388 1754 416 Anonnum
1768 397 1779 417 :
1794 381 1800 411 ἶ

998 436 1006 451 ε
1032 427 1084 453 Illic
1111 432 1199 453 autem
1223 435 1283 454 cum
1315 430 1392 456 audis
1418 430 1571 466 imaginem,
1605 434 1775 468 splenderent

996 473 1088 507 gloria!
1106 474 1234 508 intelligo.
1256 485 1264 499 ι
1793 508 1796 511 .

1028 518 1145 545 Joannes
1176 528 1284 554 quoque
1322 522 1521 555 Damasccnns.
1547 525 1573 552 in
1606 526 1717 554 Canone
1748 529 1776 555 itt

994 571 1120 598 maguum
1141 564 1268 591 Basilinzn
1290 567 1325 592 ait
1350 575 1356 593 :
1381 576 1390 592 ‹
1410 568 1501 602 Imago
1524 569 1611 598 Patris
1629 572 1724 601 Filius.
1742 582 1773 599 ac.

993 609 1052 635 Filii
1074 609 1199 643 Spiritus.
1226 620 1233 635 t
1254 613 1291 638 Ad
1314 613 1370 639 lucc
1395 619 1507 641 sanctus
1526 617 1635 650 quidem
1657 617 1775 652 Cyrillns

992 653 1019 679 in
1036 662 1060 680 vt
1081 655 1114 680 tul
1132 655 1266 682 Hermi/tm
1290 657 1324 683 ait
1346 666 1352 684 :
1371 668 1380 683 ι
1407 658 1526 693 Denique
1546 666 1572 688 et
1586 667 1697 689 sanctus
1725 663 1776 689 Dzi-

998 699 1040 724 vid
1070 699 1203 727 viventem
1231 707 1256 728 et
1280 703 1496 731 suhstantialitcr
1517 707 1624 734 insitam
1652 709 1774 735 t-lliri'n—

991 744 1055 770 tiam
1083 753 1115 771 ac
1140 746 1267 774 virtutem
1301 748 1390 776 Patris
1415 749 1513 777 Filium
1539 760 1654 781 noscens
1679 757 1774 784 orabit

990 789 1083 816 dicens
1100 800 1106 817 :
1125 800 1134 815 ι
1154 791 1272 826 Illanda,
1308 794 1389 827 Deus,
1424 796 1517 823 virtuti
1540 802 1591 824 tute
1610 806 1632 836 Δς
1645 802 1774 835 conﬁrma

989 834 1046 866 hoc,
1077 835 1164 869 Deut,
1180 838 1249 871 quod
1277 844 1397 872 operatur
1422 849 1448 868 es
1470 843 1494 868 in
1512 843 1584 870 nobis
1610 834 1644 872 5°.
1674 846 1774 876 Paulus

989 879 1050 907 item
1072 882 1302 915 sapientissimum
1319 884 1457 913 Christum
1483 887 1527 915 Dei
1544 891 1670 919 virtutem
1685 898 1710 920 et
1727 893 1773 921 Dei

992 926 1151 960 sapientiam
1167 928 1188 943 "
1203 935 1294 963 aperte
1309 931 1472 964 praedicavit.
1495 942 1503 958 ν
1522 934 1593 962 Idem
1618 937 1642 963 in
1655 939 1772 972 quodam

991 971 1109 1005 capitulo
1125 973 1153 1000 ll
1173 973 1363 1003 Thesaurorum
1378 978 1434 1004 ait:
1452 988 1462 1004 ί
1482 971 1773 1014 Apertissimerosten-

992 1016 1075 1049 ditur,
1093 1025 1146 1045 non
1163 1019 1282 1046 alienum
1299 1028 1360 1048 esse
1371 1030 1385 1049 a
1403 1023 1471 1050 Filio
1486 1024 1619 1060 Spiritum
1635 1035 1771 1061 sanctum.

991 1061 1038 1088 sed
1064 1063 1089 1089 in
1119 1063 1188 1096 ipso,
1204 1071 1230 1092 et
1261 1073 1292 1092 ex
1316 1067 1373 1101 ipso
1402 1076 1471 1100 esse,
1497 1078 1528 1098 ac
1543 1073 1622 1101 veluti
1652 1075 1771 1104 efficacia

989 1108 1112 1140 quaedam
1132 1111 1263 1138 naturalis
1277 1113 1367 1139 omnia
1390 1114 1502 1149 implere
1522 1118 1624 1151 valens,
1640 1128 1772 1154 quatenu—

989 1161 1042 1187 que
1056 1153 1184 1183 voluerit.
1207 1166 1216 1183 t
1244 1156 1418 1194 Rursumque
1433 1161 1460 1188 in
1475 1162 1529 1189 alio
1543 1153 1662 1199 capitulo
1679 1167 1690 1193 t
1707 1167 1772 1194 Tlte-

992 1207 1143 1234 murorum,
1165 1211 1174 1227 ‹
1192 1201 1287 1235 Filius,
1303 1204 1399 1239 inquit,
1413 1207 1478 1234 ‘viva
1505 1212 1531 1235 et
1551 1211 1704 1238 essentialis
1717 1212 1771 1239 effi-

988 1246 1062 1273 cacia
1089 1251 1140 1279 est,
1167 1252 1193 1274 et
1216 1249 1303 1276 virtus
1327 1251 1458 1285 sapientia
1481 1252 1579 1282 Patris.
1617 1264 1627 1281 ι
1657 1256 1709 1284 Sed
1744 1264 1769 1286 et

988 1298 1102 1325 magnus
1118 1292 1294 1327 Athanasius,
1314 1294 1340 1321 in
1354 1295 1478 1330 Epist.a:l
1496 1299 1690 1334 Serapionem,
1707 1311 1771 1338 ope-

989 1336 1121 1363 rationem
1145 1337 1202 1364 Filii
1221 1338 1350 1373 Spiritum
1373 1342 1514 1375 nominat,
1541 1336 1769 1382 plurimisqueliu

986 1380 1053 1407 locis
1081 1382 1204 1409 doctores
1238 1385 1324 1411 sancti
1365 1388 1513 1415 naturalem
1546 1394 1573 1417 et
1596 1380 1768 1420 εεεοιιίἰτιιειη

988 1425 1048 1452 Filii
1069 1425 1196 1453 virtutem
1230 1432 1256 1455 et
1269 1430 1452 1470 operationem
1482 1432 1612 1468 Spiritnnt
1644 1442 1767 1465 sanctum

986 1477 1150 1499 asseverant.

1021 1518 1060 1545 Ad
1077 1519 1133 1546 htec
1156 1519 1250 1547 faciem
1276 1521 1383 1555 quidem
1400 1522 1487 1552 Patris
1499 1525 1609 1559 Filium,
1626 1527 1685 1555 Filii
1703 1537 1767 1556 vero

152 1548 279 1577 ntanihus
307 1556 358 1578 est.
390 1553 446 1582 Iloc
471 1562 558 1584 autem
575 1548 748 1590 verissimum
765 1548 934 1597 est,ma'xime
947 1563 970 1593 C
988 1563 1084 1591 faelem
1104 1564 1375 1599 Spiritum‘sa'wlum
1393 1574 1529 1598 ³⁵⁵θτυηι·
1545 1572 1589 1599 All
1604 1574 1674 1600 “lim
1689 1575 1767 1603 (“W5

151 1596 282 1625 ostenso,
311 1595 375 1624 hinc
405 1600 513 1633 quidem
554 1610 601 1630 eos
629 1606 675 1640 qui
698 1607 766 1636 duos
789 1617 932 1643 processus

152 1643 254 1670 ponunt
287 1641 404 1670 absurda
432 1646 549 1684 plurima
574 1651 651 1684 sequi
680 1641 847 1687 necessario,
868 1657 931 1685 hinc

151 1687 214 1708 vero
244 1686 372 1717 quoniam
400 1690 468 1716 mitti
490 1697 514 1718 et
530 1695 686 1728 pracedere,
701 1702 726 1724 et
742 1686 876 1733 profluere
891 1703 932 1730 di-

151 1727 271 1755 vinarum
290 1738 466 1764 personarum
481 1736 682 1768 distinctionem
697 1747 878 1776 commendat.

185 1772 318 1803 Praeterea
346 1778 431 1806 Filius
464 1781 553 1818 im:th
580 1783 667 1813 Patris
690 1772 930 1826 dieitur,Sp_i—r‘itus

151 1823 238 1845 autem
256 1820 326 1849 Filii.
347 1823 420 1851 Dixit
435 1827 506 1854 enim
522 1828 668 1863 Apostolus
681 1840 688 1858 ι
701 1834 774 1866 Quo:
788 1820 928 1874 arcesciri;

151 1869 172 1888 et
187 1866 382 1897 prcedestt'nnvit
397 1872 542 1906 conformes
558 1875 616 1909 ﬁeri
628 1877 749 1912 imaginis
765 1866 830 1909 Filii
843 1886 883 1911 uti
894 1866 927 1914 ’τί

151 1907 265 1942 Cyrillus
290 1920 398 1948 quoque
419 1935 427 1948 ,
440 1924 524 1951 super
542 1907 609 1947 illud
624 1907 928 1958 evatigelicuiitV-:-Sicul

153 1960 178 1980 tu
200 1964 239 1983 me
267 1960 359 1986 misisti
386 1961 413 1988 in
445 1967 570 1992 mundum
600 1967 634 1999 ",
649 1968 708 1996 ait:
726 1980 735 1997 ι
757 1971 826 2005 Quia
854 1976 927 2003 enim

154 1998 283 2036 Uuigeniti
314 2005 473 2035 substantia:
498 2009 587 2045 imago
610 1998 783 2047 integerrima
809 2017 927 2053 Spiritus

153 2045 207 2078 ejus
235 2050 385 2085 est,juxta
422 2053 465 2086 id,
482 2056 554 2089 quod
583 2045 682 2087 Paulus
707 2045 926 2098 scripsit-:buos

152 2093 283 2125 pra’scivit,
298 2101 322 2121 et
347 2097 544 2130 prtzdestinavit
565 2103 712 2137 conformat
741 2107 801 2140 ﬁeri
830 2110 926 2146 imagi-

154 2136 188 2146 _,,
207 2137 249 2146 η..
278 2139 284 2144 .
476 2144 482 2146 -
567 2145 571 2146 ν

153 2136 188 2161 nis
202 2137 249 2170 ﬁlii
260 2139 334 2172 ejus,
352 2148 458 2175 omnes,
475 2144 503 2170 in
517 2145 725 2183 quibuscunque
740 2150 834 2184 fuerit,
855 2136 922 2182 coit-

154 2180 246 2210 forines
264 2184 344 2212 cllicit
364 2187 484 2222 imagini,
503 2190 554 2218 hoc
567 2198 619 2226 est,
636 2193 715 2222 Filio.
733 2205 744 2221 ›
776 2204 782 2212 ·

185 2225 251 2254 Idem
272 2236 353 2264 super
379 2232 444 2259 illud
457 2242 463 2260 :
479 2234 537 2261 Non
550 2245 597 2270 pro
612 2224 664 2265 Ἰιίι
676 2247 738 2274 rogo
765 2246 868 2272 tantum
879 2246 900 2262 ⁸³
911 2267 919 2279 ,
934 2224 960 2254 D

153 2271 183 2297 ait
200 2281 206 2299 :
226 2282 234 2298 ι
254 2273 344 2309 Imago
370 2277 476 2306 sincera
498 2281 590 2309 Patris
605 2282 922 2319 Filius,naturalislvero

153 2315 291 2364 similitudo
311 2319 379 2353 Filii.
409 2322 526 2357 Spiritus
549 2327 618 2362 ejus.
637 2338 647 2354 ι
680 2329 752 2358 Idem
778 2341 874 2363 rursus
895 2337 922 2364 in

155 2356 284 2388 Thesauri;
299 2371 309 2390 :
324 2356 573 2398 «Quemadmodum
588 2371 679 2406 igitur,
689 2383 819 2409 quoniam
833 2387 922 2414 Imago

153 2402 233 2433 Patris
251 2408 456 2443 diligentissima
479 2419 521 2441 est
544 2402 641 2449 Filius.

152 2455 173 2475 et
193 2451 293 2480 Patrem
317 2455 405 2489 habet.
433 2459 470 2486 ita
487 2461 520 2487 ad
536 2463 649 2496 parilem
667 2451 779 2500 figurant
797 2451 920 2505 analorgia

154 2502 298 2526 rccurrente
313 2510 319 2527 :
336 2503 380 2535 qui
402 2503 461 2531 Filii
486 2506 701 2541 imaginemJtoc
714 2518 765 2544 est,
789 2502 918 2549 Spiritum

153 2545 302 2577 susceperit,
326 2555 371 2580 per
394 2549 481 2583 ipsum
501 2554 613 2581 omnino
638 2555 716 2584 habet
735 2545 845 2592 Filium,
867 2562 919 2589 Pa-

154 2590 278 2622 tremque,
293 2593 337 2625 qui
353 2593 378 2620 in
395 2595 453 2630 ipso
470 2603 522 2625 est.
543 2607 551 2623 ι
640 2621 643 2624 μ
860 2623 868 2631 -

186 2632 291 2668 Magnus
315 2643 403 2666 autent
432 2641 548 2671 Basilius
563 2645 588 2672 in
614 2646 661 2674 lib.
676 2656 683 2674 ι
701 2648 800 2677 Contra
829 2651 920 2680 Euno-

156 2676 228 2702 mium
242 2699 248 2711 ,
266 2689 274 2704 ι
302 2681 407 2717 Imago,
430 2686 528 2721 inquit.
552 2690 653 2723 genita,
671 2697 698 2718 et
711 2694 810 2722 dicitur
824 2695 920 2731 Filitts,

157 2725 180 2745 ct
204 2727 242 2748 est
264 2727 390 2759 sapientia
422 2736 448 2758 et
474 2733 570 2767 virtus,
596 2740 624 2762 et
649 2736 753 2771 jttstitia
781 2741 839 2774 Dei,
867 2751 919 2770 non

159 2768 229 2798 quasi
253 2769 365 2806 habitus,
387 2783 474 2811 neque
498 2780 577 2813 quasi
600 2782 738 2815 aptitudo,
755 2786 801 2813 sed
826 2787 919 2815 vivens

191 2825 313 2872 illum;
328 2834 447 2872 vulgi).
491 2837 514 2853 ⁵⁵
528 2836 607 2865 Joau.
628 2839 694 2872 xv'tt,
711 2842 753 2868 tit.

808 2844 829 2859 "
848 2845 911 2872 ibid.
928 2845 972 2873 20.

160 2864 277 2895 “‘“I'l.
299 2864 322 2891 ⁷.
358 2868 377 2882 ’³
392 2868 459 2898 Psal.
478 2879 513 2905 tv,
533 2874 558 2899 7.
597 2874 620 2889 “
630 2864 765 2909 io’ihﬁii,
781 2878 825 2905 27.

983 1607 1099 1643 Cyrillus
1123 1609 1148 1636 in
1168 1618 1185 1636 v
1201 1611 1236 1638 ad
1258 1611 1394 1640 Hermiam
1418 1623 1427 1642 .'
1446 1624 1455 1640 ‹
1472 1616 1548 1648 Quod
1565 1618 1650 1651 enim,
1667 1619 1765 1654 lnqttit,

984 1655 1060 1689 quasi
1091 1655 1173 1683 facies
1195 1657 1253 1689 Dei,
1266 1663 1292 1685 et
1317 1657 1405 1688 Patris
1440 1660 1526 1690 Filius
1550 1663 1595 1696 sit,
1621 1664 1764 1694 Psalmista

983 1707 1033 1727 nos
1043 1700 1120 1728 facile
1135 1702 1232 1730 docere
1247 1705 1344 1738 poterit
1357 1725 1364 1739 ,
1381 1706 1528 1742 aliquando
1542 1709 1648 1745 quidem
1659 1711 1763 1740 (licens:

984 1755 993 1771 ι
1018 1746 1076 1780 Quo
1101 1748 1174 1775 iboa
1199 1749 1298 1782 Spiritu
1323 1757 1378 1784 tua,
1405 1757 1429 1780 el
1461 1762 1511 1788 quo
1528 1763 1545 1782 a
1578 1756 1648 1790 [acie
1668 1758 1765 1793 Inafu-

981 1793 1101 1825 giam“?
1118 1793 1264 1829 aliquando
1283 1803 1380 1825 rursus
1389 1799 1471 1825 veluti
1487 1807 1520 1827 el
1532 1808 1648 1835 persona
1667 1811 1762 1831 eorum

981 1837 1027 1871 qui
1048 1839 1220 1867 crediderant
1244 1841 1270 1868 in
1286 1842 1361 1870 illum
1378 1851 1384 1870 :
1404 1843 1542 1879 Signatum
1565 1852 1603 1874 est
1626 1856 1703 1881 super
1717 1858 1763 1877 nos

981 1882 1067 1910 lumen
1090 1883 1176 1911 vultus
1197 1886 1248 1916 .tut'.
1273 1885 1383 1914 Domine
1401 1888 1434 1915 ³³.
1460 1889 1562 1925 Signati
1585 1892 1656 1919 enim
1668 1902 1763 1921 sumus

979 1932 1075 1955 sancto
1096 1929 1198 1962 Spiritu
1213 1931 1246 1958 ad
1263 1932 1469 1961 similitudinem
1492 1935 1568 1964 faciei
1591 1938 1690 1972 Patris,
1711 1940 1763 1966 hoc

978 1977 1018 2000 est
1044 1973 1114 2000 Filii.
1145 1983 1154 2000 ι
1185 1974 1255 2002 Idem
1278 1984 1359 2012 super
1373 1978 1438 2005 illud
1457 1988 1463 2007 :
1483 1979 1633 2014 Operumint'
1654 1991 1704 2010 non
1723 1986 1760 2011 ri-

978 2019 1048 2051 bum,
1070 2021 1114 2055 qui
1127 2021 1194 2054 perit
1205 2021 1227 2038 ⁸⁸
1244 2042 1251 2054 ,
1271 2032 1280 2049 ε
1296 2022 1441 2056 Quoniam,
1458 2024 1556 2060 inquit,
1575 2035 1627 2055 non
1648 2029 1760 2056 dubium

977 2070 1028 2096 est,
1046 2065 1110 2099 quin
1124 2065 1208 2093 facies
1222 2066 1282 2098 Dei;
1294 2071 1321 2094 et
1332 2068 1421 2096 Patris
1431 2068 1516 2098 Filius
1527 2072 1570 2098 sit.
1585 2073 1628 2099 Est
1645 2074 1702 2108 ipse
1713 2083 1760 2109 pe-

977 2108 1051 2136 nitus
1065 2113 1092 2136 et
1107 2110 1251 2138 character
1261 2111 1287 2139 in
1301 2120 1355 2146 quo
1369 2113 1458 2148 signat
1475 2114 1555 2143 Deus.
1570 2126 1579 2142 t
1592 2117 1663 2145 Idem
1678 2108 1760 2154 super

976 2153 1040 2180 illud
1069 2163 1075 2181 ε
1108 2154 1156 2182 Sin
1185 2161 1291 2188 autem,
1307 2163 1411 2193 propter
1436 2160 1493 2194 ipsa
1518 2169 1596 2196 opera
1616 2153 1759 2198 credite",

979 2207 988 2224 ι
1007 2198 1034 2225 Si
1047 2200 1130 2232 enim,
1150 2200 1248 2236 inquit,
1262 2202 1381 2237 implevit
1400 2205 1509 2239 quidem
1523 2208 1608 2236 caelos
1621 2207 1716 2242 Filius,
1732 2218 1760 2237 et

978 2247 1055 2270 teme
1078 2244 1181 2278 ultima,
1209 2247 1259 2274 hoc
1287 2252 1339 2280 est,
1368 2248 1514 2284 infernum,
1535 2254 1670 2287 quomodo
1705 2263 1758 2282 ttou

977 2288 1183 2318 stolidissimum
1206 2293 1318 2320 outnino
1332 2299 1374 2321 est
1401 2300 1427 2322 et
1441 2303 1537 2331 praeter
1550 2307 1657 2327 omnem
1677 2303 1758 2329 rati0<

976 2341 1048 2366 nem,
1075 2336 1194 2364 ambitus
1210 2337 1248 2364 illi
1271 2339 1405 2374 applicare
1427 2343 1544 2371 nonnon?
1567 2344 1605 2372 Ne
1624 2346 1757 2382 illudqui-

975 2379 1036 2406 dem
1053 2381 1127 2408 venit
1143 2383 1169 2409 in
1183 2389 1300 2412 mentem
1323 2389 1395 2420 quod
1411 2387 1433 2414 si
1452 2388 1536 2417 facies
1551 2390 1621 2424 ejus,
1635 2391 1687 2419 hoc
1715 2399 1756 2420 est

977 2423 1103 2458 Spiritus;
1130 2426 1213 2456 facies
1241 2430 1312 2456 eniut
1334 2430 1404 2467 Filiif
1424 2439 1535 2461 vocatur
1553 2423 1689 2470 Spiritus;
1707 2438 1757 2464 in;-

975 2471 1030 2506 pIet
1056 2474 1164 2506 omnia,
1183 2475 1255 2503 nulla
1284 2477 1389 2504 ratione
1413 2479 1500 2514 ipsum
1527 2482 1631 2509 ambitu
1653 2483 1753 2511 includi

973 2523 1062 2550 posse.
1088 2526 1097 2542 ι

1006 2563 1046 2589 Ad
1062 2563 1120 2591 hzec
1137 2573 1252 2601 magnus
1264 2567 1381 2595 Basilius
1395 2570 1421 2596 in
1435 2571 1480 2597 lib.
1499 2579 1525 2598 tv
1542 2572 1640 2600 Contra
1661 2574 1754 2602 Euno-

970 2609 1061 2641 mium,
1082 2611 1232 2644 genitorem
1252 2619 1279 2640 et
1308 2615 1422 2648 primam
1440 2616 1555 2645 formant
1573 2619 1633 2646 Filii
1646 2621 1752 2650 Patrem

970 2654 1126 2688 appellavit.
1147 2656 1259 2692 Magnus
1280 2667 1345 2687 vero
1364 2660 1407 2687 ille
1425 2662 1573 2698 Gregorius
1586 2666 1751 2696 mirabiliunt

971 2703 1094 2732 patrator
1124 2701 1304 2731 Ncoczesarcm
1326 2706 1482 2742 cpiscopus,
1513 2709 1539 2736 itt
1568 2711 1648 2743 libro,
1672 2714 1752 2746 cujus

970 2745 1078 2772 initium
1111 2752 1153 2774 est
1183 2756 1190 2774 :
1218 2748 1398 2778 lnimicissimi
1441 2754 1570 2788 alienique
1603 2759 1752 2789 apostolica:

969 2790 1152 2824 confessionis,
1173 2803 1181 2819 ί
1200 2794 1289 2828 Pater,
1318 2796 1414 2832 inquit,
1445 2799 1550 2827 Domini
1573 2802 1750 2837 principium,

1026 2847 1130 2909 "Pisal.
1157 2859 1238 2884 uvn,
1253 2852 1296 2880 29.
1354 2854 1373 2870 ³¹
1391 2853 1400 2880 l
1417 2854 1479 2882 Cor.
1503 2863 1520 2888 ι,
1543 2856 1587 2882 24.
1641 2856 1747 2885 “Psal.

1027 2889 1051 2909 v.
1092 2885 1117 2909 2.

998 2889 1051 2915 ειν,
1077 2885 1117 2909 12.
