1934 3063
164 130 203 157 97v
712 134 910 164 ADVERSUS
925 133 963 162 GI

1019 133 1081 163 COS
1103 134 1176 163 LlB.
1197 134 1238 164 Il.
1758 131 1791 161 δῦ

167 195 223 216 est.
249 201 259 217 ι
277 191 346 223 Quae
360 196 449 219 autem
468 192 501 219 de
527 192 577 220 hoc
592 192 732 222 dicuntur.
751 193 867 227 plurima
891 199 952 219 cum
969 190 991 219 Α
1006 191 1043 218 ait

169 237 227 262 sint
255 241 369 271 propter
396 238 617 270 multitudinem,
635 238 806 270 omittimus,
827 246 874 272 per
896 246 957 272 qua:

169 289 203 307 ex
235 281 297 314 ipso
326 290 398 315 esse,
428 287 457 310 ut
488 284 616 317 proprius
654 284 689 311 sit
717 284 841 311 essentia:
873 284 956 314 illius,

171 328 310 354 astruitur
326 334 340 353 a
366 329 470 355 sanctis
492 328 632 355 Patribus.
648 329 736 363 Atque
754 329 817 355 hinc
835 329 955 363 dignosci

172 377 276 406 pint-st,
308 373 438 407 Spiritum
456 374 515 401 ideo
542 374 602 401 Filii
632 375 770 408 proprium
802 374 866 406 dici,
893 375 956 408 quia

172 425 206 443 ex
220 418 341 445 essentia
365 418 463 452 ipsius,
482 426 645 453 rursumque
662 426 723 446 eum
741 419 800 445 ideo
814 426 845 445 ex
862 426 955 445 essen-

173 462 212 488 tia
243 462 303 489 Filii
331 470 393 490 esse
426 464 589 496 asseverari,
610 465 672 498 quia
700 464 773 491 illius
799 464 958 491 substantiae

170 507 314 541 proprium
341 515 401 536 esse
428 510 528 536 bonum
551 514 594 537 est
626 518 633 536 :
660 510 806 544 procedere
821 510 891 536 enim
908 517 955 544 per

172 553 274 580 Filium
307 554 468 582 naturaliter
488 553 619 589 Spiritum
631 574 639 586 ,
654 559 684 582 ut
710 555 795 589 ipsius
806 555 957 589 proprium,

172 598 272 625 beatus
301 598 417 633 Cyrilius
442 599 529 630 dixit.
558 599 673 634 ideoque
706 599 741 626 ab
772 606 806 626 eo
833 599 958 633 accipere

171 642 292 674 dicitur,
319 643 393 677 quod
429 651 476 677 per
505 643 662 678 hujusmodi
700 650 859 678 processum
893 650 955 670 esse

173 686 294 721 Spiritus
308 692 420 715 sanctus
437 688 585 722 acceperit.

212 731 326 766 Magnus
343 733 407 759 item
425 733 592 760 Athanasius
605 753 612 764 ,
635 733 668 760 de
681 733 775 760 eodem
790 753 797 765 ,
825 733 851 760 in
870 733 959 767 primo

172 776 275 803 Contra
288 778 401 804 Arianae
419 785 452 804 ε(
469 777 524 805 Nisi
539 779 624 811 enim,
640 778 737 812 inquit,
750 783 823 806 esset
839 778 957 805 Verbum

173 831 286 857 grrmen
305 825 446 858 proprium
467 825 629 852 substantiae
646 824 745 854 Patris.
765 826 843 860 quasi
861 827 956 861 splen-

173 869 226 895 dor
257 869 336 902 lucis,
363 870 476 898 distaret
506 879 570 898 vero
592 876 689 898 natura
719 871 803 900 Filius
828 881 842 900 a
871 874 960 908 Patre,

175 916 317 943 sutfieeret
353 917 458 945 Patrem
490 919 579 945 solum
615 919 690 946 dare.
711 929 720 945 ι
740 920 789 947 Hie
820 922 960 956 proprium

176 962 268 988 Patris
295 962 413 989 Verbum
453 963 500 995 ait,
531 971 579 991 ceu
609 963 782 998 splendorem
814 966 894 994 lucis.
927 969 962 994 At

176 1008 308 1042 splendor
321 1016 353 1035 ex
370 1017 451 1036 causa
471 1010 539 1037 lucis
554 1016 604 1038 est.
621 1011 654 1038 Et
676 1013 813 1046 proprium
830 1013 914 1048 igitur
930 1022 963 1041 ex

177 1060 260 1080 causa
279 1060 339 1080 esse
359 1054 488 1081 ostendit.

215 1098 334 1126 Sanctus
347 1099 465 1134 Cyrillns
487 1106 570 1135 super
589 1101 653 1128 illud
674 1110 680 1128 :
702 1102 768 1130 Cum
785 1107 871 1130 autem
888 1112 963 1131 vett:-

179 1145 214 1170 rit
243 1144 399 1172 Purnclelus
413 1145 436 1161 “
451 1166 459 1178 ,
479 1155 487 1170 I
511 1146 539 1173 Si
557 1154 622 1182 ergo
634 1166 641 1179 ,
655 1148 761 1182 inquit,
779 1148 898 1176 ofﬁcium
912 1150 964 1176 mi-

180 1189 258 1215 nistri
273 1188 371 1216 Filium
388 1190 499 1225 implere
512 1192 697 1225 arbitramini,
713 1193 830 1220 alienum
849 1195 900 1222 hoc
912 1199 963 1227 est,

179 1243 211 1262 ex
229 1234 284 1262 Deo
306 1239 332 1262 et
358 1235 438 1263 Patre
463 1237 651 1270 procedentem
674 1239 774 1273 Spiritu
788 1248 815 1272 n,
843 1241 888 1274 qui
917 1249 964 1275 per

180 1285 310 1307 naturam
351 1287 462 1309 sanctus
492 1287 544 1313 est,
588 1283 666 1311 nobis
709 1285 880 1320 largientem,
909 1295 964 1314 non

181 1327 331 1354 secundum
352 1332 476 1356 naturam
499 1335 610 1358 sanctus
625 1335 666 1357 est
681 1331 777 1365 Filius,
790 1333 836 1360 sed
852 1335 964 1368 partici-

181 1373 291 1407 patione
317 1374 389 1401 sicut
412 1379 439 1402 et
462 1382 522 1402 nos.
551 1385 560 1401 ι
588 1375 644 1403 lloc
659 1384 809 1411 exponens,
827 1380 898 1413 quod
913 1381 962 1412 ait,

182 1418 309 1452 alienum,
339 1427 371 1446 ex
394 1419 471 1452 Deo,
499 1421 597 1456 inquit,
621 1427 648 1450 et
663 1423 742 1451 Patre
758 1426 961 1458 procedentem;

183 1470 236 1489 non
266 1469 409 1498 propterea
435 1466 553 1492 alienum
580 1467 691 1500 dicens,
717 1470 781 1503 quia
807 1478 839 1497 ex
867 1470 921 1498 Deo
937 1477 963 1498 et

1076 201 1081 218 :
1104 201 1112 216 ι
1153 191 1308 219 Ostenditur
1336 191 1484 221 evidenter.
1512 198 1564 218 non
1591 190 1708 218 alienum
1732 199 1792 219 esse

1012 245 1025 264 a
1055 237 1120 263 Filio
1152 237 1299 271 Spiritum,
1330 237 1374 264 sed
1409 238 1434 263 in
1462 237 1519 271 ipso
1563 241 1644 271 atque
1677 245 1708 265 ex
1734 238 1794 272 ipso

1013 290 1082 309 (3558.
1112 292 1120 307 Ι
1452 299 1455 303 .

1047 329 1085 354 Ac
1099 335 1145 362 per
1161 327 1250 354 omnia
1269 327 1291 354 si
1308 327 1369 362 quis
1382 332 1504 354 sanctum
1522 326 1650 360 Cyrillum
1670 328 1795 355 observet

1011 374 1176 407 diligentius,
1194 374 1228 400 ita
1251 381 1313 400 eum
1327 380 1433 407 semper
1450 373 1567 400 inveniet
1580 372 1709 406 Spiritum
1728 381 1793 400 san-

1012 424 1083 446 ctum
1101 420 1238 454 proprium
1255 427 1314 446 esse
1327 419 1386 445 Filii
1398 419 1497 448 dicere.
1514 418 1600 453 utqui
1617 426 1651 446 ex
1667 419 1725 453 ipso
1746 419 1791 449 sit,

1012 467 1037 490 et
1055 464 1116 497 quia
1131 463 1200 490 idem
1221 468 1272 495 est,
1289 463 1419 498 Spiritum
1440 469 1564 491 sanctum
1585 464 1716 498 Spiritum
1732 472 1793 491 esse

1011 509 1070 536 Filii
1097 510 1197 541 dicere,
1223 514 1251 536 et
1277 510 1415 543 proprium
1444 510 1529 544 ipsius
1555 517 1617 537 esse
1636 515 1643 541 ς
1661 510 1793 544 Spiritum

1011 560 1100 582 autem
1133 555 1192 582 Filii
1222 555 1334 582 relative
1349 555 1401 582 dici
1417 574 1425 586 ,
1437 563 1519 589 supra
1545 560 1724 582 monstratmn
1740 559 1792 586 est;

1011 600 1095 627 sedet
1117 607 1231 634 magnus
1262 600 1377 627 Basilius
1407 600 1533 627 sufﬁcere
1567 600 1604 626 ait
1631 605 1658 627 et
1689 600 1739 626 hoc
1760 600 1792 626 ad

1011 645 1070 680 ejus
1103 645 1280 672 substantiam
1314 645 1525 676 insinuandam,
1563 645 1633 672 sicut
1661 650 1688 672 et
1721 645 1793 680 quod

1011 697 1042 717 ex
1070 690 1122 717 Deo
1136 697 1195 718 esse
1214 691 1333 723 dicitur;
1359 690 1528 724 Spiritusque
1556 690 1589 717 ad
1613 690 1711 717 Filium
1727 697 1793 724 pro-

1012 736 1171 772 prietatem.
1198 743 1231 762 ex
1260 743 1292 763 eo
1324 736 1396 770 quod
1429 734 1549 770 Spiritus
1586 735 1645 762 Filii
1676 735 1792 764 dicatur.

1010 781 1148 816 intelligit.
1166 781 1237 809 sicut
1252 781 1284 808 ad
1309 781 1415 808 Patrem
1435 789 1555 816 quoque,
1576 781 1704 815 quoniam
1731 787 1789 814 pros

1013 827 1085 854 cedit
1125 834 1158 854 ex
1174 826 1267 854 Patre.
1308 826 1502 860 Proprietatem
1534 826 1606 852 enim
1635 826 1661 852 in
1695 825 1794 852 divinis

1014 871 1137 906 personis
1163 871 1246 898 veluti
1261 878 1348 898 causm
1376 876 1403 897 et
1433 871 1549 898 causalis
1575 871 1794 898 communionem

1015 918 1100 952 accipi
1117 917 1174 943 vult
1190 926 1197 943 :
1215 917 1261 950 qui
1278 922 1305 943 et
1329 916 1362 943 ad
1378 916 1598 951 Amphilochium
1625 915 1746 944 scribens
1763 916 1796 942 de

1015 968 1110 990 saneto
1145 961 1245 997 Spiritu
1282 961 1362 994 dixit,
1387 969 1441 988 nou
1474 961 1537 988 hinc
1571 961 1658 988 solum
1693 966 1796 987 natura:

1015 1011 1233 1037 communionem
1263 1009 1462 1041 demonstrari,
1488 997 1534 1037 sed
1563 1009 1690 1042 quoniam
1715 1009 1795 1035 etiam

1015 1063 1047 1083 ex
1077 1055 1131 1083 Deo
1161 1063 1221 1083 esse
1244 1055 1360 1087 dicitur,
1388 1054 1564 1082 manifestum
1586 1059 1650 1084 est.
1681 1055 1745 1087 quia
1771 1059 1797 1080 et

1015 1101 1087 1135 quod
1126 1101 1226 1128 dicitur
1255 1100 1373 1135 Spiritus
1406 1101 1533 1134 proprius
1558 1098 1631 1130 Filii,
1661 1099 1716 1126 haec
1739 1106 1797 1125 om-

1015 1147 1060 1174 nia
1089 1147 1156 1178 vult;
1181 1146 1243 1180 quia
1269 1146 1340 1173 enim
1371 1146 1398 1172 in
1425 1145 1524 1172 divinis
1553 1145 1697 1178 personis,
1722 1145 1795 1178 quod

1015 1193 1115 1220 dicitur
1144 1192 1195 1218 hoc
1219 1191 1310 1225 hujus,
1335 1191 1529 1225 propriumque
1552 1189 1604 1216 hoc
1620 1189 1700 1224 hujus
1723 1197 1794 1218 esse.

1016 1242 1118 1265 remota
1131 1237 1241 1265 materia
1250 1237 1429 1269 omnibusque
1440 1236 1513 1263 illam
1528 1244 1542 1262 e
1552 1235 1666 1270 vestigio
1678 1242 1796 1269 sequen-

1017 1284 1100 1316 tibus,
1109 1291 1196 1318 neque
1205 1287 1234 1310 ut
1244 1283 1407 1317 membrum,
1415 1289 1502 1317 neque
1511 1286 1541 1308 ut
1552 1281 1699 1316 possessio,
1709 1287 1797 1314 neque

1017 1329 1166 1357 secundum
1191 1329 1273 1355 ullam
1300 1327 1499 1360 excellentiam,
1524 1331 1608 1361 atque
1640 1325 1796 1360 hujusmodi

1016 1375 1206 1410 proprietatem
1261 1373 1383 1406 dicitur,
1415 1372 1502 1400 solum
1548 1379 1612 1399 vero
1646 1371 1795 1398 secundum

1016 1427 1125 1447 causam
1153 1424 1181 1446 et
1206 1418 1324 1451 causale;
1360 1425 1414 1452 quo
1444 1417 1502 1444 solo
1524 1416 1637 1444 alterum
1666 1415 1699 1442 ab
1714 1415 1798 1442 altero

1016 1465 1146 1499 distingui
1183 1472 1214 1492 ac
1248 1463 1364 1491 discerni
1405 1462 1646 1497 deprehendimus,
1679 1463 1797 1491 constat,

183 1507 263 1535 Patre
295 1509 340 1540 sit,
364 1509 411 1536 sed
430 1511 494 1544 quia
519 1518 573 1537 non
597 1512 677 1538 sitcx
704 1512 782 1540 Filio.
814 1514 841 1541 Si
868 1516 960 1550 igitur,
977 1525 999 1554 ο
1015 1511 1088 1546 quia.
1120 1515 1148 1538 ει
1174 1510 1246 1545 quc“l
1277 1509 1375 1537 diem”
1401 1509 1539 1543 ὶποῐπίαιη
1573 1507 1635 1534 Filii
1666 1506 1798 1541 Splrllu‘“

184 1554 410 1586 q-‘eznadmodum
425 1555 562 1589 proprium
574 1561 614 1583 est
631 1557 757 1591 hominis,
774 1560 845 1593 quod
864 1569 897 1587 cx
910 1561 967 1595 ipso

185 1599 332 1626 secundum
346 1604 468 1627 naturam
479 1605 571 1628 natum
584 1601 675 1633 fuerit.
686 1603 721 1630 ita
730 1609 756 1630 et
768 1598 904 1639 propi'inm
921 1606 966 1633 Dei

186 1648 237 1675 est,
253 1644 325 1678 quo.l
337 1653 368 1672 ex
380 1645 437 1680 ejus
446 1647 561 1673 essentia
572 1652 628 1681 est;
638 1648 738 1675 dicitur
750 1655 838 1676 autem
851 1650 967 1685 Spiritus

187 1691 309 1724 proprius
327 1690 396 1723 Filii,
410 1691 545 1725 quomodo
559 1701 613 1719 non
637 1693 695 1720 ideo
708 1695 833 1729 proprius
855 1696 964 1727 dicitur.

188 1737 315 1767 quoniam
334 1744 368 1763 ex
389 1736 448 1771 ipso
460 1738 521 1764 est?
543 1737 571 1764 Si
594 1738 664 1765 enim
677 1747 707 1765 ex
724 1739 782 1774 ipso
797 1748 850 1768 non
866 1746 917 1775 est,
933 1743 967 1770 ab

189 1782 246 1815 ipso
266 1782 370 1809 alienus
389 1782 453 1814 erit,
480 1782 531 1810 etsi
553 1790 605 1809 non
624 1784 657 1810 sit
683 1793 697 1811 a
711 1784 790 1812 Patre
814 1786 929 1814 alienus.

223 1827 260 1853 Et.
286 1828 351 1854 illud
379 1832 468 1854 autem
499 1829 581 1856 simul
608 1831 772 1862 ostenditur,
798 1833 883 1866 quod,
915 1834 967 1861 nisi

189 1877 262 1899 esset
279 1881 314 1899 ex
342 1873 420 1905 Filio,
445 1874 562 1900 ministri
593 1875 682 1902 oft‘tcio
707 1876 791 1903 Filius
809 1877 964 1912 fungeretur

192 1919 259 1951 apud
279 1918 397 1946 Patrem.
416 1918 478 1946 Haec
491 1920 562 1947 enim
590 1926 681 1955 aperte
704 1930 786 1956 supra
808 1923 864 1956 jam
892 1924 964 1951 dicta

192 1969 262 1991 sunt.
292 1964 389 1992 Beatus
416 1970 506 1992 autem
534 1965 651 2000 Cyrillus
673 1967 842 1995 manifestius
865 1973 893 1995 et
906 1969 966 1997 aliis

193 2010 218 2035 in
245 2010 310 2037 locis
340 2010 398 2037 inec
425 2011 514 2041 ponit.
542 2009 612 2037 Nam
644 2011 670 2037 in
691 2013 860 2045 expositione
883 2013 967 2042 Joelis

195 2056 343 2089 prophetae,
361 2065 370 2080 ί
390 2055 517 2089 Proprius
545 2056 612 2090 ejus,
639 2056 735 2091 inquit,
753 2057 778 2084 id
795 2063 834 2085 cst
850 2057 920 2091 Filii,
941 2065 966 2086 et

197 2100 219 2125 iu
247 2101 312 2134 ipso,
344 2106 369 2128 et
381 2109 412 2128 ex
434 2102 493 2135 ipso
520 2101 636 2135 Spiritus
656 2106 707 2133 est,
736 2104 964 2136 quemadmodum

196 2146 292 2173 scilicet
307 2147 388 2173 etiam
413 2147 463 2181 ipsi
489 2146 543 2173 Deo
570 2152 596 2173 et
622 2147 692 2173 Patri
706 2148 874 2183 intelligitur.
900 2159 908 2174 ι
926 2151 965 2176 Ac

198 2199 288 2218 rursus
319 2192 344 2218 in
372 2192 498 2219 laudibus
520 2191 667 2219 Theodosii
694 2193 834 2228 principis,
854 2204 862 2219 ι
879 2194 970 2229 Bapti-
988 2185 1008 2212 θ

197 2241 308 2269 ιιηιριιι,
336 2238 433 2271 inquit,
458 2236 549 2264 Iesum
580 2237 605 2263 itt
620 2237 692 2271 igne,
718 2246 772 2265 non
790 2239 906 2266 alienum
923 2241 971 2266 im—

198 2283 341 2309 mitteutetn
380 2282 532 2317 Spiritum,
570 2284 640 2310 scrvi
684 2283 805 2316 scilicet,
852 2286 970 2312 ntinistri

199 2328 300 2358 utticio;
317 2328 372 2359 sed,
384 2333 414 2354 ut
427 2327 508 2354 Deum
525 2336 586 2354 curn
601 2336 706 2355 summa
742 2333 885 2362 potestate,
908 2337 969 2357 eum

201 2373 242 2406 qui
256 2380 286 2398 ex
301 2381 329 2400 se
343 2377 413 2403 erat,
428 2381 460 2400 ac
474 2374 574 2407 proprii
588 2373 641 2400 sui.
660 2383 668 2398 ι
787 2376 793 2377 ⁷

235 2419 332 2447 “ursus
364 2427 446 2455 super
456 2420 569 2447 Joannis
590 2420 746 2454 Evangelia,
772 2430 781 2446 ι
801 2421 972 2448 Naturalium

204 2465 280 2495 enim,
306 2466 403 2499 inquit,
432 2465 479 2493 Dei
508 2475 538 2493 ac
553 2467 645 2494 Patris
674 2467 806 2494 bonorum
837 2467 927 2494 secius
950 2471 977 2494 et

205 2517 308 2538 consors
338 2511 424 2539 Filius
451 2513 631 2539 essentialiter
666 2519 726 2539 cum
759 2512 813 2543 sit,
845 2513 974 2547 Spiritum

207 2554 288 2581 habet.
307 2566 315 2580 ι
335 2557 372 2584 Ac
389 2562 450 2591 post
469 2565 555 2592 pauca
582 2566 588 2583 :
609 2567 617 2582 ι
640 2557 716 2584 Sient
740 2562 767 2584 et
783 2558 900 2592 quisque
927 2566 974 2584 no-

209 2603 286 2626 strum
302 2602 436 2636 proprium
452 2602 479 2628 in
493 2603 584 2636 seipso
597 2602 725 2637 Spiritum
743 2602 874 2632 continet.
893 2607 975 2636 atque

212 2650 239 2670 ex
272 2645 368 2674 intimis
407 2648 557 2675 visceribus
591 2648 623 2674 ad
659 2648 790 2674 exteriora
825 2647 973 2681 profundit.

215 2687 306 2717 idcirco
331 2692 401 2719 enim
430 2693 510 2720 etiam
536 2693 714 2727 corporaliter
743 2693 891 2720 insuﬂlnvit
912 2701 974 2720 eutn

217 2732 294 2762 Iesus.
316 2745 325 2761 ι
355 2737 424 2765 Idem
454 2739 480 2765 in
506 2738 623 2773 quodam
653 2745 711 2772 cap.
735 2738 763 2764 li
791 2738 916 2765 Thesauri
937 2738 976 2766 sic

256 2823 274 2837 "
289 2823 361 2852 Joau.
375 2835 417 2860 xv,
437 2828 480 2855 26.

1019 1564 1099 1588 esse,
1131 1555 1277 1583 secundum
1315 1555 1384 1581 hanc
1420 1554 1503 1580 solani
1540 1560 1629 1580 eausr
1660 1553 1791 1579 rationem

1019 1601 1104 1636 accipi
1135 1604 1242 1635 potest,
1269 1600 1385 1626 maxime
1424 1606 1484 1626 cum
1514 1598 1685 1632 apertissime
1709 1596 1796 1624 sancti

1018 1650 1186 1678 assevereut,
1230 1645 1325 1672 Filium
1361 1644 1470 1679 quidem
1511 1643 1649 1677 proprium
1696 1642 1796 1671 Patris.

1018 1693 1147 1727 quoniam
1162 1700 1193 1718 ex
1209 1691 1268 1725 ipso
1282 1695 1332 1721 est;
1351 1690 1481 1724 Spiritum
1497 1697 1559 1716 vero
1576 1688 1712 1723 prpprium
1727 1687 1797 1719 Filii,

1018 1742 1049 1764 ut
1074 1739 1118 1772 qui
1133 1738 1159 1764 in
1180 1738 1239 1772 ipso
1266 1741 1292 1764 et
1307 1744 1353 1770 per
1376 1737 1462 1770 ipsum
1487 1735 1646 1762 naturaliter
1670 1733 1794 1768 prodeat,

1018 1787 1099 1817 atque
1136 1790 1168 1810 ex
1204 1783 1262 1817 ipso
1286 1782 1330 1815 sit;
1352 1782 1424 1816 quod
1454 1781 1590 1815 signiﬁcat
1616 1785 1643 1807 et
1677 1779 1736 1805 Filii
1764 1778 1797 1804 ad

1019 1829 1136 1860 Patrem,
1162 1834 1188 1856 et
1216 1828 1333 1862 Spiritus
1360 1827 1393 1853 ad
1415 1826 1512 1853 Filium
1536 1824 1802 1853 consubstantialita—

1018 1881 1083 1903 tem.
1104 1874 1198 1909 Neque
1227 1874 1310 1905 enim,
1335 1873 1463 1908 quoniam
1490 1870 1730 1899 consubstantialis
1749 1874 1800 1900 est,

1018 1921 1078 1948 ideo
1107 1922 1187 1949 etiam
1212 1928 1245 1947 ex
1275 1921 1334 1954 ipso
1358 1924 1409 1950 est.
1440 1917 1683 1945 consubstantialis
1701 1916 1802 1949 quippe

1018 1967 1134 1997 ratione,
1155 1973 1239 1992 unum
1258 1969 1331 1992 sunt.
1357 1964 1503 1997 nullusque
1515 1962 1582 1988 ordo
1595 1983 1602 1994 ,
1619 1969 1666 1988 seu
1682 1961 1800 1991 habitus,

1020 2019 1067 2039 seu
1089 2017 1234 2045 processus
1258 2009 1417 2043 inspicitur,
1435 2008 1498 2042 quia
1521 2014 1575 2034 una
1602 2006 1719 2032 essentia
1749 2010 1800 2035 est,

1018 2062 1157 2089 unumque
1185 2054 1249 2080 illud
1266 2053 1416 2080 secundum
1433 2059 1462 2078 se
1481 2051 1652 2077 individuum
1673 2053 1725 2081 est,
1755 2049 1801 2075 sed

1019 2101 1147 2135 quoniam
1163 2107 1194 2136 ex
1212 2099 1270 2133 ipso
1284 2102 1336 2131 est,
1354 2097 1453 2124 idcirco
1465 2096 1545 2123 etiam
1561 2094 1802 2122 consubstantialis

1020 2151 1062 2174 cst
1079 2155 1085 2172 :
1103 2145 1227 2179 sequitur
1250 2144 1321 2170 cuitu
1346 2142 1500 2177 hujusmodi
1515 2148 1614 2170 causae,
1631 2139 1802 2172 causalisque

1024 2193 1214 2228 proprietatem
1259 2187 1547 2219 consubstantialitas,
1576 2187 1645 2214 sicut
1668 2191 1694 2212 et
1744 2185 1803 2211 Filii

1026 2246 1136 2269 nomen,
1167 2235 1314 2264 secundum
1343 2243 1372 2262 se
1385 2234 1492 2268 quidem
1515 2238 1671 2267 processum
1689 2231 1803 2263 alit-njus

1024 2293 1057 2312 ex
1075 2284 1166 2317 aliquo
1193 2281 1379 2316 principaliter
1407 2280 1510 2306 indicat
1527 2279 1552 2304 in
1578 2278 1672 2304 eadem
1700 2278 1802 2311 specie.

1025 2333 1221 2363 consequenter
1271 2334 1335 2353 vero
1377 2323 1687 2352 eonsubstantialitatem
1734 2330 1804 2349 esse.

1024 2374 1102 2404 Nam,
1130 2373 1202 2407 quod
1224 2372 1258 2398 ita
1285 2370 1421 2406 procedit,
1451 2372 1605 2396 necessario
1624 2369 1704 2396 etiam
1741 2376 1806 2393 ron-

1023 2417 1205 2447 substantialc
1233 2421 1284 2443 est.

1060 2465 1152 2498 Itaque
1167 2463 1193 2489 id
1210 2461 1329 2496 quidem,
1341 2459 1413 2494 quod
1423 2459 1521 2486 dicitur
1537 2458 1608 2486 istud
1622 2465 1655 2484 ex
1668 2457 1719 2484 isto
1733 2464 1804 2487 essv,

1026 2515 1056 2538 ut
1067 2517 1147 2537 causa
1162 2509 1306 2543 accipitur,
1322 2514 1402 2540 porro
1414 2506 1484 2540 quod
1500 2506 1552 2533 ista
1564 2509 1672 2539 propter
1684 2503 1790 2538 cjusmo
1800 2515 1806 2520 -

1028 2556 1052 2582 di
1069 2562 1224 2590 processum
1244 2553 1425 2587 arquivocum.
1450 2549 1697 2578 consubstantiali‘a
1729 2552 1802 2577 sunt,

1028 2605 1056 2627 ut
1071 2599 1179 2627 causale
1208 2603 1248 2625 est
1266 2606 1272 2630 ;
1299 2604 1386 2631 neque
1406 2596 1476 2622 enim
1495 2602 1617 2627 causam,
1645 2598 1674 2621 ut
1698 2593 1807 2619 causali:

1029 2653 1129 2681 ponere
1146 2649 1262 2678 oportet,
1281 2642 1352 2677 quod
1377 2642 1486 2676 quidam
1499 2640 1722 2668 irrationabiliter
1740 2638 1806 2665 inri~

1030 2696 1078 2718 tmt
1094 2710 1101 2722 ,
1124 2690 1242 2717 dicentes
1274 2693 1382 2722 propter
1407 2687 1715 2715 consubstantialitatetn
1752 2683 1804 2709 rlii-t

1031 2736 1127 2763 Filium
1157 2735 1297 2770 proprium
1327 2733 1426 2765 Patris,
1455 2737 1483 2760 ct
1509 2732 1640 2767 Spiritum
1668 2729 1805 2765 proprium
