1934 3063
131 117 164 146 ρτι
761 118 955 149 MANUELIS
971 120 1123 152 CALECiE
1714 116 1750 147 ⁸³

133 173 194 199 Filii
214 181 222 204 ;
239 177 264 198 t‘l
281 171 379 198 Nili!“
397 172 506 206 quidem
523 172 680 207 imaginem.
694 173 840 207 vivamque
859 174 914 200 Vir-
928 174 951 204 Δ
968 183 1055 209 neqtte
1072 183 1192 210 unquam
1209 175 1314 202 dicetur
1332 173 1366 201 ab
1381 173 1425 201 his
1447 173 1492 208 qui
1510 173 1552 208 pie
1567 178 1594 200 et
1619 172 1751 199 catholico

129 223 227 250 tutetn,
238 223 264 244 et
276 218 489 245 substantialiter
501 218 609 244 insitam
622 219 805 253 operationem
819 219 918 252 Patris;

133 264 264 299 Spiritum
291 272 354 292 vero
370 264 513 300 imaginem
535 265 607 296 Filii,
626 269 653 292 et
667 266 807 299 virtutem,
825 271 852 293 et
870 273 919 292 na-

133 309 247 336 turalem
281 309 478 343 operationem,
510 314 537 336 et
563 310 778 338 substantialiter
809 311 918 338 insitam

133 355 232 389 ipsius;
252 355 309 382 hzec
321 355 393 382 enim
407 355 498 382 omnia
515 363 624 382 causam
638 360 666 383 et
683 357 793 383 causale
811 357 920 391 signare

132 409 148 428 a
167 401 271 428 sanctis
288 401 414 429 Patribus
429 406 568 429 ostensum
588 406 652 434 est;
681 403 822 436 proprium
837 403 918 436 quip-

135 454 167 480 pe
183 446 288 478 dicunt,
300 446 429 481 quoniam
445 454 478 473 ex
494 447 555 481 ipso
569 452 632 479 est;
661 451 688 474 et
699 448 751 474 alia
766 456 826 482 qua:
839 455 918 482 supra

133 497 286 524 postumus.

168 558 322 585 Attestatur
337 559 379 586 his
399 567 514 594 magnus
534 559 649 587 Basilius
666 559 691 586 in
708 567 834 587 sermone
849 559 918 587 Con-

135 608 178 630 tra
194 604 337 631 Sabellium
360 611 382 632 et
399 606 553 632 Anom‘wum
580 606 676 633 dit'ens
697 614 704 632 :
722 606 842 633 «Patrem
854 614 920 633 con-

135 649 253 680 ﬁtemur,
266 655 293 677 et
308 650 423 683 Filium;
439 656 542 677 natura:
558 655 647 678 autem
662 651 843 682 identitatem,
855 659 922 685 ιιυο-

137 695 211 721 niani
236 703 268 722 ex
297 695 376 722 Patre
394 696 478 722 Filius
495 701 563 723 est.)
587 697 619 723 Et
644 705 741 725 rursus
761 698 786 724 in
802 697 918 724 codetn:

139 738 189 765 tUt
204 739 293 773 imago
309 739 418 773 quidem
438 741 600 768 varietatem
629 748 682 768 non
698 741 788 773 habet,
805 745 833 768 ut
847 742 921 776 geni-

137 789 180 811 tus
198 789 299 816 autem,
316 786 625 813 consubstantialitatem
654 791 755 814 servat.
776 796 785 812 ι
803 786 919 815 Sanctus

137 834 227 856 autem
245 829 373 865 Cyrillus,
400 838 481 865 super
513 831 602 857 illud:
622 830 689 858 Cum
715 833 812 859 verterit
838 841 920 867 para-
938 846 960 875 Β

138 875 251 901 cietur"
270 894 277 906 ,
298 876 390 910 Itaque
423 883 484 902 cum
510 876 622 908 diceret.
647 877 760 912 inquit:
782 877 841 904 Non
865 880 923 913 spi-

139 921 217 946 ritum
232 921 310 953 [mitts
337 922 428 948 swcttlt'
457 923 618 956 accepimus,
646 923 696 949 sed
722 922 863 957 Spiritum,
879 918 924 959 qui

139 973 172 991 ραι
190 965 241 992 Dea
252 966 332 998 est“,
353 967 489 998 ostendit,
512 975 565 994 noti
583 968 714 995 mttndani
735 970 854 1003 generis,
876 971 923 997 sed

139 1010 237 1038 ἀίγίιῖὲιξ
249 1012 373 1038 essentia:
383 1020 442 1040 esse
455 1013 585 1046 Spiritntn
599 1018 752 1040 sanctum.»
762 1013 832 1041 idem
843 1023 924 1049 super

139 1055 314 1088 illudzﬂuia
328 1058 447 1083 descendi
474 1058 507 1084 de
533 1058 606 1090 cwlo,
632 1067 683 1086 non
710 1063 738 1085 ut
765 1059 863 1093 faciam
880 1068 924 1088 ua—

140 1103 265 1130 luntntem
293 1105 432 1137 mcam“,-
453 1106 518 1133 ait:
547 1115 557 1131 ‹
578 1106 655 1139 Quod
682 1106 754 1134 enim
784 1114 815 1134 ex
843 1105 923 1134 Patre

141 1155 220 1175 natus
234 1157 293 1176 esse
308 1149 395 1177 Filius
411 1150 521 1182 dicitur,
537 1158 649 1185 prorsus
664 1152 745 1178 etiatn
761 1151 860 1178 invitos
875 1159 922 1179 eo.

139 1200 183 1227 get
195 1195 231 1221 illi
247 1195 505 1223 consubstantialem
520 1204 580 1223 eum
593 1196 732 1224 fateri.rEt
745 1205 841 1224 rursus
856 1197 923 1224 inttl

139 1241 174 1267 ad
203 1240 336 1267 llermiam
353 1248 362 1267 :
381 1251 390 1266 ι
407 1241 541 1273 Quoniam
570 1250 602 1269 ex
627 1243 685 1276 ipsa
710 1242 755 1270 Dei
783 1247 810 1270 et
835 1243 923 1270 Patris

139 1287 255 1314 essentia
271 1292 348 1314 ortus
362 1291 402 1314 est
419 1287 502 1314 Filius
515 1308 521 1319 ,
533 1295 587 1315 non
611 1288 688 1315 aliter
705 1295 787 1323 quam
806 1289 850 1316 ille
863 1296 924 1316 esse

140 1332 320 1367 intelligatur,
342 1338 475 1367 quantum
492 1333 525 1361 ad
546 1333 714 1360 identitatetn
742 1334 919 1361 naturalem.)

182 1377 299 1405 Sanctus
315 1384 380 1404 vero
395 1377 530 1405 Maximus
546 1386 607 1404 eum
623 1383 778 1413 exponeret,
791 1379 855 1413 quid
871 1379 921 1406 sibi

142 1423 206 1449 velit
221 1425 291 1457 apud
308 1424 468 1458 prophetam
484 1423 644 1451 Zachariam
654 1424 687 1457 δ’,
698 1431 810 1451 aureum
823 1425 924 1451 cande-

144 1469 260 1500 labnun,
277 1474 302 1495 et
318 1476 400 1503 super
416 1477 476 1495 eum
494 1469 608 1504 lampas,
621 1470 659 1496 ait
676 1479 683 1497 :
702 1478 712 1495 ί
731 1470 848 1504 Spiritus
862 1478 923 1497 san-
938 1460 959 1488 ε

144 1519 215 1544 etus,
229 1513 461 1547 quemadmodum
478 1514 639 1541 naturaliter
658 1515 810 1542 secundum
828 1523 923 1542 essen-

142 1559 206 1586 tiam
222 1558 268 1586 Dei
284 1564 311 1586 et
327 1559 413 1586 Patris
429 1565 479 1591 est,
497 1559 532 1586 ita
558 1565 583 1586 et
594 1559 654 1587 Filii
667 1560 816 1587 secundum
833 1568 926 1588 essan-

145 1605 210 1632 tiam
226 1609 297 1637 est,»
311 1606 390 1639 quasi
406 1613 438 1632 ex
457 1605 536 1632 Patre
551 1606 734 1633 essentialiter
747 1613 795 1640 per
819 1605 918 1633 Filium

143 1652 262 1687 genitum
286 1651 456 1678 ineti'abililcr
471 1651 608 1686 prodiens.

179 1719 293 1746 Constat
310 1719 393 1754 igitur
408 1727 440 1746 ex
459 1719 501 1748 itis
524 1719 623 1746 Filium
647 1718 721 1746 Patri
744 1720 926 1747 consubstan-

144 1766 236 1792 tialem
251 1772 324 1797 esse,
341 1765 470 1799 quoniam
501 1773 532 1792 ex
552 1766 610 1799 ipso
631 1771 688 1797 est;
708 1773 871 1800 rursumque
884 1774 926 1793 sc-

145 1812 265 1839 eundum
286 1811 410 1838 eamdem
429 1811 562 1838 rationem
573 1811 703 1845 Spiritum
721 1811 791 1838 Filio
805 1813 925 1839 consub-

145 1856 299 1884 stantialem
329 1863 402 1888 esse,
433 1856 496 1890 quia
519 1863 567 1890 per
591 1855 680 1890 ipsum
705 1857 836 1891 procedit,
855 1857 923 1884 etin

144 1903 205 1937 ipso
218 1906 300 1936 atque
313 1909 346 1929 ex
361 1901 420 1936 ipso
435 1905 486 1928 est.
499 1902 552 1928 Ista
570 1902 670 1936 quippe
685 1909 700 1928 a
717 1902 819 1929 sanctis
834 1902 926 1930 Eccle-

145 1948 193 1975 siae
215 1947 351 1982 nrngistris
379 1947 417 1974 ita
435 1946 590 1973 traduntur.
612 1946 640 1974 Si
665 1947 726 1981 quis
750 1952 841 1974 autem
866 1947 925 1975 ideo

145 1993 285 2028 proprium
311 1992 372 2019 Filii
403 1992 535 2027 Spiritum
562 1992 641 2024 dicit,
666 1993 729 2027 quia
762 2000 810 2026 per
836 1993 923 2027 ipsum

146 2039 188 2065 his
207 2037 253 2072 qui
268 2037 342 2072 digni
359 2041 433 2068 sunt,
461 2037 553 2069 datur,
591 2037 613 2064 is
634 2045 686 2064 non
712 2037 777 2064 satis
801 2038 925 2065 animad-

143 2083 224 2110 vertit
236 2083 294 2110 dari
312 2083 383 2116 quod
399 2082 512 2115 dicitur,
527 2083 674 2117 temporale
685 2091 744 2110 esse
760 2092 767 2116 ;
784 2084 922 2119 proprium

970 221 1004 248 dc
1020 221 1076 248 Deo
1093 229 1142 248 suo
1156 221 1286 248 Sentiunt.

1006 266 1170 301 Quanquam
1208 265 1366 301 hujusmodi
1393 263 1667 292 consubstantiaiitas
1697 269 1750 288 non

972 313 1081 347 proprie
1091 311 1360 340 consubstantialitas
1374 315 1426 341 est.
1437 311 1483 337 sed
1496 317 1528 337 ca
1540 316 1600 343 quae
1616 307 1754 335 connectit

971 358 1087 386 alterum
1100 358 1188 390 alteri,
1203 361 1295 392 utpote
1311 364 1357 391 per
1369 356 1457 391 ipsum
1471 363 1506 382 ex
1525 355 1584 388 ipso
1595 352 1753 380 naturaliter

971 409 1052 438 atque
1080 402 1260 430 essentialiter
1285 402 1432 429 exsistens.
1451 400 1655 433 Attestaturque
1689 398 1754 424 huic

971 449 1116 476 assertioni
1133 448 1262 480 Basilius,
1281 455 1341 474 cum
1361 447 1440 478 dicit,
1458 454 1513 473 non
1537 453 1599 480 quae
1625 451 1755 479 germana

971 495 1087 521 invicem
1098 494 1163 527 sint,
1176 492 1418 521 consubstantialia
1428 492 1494 519 dici.
1510 491 1554 517 Ait
1567 490 1641 518 enim
1654 490 1755 523 cpisto-

971 541 995 568 la
1009 542 1042 568 ad
1057 540 1183 568 Canonici
1196 548 1208 566 s
1225 549 1232 566 :
1253 547 1262 564 σ
1277 539 1411 572 Quoniam
1428 538 1511 571 igitur
1529 536 1575 562 lux
1592 543 1608 562 a
1621 534 1756 570 principio

973 587 1054 614 Pater
1076 591 1128 617 est,
1146 585 1190 612 lux
1207 590 1297 612 autem
1324 584 1412 618 genita
1439 582 1534 609 Filius.
1550 581 1608 608 Lux
1631 587 1705 611 vero,
1729 585 1757 607 et

972 631 1016 658 lux
1043 635 1157 664 utraque
1179 635 1232 662 est,
1258 629 1354 656 merito
1388 629 1459 655 hanc
1494 625 1755 654 consubstantialem

972 677 1098 708 dixerint,
1109 682 1138 703 ut
1150 679 1252 703 natura;
1261 682 1369 709 aequum
1381 675 1510 702 honorem
1521 671 1753 700 commendarent.

975 723 1032 750 Non
1049 722 1120 749 enim
1136 729 1195 756 quae
1210 728 1336 756 germana
1357 724 1431 752 sunt,
1447 717 1689 746 consubstantialia
1713 716 1756 742 di-

971 761 1083 799 cuntur,
1098 771 1128 794 ut
1141 767 1250 802 quidam
1264 765 1387 793 arbitrati
1400 768 1463 791 sunt
1477 763 1541 796 :sed
1558 770 1619 790 cum
1635 766 1663 788 et
1673 768 1755 787 causa

974 818 1001 840 et
1019 813 1091 848 quod
1105 820 1137 840 ex
1154 819 1237 840 causa
1254 811 1435 838 suhSIantiam
1452 809 1545 840 habet,
1567 807 1688 843 ejusdem
1709 814 1757 833 na-

976 865 1042 888 tura:
1057 863 1132 892 sunt,
1149 857 1390 887 consubstantialia
1406 856 1545 883 dicuntur.

1011 906 1083 932 Idem
1099 905 1125 932 in
1138 911 1263 933 sermone
1282 908 1375 931 contra
1393 901 1542 930 Sabellium
1563 904 1590 928 et
1608 900 1755 926 Anommos

976 951 1009 977 de
1025 950 1106 978 Patre
1122 954 1149 978 et
1162 949 1232 976 Filio
1247 950 1386 976 disserens
1400 947 1456 974 ait:
1473 946 1555 974 «Cum
1567 949 1656 972 autem
1673 952 1754 970 unam

976 995 1121 1024 essentiam
1135 994 1208 1027 dice,
1223 995 1277 1021 noli
1295 995 1350 1021 duo
1367 1001 1398 1020 ex
1420 999 1475 1019 uno
1492 991 1578 1018 divisa
1594 990 1755 1024 intelligere.

975 1042 1020 1068 sed
1036 1049 1066 1068 ex
1088 1040 1167 1067 Patre
1182 1039 1315 1074 principio
1333 1038 1430 1065 Filium
1450 1038 1611 1067 subsistere,
1637 1043 1690 1062 non
1706 1035 1756 1060 Pa-

975 1091 1043 1112 trem
1061 1091 1087 1113 et
1113 1084 1209 1112 Filium
1230 1092 1263 1111 ex
1295 1083 1386 1118 aliqua
1402 1082 1535 1116 superiori
1555 1079 1754 1108 essentia.Non

976 1132 1049 1158 enim
1078 1137 1205 1166 germana
1224 1129 1364 1161 dicimus;
1389 1127 1435 1154 sed
1462 1127 1568 1154 Patrem
1595 1126 1756 1153 eonlitetnur

975 1182 998 1202 et
1013 1176 1110 1204 Filium
1127 1184 1135 1207 ;
1152 1175 1278 1202 essentia:
1292 1181 1356 1201 vero
1371 1173 1550 1205 identitatem,
1577 1171 1706 1206 quoniam
1723 1177 1756 1196 ex

976 1221 1054 1249 Patre
1073 1221 1156 1248 Filius
1175 1228 1226 1248 est.
1248 1230 1258 1247 ι

1011 1267 1067 1294 lloc
1081 1267 1161 1302 igitur
1177 1267 1203 1293 in
1221 1267 1281 1294 loco
1306 1265 1443 1293 haereticis
1469 1262 1634 1299 quihusdam
1660 1267 1754 1288 contra

976 1312 1209 1340 consubstantiale
1222 1311 1309 1338 Patris
1333 1316 1357 1338 et
1372 1309 1432 1337 Filii
1445 1309 1605 1339 nitentibus,
1618 1312 1644 1335 et
1654 1307 1757 1335 calum-

977 1359 1051 1385 niam
1069 1359 1131 1385 inde
1143 1358 1312 1385 struenlibus
1329 1366 1337 1390 ;
1355 1362 1385 1384 ut
1400 1357 1421 1384 si
1441 1355 1548 1390 quidem
1573 1354 1755 1382 consubstan-

980 1404 1051 1431 Iialis
1067 1406 1103 1430 stt
1118 1403 1198 1430 Pater
1212 1403 1292 1434 Filio,
1313 1402 1487 1438 ejusdemque
1510 1401 1646 1433 essentia,
1664 1399 1755 1430 atrbo,

976 1457 1024 1484 pro
1039 1449 1118 1476 Patre
1131 1454 1156 1475 et
1172 1448 1250 1481 Filio,
1266 1448 1320 1475 duo
1340 1448 1506 1474 inducantur
1529 1446 1628 1473 fratres
1655 1453 1688 1472 ex
1701 1451 1755 1471 una

977 1495 1094 1522 essentia
1109 1503 1115 1521 :
1134 1499 1214 1528 atque
1230 1494 1262 1520 ad
1276 1494 1324 1521 has
1339 1493 1523 1520 ahsurditates
1539 1491 1685 1523 devolutis,
1702 1497 1759 1516 Ina-

976 1549 1044 1576 gnns
1061 1540 1175 1567 Basilius
1200 1539 1324 1566 concedit
1339 1538 1448 1573 quidem
1474 1538 1595 1569 interim,
1616 1544 1676 1570 quas
1697 1543 1759 1570 ger-

978 1594 1057 1613 tnana
1074 1587 1139 1618 sint,
1157 1586 1272 1612 invicem
1287 1584 1527 1612 consubstantialia
1544 1583 1595 1610 diei
1615 1591 1621 1608 :
1639 1582 1684 1609 sed
1700 1585 1757 1608 tum

977 1632 1110 1666 proiecto,
1125 1638 1186 1658 cum
1203 1635 1230 1657 et
1241 1637 1333 1663 causa,
1349 1634 1377 1657 et
1388 1630 1460 1664 quod
1476 1637 1507 1656 ex
1530 1637 1611 1656 causa
1628 1628 1757 1655 substan-

978 1679 1042 1705 tiam
1058 1678 1152 1710 habet,
1166 1678 1289 1712 ejusdem
1317 1681 1421 1704 natura;
1452 1676 1564 1703 fuerint.
1593 1675 1626 1702 Et
1651 1675 1726 1702 addit
1750 1681 1757 1700 :

981 1734 988 1749 I
1001 1723 1059 1750 Non
1067 1723 1139 1750 enim
1147 1729 1275 1757 germana
1282 1721 1409 1754 dicimus,
1422 1722 1468 1749 sed
1480 1721 1584 1748 Patrem
1597 1721 1760 1748 conﬁtemur

976 1774 1003 1794 et
1015 1767 1264 1802 Filium,quoniam
1278 1766 1429 1801 ingenitum
1445 1766 1555 1801 quidem
1573 1765 1664 1792 lumen
1681 1765 1759 1792 Pater

976 1817 1028 1843 est.
1049 1811 1168 1846 genitum
1185 1818 1251 1838 vero
1267 1810 1357 1837 lumen
1372 1809 1467 1838 Filius.
1482 1819 1492 1836 ι
1513 1809 1597 1843 Quasi
1619 1814 1646 1836 et
1661 1810 1687 1836 in
1703 1809 1756 1841 Itis,

979 1864 1039 1891 quae
1055 1856 1216 1889 simpliciter
1241 1855 1485 1883 consubstantialia
1512 1863 1573 1883 cum
1587 1855 1652 1886 sint,
1678 1859 1705 1882 et
1722 1861 1758 1881 ex

976 1909 1031 1928 uno
1045 1900 1223 1928 Substantiam
1241 1900 1367 1931 habeant,
1381 1900 1417 1927 sit
1441 1900 1551 1934 quidem
1580 1899 1732 1934 proprietas
1749 1907 1756 1925 :

976 1947 1055 1973 sicuti
1072 1949 1098 1973 et
1113 1945 1259 1973 multitudo
1285 1944 1427 1973 hominum
1445 1946 1497 1973 sibi
1511 1945 1626 1972 invicem
1641 1945 1759 1973 consub-

976 1992 1119 2020 stantiales
1135 1997 1207 2024 sunt,
1223 2000 1285 2020 cum
1305 2000 1338 2020 ex
1353 2000 1407 2019 uno
1422 1997 1497 2027 patre
1510 1993 1593 2019 Adam
1607 1991 1760 2027 generatio-

977 2045 1037 2065 nem
1053 2037 1180 2070 habeant,
1208 2045 1262 2065 non
1278 2042 1368 2065 tamen
1387 2043 1459 2065 tanta
1481 2043 1523 2066 est
1539 2038 1579 2066 eis
1606 2038 1759 2073 proprietas

975 2084 1054 2111 sicuti
1073 2091 1133 2111 cum
1149 2091 1243 2111 eorum
1259 2091 1319 2118 quae
1334 2084 1456 2117 ejusdem
1473 2089 1575 2111 natura;
1590 2089 1664 2116 sunt,
1681 2084 1754 2111 aliud

143 2135 233 2157 autem
247 2137 307 2156 esse
319 2129 380 2156 Filii
393 2129 524 2162 Spiritum
539 2135 682 2156 aeternum.
697 2129 839 2164 Nunquam
851 2130 923 2156 enim
940 2124 963 2152 ι)
976 2133 1018 2156 est
1032 2135 1122 2160 causa,
1136 2128 1209 2156 aliud
1222 2129 1349 2162 causale;
1362 2134 1426 2156 tunc
1440 2129 1512 2156 enim
1524 2130 1632 2164 proprie
1642 2130 1759 2157 eousubs

146 2174 268 2208 profecto
282 2174 354 2208 quod
372 2172 519 2207 temporale
534 2178 586 2205 est,
606 2174 666 2207 ejus
679 2181 762 2201 causa
785 2181 845 2200 esse
861 2181 925 2208 pos-

145 2225 198 2252 set,
217 2220 288 2254 quod
305 2227 386 2254 supra
402 2224 508 2252 tempus
524 2223 574 2245 est.
593 2217 672 2251 Nam,
690 2219 721 2259 si‘
743 2219 846 2246 homini
863 2227 923 2253 pro-

144 2266 232 2300 prium
250 2265 346 2300 ipsius,
367 2265 394 2291 in
422 2268 554 2299 quantum
585 2264 664 2295 virit,
684 2271 790 2299 semper
813 2272 873 2292 cum
890 2273 923 2292 eo

112 2335 115 2337 .
144 2317 196 2343 est,
215 2311 300 2338 multo
316 2311 342 2338 id
359 2310 443 2345 magis
460 2311 485 2336 in
503 2309 550 2337 Dei
568 2310 655 2336 Verbo
669 2311 720 2337 crit
737 2318 745 2343 ;
763 2315 843 2345 atque
869 2319 921 2338 una

145 2357 270 2384 minister
283 2359 367 2387 esset,
383 2354 454 2388 quod
470 2362 522 2380 non
549 2362 597 2386 per
623 2354 722 2388 ipsum,
751 2358 778 2382 et
801 2363 833 2381 ex
862 2355 922 2390 ipso

145 2401 303 2428 naturaliter
319 2401 478 2434 procederet
502 2400 581 2426 dans.
603 2399 764 2434 Quanquam
786 2400 809 2426 si
827 2408 923 2428 secun-

142 2449 206 2474 dum
224 2447 343 2481 aliquam
364 2445 658 2472 consubstantialitatis
673 2444 818 2477 rationem,
834 2446 923 2480 qualis

142 2492 175 2519 de
184 2492 288 2519 duobus
296 2485 433 2525 aliquibus
440 2490 718 2517 consubstantialibus
727 2495 777 2523 est,
785 2491 812 2517 in
824 2491 923 2525 quibus

144 2539 258 2566 alterunt
270 2546 318 2572 per
328 2538 442 2564 alterum
458 2544 511 2563 non
521 2541 572 2566 est,
585 2542 656 2564 esset
666 2536 784 2571 Spiritus
796 2538 922 2572 proprius

143 2584 214 2617 Filii,
232 2589 314 2617 atque
324 2591 355 2610 ex
366 2582 514 2609 substantia
527 2581 587 2608 Filii
601 2586 675 2610 esset
691 2583 783 2616 utique
796 2587 823 2609 et
838 2581 922 2608 Filius

143 2630 229 2656 sancti
244 2630 362 2664 Spiritus
386 2628 521 2663 proprius,
550 2634 576 2654 et
589 2635 621 2654 ex
638 2629 788 2655 substantia
805 2628 923 2662 Spiritus

142 2680 252 2709 promer
269 2674 474 2701 conversionem
495 2673 650 2708 huiusmodi
671 2673 919 2700 consubstantialis.

140 2721 174 2746 At
193 2719 266 2746 istud
297 2726 384 2754 neque
399 2718 502 2746 dictum
527 2723 568 2746 est
583 2719 617 2747 ab
640 2719 732 2755 aliquo
751 2724 918 2751 sanctorum,

176 2807 199 2822 ’ν
215 2808 350 2840 luatuxv,
369 2809 413 2835 ~26.
454 2807 474 2824 ιθ
490 2808 497 2834 Ι
513 2810 576 2837 Cor.
596 2819 624 2843 tt,
644 2810 686 2838 1'2.

744 2809 762 2826 “
787 2808 865 2836 Jttan.
880 2816 916 2838 vt,
931 2808 973 2836 58.

975 2173 1113 2200 stantialia
1129 2173 1269 2200 dicuntur.

1010 2219 1086 2246 Sicut
1104 2219 1184 2254 igitur
1196 2219 1280 2246 Filius
1291 2228 1322 2246 ex
1338 2218 1417 2246 Patre
1432 2228 1491 2248 esse
1506 2220 1609 2248 habens
1637 2222 1757 2248 consub-

973 2264 1109 2291 stantialis
1122 2264 1159 2291 illi
1175 2265 1378 2299 est,atqueista
1389 2265 1502 2292 invicem
1516 2266 1757 2294 consubstantialia

972 2314 1052 2340 sunt;
1067 2316 1129 2336 esse
1144 2310 1216 2337 enim
1229 2318 1260 2337 ex
1281 2309 1383 2344 Spiritu
1404 2310 1514 2344 Filium,
1534 2319 1680 2346 processus
1695 2313 1749 2341 ille.

978 2355 1125 2381 secundum
1140 2362 1220 2389 quem
1234 2362 1266 2382 ex
1284 2355 1363 2382 Patre
1377 2363 1425 2390 per
1442 2356 1540 2384 Filium
1562 2358 1683 2392 procedit
1700 2357 1758 2392 Spi-

977 2400 1055 2430 ritus,
1069 2400 1179 2426 minitne
1191 2399 1334 2434 permittit:
1345 2401 1382 2427 ita
1395 2402 1468 2427 enim
1479 2401 1638 2429 cavebimus
1651 2407 1677 2428 et
1690 2403 1758 2429 duos

977 2446 1048 2473 ﬁlios
1061 2446 1087 2472 in
1104 2451 1196 2474 sancta
1215 2445 1350 2474 Trinitate
1373 2447 1508 2480 conﬁteri,
1534 2453 1560 2474 et
1575 2449 1756 2475 consubstan-

977 2492 1116 2520 tialitatem
1133 2493 1250 2520 maxime
1267 2493 1416 2520 reddimus.
1437 2493 1470 2520 Et
1486 2493 1550 2520 illud
1568 2493 1648 2521 simul
1665 2498 1753 2521 osten~

975 2537 1060 2569 ditur,
1077 2539 1148 2572 quod
1165 2537 1215 2565 nisi
1235 2538 1270 2565 sit
1283 2546 1314 2565 ex
1335 2538 1402 2565 Filio
1416 2538 1544 2572 Spiritus,
1561 2546 1690 2574 germana
1705 2539 1756 2566 sibi

975 2583 1090 2610 invicem
1102 2588 1182 2610 erunt
1195 2582 1280 2611 Filius
1295 2587 1322 2610 et
1339 2583 1467 2618 Spiritus.
1481 2584 1577 2612 Diccns
1598 2585 1682 2617 enim,
1697 2585 1756 2611 Noli

975 2628 1031 2654 duo
1048 2636 1080 2655 ex
1099 2636 1152 2655 uno
1163 2629 1249 2656 divisa
1275 2629 1437 2663 intelligere,
1461 2636 1513 2656 non
1529 2630 1602 2657 enim
1629 2638 1755 2665 germana

975 2675 1103 2706 dicimus,
1124 2675 1234 2701 docuit:
1246 2676 1372 2709 quoniam
1387 2675 1408 2703 si
1424 2684 1476 2710 qua
1492 2682 1595 2707 essent.
1611 2684 1643 2704 ex
1660 2677 1755 2704 eodem

978 2719 1160 2751 solummodo,
1189 2720 1339 2746 secundum
1372 2721 1442 2755 quod
1470 2728 1502 2748 ex
1533 2722 1626 2748 eodeni
1652 2724 1754 2750 essent.

1033 2809 1054 2824 ⁸¹
1070 2808 1152 2836 Zach.
1176 2816 1211 2838 tv,
1231 2808 1248 2834 ‘2
1263 2816 1339 2843 seqq.
