1934 3063
148 114 188 145 39
702 117 903 151 ADVERSUS
919 121 940 150 ὕ

999 121 1077 151 iCOS
1098 123 1172 153 ΗΠ.
1192 123 1235 153 If.
1742 127 1779 159 911

148 172 277 206 germani
305 173 405 215 merito
423 172 575 209 fratresque
602 175 769 204 diceremur.
785 177 877 213 Itaque
894 186 939 207 co-
956 180 978 208 Α
993 179 1191 213 beatissimum,
1216 187 1366 217 contraque
1397 183 1456 218 ejus
1481 184 1624 211 duodecim
1649 187 1780 220 capitula,

150 223 265 250 get-tur,
293 211 340 253 qui
371 222 399 246 et
424 219 534 252 Filium,
553 226 578 248 et
606 221 749 256 Spiritum,
766 231 798 250 ex
826 211 894 256 solo,
917 231 944 252 et

149 263 314 292 immediate
335 272 368 291 ex
387 264 468 292 Patre
484 266 580 294 ambos
594 267 700 300 dicunt,
716 268 785 296 duos
809 269 836 296 in
854 270 945 297 Triui-

152 313 212 336 tate
229 310 328 338 fratres
344 311 479 344 confiteri,
496 312 605 347 duoque
620 322 653 341 ex
669 322 723 342 uno
738 315 824 343 divisa
841 316 942 343 intelli-

150 363 219 389 gere
236 364 244 382 :
263 361 293 382 ut
316 363 404 390 neque
431 364 537 383 summa
556 352 850 389 consubstantialitatis
875 363 944 389 ratio

151 401 298 432 reddatur,
311 406 394 435 atque
405 409 459 429 una
474 403 541 429 ordo
557 404 601 431 ille
616 406 767 439 personalis
782 407 813 434 ad
828 407 942 434 invicem

153 447 272 474 omnino
299 447 458 480 auferatur;
490 450 628 482 simulque
659 451 782 479 Trinitas
808 461 862 481 non
893 455 946 481 erit

157 491 242 519 Deus.
260 493 311 519 Sed
328 493 377 520 ista
395 500 458 521 sunt
479 495 687 529 absurdissima,
712 503 739 525 et
763 499 827 526 illud
855 500 944 533 itaque

152 538 319 570 absurdum,
333 540 406 574 quod
431 541 480 567 ista
498 543 655 570 necessario
669 545 804 578 sequitur.

194 592 286 627 Neque
311 601 376 620 vero
402 595 518 622 absurda
549 602 652 624 tantum
685 604 759 632 sunt,
787 601 833 628 sed
861 605 942 628 ct:atn

155 637 351 670 impossibilia,
379 641 516 668 stantibus
540 642 626 669 initiis
651 643 722 676 ﬁdei,
748 645 945 681 doctorumque

156 683 304 710 sententiis
332 691 447 718 prorsus
473 686 682 715 obsistentibus.
714 689 825 718 Addens
853 696 943 718 autem

156 733 274 756 sanctus
301 729 344 756 vir
373 731 498 759 essentia:
528 732 716 767 identitatem,
755 736 881 770 quoniam
911 745 945 764 ex

155 773 240 801 Patre
273 775 358 802 Filius
389 777 434 808 sit,
468 778 597 811 ostendit,
629 781 944 810 consubstantiaiitatcm

157 819 233 847 Patri
255 825 282 848 et
305 821 375 849 Filio
390 823 496 856 adesse,
513 829 657 860 propterea
674 827 745 861 quod
762 833 835 855 esset
860 827 946 856 Filius
963 839 981 865 [ς

154 874 191 893 ex
208 867 300 894 Patre.
318 867 395 895 Unde
409 875 517 897 constat
532 871 557 897 in
572 871 673 899 divinis
689 874 810 906 personis
825 874 945 902 consub~

155 912 289 939 stantiale
306 912 332 938 itt
358 921 440 940 causa
456 919 482 941 et
498 915 600 942 causali
613 917 736 950 conspici
757 928 763 945 :
781 926 835 946 non
853 924 944 947 autem

155 965 171 983 c
186 962 296 989 contra,
306 958 412 986 etiamsi
428 960 631 996 conjungantur
644 963 772 995 invicem.
786 965 865 992 sicuti
882 970 945 993 ante

156 1004 270 1030 causalc
286 1011 369 1031 causa
387 1005 533 1039 cogitatur.
555 1006 615 1034 Nott
632 1014 698 1041 ergo
714 1007 798 1036 Filius
813 1013 840 1039 et
860 1009 945 1044 Spiri-

157 1053 206 1076 tus
225 1049 278 1076 sibi
303 1050 418 1077 invicem
433 1055 525 1079 essent
542 1053 797 1086 consubstantialia,
814 1055 866 1082 nisi
883 1057 945 1083 alte‘

156 1103 221 1121 rutn
232 1100 305 1122 esset
321 1103 351 1122 ex
369 1097 464 1129 altero,
476 1098 594 1125 maxime
610 1099 676 1134 quia
694 1100 775 1126 etiam
794 1102 943 1129 secundum

155 1141 394 1179 eonSuhstantiale
420 1150 504 1169 unum
532 1151 593 1170 cum
614 1143 683 1175 sint,
713 1145 786 1172 nulla
816 1146 945 1174 discretio

157 1186 334 1220 inspiciatur,
351 1187 403 1215 nisi
426 1188 561 1223 praecedat
588 1189 694 1223 relatio,
711 1199 771 1225 quae
793 1194 943 1220 secundum

155 1239 273 1259 causam
287 1237 339 1260 εει.

196 1288 234 1315 Ex
264 1290 306 1316 bis
325 1294 415 1317 atttem
432 1298 492 1324 quae
507 1291 609 1327 scripta
633 1297 708 1325 sunt,
724 1298 840 1327 constat,
855 1298 883 1322 et
897 1303 945 1322 eos

156 1333 206 1367 qui
239 1336 272 1360 de
301 1335 413 1369 scriptis
442 1335 600 1364 Theodoriti
631 1343 726 1364 contra
757 1338 943 1366 beatissimum

155 1378 291 1414 Cyrillum
312 1382 468 1414 opinionem
486 1390 564 1410 suam
587 1388 712 1410 astruere
727 1383 863 1417 nituntur,
884 1392 946 1413 san-

158 1432 269 1453 ctorum
282 1426 391 1454 Patrum
406 1428 586 1455 intentionem
599 1429 864 1465 intelligentiamque
890 1438 942 1457 non

157 1473 283 1506 assequi.
305 1472 352 1499 Ille
364 1474 436 1500 enim
449 1473 482 1500 de
495 1479 590 1502 sancto
607 1474 710 1510 Cyrillo
725 1474 794 1502 dixit
812 1485 819 1503 :
837 1486 846 1502 ‹
865 1475 942 1509 Quod

156 1518 181 1545 si
199 1518 273 1545 dicat
303 1517 434 1552 Spiritum
452 1526 512 1546 esse
539 1520 681 1554 proprium
705 1520 778 1552 Filii,
803 1521 882 1556 quasi
909 1529 943 1548 ex

158 1562 241 1595 Filio,
257 1564 297 1590 vel
313 1570 361 1597 per
377 1563 475 1590 Filium
493 1563 674 1591 substantiam
691 1565 846 1598 habentem,
865 1567 943 1601 quasi

157 1609 349 1642 biaspbemum
369 1614 395 1636 et
423 1609 534 1643 impium
550 1610 720 1644 abjicietnus.
735 1621 744 1637 ι
766 1611 839 1639 Dixit
853 1617 943 1639 autem

157 1654 289 1689 Cyrillus,
307 1660 336 1681 ut
353 1663 385 1681 ex
403 1655 593 1688 superioribus
620 1661 703 1690 patet,
722 1658 862 1692 proprium
883 1658 943 1685 Filii

158 1700 294 1735 Spiritum
313 1704 340 1726 et
360 1700 385 1726 in
412 1702 480 1733 ipso,
510 1706 535 1727 et
552 1709 583 1728 ex
604 1701 663 1735 ipso
678 1710 747 1733 esse,
766 1704 941 1736 quemadmor

157 1747 224 1774 dum
241 1750 267 1773 et
285 1746 311 1772 in
334 1746 393 1780 ipso
414 1746 478 1778 Deo,
493 1751 520 1773 et
543 1747 568 1773 in
586 1747 664 1774 Patre
683 1756 743 1775 esse
768 1748 944 1784 intelligitur;

157 1797 186 1819 et
205 1792 276 1819 sicut
291 1791 429 1826 proprium
446 1791 543 1826 ipsius,
557 1800 605 1826 per
617 1800 679 1819 eum
697 1794 846 1827 procedere
866 1800 943 1821 natu-

158 1837 252 1864 raliter
265 1837 341 1864 dixit.
357 1836 420 1864 ldeo
450 1841 476 1864 et
499 1845 559 1871 quae
574 1837 633 1872 ejus
647 1844 711 1865 sunt
735 1840 858 1874 accipere
875 1841 943 1867 diei-

159 1887 215 1914 tur.
240 1889 329 1917 neque
345 1882 478 1909 serviliter
493 1883 611 1913 alienum
628 1883 778 1911 immittere
800 1884 942 1920 Spiritum,

160 1928 207 1955 sed
225 1935 300 1960 eutn,
317 1927 363 1962 qui
382 1935 415 1954 ex
434 1935 466 1954 eo
480 1928 660 1962 propriusque
675 1928 734 1963 ejus
750 1933 801 1957 est.

196 1994 227 2022 Et
256 1995 311 2022 alio
327 1994 353 2021 itt
368 1995 438 2026 loco.
461 1995 639 2029 proﬂuentem
667 2004 699 2023 ex
728 1995 784 2024 Deo
798 1996 878 2024 Patre
895 2005 943 2032 per

161 2041 258 2068 Filium
272 2041 432 2068 naturaliter
447 2040 578 2076 Spiritum
592 2047 715 2069 sanctum
728 2043 808 2070 veluti
821 2043 846 2070 in
857 2043 941 2078 figura

162 2085 348 2119 respirotionis
363 2085 419 2112 oris
444 2086 542 2116 nostri,
569 2086 707 2120 propriam
725 2087 805 2115 nobis
822 2089 942 2116 iudicare

161 2131 338 2158 substantiam
355 2131 456 2157 doettit.
488 2130 549 2158 Haec
574 2136 664 2158 autern
689 2137 780 2167 aperte
805 2135 940 2161 contraria

162 2181 242 2207 sunt;
263 2183 350 2210 neque
370 2175 536 2202 erubescunt
559 2175 755 2204 Tlieodoritum
784 2178 940 2205 ltasreticum

161 2221 315 2251 hominem.
342 2225 423 2254 atque
451 2222 477 2248 in
511 2222 684 2257 dogmatibus
718 2228 811 2250 sancto
843 2224 941 2259 Cyrillo

162 2266 346 2293 adversarium
380 2267 406 2294 in
431 2274 521 2294 causas
549 2275 605 2294 sua!
632 2268 813 2302 patrocinium
845 2274 941 2296 contra

162 2316 285 2338 sanctum
301 2312 388 2339 virum
406 2317 501 2340 testem
527 2313 662 2347 proferre.
677 2313 754 2347 Quod
769 2315 842 2341 enim
855 2315 940 2341 luere-

164 2357 231 2383 licus
248 2357 328 2383 ltonto
344 2357 390 2383 ille
404 2356 494 2385 fuerit.
510 2363 592 2392 atque
608 2358 736 2386 Ecclesia:
750 2365 833 2394 septts
849 2361 942 2394 repul-

163 2409 218 2434 sus,
236 2402 343 2436 publica
366 2408 440 2437 gesta
456 2409 602 2431 testantur.
630 2404 730 2432 Sancta
755 2405 828 2431 enim
847 2406 940 2439 quinta

163 2448 324 2475 universalis
342 2449 462 2483 synodus
477 2449 503 2476 in
524 2457 585 2484 cap.
598 2450 630 2477 i3
645 2450 679 2477 ita
702 2450 827 2477 definivit
855 2459 861 2476 :
883 2459 891 2476 ε
911 2450 940 2477 Si

162 2492 222 2524 quis
240 2494 314 2527 impii
333 2492 492 2521 Theodoriti
510 2495 622 2529 scriptis
638 2494 745 2527 faverit,
767 2503 827 2530 quae
845 2501 938 2523 eontra

164 2537 240 2564 fidem
271 2544 369 2566 rectam
403 2545 429 2568 et
459 2541 608 2576 Cyrillum,
640 2541 839 2576 duodecimque
867 2542 939 2568 illius

163 2583 288 2617 capitula,
313 2585 410 2620 quibus
435 2586 492 2620 ipse
519 2587 624 2617 eadem,
640 2594 700 2620 quae
717 2586 876 2613 Theodorus
909 2594 940 2614 ac

164 2628 299 2657 Nestorins
335 2632 453 2664 praedicti
482 2633 600 2660 sensisse
634 2633 865 2666 deprehenditur,
895 2640 942 2659 eos

165 2674 323 2708 illorumquc
353 2677 519 2711 impietatem
549 2677 659 2709 fovens,
692 2685 780 2712 neque
811 2677 939 2712 praedicta

166 2718 244 2752 impia
274 2723 372 2754 scripta
402 2723 681 2755 attathcmzttizarerit,
712 2728 793 2757 atque
811 2731 862 2750 una
892 2730 940 2750 eos

136 2760 139 2763 ’
166 2765 210 2797 qui
241 2766 302 2792 talia
335 2773 478 2796 senserunt
509 2773 538 2796 et
570 2769 701 2801 sentiunt,
728 2773 755 2796 et
778 2776 874 2796 omnes
891 2769 937 2803 qui

168 2810 331 2846 scripserunt
361 2819 453 2841 contra
487 2819 587 2841 rectam
625 2816 718 2846 fidem,
751 2814 936 2851 Cyrillumth

995 231 1022 253 et
1036 227 1063 253 itt
1085 227 1129 254 tali
1147 227 1284 262 impietate
1297 230 1396 256 mortui
1414 236 1488 261 sttnt,
1503 230 1646 258 anathema
1663 232 1707 259 sit.
1729 242 1738 258 ι

1032 272 1131 300 Sancta
1146 281 1210 300 vero
1225 277 1251 300 et
1264 275 1427 302 universalis
1440 281 1517 302 sexta
1531 277 1652 310 synodus
1665 277 1692 304 in
1707 285 1780 304 nono

995 318 1114 352 capitulo
1128 323 1266 353 gestorum
1284 327 1397 346 suorum
1415 321 1452 347 ita
1466 320 1588 347 defittivit
1610 330 1617 348 :
1641 331 1650 347 ί
1672 322 1700 348 Si
1719 323 1780 355 quis

997 371 1048 390 non
1063 364 1274 391 anatltematizat
1287 365 1445 392 Theodoriti
1461 370 1555 393 contra
1584 371 1685 394 rectam
1701 368 1780 394 fidem

995 414 1022 436 et
1040 414 1162 436 sanctum
1193 410 1322 444 Cyrillum
1352 411 1464 445 scripta,
1497 417 1524 438 et
1543 411 1689 445 Epistolatn
1719 420 1781 446 quae

996 455 1096 483 dicitur
1118 456 1173 486 lba,
1192 460 1219 483 et
1237 456 1408 483 TlteodOrum
1432 457 1653 491 Mopsttestenum
1673 458 1781 491 episco-

996 509 1071 535 pitm,
1098 505 1125 528 et
1155 502 1255 536 scripta
1283 502 1362 536 ejus;
1397 506 1424 528 et
1447 503 1469 529 si
1498 503 1560 536 quis
1585 510 1638 529 non
1667 503 1781 537 suscipit

996 548 1129 580 opuscula
1147 547 1232 581 ipsius
1256 549 1343 575 sancti
1368 548 1472 583 Cyrilli,
1487 553 1515 574 et
1541 549 1661 575 maxime
1686 553 1780 575 contra

1001 592 1180 625 t‘lteozlorum,
1216 597 1243 619 et
1267 593 1414 625 Andream,
1442 598 1468 620 et
1493 593 1659 625 Nestorium,
1681 602 1781 629 eosque

997 638 1042 671 qui
1063 638 1117 665 illis
1131 639 1174 665 vel
1189 639 1235 665 ttni
1249 646 1345 666 eorum
1366 640 1465 666 similia
1483 647 1627 667 senserunt
1656 646 1702 667 aut
1719 648 1780 667 sen-

997 683 1076 714 tiunt,
1092 685 1234 711 anathema
1249 685 1294 712 sit.
1311 694 1320 710 ι

1033 728 1131 756 Eadem
1159 729 1215 757 fere
1240 734 1266 757 ct
1293 736 1388 765 quarta
1415 735 1443 757 et
1475 731 1590 766 septima
1619 730 1779 758 universalis

997 775 1116 809 synodus
1130 776 1282 802 continent.
1312 777 1344 803 lit
1370 777 1468 804 mirum
1495 785 1571 809 sane,
1593 777 1664 811 quod
1684 777 1780 810 hujus-

999 819 1069 845 modi
1086 821 1269 853 patrocittium
1286 821 1328 848 isti
1344 830 1376 848 ex
1393 822 1432 848 eis
1449 822 1620 856 potissimum
1635 822 1779 849 duodecim

997 865 1152 892 Theodoriti
1178 867 1304 901 capitulis
1328 868 1515 899 consciscunt,
1550 875 1610 901 qum
1636 873 1728 901 aperte
1753 871 1780 894 et

997 911 1135 938 nominate
1162 919 1177 938 a
1198 913 1300 940 sanctis
1326 914 1436 948 synodis
1464 913 1631 940 anathemati
1658 913 1779 948 subjecta

996 961 1070 983 sunt.
1090 956 1155 989 Quae
1179 958 1250 984 enim
1276 959 1355 985 divus
1370 958 1489 992 Cyrilltts
1504 964 1598 985 contra
1622 958 1778 986 Nestorium

997 1002 1137 1029 duodecim
1163 1003 1291 1036 capitulis
1318 1004 1494 1038 conscripsit,
1527 1005 1567 1032 eis
1597 1004 1780 1032 Theodoritus

997 1048 1106 1075 totidem
1133 1048 1257 1082 capitulis
1280 1049 1469 1076 contradicere
1487 1051 1672 1084 praesumpsit.
1690 1051 1778 1083 Atque

997 1093 1023 1120 in
1043 1101 1115 1120 nono
1130 1094 1268 1128 proprium
1286 1094 1346 1121 Filii
1363 1093 1495 1129 Spiritqu
1508 1095 1611 1129 Gyrillo
1626 1101 1778 1126 asserente.

997 1140 1042 1166 i'le
1067 1139 1093 1166 in
1125 1146 1197 1166 nono
1225 1146 1276 1166 suo
1302 1140 1404 1167 dictum
1433 1140 1498 1166 illud
1519 1141 1632 1167 evomit.
1659 1140 1725 1173 lmo,
1751 1144 1781 1168 ut

996 1185 1117 1219 apertius
1135 1184 1186 1211 viti
1212 1185 1298 1211 sancti
1326 1185 1479 1212 innotescat
1502 1185 1628 1218 intentio,
1646 1186 1702 1220 ipsa
1721 1185 1780 1221 ejus

997 1230 1078 1257 verba
1093 1236 1274 1263 apponamus.

998 1285 1039 1312 Ea:
1055 1285 1194 1312 duodecim
1211 1285 1334 1318 capitulis
1348 1291 1440 1312 contra
1456 1285 1608 1312 hmreticum
1625 1285 1779 1312 Nestorium

1084 1329 1098 1346 a
1118 1319 1148 1347 S.
1165 1319 1265 1354 Cyrilfo
1279 1321 1384 1354 scriptis
1396 1339 1404 1352 ,
1422 1320 1566 1354 capitulum
1581 1328 1690 1346 nouum.

1033 1386 1042 1401 ι
1064 1376 1092 1403 Si
1114 1377 1185 1411 quis,
1210 1376 1309 1410 inquit,
1327 1383 1410 1403 unum
1428 1376 1572 1403 Dominum
1593 1375 1685 1402 Jesum
1701 1375 1778 1402 Citri-

995 1425 1066 1449 stum
1085 1430 1099 1449 a
1124 1425 1220 1449 sancto
1247 1421 1349 1456 Spiritu
1380 1422 1560 1449 clarificatum
1588 1428 1659 1452 esse,
1680 1422 1779 1447 virtute

996 1475 1043 1494 sua
1070 1468 1165 1501 ipsius,
1185 1467 1264 1502 quasi
1293 1468 1382 1494 aliena
1400 1472 1534 1500 utentem,
1554 1472 1636 1500 atque
1660 1467 1693 1494 ab
1720 1467 1779 1500 ipso

995 1513 1142 1547 accepisse,
1171 1517 1199 1539 ttt
1231 1518 1325 1540 contra
1355 1513 1510 1540 immundos
1541 1512 1656 1546 spirittts
1689 1517 1780 1546 posset

995 1557 1113 1592 operari,
1136 1557 1283 1592 divinaque
1308 1558 1334 1584 in
1354 1557 1511 1584 hominibus
1527 1558 1603 1590 signa
1627 1557 1776 1590 perlicere;

994 1611 1025 1630 ac
1041 1611 1094 1629 tton
1111 1603 1197 1636 magis
1219 1603 1360 1636 proprium
1375 1603 1461 1637 ipsius
1477 1602 1609 1636 Spiritum
1625 1601 1711 1633 dicit,
1731 1608 1779 1634 per

994 1656 1073 1682 quem
1097 1648 1187 1675 divina
1208 1648 1370 1675 mortalibus
1394 1648 1470 1682 signa
1487 1646 1692 1680 monstraverit,
1708 1653 1777 1673 ana-

995 1694 1085 1720 thema
1102 1693 1147 1720 sit.
1166 1702 1174 1718 ι

997 1749 1146 1776 Declarutt’o
1172 1749 1290 1782 ejusdem
1316 1748 1427 1782 capituli
1444 1748 1471 1774 in
1497 1747 1599 1781 Epheso
1623 1747 1728 1777 habitu,
1745 1747 1778 1772 ob

1029 1784 1117 1811 eodem
1134 1783 1164 1810 Β,
1187 1783 1300 1817 Cyrillo,
1324 1791 1383 1809 cum
1400 1791 1459 1809 eum
1475 1790 1552 1809 sacra
1573 1783 1688 1816 synodus
1705 1790 1779 1817 oras-

1029 1824 1078 1850 set,
1096 1823 1124 1845 ut
1139 1818 1178 1845 eis
1196 1815 1312 1851 apertius
1335 1822 1489 1853 exponeret,
1510 1817 1572 1852 quid
1586 1815 1636 1843 sibi
1659 1817 1710 1843 ista
1727 1815 1780 1842 υει-

1029 1854 1093 1880 teut.

1031 1920 1040 1936 ε
1056 1909 1153 1940 Homo.
1169 1909 1268 1943 inquit,
1282 1908 1368 1936 factus
1383 1908 1429 1936 Dei
1452 1908 1609 1943 unigenitus
1622 1907 1718 1940 Filius,
1737 1907 1779 1934 sic

996 1957 1079 1984 etiam
1111 1955 1263 1991 permansit
1290 1953 1361 1982 Deus
1382 1954 1473 1981 omnia
1499 1953 1635 1981 exsistens
1667 1960 1727 1986 quae
1751 1958 1778 1979 et

993 2003 1084 2034 Pater,
1108 2004 1206 2036 praeter
1231 2000 1332 2032 solum,
1353 1999 1462 2027 Patrem
1489 2006 1560 2029 esse.
1579 1998 1778 2033 propriumque

993 2048 1097 2074 habens
1109 2053 1154 2073 ex.
1165 2046 1258 2080 seipse
1282 2044 1471 2078 prodeuntem,
1501 2048 1581 2078 atque
1594 2044 1777 2071 essentialiter

992 2092 1043 2120 sibi
1060 2091 1210 2126 ingenitum
1227 2089 1359 2124 Spiritum
1381 2094 1518 2121 sanctum,
1535 2089 1626 2116 divina
1651 2090 1776 2124 patrabat

994 2137 1081 2171 signa.
1097 2135 1190 2169 itaque
1205 2140 1232 2162 et
1251 2134 1334 2161 homo
1348 2133 1446 2165 fat-tus.
1462 2135 1503 2161 sic
1519 2141 1628 2168 quoque
1644 2141 1775 2168 perman-

996 2181 1030 2207 sit
1049 2180 1131 2206 Deus.
1151 2188 1161 2204 ι
1188 2177 1302 2212 Propria
1333 2177 1414 2212 igitur
1440 2174 1539 2204 virtute
1567 2185 1614 2211 per
1644 2177 1774 2212 Spiritum

998 2235 1007 2252 ι
1026 2224 1143 2252 faciebat
1159 2222 1306 2250 mirabilia.
1323 2222 1374 2255 Qui
1390 2227 1479 2249 autern
1494 2222 1598 2254 dicunt,
1618 2229 1680 2249 cum
1697 2222 1774 2257 quasi

996 2277 1078 2297 unum
1094 2277 1125 2297 cx
1143 2268 1223 2296 nobis
1240 2267 1377 2295 hominem
1396 2271 1519 2293 sant-tum
1535 2266 1676 2294 efﬁcientia
1691 2267 1777 2302 Spiri-

995 2320 1049 2348 tus,
1075 2322 1128 2341 non
1165 2318 1195 2340 ut
1221 2313 1329 2348 propria
1359 2312 1455 2346 magis,
1481 2312 1526 2338 sed
1556 2317 1585 2338 ut
1610 2312 1697 2339 aliena
1727 2319 1776 2339 nec

994 2362 1084 2389 divina
1104 2364 1236 2390 utentem,
1252 2363 1279 2386 et
1296 2359 1376 2386 veluti
1395 2358 1421 2385 in
1444 2363 1520 2393 parte
1535 2358 1628 2393 gratiae
1642 2366 1656 2385 a
1671 2357 1774 2392 Spirittt

994 2405 1192 2440 accipientem,
1225 2410 1367 2430 ascensum
1402 2402 1435 2429 ad
1461 2401 1564 2435 caelos,
1594 2402 1776 2428 anatltcmatis

994 2451 1093 2479 merito
1122 2450 1265 2478 sententias
1294 2448 1454 2477 subdentur.
1474 2456 1483 2472 ι
1508 2448 1561 2475 Sed
1590 2448 1662 2475 enim
1689 2447 1776 2482 ipsius

994 2505 1104 2533 quoque
1134 2496 1292 2523 Theodoriti
1323 2495 1426 2522 dictum
1460 2494 1525 2521 illud
1556 2501 1672 2528 arguens
1703 2493 1772 2520 ait:

995 2553 1005 2569 ί
1022 2543 1154 2576 Quoniam
1167 2549 1233 2569 vero
1248 2540 1389 2568 Nestorius
1405 2539 1490 2567 aliena
1509 2540 1608 2566 virtute
1621 2546 1700 2566 usum
1714 2545 1775 2565 esse

993 2589 1144 2619 Christum,
1160 2589 1232 2616 sicut
1248 2587 1328 2614 etiam
1345 2590 1501 2613 sanctorum
1520 2585 1632 2620 singuli,
1655 2585 1773 2613 dicebat.

991 2635 1092 2662 idcirco
1105 2633 1243 2668 proprium
1262 2632 1321 2658 Filii
1337 2631 1403 2658 dixi.
1421 2630 1484 2657 Erat
1497 2631 1581 2663 enim,
1593 2635 1620 2657 et
1637 2634 1678 2657 est
1695 2630 1775 2657 istius

994 2681 1123 2716 Spiritus,
1139 2678 1368 2714 quemadmodum
1394 2678 1500 2705 scilicet
1525 2682 1552 2704 et
1568 2677 1669 2705 Patris.
1687 2678 1775 2711 Atque

995 2728 1047 2754 itoc
1062 2727 1140 2753 nobis
1155 2725 1276 2752 insinuat
1290 2724 1394 2751 Paulus
1420 2723 1560 2758 apostolus
1590 2724 1683 2750 dicens
1700 2731 1707 2750 :
1722 2723 1776 2754 Qui

993 2776 1080 2798 autent
1095 2771 1123 2797 in
1137 2778 1216 2797 carne
1234 2774 1304 2802 sunt,
1321 2770 1375 2797 Deo
1390 2769 1494 2803 placere
1508 2777 1560 2795 non
1575 2771 1697 2801 possunt.
1723 2767 1773 2794 Vos

992 2823 1078 2845 autem
1095 2825 1145 2844 non
1162 2816 1224 2843 estis
1240 2816 1265 2842 in
1281 2823 1368 2846 carne,
1401 2814 1445 2842 sed
1458 2814 1483 2841 in
1500 2813 1601 2848 Spiritu
1619 2822 1628 2840 :
1642 2812 1771 2847 siquidem
