1934 3063
163 129 194 161 91
327 162 331 164 Ἴ
789 132 947 162 ΜΑΝυΕι

1005 132 1153 161 CALECE
1743 127 1781 159 9‘2

162 185 278 218 Spiritus
296 183 342 210 Dei
359 183 461 210 habitat
476 185 503 210 in
521 184 602 211 vobis.
617 185 645 212 Si
665 185 724 220 quis
750 192 836 213 autem
854 185 926 220 Spiri
955 188 977 216 Α
1026 185 1211 219 Constatergo
1226 191 1257 212 ex
1268 183 1453 218 superioribus
1464 182 1656 210 Theodoritum
1673 183 1787 210 lueretu—

163 235 218 256 tum
235 229 332 257 Christi
347 237 397 255 non
412 229 500 260 habet,
516 230 558 256 hic
579 238 629 256 non
645 233 682 257 est
696 231 752 265 ejus
766 231 797 256 “.
813 231 937 258 Procedit

162 276 234 301 enim
262 282 295 301 ex
324 274 378 302 Deo
408 279 435 301 et
462 274 542 302 Patre
569 275 687 309 Spiritus
716 283 838 308 sanctus,
865 276 940 310 juxta

164 318 313 345 Salvatoris
324 326 428 346 vocem.
441 319 487 346 Est
501 324 590 346 autem
606 328 694 354 neque
708 321 812 348 alienus
826 329 838 347 a
854 321 940 355 Filio;

162 365 254 391 omnia
272 365 343 391 enim
362 365 408 392 ille
422 372 484 392 eum
500 364 579 392 Patre
595 366 686 393 habet.
705 377 714 393 ι

201 410 237 436 Ex
253 410 293 436 his
307 410 390 444 igitur
402 411 488 437 sancti
501 410 551 437 viri
568 418 643 438 mens
657 411 799 446 diligenter
814 413 941 440 intuenda

162 460 215 487 est,
229 459 312 490 utque
329 455 374 482 ille
391 456 524 483 intellexit
538 458 678 491 proprium
694 466 753 485 esse
774 459 834 486 FiLii
856 459 943 494 Spiri-

163 506 221 527 tum
251 505 392 534 sanctum;
420 501 482 536 quis
508 503 580 529 enim
605 504 774 531 commodior
802 510 828 532 et
856 506 944 540 aptior

161 547 306 573 verborum
335 554 446 574 suorum
465 548 598 582 interpres
611 557 670 576 esse
684 551 781 584 possit,
800 559 879 585 quam
900 552 944 579 ille

160 591 229 623 ipse,
245 591 292 625 qui
312 591 441 625 scripsit?
467 592 612 627 Proprium
634 594 720 625 enim,
748 599 777 621 ut
807 597 943 630 propriam

163 634 224 661 Filii
252 636 391 665 virtutem.
414 636 483 664 dixit
507 637 637 672 Spiritum
666 644 802 672 sanetum,
827 648 942 676 eumque

163 687 212 713 per
227 680 312 714 ipsam
332 687 473 716 operatum
492 691 498 709 :
517 687 599 717 atque
624 683 685 711 ideo
697 685 878 712 essentialiter
895 686 945 720 ipsi

164 725 286 752 innatum
298 725 394 759 fuisse,
408 730 491 761 atque
505 735 538 754 ex
556 735 589 755 eo
601 736 673 760 esse,
686 729 832 764 omniaque
846 730 946 758 habere

165 769 273 802 Filium,
301 779 362 806 quze
379 773 459 800 habet
476 772 566 804 Pater,
592 779 690 807 pra-ter
716 776 815 808 solum,
840 775 946 804 Patrem

163 823 235 843 esse.
251 816 302 843 Sed
319 822 346 844 et
362 818 495 846 rationem
512 820 628 847 reddens
651 821 714 848 dicti
731 823 784 854 sui,
800 830 860 849 cum
875 822 949 850 diee-

164 866 217 895 ret,
245 862 374 896 Spiritum
391 869 513 891 sanctum
542 864 602 892 Filii
627 874 696 898 esse,
714 867 785 894 sicut
806 873 833 894 et
850 868 947 902 Patris,

166 914 254 942 neque
280 909 351 935 enim
382 917 443 936 esse
472 910 506 937 ab
535 918 568 937 eo
593 911 722 944 alienum,
751 913 814 947 quia
844 915 950 942 scilicet

166 952 255 980 Patris
270 955 360 981 omnia
379 962 439 982 eum
462 955 542 982 Patre
566 956 700 984 haberet:
721 959 822 993 quippe
836 964 948 987 natura.

165 998 230 1024 lium
245 998 292 1025 Dei
320 1005 347 1026 et
365 999 454 1027 Patris
471 1001 603 1028 bonorum
626 1002 711 1029 lmrcs
729 1003 813 1031 Filius
827 1013 888 1031 cum
903 1006 949 1038 sit,

167 1042 249 1069 habet
262 1047 289 1070 et
312 1044 455 1079 Spiritum,
487 1047 712 1079 quemadmodum
729 1052 755 1075 et
769 1049 797 1075 in
820 1049 878 1083 ipso
896 1050 950 1078 Deo

165 1092 192 1114 et
210 1087 288 1115 Patre
306 1089 476 1124 intelligitur,
491 1095 588 1125 praeter
606 1093 694 1119 solum
708 1092 814 1120 Patrem
831 1102 902 1128 esse,
921 1100 950 1122 ut

165 1132 220 1160 alio
235 1135 260 1160 in
277 1134 337 1162 loco
355 1136 404 1169 ait,
421 1137 542 1164 ostendit
557 1145 586 1164 se
603 1139 690 1173 magis
707 1147 875 1172 asseverare,
889 1149 950 1176 quae

166 1178 194 1205 in
210 1186 280 1206 novo
305 1181 425 1215 capitulo
448 1182 563 1215 dixerat,
588 1191 670 1218 quam
689 1185 832 1219 ahnegare,
862 1194 950 1221 neque

166 1221 322 1252 Theodoriti
336 1225 491 1259 opinionem
505 1228 618 1256 omnino
630 1229 780 1264 suscipere,
792 1233 822 1257 ut
833 1231 950 1258 maxime

165 1275 360 1302 perniciosam.

201 1313 249 1340 Est
264 1321 330 1349 ergo
346 1315 486 1350 indignum
503 1324 570 1345 sane
589 1321 616 1345 et
628 1318 844 1353 iniquissimum,
859 1321 951 1349 Thro-

167 1359 248 1386 doriti
265 1361 387 1394 proferre
403 1363 531 1396 capitula,
548 1371 608 1398 quae
630 1364 759 1392 oblivioni
775 1373 913 1401 perpetuae
925 1374 952 1396 et

168 1406 302 1433 oblationi
321 1407 450 1434 tradenda
468 1411 521 1435 tota
544 1409 665 1443 synodus
680 1411 781 1442 sanxit,
806 1413 903 1448 hisque
918 1415 952 1442 de

170 1452 241 1478 beati
256 1451 349 1486 Cyrilli
372 1458 462 1480 mente
476 1454 609 1482 indicare.
626 1455 719 1483 Potius
731 1462 823 1484 autem
847 1466 878 1486 ex
896 1460 950 1492 his,

995 238 1055 257 cum
1074 230 1167 261 fuisse,
1185 234 1267 264 atque
1284 229 1311 256 in
1325 230 1366 256 his
1379 229 1498 256 maxime
1509 236 1569 263 qua:
1580 233 1674 255 contra
1686 227 1717 255 D.
1727 227 1783 263 Cy-

992 275 1082 301 rillum
1104 275 1224 308 scripsit.
1241 273 1400 307 Huiusmodi
1418 278 1507 301 autem
1520 273 1628 307 scriptis
1640 274 1672 300 ad
1691 280 1766 300 astru
1777 289 1784 293 -

992 321 1090 348 endam
1101 321 1223 347 veritatis
1246 319 1364 355 regulam
1377 319 1414 346 uti
1426 319 1535 345 minime
1548 319 1682 346 convenit.
1697 319 1785 346 Porro

993 367 1015 393 si
1043 367 1105 401 quis
1134 373 1194 393 eum
1224 365 1394 400 postmodum
1419 365 1453 391 ah
1478 364 1597 392 Ecclesia
1625 370 1783 399 susceptum

993 420 1053 439 esse
1077 412 1147 447 ('52)
1170 412 1345 445 poenitenlem
1373 411 1455 441 dicat,
1481 410 1547 437 nihil
1573 411 1606 437 ad
1631 418 1699 438 rem.
1735 411 1783 438 Illa

993 457 1075 490 enim,
1089 459 1158 483 unde
1172 455 1327 483 Theodoriti
1343 456 1414 482 dicta
1431 455 1614 490 proferuntur,
1625 456 1657 482 ab
1675 456 1787 482 univer-

995 502 1098 529 salibns
1113 502 1222 536 synodis
1233 501 1361 528 damnata
1378 505 1452 527 sunt.

1030 546 1126 580 Liquet
1146 550 1235 573 autem
1249 551 1275 573 et
1291 545 1315 572 id
1341 546 1412 580 quod
1427 545 1532 579 opinari
1550 553 1636 579 neque
1649 553 1682 573 ex
1702 544 1784 576 Filio,

995 598 1082 626 neque
1092 599 1138 626 per
1152 591 1247 617 Filium
1263 591 1393 625 Spiritum
1407 595 1530 618 sanctum
1544 591 1643 618 habere
1655 591 1787 618 substan-

997 636 1072 668 tiam,
1089 635 1180 670 opinio
1196 635 1313 662 Nestorii
1332 640 1394 667 est;
1412 636 1455 662 cui
1473 635 1655 663 Theodoritus
1665 644 1782 663 consors

997 679 1058 712 fuit,
1072 684 1101 706 ut
1115 688 1158 708 res
1174 680 1237 714 ipsa:
1251 684 1394 707 testantur.
1413 680 1448 707 Et
1461 680 1518 714 ipse
1533 686 1623 708 autem
1641 680 1784 708 Nestorins

998 726 1024 752 in
1035 726 1158 760 symbolo
1169 725 1230 752 {idei
1246 733 1301 752 sum
1311 726 1345 752 ita
1359 726 1555 760 pronuntiavit.
1575 726 1651 758 Quod
1668 727 1690 754 si
1705 727 1788 761 hujus

998 775 1078 795 causa
1099 774 1192 802 aperte
1204 777 1255 795 non
1275 761 1456 802 insimulatur,
1473 778 1525 797 non
1542 770 1568 797 id
1585 775 1648 797 tunc
1666 777 1725 797 erat
1739 779 1788 806 sy-

999 815 1070 842 nodo
1082 816 1259 850 proposilum,
1272 823 1358 849 nequc
1371 816 1432 842 inde
1445 816 1556 849 plurimi
1572 816 1727 843 scandalum
1739 825 1790 850 pa—

1002 861 1149 892 tiebantnr,
1164 869 1224 887 cum
1242 868 1256 886 a
1273 860 1395 894 plurimis
1409 868 1442 887 ne
1453 866 1645 895 agnosceretur
1663 861 1788 895 quidem,

999 912 1088 939 neque
1114 905 1217 932 idcirco
1236 905 1355 940 synodus
1382 905 1496 932 collecta
1521 911 1605 932 esset.
1630 906 1686 932 Etsi
1713 906 1788 933 enim

999 955 1058 978 erat
1077 955 1218 984 peceatum
1238 958 1270 978 ac
1297 951 1467 978 mendacium
1491 952 1615 978 deterius
1636 957 1663 978 et
1688 952 1790 986 majus,

999 996 1072 1023 circa
1088 996 1269 1026 divinitatem.
1287 1004 1368 1030 quam
1385 996 1456 1023 eirea
1479 997 1656 1024 humanitatis
1679 997 1792 1030 dispen-

999 1041 1145 1070 sationem.
1162 1041 1334 1075 blasphemia:
1345 1041 1524 1068 l'renaiaxare
1536 1050 1543 1074 ;
1556 1043 1723 1069 ratiolamen
1749 1043 1794 1069 in-

1001 1086 1183 1112 cinrnotionem
1196 1090 1259 1113 tunc
1267 1086 1353 1120 magis
1364 1086 1485 1121 urgebat.
1497 1087 1704 1115 Periclitabatnr
1717 1089 1790 1114 enitr.

1002 1135 1064 1157 tunc
1079 1130 1145 1157 tides
1158 1150 1165 1162 ,
1181 1138 1241 1158 cum
1268 1138 1355 1165 neque
1369 1130 1488 1159 Verbum
1504 1133 1657 1166 suscepisse
1669 1139 1791 1164 carnem,

1000 1171 1087 1210 neque
1103 1176 1185 1203 Deum
1202 1176 1339 1204 hominem
1351 1177 1453 1204 factum
1469 1178 1551 1205 fuisse
1563 1178 1670 1212 plurimi
1687 1186 1794 1206 assere-

1003 1226 1072 1254 rem,
1088 1229 1345 1258 sacramentumque
1358 1224 1576 1258 dispensationis,
1595 1224 1620 1250 in
1636 1232 1691 1258 quo
1712 1225 1792 1252 Clui-

1002 1268 1151 1295 stianorum
1166 1267 1239 1295 salus
1254 1271 1306 1301 est,
1320 1275 1417 1296 nomen
1436 1269 1538 1303 potius,
1565 1277 1647 1304 quam
1666 1277 1709 1297 res
1730 1277 1792 1297 esse

1002 1314 1153 1344 videretur.
1177 1321 1265 1349 neque
1277 1321 1345 1341 sane
1369 1306 1551 1349 opportunum
1579 1320 1647 1345 erat.
1671 1315 1789 1348 omisso,

1003 1364 1114 1393 propter
1122 1360 1193 1393 quod
1206 1364 1400 1393 convenerant,
1413 1365 1440 1387 et
1450 1366 1560 1395 propter
1572 1362 1641 1395 quod
1656 1361 1792 1395 periclita-

1005 1407 1084 1432 batu’r
1102 1406 1236 1438 Ecclesia,
1248 1407 1280 1433 de
1300 1405 1343 1433 his
1359 1414 1418 1440 qua:
1441 1407 1508 1432 nihil
1541 1408 1673 1441 urgebant
1687 1426 1694 1439 ,
1710 1408 1791 1434 verba

1005 1459 1124 1485 movere,
1146 1459 1205 1478 cum
1228 1451 1387 1486 principalis
1409 1453 1525 1486 qna-stic
1551 1453 1634 1479 multo
1672 1458 1792 1486 tempore

169 1504 228 1529 qua:
252 1498 369 1531 seipsum
391 1506 542 1534 exponens,
573 1501 623 1532 ait.
654 1509 769 1537 qumque
785 1504 849 1531 alibi
870 1505 955 1539 plum-
969 1507 989 1535 ο
1008 1498 1154 1532 multisque
1169 1497 1349 1530 sermonibus,
1367 1498 1515 1524 utenodari
1528 1499 1789 1532 posset.indigeret:

171 1542 223 1569 mis
241 1542 267 1568 in
291 1543 360 1570 locis
387 1545 509 1578 scripsit,
533 1554 610 1574 mens
637 1548 697 1582 ejus
722 1550 874 1584 colligenda
901 1556 953 1578 est.

171 1585 207 1613 Ex
225 1588 327 1621 quibus
339 1589 459 1623 profecto
476 1591 650 1619 manifestum
666 1590 819 1629 le’gentibus
837 1597 877 1628 lit,
893 1605 954 1625 cum

169 1641 278 1668 semper
300 1637 450 1669 proprium,
478 1638 549 1671 quod
574 1638 652 1671 dixit,
682 1644 730 1667 aut
759 1648 812 1668 non
836 1643 953 1670 alienum

171 1686 232 1705 esse
259 1687 273 1706 a
290 1680 358 1706 Filio
384 1680 527 1715 Spiritum,
546 1691 595 1717 pro
611 1691 645 1711 eo
661 1687 733 1719 quod
762 1692 813 1718 est,
836 1695 867 1714 ea
886 1687 955 1715 Filio

170 1731 231 1751 esse
244 1724 386 1759 Spiritum.
403 1727 585 1756 intellexisse:
603 1730 767 1758 siculetiam
781 1739 812 1758 ex
830 1734 954 1767 superio-

169 1769 247 1796 ribus
266 1771 407 1798 manifeste
419 1772 639 1806 deprehenditur.
651 1775 784 1811 Quodque
801 1778 955 1807 mirabilius

169 1819 222 1844 est.
234 1823 296 1842 cum
309 1815 628 1846 Theodoritus‘sanrtum
641 1820 773 1855 Cyrillum
791 1824 953 1856 quibusdam

170 1860 292 1894 epistolis
309 1862 482 1895 ittsltlllllatls,
502 1865 604 1892 diceret
621 1871 746 1893 sanctum
763 1869 851 1896 virum
873 1873 955 1899 omis-

170 1906 220 1937 sis.
240 1914 301 1939 quae
322 1912 419 1934 contra
436 1908 589 1936 Nestorium
608 1910 713 1938 dixerat
735 1919 767 1939 ac
796 1914 953 1948 scripseat,

170 1951 223 1984 ipsi
239 1950 406 1981 Theodorito
427 1955 592 1982 concordem
618 1956 745 1984 edoctum
769 1965 839 1989 esse.
854 1968 956 1995 easque

169 1997 299 2031 epistolas
313 1998 436 2026 misisset
453 2005 486 2026 ad
511 2001 658 2035 plurimos;
684 2003 778 2038 illique
803 2005 874 2032 hanc
897 2007 956 2041 ejus

170 2044 350 2071 pretationem
385 2046 551 2073 mirarentur
585 2052 666 2080 atque
708 2049 954 2086 obstupescerent;

165 2094 311 2123 comperta
340 2091 496 2124 calumnia,
523 2093 618 2120 beatus
647 2093 768 2129 Cyrillus
799 2098 955 2126 rescribens

171 2135 239 2161 dixit
255 2144 262 2161 :
278 2144 287 2159 ι
305 2135 425 2169 Domine,
440 2137 522 2164 libera
535 2140 650 2165 animam
669 2148 753 2167 meam
775 2150 790 2168 a
815 2143 892 2170 labiis
905 2145 956 2171 ini-

170 2181 240 2214 quis,
258 2185 281 2206 et
299 2189 314 2206 α
330 2181 420 2215 lingua
434 2181 525 2209 dolosa
541 2183 574 2210 “.
596 2185 706 2210 lmenio
731 2188 803 2213 enim
822 2189 954 2222 mcipsnnt

173 2225 248 2251 lalsan
263 2225 405 2252 calumnia:
423 2228 588 2260 expositum.
606 2238 615 2254 ι
642 2229 707 2263 Ista,
731 2232 777 2266 qui
795 2233 953 2260 Theodoriti

174 2271 325 2304 patrocinio
341 2271 472 2302 nituntur,
486 2272 522 2298 ita
542 2274 693 2306 proferunt.
708 2278 785 2311 quasi
805 2279 876 2306 dicta
901 2281 955 2308 sint

174 2322 223 2348 pro
241 2314 398 2342 allii-manda
414 2314 570 2343 Tlteodoriti
585 2319 734 2352 sententia;
750 2323 824 2356 quod
843 2330 956 2351 sanctus

175 2359 226 2388 vir.
252 2364 354 2386 mutata
371 2360 517 2392 sententia,
535 2369 582 2397 per
600 2362 697 2390 Filium
722 2369 804 2400 atqite
827 2375 860 2394 ex
886 2369 956 2396 Filio

173 2412 234 2431 (sse
248 2409 370 2431 sanctum
386 2404 516 2438 Spiritum
531 2411 619 2441 neget.
635 2407 693 2436 iloc
707 2416 796 2437 autem
811 2417 850 2439 est
868 2413 954 2441 horni-

172 2457 240 2476 num
267 2455 360 2476 contra
379 2450 458 2477 [idem
485 2458 588 2482 rerum,
615 2459 765 2488 contraque
796 2462 953 2485 sanctorum

173 2500 304 2527 mentem,
335 2495 459 2530 improbe
481 2497 560 2524 nimis
586 2499 788 2528 mentientium.
818 2501 848 2529 lli
869 2505 954 2539 enim,

174 2546 206 2568 ut
231 2548 314 2575 supra
344 2542 509 2569 declaratum
541 2549 601 2576 est,
634 2552 697 2572 eum
732 2552 826 2574 saneto
851 2548 956 2585 Cyriilo

172 2585 304 2620 Spiritum
323 2592 447 2614 sanctum
468 2595 516 2623 per
532 2588 631 2616 Filium
653 2591 834 2620 substantiam
856 2595 957 2624 habere

173 2637 312 2665 asserunt,
327 2637 409 2667 atque
420 2641 481 2662 esse
491 2642 523 2662 ex
536 2634 614 2669 Filio,
625 2638 696 2671 quod
706 2639 853 2672 procedens
865 2649 955 2670 seruio

171 2678 293 2711 apertius
310 2679 425 2707 docebit.

210 2745 232 2761 "
249 2747 328 2774 Rom.
344 2756 404 2781 vnt,
421 2748 448 2781 8,
461 2749 487 2776 9.

213 2806 268 2841 (52)
290 2808 317 2835 1η
331 2810 449 2838 concilio
462 2810 691 2839 Chalcedonensi.

546 2751 568 2766 “
585 2751 656 2779 l‘sal.
671 2759 744 2785 cxtx,
761 2753 786 2780 2.

1009 1551 1041 1570 ne
1057 1543 1079 1570 si
1098 1544 1130 1570 ab
1142 1543 1275 1576 instituto,
1290 1551 1319 1570 re
1331 1543 1440 1574 infecta,
1457 1544 1616 1575 resiiiSsent,
1630 1544 1794 1572 confundere

1008 1589 1098 1616 omnia
1116 1596 1148 1616 ac
1177 1589 1292 1616 miscere
1309 1589 1477 1620 viderentur,
1495 1590 1626 1623 dumque,
1650 1591 1721 1623 quod
1736 1595 1796 1617 erat

1010 1636 1034 1662 in
1050 1635 1183 1668 manibus,
1200 1635 1336 1670 corrigere
1357 1635 1498 1668 deberent,
1529 1643 1615 1670 neque
1643 1635 1694 1662 hoc
1716 1637 1796 1669 digne

1009 1680 1143 1712 facerent,
1158 1681 1328 1715 neqneillud,
1342 1682 1414 1715 quod
1428 1681 1617 1715 intempestive
1627 1682 1795 1709 molirentur.

1010 1725 1173 1752 Necessariis
1193 1726 1283 1761 itaque
1304 1725 1412 1752 omissis
1423 1726 1539 1758 czeteris,
1560 1726 1711 1760 hocunnm,
1726 1727 1796 1762 quod

1010 1771 1132 1805 urgebat,
1150 1778 1245 1798 curare
1261 1772 1447 1806 perSIiterunt.

1044 1816 1111 1843 Nam
1129 1821 1156 1842 et
1176 1816 1357 1850 sapientiores
1375 1817 1474 1851 quique
1505 1816 1602 1857 medici
1627 1825 1687 1843 cum
1721 1817 1796 1844 inﬁr-

1010 1869 1081 1887 mum
1094 1862 1200 1896 gemino
1211 1862 1306 1889 morbo
1318 1863 1442 1889 laborare
1453 1863 1695 1890 animadverterint
1707 1866 1797 1890 adver-

1010 1915 1056 1934 sus
1076 1907 1197 1942 eumqui
1221 1908 1362 1942 perturbat
1376 1908 1472 1943 magis.
1489 1914 1516 1936 et
1536 1910 1656 1935 sectione
1688 1910 1794 1943 indiget.

1011 1953 1061 1979 etsi
1087 1953 1112 1979 in
1140 1960 1190 1980 suo
1220 1961 1321 1988 genere
1351 1954 1441 1981 minor
1469 1962 1530 1982 esse
1557 1955 1707 1986 rideatur,’
1727 1956 1798 1988 prius

1010 2002 1160 2025 armantur.
1174 1998 1207 2026 Et
1229 2000 1335 2034 julices
1360 2008 1557 2035 saepenumero,
1583 2008 1658 2027 reum
1682 2002 1797 2035 aliquant

1012 2045 1082 2071 nacti
1100 2045 1224 2079 plurimis
1240 2045 1402 2073 criminibus
1431 2046 1589 2077 obnoxium,
1614 2046 1678 2073 illud
1706 2055 1796 2078 unum,

1010 2091 1036 2118 in
1053 2099 1106 2125 quo
1124 2091 1310 2125 deprehensus
1325 2091 1416 2124 fuerit,
1431 2092 1540 2119 omissis
1552 2092 1662 2119 interim
1684 2093 1797 2125 caeteris,

1011 2136 1049 2163 illi
1066 2137 1183 2164 maxime
1196 2137 1341 2172 objiciunt.

973 2181 994 2207 Ι)
1044 2183 1135 2216 Neque
1145 2191 1210 2210 sane
1223 2183 1388 2214 mirandum,
1404 2183 1425 2210 si
1438 2191 1468 2210 ea
1480 2183 1597 2211 Nestorii
1607 2184 1699 2218 opinio
1713 2192 1726 2211 a
1739 2193 1799 2212 san-

1009 2230 1058 2256 ctis
1075 2229 1199 2257 Patribus
1217 2235 1279 2256 tunc
1295 2230 1335 2256 vel
1351 2230 1516 2262 existimata,
1535 2229 1728 2257 vel'eoniutata
1748 2239 1798 2258 non

1010 2275 1102 2308 lncrit,
1115 2282 1175 2300 cum
1192 2280 1256 2301 ante
1269 2274 1344 2301 illum
1357 2280 1383 2301 et
1392 2275 1480 2306 Arius,
1491 2281 1518 2302 et
1530 2283 1635 2307 omnes,
1647 2276 1692 2310 qui
1704 2275 1798 2302 Filium

1011 2321 1243 2353 blasphemabant,
1261 2321 1287 2347 in
1317 2320 1446 2355 Spiritum
1468 2326 1591 2348 sanctum
1609 2329 1716 2355 qunque
1728 2322 1800 2348 dcte-

1011 2365 1068 2392 rius
1081 2365 1229 2399 blasphemi
1245 2365 1354 2392 iuerint.
1366 2365 1472 2400 Quippe
1481 2370 1508 2392 et
1520 2369 1688 2399 assumptam
1701 2373 1714 2391 a
1726 2366 1800 2392 Chri-

1011 2415 1053 2437 sto
1069 2418 1130 2437 cum
1146 2418 1228 2438 carne
1255 2411 1371 2438 animam
1398 2416 1459 2439 ante
1487 2411 1564 2439 Verbi
1588 2411 1798 2439 incarnationem

1010 2457 1212 2491 prmcxstitisse,
1229 2457 1387 2492 emlitusque
1401 2458 1475 2485 illaut
1489 2458 1645 2489 advenisse,
1661 2458 1741 2484 Arius
1758 2466 1798 2484 as.

1011 2503 1165 2530 Severabat.
1180 2504 1337 2530 Animarum
1350 2504 1450 2531 etenim
1464 2503 1694 2538 praexsistentias
1708 2508 1733 2530 et
1747 2503 1799 2537 ipse

1011 2549 1148 2581 credebat,
1162 2557 1213 2576 nec
1228 2555 1316 2577 tamen
1336 2550 1387 2577 hoc
1407 2549 1444 2576 illi
1472 2550 1577 2577 crimen
1593 2550 1728 2585 obiectum
1748 2554 1797 2580 est,

1010 2596 1152 2629 solumque
1166 2595 1237 2629 quod
1249 2595 1346 2622 Filium
1361 2600 1514 2622 creaturam
1531 2595 1645 2626 diceret,
1659 2595 1693 2621 ab
1708 2593 1798 2620 Eccle-

1009 2641 1048 2668 sia
1065 2641 1170 2676 fugatus
1185 2646 1212 2669 et
1225 2642 1327 2677 ejectus
1353 2647 1404 2673 est,
1440 2646 1600 2677 etulerteqnc
1624 2640 1798 2673 blasphemiae

1010 2687 1079 2713 illius
1096 2687 1121 2714 in
1137 2687 1265 2714 memoria
1281 2694 1332 2714 non
1342 2690 1414 2719 sunt,
1432 2694 1520 2722 neque
1534 2687 1640 2722 publice
1654 2685 1688 2713 dc
1703 2686 1749 2712 illo
1762 2684 1798 2711 di-
