1934 3063
139 155 184 185 9'3

694 154 891 184 AD\'EiiSUS
904 153 1058 185 (ΞΗ.ΕοΟὸ
1078 157 1151 187 LIB.
1171 157 1210 187 II.

1747 152 1783 184 94

140 205 235 237 citur,
248 205 322 240 quod
336 206 466 240 Spiritum
484 213 607 236 sanctum
621 209 858 244 blasphemaverit.
881 219 942 238 cum
960 211 982 241 Δ
994 221 1056 240 cum
1072 213 1115 240 vix
1134 214 1227 248 paucis
1243 218 1304 240 tttuc
1318 217 1391 240 esset
1409 211 1566 246 cognitum?
1584 217 1615 237 ac
1628 215 1782 243 propterea,

141 255 230 277 certe
250 256 278 277 ct
294 252 383 278 sancti
396 252 513 287 Spiritus
528 254 615 282 hostis
632 255 804 283 nihilominus
820 256 911 284 fuerit.

189 294 268 328 Quod
285 296 308 322 si
325 297 387 330 quis
412 298 547 331 opinetur,
574 299 699 327 debuisse
727 307 790 328 tunc
815 302 945 336 synodum

142 341 237 367 etiam
266 342 421 375 hujusmodi
449 343 633 379 blasphemias
659 347 756 373 saltem
772 347 946 381 redarguere,

147 387 356 420 reprehensum
372 392 437 415 tunc
452 390 614 424 generaliter
624 392 725 424 audiet,
735 400 796 420 cum
808 394 945 420 dicerent:

147 432 267 459 Nemini
293 433 371 461 ﬁdem
393 435 505 462 alteram
533 436 667 470 proferre,
697 444 741 465 aut
761 441 947 472 conscribere,

148 486 206 505 seu
222 487 390 514 compomare
405 481 495 514 liceat,
513 488 611 518 prater
621 490 693 518 eam,
703 493 784 519 quato
797 487 883 513 sancti
895 485 947 513 Pa-

151 527 216 550 tres
237 525 422 559 tradiderunt,
437 527 473 553 ita
488 527 522 555 de
540 527 584 555 illa
599 534 750 557 statuentes
765 531 946 562 sentiendum,

151 569 242 595 sicuti
262 570 415 604 symbolum
426 572 556 605 continet,
569 575 715 601 secundum
732 575 856 603 videlicet
877 577 948 603 beati

154 613 257 648 Cyrilli
276 615 485 649 expositionem,
503 622 530 644 et
556 620 708 646 secundum
726 620 865 654 epistolas,
880 628 948 655 quas

157 659 232 685 idem
263 661 305 687 vir
324 661 358 688 ad
383 661 535 689 Nestorium
553 664 662 699 scripsit
677 674 683 692 :
698 665 722 692 iu
742 666 839 699 quibus
856 673 949 701 aperte

156 705 309 733 conﬁtetur
326 706 456 740 Spiritum
476 715 600 736 sanctum
618 718 650 737 ex
668 710 836 747 Filio,atque
849 721 896 747 per
907 713 950 740 Fi-

159 750 228 777 lium
250 751 350 779 habere
371 753 561 780 substantiam.
581 754 628 782 Sin
644 763 707 782 vuro
722 763 876 783 sanctorum
891 759 950 792 opi-

161 796 272 828 nioest,
289 804 336 830 per
355 796 453 824 Filium
478 797 608 833 Spiritum
638 805 760 828 sanctum
791 803 950 830 naturaliter

162 844 247 875 atque
259 842 444 870 essentialiter
467 849 493 870 et
503 849 604 872 mterne
630 837 788 880 procedere,
804 850 950 881 procedere

163 889 268 916 autem,
278 887 350 920 quod
362 887 462 915 dicitur
469 897 519 923 per
527 898 697 924 processum.
707 893 842 926 signiﬁcat
855 894 955 922 trahere

164 931 362 964 substantiam,
377 934 448 961 sicut.
463 941 490 962 et
507 937 581 963 nasci
600 945 647 971 per
660 940 829 966 nativitatem
841 949 849 968 :
860 941 955 969 beatus

167 977 232 1004 item
247 977 365 1012 Cyrillus
383 987 432 1014 per
444 988 550 1008 omnem
565 983 650 1011 ferme
667 985 834 1019 scriptorum
844 995 955 1014 suorum

167 1027 284 1056 textum,
299 1026 461 1059 naturaliter
487 1035 535 1061 per
556 1027 654 1056 Filiam
673 1032 830 1064 procedere.
850 1037 878 1059 ut
892 1040 956 1067 pro-

168 1070 257 1103 prium
270 1070 354 1103 ipsius
367 1070 711 1108 Spiritum,propriatnque
727 1076 852 1104 virtutem
867 1085 957 1110 suam,

168 1121 251 1150 atque
277 1123 308 1142 ex
323 1117 383 1151 ipso
411 1125 482 1149 esse,
513 1120 612 1148 divinis
627 1121 777 1149 rationibus
805 1125 914 1155 asserit,
930 1129 957 1152 et

169 1169 285 1196 qumque
311 1163 362 1189 alia
388 1164 516 1197 praedicta
544 1169 608 1193 sunt
626 1172 634 1191 :
652 1168 786 1199 quomodo
802 1175 856 1196 non
883 1169 957 1196 illum

171 1208 308 1234 hominem
330 1210 421 1244 arguit
438 1211 568 1245 synodus,
584 1212 628 1245 qui
647 1211 777 1247 Spiritum
798 1221 847 1248 per
859 1213 957 1241 Filium

170 1252 352 1279 substantiam
381 1255 480 1282 habere
507 1256 635 1290 negabat,
670 1257 722 1284 etsi
748 1257 780 1284 de
805 1258 958 1292 huiusmodi

172 1297 309 1329 opinione,
325 1303 437 1332 propter
451 1307 483 1326 ea
499 1308 560 1334 qua:
575 1301 704 1334 diximus,
716 1301 796 1329 latius
807 1302 873 1330 nihil
885 1303 959 1330 dixe-

173 1348 235 1370 runt
246 1343 259 1369 ἓ

207 1391 293 1422 Quam
308 1390 390 1423 igitur
406 1390 551 1417 absurdum
567 1397 619 1423 est,
635 1399 682 1426 per
698 1392 851 1427 hnjusmodi
874 1395 958 1423 silen-

175 1437 241 1462 tium
258 1441 356 1470 putare
383 1442 507 1463 sanctam
534 1438 666 1472 synodum
697 1439 816 1466 heretici
841 1441 960 1468 hominis

175 1481 351 1514 blasphemils
370 1481 551 1516 acqui-wisse,
569 1484 640 1517 quod
655 1484 758 1511 scilicet
772 1485 890 1519 Spiritus
906 1493 957 1512 non

1000 267 1086 293 neqtte
1106 259 1289 286 ecclesiastica
1301 266 1382 286 causa
1400 258 1532 285 inﬁrmior
1556 261 1637 286 esset.
1654 262 1740 289 neque
1757 253 1782 280 id

1000 304 1069 331 nllus
1095 309 1232 338 argueret.
1261 304 1419 338 Quanquam
1449 303 1501 330 diei
1526 306 1628 336 posset,
1658 305 1780 327 sanctam

1000 350 1130 384 synodum
1150 350 1203 376 alio
1225 350 1366 379 intentam,
1384 349 1416 374 ad
1441 348 1602 375 calumniam
1629 345 1782 380 hujusmodi

1001 396 1116 423 fortasse
1131 402 1182 421 non
1205 395 1272 422 satis
1287 395 1442 421 instructam
1456 401 1486 420 ac
1497 398 1616 427 paratam
1630 391 1783 421 advenisse,

1001 443 1058 470 sive
1074 443 1155 469 etiam
1173 447 1291 476 putasse,
1314 441 1454 468 eliminata
1469 440 1502 467 de
1527 439 1713 466 incarnatione
1728 436 1783 463 Do-

1002 489 1076 519 mini,
1096 489 1140 522 qui
1155 491 1303 514 emerserat
1314 493 1418 519 errore,
1436 490 1461 512 et
1472 486 1543 512 hunc
1559 484 1640 511 etiam
1656 490 1707 509 una
1724 489 1788 516 pro-

999 534 1161 568 jicieudum.

1037 578 1113 606 llanc
1128 581 1216 604 autern
1235 577 1389 611 opinionem
1408 575 1493 603 fuisse
1507 574 1636 607 Nestorii,
1660 580 1692 600 ex
1708 578 1783 601 vete-

1002 625 1078 651 ribus
1099 624 1192 658 liquet,
1217 624 1315 657 quibus
1330 629 1394 649 cura
1413 621 1465 647 fuit
1486 620 1537 647 ista
1552 619 1648 646 litteris
1666 619 1783 646 tradere.

1002 670 1068 697 Nam
1083 677 1115 696 ex
1134 669 1194 696 ﬁdei
1212 677 1268 696 suae
1280 668 1409 702 Symbolo
1424 667 1468 693 vix
1488 670 1606 697 constet,
1620 665 1642 692 si
1655 664 1714 698 quis
1728 664 1785 697 pie-

1003 720 1057 742 tate
1081 719 1234 745 contentus,
1262 721 1322 747 quae
1344 713 1389 739 ille
1404 712 1482 743 dixit,
1508 711 1549 745 pie
1566 710 1629 736 velit
1651 709 1783 743 accipere.

1003 762 1046 788 Ait
1061 761 1143 791 enim,
1157 768 1166 784 ι
1183 759 1314 793 Spiritum
1325 763 1448 786 sanctum
1466 764 1496 784 ex
1511 757 1563 783 Deo
1576 763 1635 783 esse
1650 758 1784 789 putamus,

1003 814 1056 834 non
1079 805 1223 832 creationis
1245 812 1337 836 causa,
1368 804 1416 831 sed
1432 811 1463 829 ex
1489 801 1582 830 divina
1608 800 1744 832 essentia;
1760 803 1788 826 et

1004 859 1093 886 neque
1109 851 1203 877 Filium
1221 855 1357 884 putamus,
1374 856 1462 883 neque
1474 855 1522 880 per
1535 847 1632 874 Filium
1649 845 1789 879 accepisse

969 884 1195 925 1ἱδιιιιειιιιιιίηιιι.
1215 905 1225 922 ›
1243 896 1341 922 Dicens
1355 902 1418 928 ergo
1434 902 1466 920 cx
1484 893 1530 921 Dei
1556 893 1667 919 essentia
1682 899 1748 922 esse,
1762 895 1789 916 et

1007 951 1088 977 neque
1106 942 1206 969 Filium
1220 946 1355 975 putamus,
1375 939 1487 972 intelligi
1506 938 1564 970 dat,
1581 937 1643 971 quia
1659 935 1788 970 Spirilutu

1007 989 1078 1015 hunc
1088 993 1115 1014 et
1141 995 1172 1014 ex
1193 988 1246 1014 Deo
1272 993 1341 1018 esse,
1357 989 1384 1011 et
1398 993 1431 1011 ex
1453 984 1525 1010 illius
1549 983 1666 1010 essentia
1692 980 1789 1011 credit,

1006 1032 1077 1067 quod
1096 1037 1196 1064 autem,
1213 1040 1265 1058 non
1282 1030 1426 1058 creationis
1443 1036 1538 1061 causa,
1556 1028 1642 1060 dicit,
1664 1031 1689 1054 et
1704 1027 1788 1058 addit,

1014 1087 1023 1103 ι
1041 1085 1128 1112 neque
1151 1084 1198 1112 per
1219 1076 1315 1104 Filitttn
1334 1075 1516 1102 substantiam
1532 1068 1649 1105 cepisse}
1669 1080 1678 1096 ι
1697 1077 1791 1097 rursus

1007 1124 1211 1158 intelligendqu
1225 1122 1307 1152 dedit,
1335 1121 1409 1156 quia,
1426 1127 1478 1146 non
1494 1119 1564 1146 sicut
1582 1122 1646 1144 sunt
1660 1120 1792 1144 creaturae

1008 1178 1040 1196 ex
1054 1169 1108 1196 Deo
1127 1177 1175 1203 per
1190 1168 1297 1199 Filium,
1314 1167 1350 1194 ita
1373 1171 1399 1192 et
1413 1165 1533 1199 Spiritus
1549 1168 1660 1190 sanctus
1676 1168 1708 1188 ex
1733 1160 1789 1187 Deo

1007 1223 1055 1250 per
1064 1215 1159 1242 Filium
1171 1213 1348 1241 substantiam
1362 1212 1457 1243 habet;
1471 1211 1521 1237 hoc
1533 1214 1622 1237 autem
1636 1215 1726 1235 verum
1741 1210 1791 1233 est.

1009 1262 1042 1289 Et
1059 1260 1138 1288 simul
1153 1261 1178 1287 id
1194 1263 1319 1291 constat,
1352 1257 1413 1292 quia
1435 1256 1469 1284 de
1490 1263 1533 1288 eo,
1556 1255 1626 1290 quod
1641 1261 1693 1280 non
1713 1253 1748 1280 sit
1760 1260 1792 1279 ex

1008 1308 1076 1335 Filio
1096 1306 1225 1340 Spiritus,
1241 1304 1306 1332 nihil
1324 1304 1368 1330 hic
1390 1302 1467 1333 dixit,
1493 1301 1540 1328 sed
1562 1299 1633 1326 enim
1659 1298 1794 1333 qttomodo

1009 1360 1060 1380 non
1077 1352 1161 1379 Filius
1178 1358 1238 1378 esse
1255 1354 1406 1384 putaretur,
1428 1348 1478 1374 nisi
1494 1354 1541 1382 per
1558 1345 1654 1373 Filium
1682 1344 1795 1371 haberet

1009 1397 1201 1427 substantiam.
1229 1395 1280 1422 hoc
1298 1400 1348 1425 cst.
1367 1402 1415 1428 per
1431 1393 1527 1420 Filium
1552 1391 1717 1427 procederet.
1737 1389 1793 1416 Ita-

1009 1448 1071 1476 que,
1087 1440 1217 1474 siquidem
1230 1439 1274 1465 hic
1287 1442 1416 1464 aeternam
1443 1445 1490 1471 per
1503 1436 1599 1463 Filium
1616 1432 1793 1461 substantiam

1010 1487 1266 1522 processionemque
1276 1485 1400 1516 denegat,
1413 1483 1548 1516 quomodo
1561 1489 1614 1508 non
1628 1480 1732 1507 sattctis
1746 1478 1796 1504 Pa-

174 1532 223 1558 per
241 1525 338 1552 Filium
353 1527 532 1554 substantiam
556 1528 676 1561 haberet,
693 1536 754 1556 eum
778 1531 803 1556 id
820 1530 960 1558 manifeste
974 1547 994 1574 ε
1012 1532 1099 1558 tribus
1112 1535 1204 1564 aperte
1219 1528 1391 1563 refragatur?
1405 1527 1566 1561 Nonttejam
1583 1525 1738 1552 necessario
1749 1531 1796 1549 (ιο-
1827 1558 1838 1561 __

175 1571 343 1597 contrarium
371 1571 417 1604 sit,
441 1576 469 1598 et
493 1577 650 1600 sanetorum
678 1574 788 1601 Patrum
808 1576 961 1610 prazceden-

174 1615 254 1643 tiam.
269 1619 297 1642 et
312 1616 383 1643 beati
401 1615 495 1652 Cyrilli
508 1618 631 1652 scriptis,
650 1626 710 1652 quze
734 1621 853 1655 synodus
870 1625 962 1648 secuta

176 1667 229 1693 cst,
242 1665 270 1689 et
287 1662 421 1696 sequenda
442 1663 547 1691 cmteris
567 1665 674 1692 statuit.
693 1664 750 1693 Iloc
764 1667 835 1694 enim
855 1672 896 1694 est
914 1667 964 1694 Ec-

176 1708 266 1735 clesia:
281 1715 382 1736 sancta:
396 1708 557 1737 calumniam
582 1715 699 1739 struere.

212 1751 348 1780 Przeterea
377 1752 584 1781 stolidissimum
613 1755 725 1783 omnino
750 1761 802 1790 est,
828 1758 880 1790 his,
904 1766 963 1793 qua:

178 1798 262 1825 sancti
278 1798 371 1826 Patres
387 1798 538 1827 innumeris
553 1800 580 1826 in
593 1801 659 1828 locis
668 1803 899 1836 conscripserunt,
910 1812 963 1831 non

179 1845 364 1877 acquiescere,
381 1845 427 1871 sed
443 1845 484 1872 eis
502 1846 633 1880 neglectis
655 1855 685 1874 ea
703 1847 763 1875 illos
779 1849 880 1876 dixisse
898 1857 964 1876 con.

178 1891 273 1924 jicere,
290 1899 350 1925 qua:
374 1899 512 1925 nunquam
529 1892 667 1925 dixerunt,
689 1899 769 1929 atque
786 1903 816 1922 ex
836 1895 888 1927 his,
906 1904 964 1929 quae

181 1936 217 1962 illi
238 1941 390 1968 tacuerunt,
408 1936 476 1963 velle
490 1943 650 1971 argumenta
668 1940 788 1971 trahere,
805 1940 883 1974 quasi
910 1942 964 1968 dis-

181 1983 318 2015 putatione
341 1982 449 2008 sublata
469 1982 555 2010 solum
585 1983 735 2017 silentium,
761 1993 822 2020 qua:
848 1987 873 2012 in
890 1995 963 2021 qua:-

183 2027 268 2055 stione
280 2028 509 2061 sunt,explanare
526 2028 651 2062 sufﬁciat,
664 2038 724 2058 cum
738 2038 810 2059 certe
826 2033 963 2067 Scriptura

183 2073 253 2098 dicat
269 2081 275 2098 :
293 2072 333 2099 E1
346 2073 430 2099 verbis
444 2074 494 2100 tuis
504 2073 700 2108 iustiﬁcaberis,
725 2080 749 2101 et
766 2083 798 2102 ex
813 2078 894 2103 verbis
914 2079 965 2104 luis

184 2118 394 2145 condemnaberis
410 2118 452 2150 ";
475 2124 555 2153 atque
580 2120 614 2146 ita
635 2119 713 2146 faciie
729 2121 761 2147 de
777 2122 858 2148 rebus
873 2123 965 2149 arduis

184 2164 249 2190 velle
266 2164 438 2190 concludere.
455 2164 535 2198 Atqui
557 2166 703 2191 secundum
721 2173 780 2192 eatn
797 2167 964 2200 facilitatem,

1012 1583 1089 1612 gelnr
1118 1576 1215 1603 Filium
1240 1574 1375 1606 conliteri,
1400 1574 1481 1600 etiam
1514 1572 1645 1606 Spiritum
1674 1573 1797 1596 saucttttn

1012 1624 1100 1658 ipsum
1117 1622 1176 1649 sine
1188 1621 1276 1648 medio
1291 1628 1322 1647 ex
1338 1619 1417 1646 Patre
1432 1625 1493 1645 csse
1505 1617 1630 1647 credens,
1645 1615 1796 1643 secundum

1012 1669 1116 1696 sciiicet
1141 1667 1282 1701 praedictas
1307 1666 1472 1692 assertiones
1495 1662 1626 1690 Patrum?

1048 1715 1113 1741 Cum
1131 1714 1213 1748 igitur
1230 1711 1398 1745 simpliciter,
1418 1718 1449 1737 ac
1471 1711 1515 1744 pia
1539 1707 1716 1742 intelligentia
1735 1714 1798 1741 pos-

1014 1760 1049 1786 sit
1062 1760 1160 1794 accipi,
1177 1758 1247 1793 quod
1262 1758 1364 1784 dictum
1382 1761 1431 1788 est,
1458 1755 1509 1782 etsi
1526 1761 1576 1781 nos
1606 1761 1661 1790 non
1673 1761 1704 1780 ea
1723 1761 1799 1779 tnt'n-

1015 1809 1040 1831 te
1056 1805 1155 1831 dictum
1169 1803 1316 1835 fateamur;
1335 1807 1415 1835 atque
1429 1801 1485 1828 haec
1500 1800 1592 1834 opinio
1619 1800 1731 1826 necdum
1750 1807 1799 1833 ρη-

1015 1851 1097 1882 blica,
1115 1857 1164 1876 nec
1181 1849 1285 1883 vulgata
1302 1852 1386 1879 esset,
1415 1855 1445 1874 ac
1461 1850 1604 1881 promerea
1621 1844 1687 1871 nil.il
1705 1851 1738 1870 ex
1765 1851 1798 1869 eo

1016 1894 1109 1927 religio
1121 1893 1276 1920 Chrisdana
1292 1892 1447 1923 laederetur,
1464 1897 1597 1924 nemoque
1610 1889 1666 1916 fere
1684 1888 1799 1914 lnsimu-
1846 1901 1850 1905 -

1014 1939 1093 1971 laret,
1108 1939 1244 1972 verbaque
1259 1939 1314 1971 ipsa
1327 1937 1451 1964 subtilius
1464 1935 1626 1969 disquireret
1641 1934 1719 1960 rebus
1731 1941 1799 1966 prm-

1016 1990 1089 2012 terea
1120 1984 1236 2011 maxime
1254 1982 1418 2010 necessariis
1437 1981 1606 2016 urgentibus,
1637 1987 1670 2006 nc
1697 1979 1800 2005 sciliiet

1016 2030 1213 2057 imantationis
1239 2033 1442 2055 sacramentum
1469 2026 1551 2053 verba
1577 2025 1748 2059 simpliciter,
1768 2032 1799 2050 ae

1015 2075 1174 2110 praedicatio
1192 2074 1282 2100 inanis
1298 2073 1451 2099 videretur:
1462 2071 1622 2105 ambagibus
1637 2069 1746 2097 omissis
1765 2069 1797 2095 ad

1017 2121 1054 2151 id,
1066 2125 1174 2154 propter
1187 2119 1256 2152 quod
1268 2121 1460 2148 convenerant,
1471 2123 1500 2142 se
1512 2115 1695 2142 contulerunt.
1705 2114 1802 2148 Liquet

1017 2170 1118 2195 autem.
1135 2164 1196 2198 quia
1212 2163 1257 2198 qui
1276 2162 1407 2196 Spiritum
1422 2169 1475 2189 non
1493 2161 1576 2189 etiam
1593 2168 1654 2187 esse
1678 2161 1742 2187 dicit
1766 2167 1797 2186 ex

185 2215 217 2234 nc
229 2209 396 2242 pernicosam
410 2209 543 2236 levitatem
556 2209 681 2240 dixerim,
696 2209 826 2244 Spiritum
840 2218 965 2239 sanctum
983 2211 1003 2237 Ι)
1020 2212 1095 2243 Filio,
1108 2211 1243 2238 Christum
1263 2217 1314 2235 non
1331 2209 1406 2242 quasi
1426 2208 1534 2242 propria
1552 2207 1663 2238 virtute,
1678 2207 1725 2234 sed
1744 2206 1799 2232 vcl-

187 2253 267 2280 Deum
292 2261 384 2280 verum
411 2255 442 2280 de
470 2254 525 2280 Deo
544 2261 608 2281 vero
639 2255 847 2289 appellabimus,
878 2265 964 2292 neque

186 2297 256 2324 Patri
271 2302 298 2325 et
313 2298 382 2326 Filio
408 2298 667 2339 consubstantialem
685 2300 885 2334 conﬁtebimur,
900 2311 966 2337 quo—

188 2344 258 2370 niam
276 2343 303 2370 in
318 2343 446 2377 Symbolo
461 2344 534 2375 fidei,
551 2352 604 2371 non
623 2349 651 2371 ut
673 2347 704 2372 de
723 2345 799 2376 Filio.
824 2347 860 2373 ita
880 2354 907 2375 et
933 2350 966 2375 de

189 2388 286 2422 Spiritu
306 2393 400 2415 sancto
416 2388 441 2415 id
460 2395 583 2417 notatum
601 2394 641 2417 est
656 2400 663 2417 :
687 2391 731 2418 hic
748 2399 843 2426 nempe
858 2399 889 2420 ex
911 2392 965 2424 his.

187 2441 248 2466 qua
264 2434 369 2461 silentio
386 2441 530 2467 suppressa
552 2438 625 2466 sunt,
650 2436 799 2462 volentibus
826 2436 965 2470 malignaii

190 2481 307 2514 aperitur
324 2479 422 2507 aditus.
435 2479 502 2512 Quae
519 2487 581 2506 vero
604 2483 636 2507 de
651 2480 755 2513 Spiritu
783 2481 809 2507 in
838 2480 967 2517 Symbolo

190 2527 339 2560 conscripta
367 2531 439 2557 sunt,
469 2525 540 2552 Patri
567 2525 692 2560 FiliOque
709 2526 862 2553 rommunia
892 2529 968 2555 inve-

190 2573 216 2598 Iti
221 2580 234 2596 ιι
239 2577 309 2598 ιιιιιτ.

226 2618 299 2649 Quod
312 2617 333 2644 si
350 2618 433 2643 sancti
459 2617 552 2644 Patres
579 2624 611 2644 ea
632 2624 744 2651 quantm
767 2619 851 2652 gratia
869 2626 968 2646 conve-

194 2669 297 2696 nerant,
313 2671 364 2690 neu
378 2665 596 2696 oountiavemnt,
612 2664 639 2690 in
659 2665 776 2691 secunda
794 2665 899 2692 scilicet
920 2672 969 2700 ey-

197 2709 272 2740 nodo,
286 2710 386 2736 amisti
399 2709 460 2736 licet
478 2714 559 2743 atque
571 2709 776 2743 sapiwtissimi,
788 2711 852 2744 quid
866 2711 965 2737 mirum

196 2754 218 2781 si
232 2755 257 2781 id
270 2754 418 2782 oti-iseth
434 2760 543 2790 propter
560 2755 632 2788 quod
647 2754 758 2782 minime
773 2761 966 2788 convenerant,

232 2845 251 2859 “
268 2844 358 2872 Matth.
378 2855 423 2880 xu,
439 2847 482 2875 57.
522 2847 541 2862 "‘
559 2847 636 2874 loan.
654 2856 672 2880 t,
692 2848 732 2874 ii.

1017 2262 1042 2283 ut
1063 2257 1149 2283 aliena
1179 2263 1257 2282 usum
1274 2255 1459 2285 conﬁtebitur.
1477 2253 1559 2280 Porro
1583 2253 1608 2280 id
1628 2253 1802 2279 anathemate

1017 2302 1157 2329 multatum
1175 2305 1213 2327 est
1220 2319 1226 2326 .

1052 2346 1116 2372 Sive
1135 2346 1225 2379 igitur,
1245 2345 1372 2379 quoniam
1398 2344 1486 2378 imago
1505 2342 1592 2370 Patris
1605 2342 1689 2369 Filius
1707 2347 1748 2369 est
1761 2342 1802 2369 iu-

1017 2391 1227 2421 commutabilis,
1240 2391 1386 2424 omniaque
1399 2389 1489 2415 Patris
1506 2388 1598 2420 habet,
1613 2387 1743 2422 praeterid
1757 2395 1805 2414 so-

1017 2437 1084 2468 lum,
1097 2437 1168 2471 quod
1179 2435 1260 2463 Pater
1271 2443 1324 2462 non
1335 2440 1375 2462 est
1386 2443 1394 2467 ',
1405 2435 1471 2468 sive,
1482 2433 1542 2468 quia
1552 2434 1678 2461 Christus
1690 2432 1802 2466 propria

1017 2482 1128 2514 virtute,
1144 2489 1197 2508 non
1215 2482 1302 2507 aliena
1325 2480 1426 2514 Spiritu
1442 2484 1537 2507 sancto
1557 2479 1653 2510 utitur,
1670 2483 1700 2505 ut
1724 2483 1752 2504 et
1777 2478 1806 2504 id

1017 2529 1154 2561 credatur,
1170 2528 1243 2561 quod
1260 2527 1374 2553 dicitur:
1393 2524 1504 2552 Verbum
1521 2533 1584 2552 caro
1600 2525 1699 2559 factum
1712 2528 1749 2550 est
1764 2523 1807 2556 “,

1018 2583 1129 2603 necesse
1140 2578 1181 2601 cst
1195 2574 1275 2601 etiam
1297 2580 1329 2599 ex
1354 2571 1423 2598 Filio
1436 2579 1495 2599 esse
1522 2563 1652 2606 Spiritum
1679 2575 1803 2597 sanctum

1019 2621 1152 2648 conﬁteri.
1174 2620 1232 2647 Hoc
1253 2620 1325 2646 enim
1347 2617 1448 2644 idcirco
1471 2617 1611 2644 Nestorius
1636 2616 1760 2649 negabat,
1773 2618 1805 2640 ut

1018 2672 1112 2694 contra
1122 2666 1346 2700 dispensatimtem
1355 2663 1547 2691 incarnationis
1560 2670 1588 2689 se
1597 2661 1714 2696 apertius
1724 2667 1805 2686 exse-

1022 2718 1103 2740 reret.
1133 2711 1269 2745 Scriptum
1294 2715 1335 2738 εει
1361 2711 1425 2737 item
1463 2708 1490 2735 in
1516 2707 1680 2742 Evangelia:
1712 2704 1807 2732 Sciens

1020 2763 1108 2784 autem
1128 2757 1197 2784 'etus
1214 2755 1297 2783 exisse
1311 2763 1342 2782 ex
1369 2762 1396 2782 se
1411 2755 1533 2782 virtutem
1547 2753 1581 2780 ‘7.
1596 2751 1635 2779 Ac
1649 2757 1755 2777 rursum
1775 2749 1803 2774 in

790 2846 810 2861 ⁸⁷
828 2845 891 2872 Luc.
911 2854 947 2876 Vt.
973 2846 1012 2872 l9.
