1934 3063
156 147 191 181 9⁴ι
571 175 577 180 ,
784 148 978 178 hiANUiZLiS
998 148 1147 178 CALECE
1741 146 1785 178 {ili

157 206 272 232 rudem:
291 204 361 237 Quia
385 198 464 231 virtus
481 204 510 231 de
534 203 578 230 illo
600 203 736 235 exibat,et
755 203 867 230 sanabat
883 211 936 229 om»
954 205 973 232 Α
990 211 1020 230 ex
1041 203 1131 230 divina
1154 203 1272 230 essentia
1294 203 1383 231 divina
1414 205 1517 230 ratione
1541 203 1658 238 proﬂuit,
1679 205 1723 238 qui
1743 212 1782 232 ex

157 258 201 276 nos
217 250 250 276 ⁵³.
265 249 390 284 Languor
405 257 511 284 quoque
524 250 750 276 daemoniacorum
765 257 796 276 ex
815 249 854 275 his
871 257 939 276 unus

157 300 225 326 erat,
239 303 306 328 quos
329 295 441 322 sanabat
457 294 546 322 Jesus.
564 294 690 321 Aiteuim
708 294 784 328 ipse:
803 293 831 320 Si
852 301 938 321 autem

157 341 184 366 in
201 339 300 374 Spiritu
322 340 369 367 Dei
392 341 467 373 ejicio
480 339 650 366 diuinaniu“.
669 338 746 366 Patet
768 332 860 374 igitur,
877 341 939 374 quia

157 392 270 411 manans
286 392 317 411 ex
332 392 364 411 eo
381 385 478 416 virtus,
494 389 605 410 sanctus
629 384 748 417 Spiritus
763 389 831 411 erat.

192 439 248 466 Iloc
264 444 352 466 autent
369 440 431 466 inde
450 441 531 466 etiam
547 445 663 471 constat,
676 441 748 474 quod
767 439 811 466 Dei
830 439 937 474 quidem

156 489 207 516 est,
224 484 314 511 ontnia
327 492 431 517 amare,
448 485 533 511 virtus
549 489 636 511 autem
652 485 696 510 illa
709 485 822 511 sanabat
837 485 937 512 omnia.

157 527 271 555 Necesse
299 533 341 555 est
366 536 430 563 ergo
454 529 536 555 Deum
562 537 623 556 esse
647 529 776 563 Spiritum
802 534 937 560 sanctum.

156 582 236 607 quem
253 575 332 602 etiam
350 581 459 603 sanctus
482 576 597 611 Cyrillus
623 577 691 604 dicit
712 583 772 604 esse
799 577 937 611 proprium

156 619 227 652 Filii,
246 625 275 646 ut
291 621 417 647 virtutem
439 622 508 655 ejus,
530 622 689 648 naturaliter
706 629 752 655 per
765 630 826 648 eum
844 629 937 657 proce-

156 664 273 695 dentem.
287 669 368 698 atque
383 665 443 692 ideo
461 673 493 692 ne
510 666 626 693 alienant
645 666 751 699 quidem
771 675 841 694 esse.

190 720 330 748 Inventum
343 725 385 749 est
396 728 460 755 ergo
471 722 496 748 in
522 721 675 757 Evangelio,
690 722 819 756 Spiritum
849 730 880 751 ex
893 723 938 750 Fi-

156 767 193 792 lio
209 767 365 800 procedere,
381 768 452 802 quod
470 767 514 794 isti
529 773 568 794 tot
588 769 784 801 quaestionibus
797 769 936 797 ventilant.

156 809 301 842 Pratterea,
316 811 387 845 quod
402 811 500 838 dicitur
514 819 560 845 per
573 811 669 838 Filium
689 814 844 846 procedere,
863 815 936 841 omni

156 864 207 883 nos
231 856 383 889 huiusmodi
410 858 517 884 cttriosa
545 859 719 892 inquisitione
741 864 858 887 coercet.
885 859 938 886 Per
954 864 974 892 Β

156 901 241 933 enim,
256 905 283 929 et
299 909 343 933 ex.
355 903 520 930 tantumdem
538 904 637 936 valere,
657 904 799 931 doctorum
822 907 937 932 auctori-

157 953 198 973 tas
214 947 315 981 docuit,
333 948 509 984 veritatisque
531 950 600 976 ratio
617 957 677 977 sese
698 951 815 985 undique
840 951 937 985 aperit.

157 990 409 1023 Verumenimvero.
438 1001 498 1026 qua;
516 1001 531 1021 a
546 994 649 1021 sanctis
681 993 806 1022 Patribus
821 995 937 1023 lucidius

156 1045 264 1071 quoque
292 1038 325 1071 de
351 1038 402 1065 hac
418 1046 447 1066 re
474 1039 575 1073 scripta
601 1039 764 1074 sunt,juvat
791 1047 937 1075 apponere.

156 1083 272 1110 Sanctus
287 1084 359 1115 enim
384 1084 502 1119 Cyrillus
518 1085 652 1118 quoddam
669 1086 814 1119 capitulum
830 1094 848 1113 ιι
868 1087 936 1114 Tlte-

155 1135 292 1155 suurorum
304 1128 375 1161 libri,
390 1129 426 1156 ita
438 1129 579 1157 inscribit:
593 1130 667 1162 Quod
678 1139 710 1158 ea:
720 1131 810 1158 Patris
825 1131 938 1167 Filiique

155 1173 303 1200 substantia
321 1179 427 1201 sanum
440 1174 552 1207 Spiritus
569 1180 616 1202 est.
633 1175 709 1208 Quod
724 1176 746 1203 si
763 1177 814 1204 hoc
824 1177 865 1204 vir
875 1185 938 1205 san-

155 1221 215 1244 ctus
225 1223 412 1252 proposuerat,
423 1220 486 1254 quis
498 1220 628 1254 ambigat.
644 1221 810 1255 propositum
822 1222 939 1250 voluisse

154 1263 311 1291 coniicere?
325 1264 351 1290 In
371 1264 428 1298 ipso
444 1265 527 1299 igitur
543 1265 578 1292 ita
597 1266 729 1300 inscripto
748 1266 864 1300 capitulo
884 1268 937 1295 ait:

159 1318 168 1334 ι
187 1308 318 1341 Quoniam
335 1310 417 1343 igitur
443 1310 562 1344 Spiritus
585 1317 697 1338 sanctus
723 1319 785 1338 cunt
804 1312 830 1338 in
861 1313 939 1339 nobis

156 1353 246 1385 fuerit,
270 1354 422 1382 conformes
437 1363 486 1382 nos
505 1356 624 1383 ostendit
647 1356 700 1384 Deo
718 1365 726 1383 :
746 1358 868 1391 procedit
890 1366 938 1385 au-

157 1403 210 1424 tem
226 1406 259 1425 ex
282 1399 361 1426 Patre
384 1404 411 1426 et
430 1400 510 1432 Filio,
532 1406 648 1433 constat,
673 1402 736 1435 quia
759 1403 858 1431 divinae
874 1405 938 1430 snh-

155 1443 262 1469 stantim
271 1449 323 1475 est,
334 1445 513 1472 essentialiter
522 1447 548 1472 in
558 1446 626 1479 ipsa,
636 1452 660 1474 et
669 1454 702 1474 ex
713 1447 769 1481 ipsa
783 1449 919 1482 prodiens.
928 1458 937 1474 ι

157 1488 262 1515 ltursus
272 1489 297 1516 in
313 1489 406 1516 codem
417 1499 424 1517 ε
437 1499 446 1515 ι
458 1490 588 1524 Proprius
603 1496 644 1519 est
655 1497 743 1519 autem
753 1493 863 1520 omnino
877 1493 940 1528 Spi-

157 1533 223 1561 ritus
236 1533 306 1569 Ij'ilii,
319 1541 407 1569 neque
423 1535 590 1563 extrinsecus
605 1536 767 1565 subsistens.
788 1547 798 1563 ι

192 1589 220 1615 In
237 1588 289 1615 alio
309 1589 425 1616 iterum:
443 1598 453 1614 ‹
471 1589 568 1625 Legem
591 1591 681 1626 itaque
697 1593 799 1620 ferente
819 1594 937 1627 Christo,

157 1634 273 1667 Spiritus
288 1634 371 1668 ipsius
388 1639 417 1661 ut
429 1635 455 1662 in
475 1636 543 1669 ipso,
559 1639 640 1670 atque
652 1643 685 1663 ex
696 1637 763 1671 ipso,
781 1639 939 1666 naturaliter

155 1679 290 1706 cxsis'ens
308 1679 393 1712 legem
407 1680 467 1707 fert.
492 1689 501 1705 ι
517 1681 555 1707 Ac
569 1689 663 1709 rursus
676 1682 701 1708 in
720 1682 791 1710 alio:
806 1692 816 1709 ‹
833 1683 938 1711 Nullam
968 1678 971 1679 ν

157 1724 236 1758 igitur
246 1725 318 1750 novit
329 1723 428 1751 Paulus
444 1730 547 1753 natura:
557 1726 616 1754 Filii
628 1726 799 1762 Spiritusque
810 1728 938 1756 differen-

157 1769 220 1795 tiam
234 1778 241 1801 ;
255 1768 312 1799 sed,
323 1775 351 1795 ut
363 1775 394 1796 ex
411 1769 467 1804 ipso
477 1771 649 1798 exsistenlem
664 1773 837 1804 naturaliter,
851 1773 939 1800 domi-

156 1814 273 1841 nationis
287 1815 394 1841 nomine
409 1815 534 1849 appellat.
552 1825 561 1841 ›
573 1816 605 1842 Et
619 1817 714 1844 iterum
728 1817 754 1844 in
769 1814 843 1846 alio':
862 1828 871 1844 ι
886 1818 939 1847 Ne-

155 1867 231 1886 cesse
244 1864 286 1886 est
301 1859 378 1886 fateri
390 1859 521 1894 Spiritum
531 1868 562 1888 ex
575 1861 661 1896 ipsius
674 1864 790 1890 essentia
800 1863 862 1891 Filii
877 1871 938 1892 esse

155 1904 345 1932 substantiam.
362 1914 370 1930 ι
383 1904 450 1932 Ειίη
459 1905 511 1932 alio
522 1905 640 1933 iternnt:
658 1916 668 1933 ι
684 1907 729 1935 Est
741 1908 822 1942 Igitur
830 1916 861 1936 ex
877 1908 937 1936 Filii

153 1951 273 1977 essentia
297 1950 426 1985 Spiritus.
433 1960 442 1977 ι

188 2006 254 2033 Item
272 2013 354 2041 super
368 2005 510 2039 Joannem,
526 2015 607 2041 super
625 2008 692 2036 illud
706 2017 713 2036 :
729 2008 763 2036 Et
790 2009 859 2038 Deus
879 2016 936 2039 erat

153 2051 269 2083 verbum,
281 2061 290 2076 ι
310 2050 368 2078 Non
386 2059 461 2086 ergo,
474 2053 571 2087 inquit,
590 2053 678 2081 minor
689 2055 796 2089 cst,qui
815 2057 937 2084 eamdem

153 2103 213 2123 c-tm
232 2097 351 2131 perfecto
364 2097 445 2124 Patre
456 2098 537 2125 habet
549 2099 734 2132 operationem
751 2101 938 2137 genitorisque

153 2141 180 2173 δι
193 2141 282 2168 iritum
308 2143 422 2176 propria:
445 2148 546 2169 natura:
561 2144 641 2171 habet
666 2145 776 2177 bonum,
792 2146 937 2182 vivumque

990 248 1045 282 ipsa
1060 254 1111 276 est.
1133 258 1141 274 ι

1024 293 1094 320 Idem
1112 294 1137 320 in
1152 301 1176 320 vt
1191 294 1225 320 ad
1247 293 1380 321 Hermian:
1397 294 1434 320 ait
1450 303 1458 322 :
1481 303 1489 319 I
1506 293 1550 325 Et,
1574 293 1595 320 si
1615 294 1712 320 divinae
1727 301 1784 319 na-

990 342 1056 364 tura:
1072 343 1181 372 accepto
1193 338 1294 373 Spiritu
1311 340 1456 374 participes
1476 339 1620 371 efﬁcimur,
1639 339 1781 373 quomodo

989 385 1125 411 secundus
1148 385 1200 412 erit
1222 394 1235 411 a
1253 385 1356 419 Spiritu
1375 385 1473 415 Filius.
1497 390 1544 412 aut
1565 385 1701 418 quomodo
1720 385 1781 411 erit

990 428 1110 462 Spiritus
1139 429 1198 464 ipso
1216 430 1400 464 praestantior,
1427 436 1518 457 etnon
1538 430 1635 464 magis,
1658 435 1687 457 ut
1700 430 1778 465 ipse-

990 481 1053 507 que,
1068 480 1095 502 et
1120 475 1155 503 ab
1180 476 1239 511 ipso
1263 476 1382 510 Spiritus
1400 475 1459 510 ejus
1476 481 1559 502 totant
1587 476 1689 502 habens
1714 476 1781 510 ejus

989 521 1187 555 operationem,
1201 521 1340 556 ipsiusque
1356 521 1590 555 participationem
1608 521 1750 547 tribuens?
1767 531 1779 547 ι

1024 565 1096 592 Idem
1114 565 1140 592 itt
1155 566 1241 600 primo
1262 566 1295 593 de
1311 566 1446 600 spirituali
1460 566 1543 598 cultu,
1557 573 1616 593 cum
1626 573 1783 600 exponeret

988 610 1040 637 tria
1061 609 1130 637 facta
1157 618 1204 644 per
1233 610 1341 646 Moysen
1360 613 1448 645 signa,
1465 611 1490 638 in
1514 611 1566 638 (ine
1582 611 1615 638 de
1636 611 1783 638 circumci-

989 657 1066 684 sione
1091 657 1137 683 lilii
1149 657 1230 692 Moysi
1251 658 1387 685 disserens
1403 658 1459 684 ait:
1476 667 1484 682 ι
1500 657 1583 690 Quem
1609 664 1676 684 sane
1693 657 1781 683 filium

989 702 1179 730 intellectualis
1208 703 1340 737 Sephora.
1361 704 1412 731 hoc
1438 708 1479 730 est
1507 703 1638 735 Ecclesia,
1654 710 1714 737 qtue
1745 711 1781 729 ex

987 747 1093 776 Madian
1110 753 1190 783 atque
1205 757 1236 776 ex
1255 750 1380 783 gentibus
1399 754 1450 782 est,
1467 749 1637 776 circumcidit
1661 749 1780 776 calculo.

988 793 1083 828 Figura
1103 798 1145 820 est
1166 794 1214 821 ista
1229 795 1312 822 sancti
1333 794 1459 828 Spiritus,
1479 800 1588 829 propter
1632 795 1781 822 maximam

988 839 1046 873 ejus
1073 839 1268 874 infractamqu
1291 841 1460 874 potentiam;
1485 841 1546 875 quia
1575 841 1657 867 etiam
1684 848 1716 866 ex
1729 848 1782 874 pe-

989 887 1030 910 tra
1045 891 1053 916 ;
1071 884 1195 912 Christus
1208 885 1279 912 enini
1295 890 1336 912 est
1347 886 1475 919 Spiritus,
1492 891 1565 920 petra
1584 891 1673 912 autem
1700 885 1784 912 Chri-

988 934 1057 962 stus,
1070 930 1141 957 sicut
1155 935 1182 957 et
1199 930 1295 958 Paulus
1310 936 1334 958 et
1352 931 1550 964 sapientissime
1565 931 1634 958 dixit
1645 931 1678 957 ".
1692 940 1701 956 ι

1023 985 1088 1013 Item
1101 987 1133 1012 ad
1152 985 1300 1013 Palladium
1331 987 1456 1015 scribens
1477 988 1506 1014 in
1532 987 1620 1022 primo
1630 986 1734 1014 scilicet
1746 988 1781 1015 de

987 1031 1099 1065 spiritali
1111 1031 1194 1058 cultu:
1213 1040 1222 1058 ι
1237 1030 1393 1062 Variabilis,
1417 1032 1516 1067 inquit,
1540 1033 1660 1067 profecto
1692 1033 1781 1067 Spiri-

988 1079 1033 1102 tus
1061 1083 1113 1102 non
1131 1081 1174 1104 est
1190 1084 1197 1109 ;
1218 1081 1266 1103 aut
1285 1077 1308 1104 si
1341 1078 1498 1104 variatiouis
1528 1078 1650 1112 subjacet
1667 1078 1777 1106 morbo,

988 1120 1021 1147 ad
1037 1120 1122 1154 ipsam
1139 1120 1259 1148 divinam
1277 1127 1399 1148 naturam
1413 1123 1528 1149 recurrit
1551 1123 1668 1150 macula.
1688 1123 1782 1156 Siqui-

989 1165 1048 1192 dem
1068 1170 1109 1193 est
1126 1166 1182 1199 Dei,
1199 1171 1225 1194 et
1237 1166 1337 1198 Patris.
1351 1168 1397 1194 sed
1414 1173 1440 1195 et
1451 1167 1513 1195 Filii
1538 1167 1669 1204 Spiritus,
1682 1177 1779 1196 essen-

989 1210 1088 1238 tialiter
1097 1217 1130 1238 ex
1142 1215 1267 1246 utroque,
1283 1218 1314 1238 ex
1326 1210 1405 1239 Patre
1419 1211 1520 1239 scilicet
1532 1219 1579 1246 per
1594 1211 1691 1239 Filium
1720 1219 1780 1253 ma-

989 1263 1066 1283 I'I'MIS.
1086 1265 1095 1282 ι

1024 1312 1095 1340 Idem
1121 1313 1147 1340 in
1162 1313 1274 1346 epistola
1292 1313 1324 1340 ad
1341 1312 1494 1341 Nestorium
1512 1315 1604 1347 tertia,
1620 1314 1697 1348 cujus
1726 1315 1778 1342 ini<

991 1359 1055 1385 lium
1068 1363 1110 1386 est
1127 1368 1134 1386 :
1156 1359 1290 1392 Quiamat
1318 1364 1418 1393 patrem
1436 1365 1482 1386 aut
1504 1365 1611 1387 matrem
1627 1361 1685 1394 plus
1699 1369 1778 1396 quam

990 1412 1039 1436 me,
1052 1412 1104 1431 non
1116 1409 1153 1431 eu
1169 1412 1208 1431 me
1235 1404 1330 1439 dignus
1345 1406 1378 1437 ⁸¹,
1396 1414 1405 1431 ι
1431 1405 1496 1438 Etsi,
1514 1405 1615 1440 inquit,
1627 1406 1652 1432 in
1669 1407 1777 1438 speciali

991 1449 1140 1476 substantia
1151 1455 1192 1476 est
1201 1450 1318 1485 Spiritus
1327 1455 1446 1483 sanctus,
1457 1458 1488 1478 ac
1498 1451 1646 1478 secundum
1658 1453 1777 1486 seipsum

992 1493 1159 1529 intelligitur,
1178 1495 1328 1523 secundum
1346 1495 1417 1531 quod
1441 1495 1558 1530 Spiritus
1583 1503 1632 1529 est,
1664 1501 1691 1524 et
1724 1505 1777 1524 non

953 1526 974 1554 θ
990 1526 1091 1573 Filius:
1103 1547 1157 1568 non
1174 1546 1215 1569 est
1230 1545 1319 1569 tamen
1341 1526 1375 1569 ab
1387 1549 1420 1569 eo
1433 1526 1546 1569 alienus.
1566 1541 1681 1576 Spiritus
1706 1543 1776 1570 enim

990 1585 1111 1613 veritatis
1129 1587 1282 1614 nominatus
1305 1592 1356 1619 est.
1371 1591 1397 1614 et
1411 1591 1453 1615 est
1467 1588 1591 1615 Christus
1617 1588 1727 1620 veritas,
1739 1594 1778 1616 at-

989 1638 1041 1665 que
1056 1631 1089 1658 ab
1103 1639 1135 1659 eo
1150 1632 1268 1666 profluit,
1280 1634 1359 1660 sicuti
1374 1639 1401 1660 et
1417 1641 1431 1660 a
1448 1633 1527 1661 Patre
1542 1634 1657 1661 scilicet.
1679 1643 1688 1660 ι

1025 1674 1096 1702 Idem
1112 1684 1193 1710 super
1209 1675 1275 1710 loel,
1289 1684 1351 1704 cum
1365 1677 1431 1705 illud
1447 1682 1593 1713 exponeret
1607 1688 1614 1706 :
1634 1678 1776 1713 Eﬂundam

989 1721 1020 1748 de
1035 1720 1136 1754 Spiritu
1154 1722 1262 1755 meo“,
1281 1732 1290 1749 ι
1309 1722 1461 1750 Secundum
1472 1723 1542 1750 enim
1560 1724 1630 1757 quod
1644 1725 1712 1751 Deus
1737 1730 1777 1753 est

989 1771 1070 1800 atque
1084 1775 1116 1794 ex
1133 1768 1187 1795 Deo
1199 1769 1347 1796 secundum
1366 1774 1487 1796 naturam
1497 1768 1583 1797 Filius
1595 1778 1602 1796 :
1616 1775 1694 1798 natus
1705 1771 1776 1798 enim

989 1816 1031 1838 est
1046 1819 1078 1838 ex
1095 1811 1149 1839 Deo
1164 1816 1192 1839 et
1216 1812 1306 1844 Patre,
1321 1812 1448 1847 proprius
1473 1812 1568 1848 ipsius,
1585 1818 1611 1841 et
1622 1814 1648 1841 in
1665 1814 1734 1848 ipso,
1750 1819 1776 1842 et

988 1857 1090 1892 exipso
1104 1862 1146 1884 est
1157 1857 1287 1892 Spiritus,
1302 1867 1312 1884 ι
1329 1858 1399 1886 sicut
1416 1859 1543 1887 videlicet
1559 1866 1592 1886 ex
1607 1860 1665 1894 ipso
1680 1860 1734 1887 Deo
1749 1866 1775 1888 et

989 1901 1069 1929 Patre
1084 1903 1253 1938 intelligitur.

1026 1957 1096 1986 Idem
1106 1958 1132 1986 in
1147 1958 1270 1986 laudibus
1281 1958 1424 1987 Theodosii
1441 1960 1611 1995 imperatoris
1623 1961 1661 1988 ait
1674 1969 1681 1987 :
1702 1971 1710 1987 ι
1728 1961 1775 1988 Ba-

988 2005 1143 2041 ptizantem,
1156 2005 1253 2040 inquit,
1268 2005 1350 2041 igitur
1366 2006 1392 2033 in
1409 2006 1471 2041 igne
1482 2012 1509 2034 et
1529 2012 1625 2034 sancto
1653 2007 1773 2042 Spiritu;

987 2057 1040 2076 non
1056 2050 1173 2076 alienum
1191 2050 1332 2084 haptizatis
1358 2050 1516 2086 Iargieutem
1545 2051 1674 2086 Spiritum
1685 2073 1692 2084 ,
1707 2053 1773 2080 servi

987 2093 1091 2121 scilicet
1120 2101 1152 2120 ac
1185 2094 1304 2121 mittisll'i
1335 2094 1361 2122 in
1391 2102 1516 2122 morem:
1549 2097 1615 2136 sed,
1635 2101 1664 2123 ut
1692 2097 1773 2124 Deum

987 2139 1137 2166 secundum
1161 2143 1296 2172 naturam,
1310 2146 1372 2167 cum
1396 2146 1522 2174 suprema
1545 2145 1680 2176 potestate
1699 2149 1774 2168 suum

153 2192 179 2213 ct
192 2188 404 2215 substantialiler
420 2188 541 2220 insitum,
561 2190 630 2216 sicut
648 2190 772 2218 videlicet
784 2197 810 2219 et
825 2191 931 2220 Pater.»

993 2185 1136 2219 proprium,
1161 2189 1189 2212 et
1209 2185 1255 2219 qui
1276 2192 1307 2212 ex
1333 2185 1391 2219 ipso
1413 2190 1465 2213 est.
1491 2195 1502 2212 ι
1520 2187 1552 2213 Et
1576 2191 1637 2221 post
1669 2195 1773 2221 pauca:

154 2233 224 2258 I-lctn
243 2240 325 2266 super
338 2233 419 2260 illud:
444 2233 476 2259 Et
493 2242 537 2268 ego
560 2235 654 2269 rogabo
672 2235 788 2268 Patrem,
806 2241 830 2264 ct
853 2238 934 2264 alium

154 2278 320 2304 Puruclelum
335 2280 408 2305 dabit
422 2280 491 2306 vobis
506 2281 539 2312 ⁵⁵,
555 2290 562 2305 ι
586 2281 630 2307 Dei
645 2282 727 2314 enim,
738 2283 835 2317 inqttil,
848 2288 874 2310 et
887 2284 936 2310 Pa-

154 2324 202 2349 tris
224 2324 386 2350 naturalium
407 2325 537 2351 bonorum
549 2333 660 2353 consors
671 2327 852 2355 essentialiter
863 2329 936 2356 exsi-

153 2374 227 2395 stens
240 2368 335 2402 Filius,
352 2369 431 2396 habet
443 2369 574 2404 Spiritum
586 2373 732 2400 secundum
744 2374 866 2401 eumdem
875 2384 933 2403 mo-

153 2415 227 2445 dum,
244 2414 391 2441 secundum
406 2422 485 2449 quem
499 2421 527 2442 et
543 2415 623 2443 Pater
641 2418 740 2445 habere
757 2419 934 2454 intelligitur:

153 2468 207 2487 ιιιιι
236 2460 418 2493 inductitium,
442 2468 528 2496 neque
543 2462 710 2490 extrinsecus
735 2463 933 2493 advenientem.

153 2507 270 2533 Szultum
295 2507 394 2542 quippe
420 2512 447 2534 et
477 2507 600 2535 insanutn
617 2513 669 2542 est,
696 2509 733 2536 ita
752 2510 865 2538 sentire.
881 2511 934 2540 Sed

151 2552 224 2579 sicut
240 2552 321 2579 etiam
341 2552 526 2587 unusquisque
555 2558 677 2580 nostrum
700 2554 839 2589 proprium
857 2555 883 2582 in
905 2564 934 2584 se

150 2599 209 2632 ip<o
228 2599 350 2633 spiritum
367 2599 498 2631 continet,
514 2604 539 2626 et
564 2607 597 2626 ex
610 2599 712 2640 intimis
731 2600 883 2628 visceribus
902 2603 936 2630 ad

149 2645 284 2671 cvteriora
298 2644 445 2679 profundit.
461 2644 566 2673 Idcirco
578 2645 649 2672 enim
666 2650 692 2673 et
706 2647 884 2681 corporaliter
894 2649 935 2683 ip-

149 2698 208 2715 sunt
226 2690 372 2717 iusulIIavit
391 2689 528 2722 Christus,
555 2696 583 2717 ιιι
602 2691 765 2723 ostenderet,
783 2693 845 2725 quia
864 2694 935 2720 sicut

147 2742 179 2762 ex
197 2735 314 2762 humano
330 2743 378 2763 ore
396 2736 573 2769 corporaliter
601 2737 722 2769 procedit
746 2738 878 2772 spiritus:
896 2739 933 2766 ita

182 2791 204 2805 δ’·
225 2791 289 2818 Luc.
307 2800 342 2824 vi,
359 2794 401 2821 19.
442 2793 463 2809 ⁸9
480 2793 573 2820 Matth.
592 2801 638 2824 xn.
650 2793 694 2821 28.

147 2826 205 2843 ’σθ’
219 2827 295 2853 Joan.
314 2835 357 2862 xx,
375 2829 420 2855 ‘22.
458 2828 558 2856 “Joan
585 2837 612 2856 ιιι
638 2830 681 2856 51.

733 2796 756 2812 ⁵⁸
771 2796 849 2824 Joan.
866 2805 920 2830 xtv,
943 2797 983 2825 16.
1015 2798 1037 2815 ¹¹
1056 2798 1065 2826 I
1083 2799 1144 2826 Cor.
1161 2808 1187 2830 ι.
1205 2800 1230 2826 4.
1268 2801 1290 2818 υ
1301 2801 1396 2829 Matth.
1413 2810 1439 2832 x.
1458 2802 1502 2830 57.

991 2239 1000 2256 ι
1016 2229 1130 2257 Peccate
1152 2229 1295 2257 absolvens
1313 2237 1385 2262 eum,
1397 2231 1442 2265 qui
1459 2231 1509 2258 sibi
1527 2232 1645 2259 cohaeret
1669 2234 1774 2267 proprio

989 2276 1092 2310 inungit
1107 2275 1221 2310 Spiritu,
1235 2283 1315 2310 quem
1332 2276 1454 2304 imtttittit
1470 2277 1528 2312 ipse
1546 2278 1667 2312 quidem,
1696 2284 1725 2306 ut
1744 2287 1773 2306 ex

990 2321 1044 2348 Deo
1052 2320 1134 2348 Patre
1149 2320 1278 2354 Verbum,
1296 2326 1378 2356 atque
1395 2330 1428 2349 ex
1447 2323 1555 2358 propria
1575 2324 1653 2351 nobis
1667 2324 1774 2358 profun-

987 2365 1026 2393 dit
1037 2371 1145 2392 natura.
1158 2365 1334 2393 Communem
1350 2373 1425 2400 vero,
1445 2371 1572 2401 tanquam
1589 2375 1646 2395 rem
1667 2369 1772 2403 dispen-

984 2412 1082 2439 sationi
1107 2411 1199 2439 carnis
1223 2411 1382 2447 adiungens,
1415 2417 1442 2440 et
1458 2417 1486 2439 ιιι
1510 2413 1591 2441 ιιοιιιο
1621 2414 1773 2441 insumebat

983 2457 1171 2492 corporaliter.
1185 2457 1332 2485 InsulIlavit
1343 2458 1426 2491 enim.
1442 2463 1467 2489 et
1478 2459 1565 2486 dixit:
1584 2460 1699 2494 Accipite
1713 2459 1771 2493 Spi-

984 2504 1063 2530 ritum
1086 2507 1205 2530 sauctum
1217 2504 1287 2530 "'".
1300 2502 1333 2530 Et
1353 2503 1432 2531 :Non
1440 2504 1474 2530 ad
1484 2512 1633 2531 mensuram
1645 2506 1692 2532 dat
1707 2506 1771 2533 Deus

983 2549 1208 2584 Spiritum,juxta
1236 2549 1347 2578 Joannis
1359 2557 1450 2577 vocem
1460 2550 1502 2582 ‘°;
1519 2551 1564 2577 sed
1580 2551 1638 2586 ipse
1654 2551 1771 2578 immittit

987 2601 1020 2621 ev
1040 2594 1139 2628 seipse,
1157 2593 1237 2621 sicuti
1254 2594 1378 2621 videlicet
1391 2601 1418 2621 ct
1429 2594 1518 2621 Pater.
1536 2604 1545 2621 ι

1029 2650 1057 2677 In
1085 2651 1168 2685 gestis
1186 2651 1249 2678 item
1276 2651 1370 2686 prima:
1395 2651 1421 2679 in
1443 2651 1531 2680 Nicaea
1556 2654 1663 2689 synodi,
1692 2654 1718 2681 in
1733 2654 1770 2682 his

986 2703 1046 2729 qua:
1075 2696 1201 2723 dixerunt
1214 2695 1311 2724 Patres
1324 2704 1372 2731 per
1385 2698 1540 2732 episcopum
1565 2698 1719 2732 Leontium,
1737 2699 1768 2726 ita

986 2741 1120 2769 habetur:
1139 2751 1149 2768 ς
1165 2741 1292 2770 Inventus
1300 2748 1343 2770 est
1358 2743 1486 2778 Spiritus,
1500 2746 1648 2778 procedens
1662 2745 1767 2779 quidem

1559 2803 1581 2818 "
1598 2801 1666 2830 Jacl.
1683 2811 1711 2837 tt,
1725 2805 1766 2833 28.
