1934 3063
177 108 213 142 9i
804 103 1000 134 MANUEHS
1022 103 1171 133 CALECE

360 165 513 193 Substatttia
537 170 574 192 est
597 172 732 190 commune
753 172 810 190 cum
833 163 939 196 proprio
954 181 960 192 ,
975 164 998 190 Λ
1013 164 1172 189 stittttiarunt
1202 162 1335 197 intelligo,
1357 162 1500 197 perfectum
1531 162 1614 189 Deum
1640 163 1723 196 ipsam
1749 170 1812 189 cure

176 169 301 202 capitulis
326 177 333 194 :

178 221 289 245 corruat,
307 215 384 248 quia,
404 214 508 246 quando
532 211 671 245 conjuncta
694 210 803 236 dicimus
823 209 961 235 essentiam

180 259 254 291 Filii,
277 259 398 294 quoniam
421 257 507 284 Filius
542 265 634 283 nautea
653 264 684 283 ex
694 256 807 290 propriis
820 261 869 286 est,
890 262 963 280 cont-

179 315 256 332 muue
268 314 326 332 cum
339 305 452 339 propriis
469 304 660 339 significamus.
677 303 729 330 Sed
748 309 889 329 commune
903 308 963 328 cum

179 360 235 386 pro,
248 352 286 377 rio
308 351 457 378 substantia
484 355 536 377 est.
557 350 595 377 Ita
608 351 678 376 cnim
698 348 879 374 Dantasceuus
899 347 965 374 defl-

179 397 228 423 nit.
262 397 355 430 Itaque
382 395 509 429 quoniam
525 403 557 422 ex
586 394 703 421 essentia
728 393 787 420 Filii
817 393 903 420 dictus
924 397 964 418 est

179 442 316 475 Spiritus,
343 450 375 468 ex
403 441 551 468 substantia
576 440 635 474 ejus
653 440 740 466 dictus
765 443 805 465 est.
827 447 834 465 :
855 439 963 471 sicque.

178 487 249 519 quod
262 486 445 520 quaerebatur,
465 486 628 512 invenimus.

213 532 288 564 Quod
304 537 391 559 autem
404 531 430 558 in
442 531 539 558 divinis
550 530 697 564 Scripluris
707 530 776 556 idem
786 529 964 562 sil,quantttm

178 578 210 603 ad
240 586 306 608 rem,
330 577 482 611 proprietas
506 581 586 610 atque
608 575 777 606 substantia,
804 575 861 601 sive
883 574 964 600 etiam

180 630 309 657 persona,
331 623 503 649 manitestum
519 627 570 649 est.
590 621 735 655 Gregorius
749 620 819 647 enim
851 619 966 646 Theolo-

180 677 230 702 gus
246 669 272 694 itt
299 675 427 695 sermone
442 668 474 694 ad
496 667 597 694 lumina
620 667 686 692 dixit
704 675 710 692 :
731 665 776 692 Dei
803 670 889 691 autem
907 673 966 691 cum

179 714 335 744 (ΗΜ-νομιιο
356 713 453 739 lumine
470 721 499 739 ac
510 713 590 739 tribus
604 711 773 738 illustramitti
787 720 793 737 τ
808 711 891 737 tribus
906 711 965 744 qui-

178 759 248 790 dem,
270 758 411 785 sectandum
427 758 610 791 proprietatus.
623 758 818 791 Exponcnsque
833 757 898 791 qu:d
926 756 966 782 tli-

182 804 252 831 xcrit
271 803 461 838 proprietates,
487 803 622 838 adjnttgit,
644 803 696 829 sive
719 802 890 834 substantias,
913 802 966 829 sive

178 858 305 884 personas
332 858 424 876 vorare
456 849 550 883 piaret.
580 850 687 875 Itcmin
717 849 844 876 laudibus
879 849 965 875 sancti

180 896 331 928 Athanasii,
356 903 417 922 eum
436 896 546 922 dixisset
570 903 576 921 :
598 893 655 921 Una
673 895 739 921 enim
753 894 884 925 essentia,
903 898 969 920 tres-

180 950 229 976 que
248 942 413 973 substantiw;
432 949 493 968 cum
511 941 635 968 dicantur
650 941 757 974 quidem
780 947 795 966 a
819 940 905 971 nobis,
926 939 969 973 pie

181 989 303 1022 protinus
328 988 450 1021 atljuttxit
478 997 484 1013 :
509 986 589 1013 Aliud
618 987 688 1012 enim
712 990 834 1012 naturam
848 985 966 1016 indicat;

181 1034 256 1060 aliud
278 1034 355 1059 trium
380 1033 562 1067 proprietates.
588 1032 643 1058 lllic
658 1039 722 1064 ergo
741 1038 803 1057 cum
817 1030 967 1065 proprieta-

182 1085 221 1104 tes
238 1078 386 1111 posuisset,
407 1077 573 1104 substantias
587 1075 728 1110 exposuit:
746 1076 788 1102 hic
799 1079 886 1102 autent
902 1075 967 1101 sub-

181 1124 314 1155 stantias,
341 1123 529 1157 proprietates.
555 1121 593 1148 Ex
618 1130 670 1156 qtto
693 1129 759 1148 sane
787 1121 964 1147 manifestum

182 1174 224 1196 est
239 1169 300 1202 quia
317 1168 508 1203 proprietatem
528 1173 556 1194 et
569 1167 748 1194 substantiam
768 1166 839 1193 ldetn
851 1165 966 1199 intelligi

180 1214 236 1240 vult
248 1235 255 1246 ,
270 1214 405 1248 simulque
430 1219 553 1240 naturam
570 1220 598 1239 et
614 1213 764 1240 essentiam
780 1212 807 1239 itt
824 1211 878 1239 Deo
892 1211 967 1238 testi-

181 1265 246 1292 mat;
262 1267 344 1286 uuam
358 1260 430 1287 enim
447 1259 594 1286 essentiam
611 1263 734 1285 naturam
746 1259 879 1292 exposuit.
891 1257 965 1290 Quo-

180 1306 255 1332 niam
278 1305 360 1341 igitur
387 1313 532 1332 commune
556 1305 581 1331 itt
597 1304 651 1331 Deo
671 1304 794 1331 essentia:
822 1309 876 1331 tres
902 1303 967 1330 sub-

181 1352 288 1378 stantia:
314 1356 388 1382 sunt,
411 1357 607 1384 communeque
630 1350 686 1376 haec
703 1354 744 1376 est
766 1357 825 1383 qua:
852 1348 966 1382 singulis

181 1401 222 1423 est
238 1402 264 1423 et
283 1397 393 1431 propria
416 1396 549 1427 essentia;
568 1403 620 1422 una
646 1395 747 1429 quippe
771 1395 903 1422 extribus
923 1398 966 1420 est

182 1442 271 1475 aliqua
294 1449 427 1476 persona;
449 1442 575 1474 quodque
598 1440 696 1474 cuique
713 1443 770 1471 est,
788 1440 837 1466 hoc
852 1439 965 1465 mirabi-

1752 104 1810 136 100

1019 209 1073 237 scio
1087 209 1280 243 perfectamque
1297 208 1554 236 essentiamﬁicitur
1574 211 1661 236 autem
1684 215 1718 235 ex
1735 207 1801 234 Filii

1015 255 1131 281 essentia
1157 262 1217 282 esse
1233 254 1351 289 Spiritus
1377 263 1384 281 :
1410 254 1581 281 manifestum
1598 258 1657 286 est,
1684 254 1746 288 quia
1767 261 1807 281 ex

1015 301 1166 327 substantia
1184 301 1268 334 ipsius
1280 308 1339 327 esse
1350 301 1458 328 dicitur.
1474 300 1643 334 thttoniam
1662 300 1687 325 itt
1699 299 1808 326 eisdem

1015 345 1051 371 ait
1070 355 1075 372 :
1094 345 1160 378 Quia
1180 346 1254 372 solus
1272 346 1356 373 Filius
1373 347 1480 380 genitus
1495 352 1554 378 est;
1570 354 1602 372 ex
1618 345 1706 375 Patn's
1727 345 1808 371 enim

1015 392 1132 418 essentia
1158 392 1216 418 sine
1230 392 1363 426 principio
1375 396 1402 418 et
1426 391 1484 418 sine
1509 394 1631 425 tempore
1648 394 1689 417 cst
1702 395 1806 422 natus;

1015 443 1042 464 ct
1066 437 1140 463 solus
1165 437 1281 470 Spiritus
1303 441 1411 465 sanctus
1436 445 1469 465 ex
1493 435 1579 463 Patris
1603 436 1722 463 essentia
1748 443 1808 461 nun

1015 484 1138 519 genitus,
1166 484 1212 511 scd
1247 485 1394 518 procedens
1423 488 1464 510 est
1485 493 1491 510 :
1515 491 1547 509 ex
1580 482 1667 509 Patris
1712 487 1808 508 autem

1015 531 1151 562 essentia,
1167 538 1215 563 pro
1227 537 1258 556 eo
1272 549 1278 561 ,
1294 530 1363 564 quod
1379 534 1436 560 est,
1451 537 1483 556 ex
1503 528 1590 555 Patris
1607 527 1760 555 substantia
1773 531 1805 553 et

1017 575 1069 602 iste
1091 575 1172 602 tradit
1189 580 1214 601 el
1227 582 1322 602 onmes
1334 575 1517 606 consentiunt,
1534 574 1595 608 quia
1613 573 1728 608 Spiritus
1739 580 1809 599 sau-

1016 627 1074 648 ctus
1090 629 1150 648 cum
1179 628 1212 647 ex
1238 620 1297 647 Filii
1324 620 1439 647 essentia
1464 627 1478 646 a
1503 619 1634 654 theologis
1657 618 1807 650 assaritur,

1015 673 1042 694 et
1056 667 1138 701 ipsius
1154 667 1305 693 substantia
1327 670 1389 693 est:
1407 665 1477 693 idem
1494 666 1565 693 enim
1580 665 1696 692 essentia
1723 669 1809 699 atque

1017 712 1166 740 substantia
1181 713 1205 739 in
1219 713 1272 739 Deo
1286 716 1327 739 cst
1341 712 1490 739 secundum
1508 719 1576 738 rem.

1052 758 1135 785 Porro
1151 759 1172 785 si
1191 759 1250 792 quis
1263 758 1313 785 ista
1330 758 1408 785 aliter
1422 758 1559 792 accipiens
1570 757 1634 784 velit
1646 756 1718 784 aliud
1743 756 1806 790 qui-

1018 806 1076 832 dem
1089 805 1115 832 in
1141 805 1195 832 Deo
1211 806 1373 837 essentiam,
1397 804 1469 831 aliud
1496 804 1673 831 substantiam
1700 803 1807 839 signiti-

1020 859 1082 878 care
1095 872 1101 882 ,
1130 850 1284 878 necessario
1309 850 1386 877 fateri
1412 850 1557 878 essentiam
1574 850 1632 877 sine
1650 848 1806 876 Substautia

1021 897 1250 931 subslantiamque
1273 897 1331 924 sine
1356 897 1475 923 essentia
1504 900 1627 930 cogetur.
1655 895 1694 922 Ad
1717 903 1802 929 quam

1019 943 1215 970 absurditatetn
1242 951 1354 978 magnus
1379 949 1487 977 quoque
1503 941 1618 968 Basilius
1634 942 1661 968 in
1676 941 1806 976 ptazdicta

1020 989 1053 1015 ad
1066 989 1222 1015 Terentium
1239 989 1365 1015 comitem
1388 988 1500 1022 epistola
1517 988 1666 1014 orationem
1680 994 1806 1014 necessa-

1020 1035 1060 1060 rio
1083 1034 1202 1061 deduxit.
1228 1033 1261 1060 Et
1289 1034 1417 1068 quoniam
1453 1033 1659 1061 indetertninate
1686 1031 1805 1066 theologi

1019 1080 1051 1107 de
1080 1080 1170 1108 divina
1193 1080 1253 1106 Filii
1282 1080 1424 1107 nativitate
1444 1080 1605 1107 disserentes
1632 1079 1718 1114 ipsum
1752 1079 1806 1105 aii-

1018 1125 1128 1159 quando
1143 1125 1254 1159 quidem
1272 1131 1303 1150 ex
1319 1124 1409 1151 Patris
1433 1124 1562 1156 essentia,
1578 1123 1723 1159 aliquando
1737 1131 1804 1150 vero

1021 1178 1052 1197 ex
1067 1169 1137 1197 illius
1152 1169 1304 1196 substantia
1320 1173 1411 1196 natum
1438 1173 1579 1199 asserunt;
1593 1174 1637 1195 aut
1654 1170 1720 1196 duos
1731 1167 1805 1195 filios

1019 1219 1098 1242 natos
1130 1215 1304 1242 conﬁtebitur
1324 1235 1331 1247 ,
1350 1215 1431 1241 alium
1466 1215 1572 1249 quidem
1601 1221 1636 1241 ex
1665 1214 1804 1247 essentia,

1016 1260 1097 1286 alium
1116 1267 1179 1287 vero
1195 1267 1226 1286 ex
1244 1259 1413 1292 substantia,
1433 1265 1478 1286 aut
1489 1267 1539 1286 non
1550 1266 1611 1286 esse
1626 1258 1684 1285 Filii
1696 1258 1802 1285 unicam

1016 1313 1048 1332 ac
1065 1305 1212 1340 simplicem
1239 1306 1408 1332 nativitatem
1434 1306 1515 1332 dicet.
1531 1303 1603 1332 idem
1631 1312 1694 1331 vero
1727 1309 1753 1331 et
1769 1305 1802 1331 de

1017 1351 1118 1385 Spiritu
1147 1355 1242 1378 sancto
1269 1351 1384 1378 dicetur.
1410 1349 1442 1376 Et
1455 1355 1528 1377 certe
1550 1350 1573 1377 si
1599 1349 1707 1384 quidem
1736 1353 1801 1374 sunt

1018 1403 1072 1424 tres
1095 1397 1251 1424 diﬂ'ereutes
1278 1396 1405 1430 aliudque
1419 1395 1506 1423 Patris
1536 1395 1697 1430 proprietas,
1728 1394 1801 1421 aliud

1016 1441 1104 1470 Patris
1125 1449 1255 1476 persona,
1274 1441 1346 1468 aliud
1372 1447 1482 1475 paterna
1499 1441 1666 1473 substantia,
1684 1444 1711 1466 ει
1728 1440 1799 1466 aliud

181 1486 244 1513 liter
259 1486 340 1513 etiam
355 1493 497 1513 commune
511 1490 567 1519 est;
587 1493 668 1512 unum
689 1486 760 1512 enim
780 1486 843 1516 tria,
869 1488 896 1511 et
913 1484 961 1510 tria
976 1485 999 1514 (ζ
1014 1487 1104 1520 Pater,
1129 1487 1256 1522 aliudque
1271 1495 1376 1514 rursum
1395 1487 1511 1514 essentia
1528 1487 1612 1518 illius;
1626 1487 1750 1519 idemque
1767 1485 1800 1512 de

181 1542 263 1560 ttttutn
276 1538 355 1566 sunt;
369 1533 396 1560 in
411 1533 509 1567 quibus
520 1537 560 1560 est
575 1533 672 1564 deitas,
687 1533 744 1560 sive
764 1538 792 1559 ut
807 1532 962 1566 diligentius

179 1580 307 1612 dixerim,
318 1586 377 1614 qua;
387 1579 471 1606 deilas
483 1584 523 1605 est
535 1579 612 1612 juxta
629 1578 780 1612 theologum
791 1577 961 1612 Gregorium,

181 1625 355 1653 manifestum
381 1629 442 1654 est,
472 1624 598 1658 quoniam
630 1624 699 1650 sicut
731 1623 810 1650 triutn
842 1622 961 1650 essentia

181 1670 334 1697 substantia
350 1673 407 1701 est,
424 1669 460 1696 ita
477 1676 590 1704 quaeque
611 1669 823 1695 substantiarum
844 1667 962 1694 eSSentia

181 1720 209 1742 et
235 1715 387 1742 substantia
412 1719 463 1741 est.
481 1714 533 1741 Sed
550 1719 604 1741 tres
620 1714 775 1740 subsmntia‘.
785 1712 866 1740 Pater
879 1716 922 1739 est
935 1717 962 1740 et

178 1761 264 1788 Filius
290 1765 317 1787 et
345 1757 464 1794 Spiritus
484 1765 620 1791 sanctus;
642 1759 788 1786 secundum
810 1758 882 1785 enim
905 1758 962 1785 haec

180 1806 293 1834 relativa
310 1807 342 1832 ad
355 1806 470 1833 invicem
488 1806 595 1840 proprie
613 1805 791 1838 accipiuntur.

217 1851 309 1884 Itaque
335 1858 426 1877 verum
447 1849 566 1884 proiecto
585 1853 626 1876 est
653 1849 724 1883 quod
748 1849 860 1881 dicitur,
889 1848 960 1883 quod

177 1897 288 1932 quando
313 1896 457 1930 coniuncte
486 1895 546 1922 Filii
573 1895 718 1922 essentiam
742 1895 868 1927 dicimus,
895 1893 962 1921 sub-

179 1941 306 1968 stantiam
336 1941 393 1975 ejus
419 1941 478 1968 sive
504 1948 645 1974 personam
676 1940 875 1974 signiﬁcamus;
900 1947 960 1966 cum

179 1995 322 2014 commune
336 1987 442 2020 quidem
456 1986 600 2013 essentiam
617 1985 730 2013 dicendo
752 1985 884 2022 signetur,
900 1992 961 2019 pro-

178 2033 236 2067 pria
253 2040 317 2059 vero
339 2032 488 2059 substantia
520 2039 567 2066 per
596 2031 735 2058 relativum
769 2038 867 2058 nomen
897 2030 959 2056 Filii

179 2078 331 2104 insinuetur
359 2085 366 2104 :
392 2077 540 2105 substantia
554 2077 652 2111 quippe
662 2083 806 2103 commune
821 2082 881 2102 cum
898 2082 959 2109 pro-

177 2123 238 2156 prio
259 2128 301 2149 est
316 2122 398 2149 dicta.
419 2122 495 2155 Quod
519 2130 579 2148 cttm
595 2129 626 2148 ex
648 2121 707 2148 Filii
725 2121 842 2149 essentia
860 2120 957 2146 dicitur

179 2168 298 2201 Spiritus
312 2172 432 2196 sanctus.
450 2174 483 2193 ex
501 2166 557 2198 eius
581 2166 745 2192 substantia'
761 2165 870 2192 dicitur.
887 2164 958 2191 Idem

175 2213 263 2244 enim,
297 2217 426 2246 quantum
458 2212 490 2237 ad
509 2218 586 2243 rem,
619 2210 735 2238 essentia
759 2216 787 2236 et
810 2211 959 2236 substantia

175 2263 231 2284 est.
652 2289 659 2293 .

215 2301 399 2328 Damascenns
423 2304 550 2335 praeterea
562 2300 588 2326 itt
614 2299 671 2326 suis
688 2299 846 2333 tltenlogicis
857 2299 960 2333 capitu-

176 2347 221 2377 lis,
244 2346 348 2378 Deitas,
367 2346 470 2380 inquit,
492 2350 615 2371 naturam
652 2345 790 2376 insinuat;
813 2343 892 2370 Pater
909 2352 958 2370 au—

174 2398 229 2419 tem
257 2393 324 2426 quod
346 2393 443 2418 dicitur
467 2390 651 2424 substantiam,
669 2391 745 2416 sicuti
761 2396 785 2416 et
807 2390 958 2416 humanitas

175 2444 300 2465 natarunt
334 2437 513 2468 commendat,
546 2436 640 2463 Petrus
677 2444 736 2462 vero
773 2435 957 2462 substantiam.

177 2485 244 2517 Quia
277 2484 356 2518 igitur
386 2482 611 2517 quemadmodum
642 2481 730 2509 Pater.
764 2483 799 2507 ita
828 2485 855 2508 et
875 2479 959 2506 Filitts

177 2530 299 2556 similiter
340 2528 520 2556 substantiam
561 2526 674 2559 indicat;
713 2527 862 2554 substantia
893 2533 958 2552 vero

175 2582 318 2602 commune
335 2582 394 2601 cum
411 2573 519 2608 proprio
530 2593 537 2605 ,
557 2573 626 2600 sicut
643 2573 700 2607 ipse
723 2572 845 2600 dciiuivit
860 2579 867 2604 ;
882 2579 956 2598 com-

176 2630 256 2649 tutmc
278 2627 366 2648 autem
393 2621 484 2647 Deitas
502 2620 545 2647 vel
559 2625 671 2652 natura,
696 2620 736 2646 vel
758 2619 876 2646 essentia
905 2623 956 2645 est.

177 2667 280 2694 Dicitur
308 2673 395 2693 autem
431 2673 463 2693 ex
501 2665 564 2692 Filii
586 2665 703 2692 essentia
729 2672 789 2692 esse
827 2663 955 2698 Spiritum

175 2718 317 2745 sant-tum;
336 2711 506 2738 manifestum
523 2715 582 2741 est,
599 2710 725 2744 quoniam
749 2717 780 2736 ex
806 2709 955 2737 substantia

175 2759 259 2792 ipsius
275 2763 326 2786 est.

210 2803 339 2836 Quoniam
353 2811 416 2832 vero
426 2803 495 2831 idem
505 2803 531 2830 itt
546 2802 639 2830 iisdem
653 2801 688 2828 ait
703 2809 709 2828 :
725 2800 789 2827 Cum
803 2808 881 2826 tutam
896 2801 958 2826 sub-

1015 1533 1127 1566 reliquis
1144 1533 1304 1560 substantiis
1317 1533 1460 1560 dicendutn
1477 1542 1483 1559 :
1501 1533 1598 1567 partim
1615 1531 1723 1566 quidem
1740 1530 1800 1557 Tri-

1014 1579 1085 1606 nitas
1107 1579 1185 1606 nobis
1206 1578 1357 1611 auferetur,
1377 1584 1404 1606 et
1420 1578 1545 1613 peribunt
1569 1577 1660 1604 omnia
1684 1584 1743 1611 qua:
1766 1577 1799 1603 de

1013 1624 1070 1659 ipsa
1097 1625 1140 1658 pie
1164 1625 1262 1651 tradita
1303 1624 1473 1657 suscepimus
1489 1631 1496 1651 :
1513 1623 1609 1657 partim
1633 1622 1799 1657 compositus

1014 1670 1067 1698 erit
1089 1670 1169 1703 Deus,
1185 1677 1218 1697 ex
1243 1673 1298 1696 tam
1318 1669 1502 1697 dideretttibus
1519 1669 1551 1695 ad
1566 1669 1680 1695 invicem
1698 1675 1795 1695 secun-

1013 1716 1075 1743 dum
1097 1724 1153 1743 rem
1176 1720 1314 1743 constans.
1327 1715 1379 1743 Sed
1394 1715 1465 1742 enim
1485 1715 1534 1742 ista
1550 1714 1670 1742 absurda
1686 1720 1753 1741 sunt
1770 1718 1798 1741 et

1013 1761 1106 1795 impia.
1123 1760 1154 1787 Et
1170 1761 1234 1787 illud
1253 1761 1332 1795 igitur
1346 1761 1489 1788 absurdum
1510 1759 1616 1794 pen'tus
1632 1765 1659 1786 et
1672 1759 1795 1793 impiutn,

1011 1814 1065 1840 quo
1083 1806 1170 1840 posito
1186 1806 1236 1833 ista
1253 1811 1412 1840 sequuntur.

1049 1850 1181 1884 Quoniam
1210 1851 1292 1885 igitur
1318 1851 1469 1878 substantia
1492 1850 1599 1885 quidem
1630 1855 1656 1876 et
1680 1857 1795 1884 persona

1015 1896 1084 1923 idem
1097 1901 1150 1926 est,
1170 1896 1320 1923 substantia
1335 1904 1401 1924 vero
1413 1902 1439 1923 et
1455 1897 1604 1930 proprietas
1621 1903 1696 1930 teque
1722 1896 1792 1922 idem

1011 1946 1062 1974 est,
1079 1942 1230 1970 substantia
1255 1946 1345 1969 autem
1361 1943 1478 1969 essentia
1489 1946 1540 1974 est,
1586 1946 1615 1967 ut
1628 1948 1659 1968 ex
1680 1941 1720 1968 bis
1736 1948 1794 1975 qua:

1012 1995 1091 2023 supra
1106 1988 1220 2015 dixiutus
1235 1992 1350 2019 constat,
1380 1988 1556 2015 manifestum
1581 1991 1621 2014 est
1634 1988 1690 2014 hac
1705 1987 1793 2013 omnia

1012 2034 1082 2061 idem
1107 2034 1134 2060 itt
1161 2033 1215 2060 Deo
1241 2041 1301 2062 esse
1324 2035 1470 2062 secundum
1497 2041 1565 2061 rem.
1592 2033 1624 2060 Et
1641 2033 1705 2060 illud
1730 2032 1792 2059 item

1012 2078 1182 2105 manifestum
1210 2083 1251 2105 est
1265 2079 1347 2112 quod,
1363 2078 1385 2105 si
1397 2079 1468 2105 aliud
1479 2078 1608 2110 essentia,
1625 2077 1698 2105 aliud
1727 2077 1792 2104 sub-

1015 2124 1114 2150 stantia
1131 2131 1145 2150 a
1161 2124 1264 2151 sanctis
1278 2124 1386 2158 dicitur;
1409 2125 1455 2151 sed
1470 2129 1557 2150 tamen
1572 2123 1720 2151 secundum
1735 2130 1791 2150 rem

1012 2169 1140 2196 dixerunt
1168 2176 1218 2196 non
1239 2169 1310 2197 aliud
1332 2170 1490 2200 essentiam.
1509 2169 1581 2196 aliud
1596 2176 1654 2196 esse
1670 2169 1792 2196 subst:n-

1011 2214 1087 2245 tiam.
1097 2215 1143 2242 sed
1156 2215 1302 2241 secundum
1315 2215 1385 2248 quod
1397 2223 1449 2241 una
1462 2220 1542 2249 atque
1552 2214 1645 2241 eadem
1659 2221 1702 2240 res
1714 2214 1791 2241 aliter

1010 2259 1117 2292 qnidetn
1141 2259 1262 2293 signatur
1284 2265 1315 2285 ex
1333 2260 1440 2286 nomine
1451 2258 1578 2286 essentia:
1592 2266 1640 2285 seu
1667 2263 1789 2289 naturm,

1009 2303 1089 2330 aliter
1099 2311 1131 2330 ex
1149 2304 1256 2331 nomine
1273 2304 1429 2330 substantia:
1438 2303 1494 2330 sive
1503 2302 1706 2338 persmtanllud
1718 2303 1789 2329 enim

1010 2349 1188 2375 communiter
1212 2353 1239 2375 et
1263 2348 1402 2379 absolute,
1419 2349 1471 2375 boc
1487 2352 1575 2374 autem
1600 2347 1708 2382 proprie
1736 2354 1790 2373 nta-

1011 2395 1060 2428 gis,
1077 2401 1136 2420 cum
1155 2401 1186 2420 eo
1202 2393 1307 2421 scilicet
1331 2393 1401 2427 quod
1419 2394 1451 2420 ad
1471 2392 1573 2426 aliquid
1593 2392 1788 2426 quodammodo

1011 2440 1108 2466 habent
1126 2447 1132 2464 :
1154 2439 1217 2473 quia
1243 2440 1315 2465 enini
1333 2439 1455 2466 absoluta
1472 2437 1504 2464 ab
1522 2437 1564 2464 ltis
1589 2445 1648 2471 qua:
1660 2436 1786 2463 dicuntur

1009 2486 1041 2511 ad
1056 2485 1167 2518 aliquid,
1180 2484 1315 2517 dtﬂ'erunt;
1333 2491 1424 2511 eorum
1438 2490 1501 2510 vero
1514 2490 1572 2517 quat
1586 2482 1611 2509 in
1625 2481 1679 2508 Deo
1691 2477 1787 2508 dicun-

1012 2535 1069 2563 tur,
1087 2531 1262 2565 aliaquidcnt
1289 2530 1410 2557 absoluta
1438 2534 1500 2556 sunt
1516 2529 1621 2555 ttomina
1635 2536 1693 2562 qua:
1706 2535 1785 2554 uttunt

1010 2576 1090 2603 Deum
1105 2576 1251 2603 indiscrete
1267 2575 1429 2609 signiﬁcant,
1457 2574 1509 2601 alia
1528 2581 1592 2600 vero
1617 2574 1726 2600 relative
1739 2573 1785 2598 ltu-

1007 2622 1070 2648 bent
1086 2628 1145 2655 quae
1165 2621 1267 2648 anobis
1294 2620 1456 2647 Trinitatem
1484 2620 1682 2649 commendant,
1706 2624 1732 2645 et
1746 2625 1786 2644 se-

1006 2667 1122 2692 t-tmdutn
1144 2674 1174 2692 ea
1199 2665 1325 2699 quidem,
1349 2673 1407 2700 quae
1428 2665 1551 2692 absoluta
1579 2668 1606 2691 et
1631 2663 1784 2690 communia

1007 2716 1084 2742 :unt,
1109 2711 1182 2737 unita
1204 2710 1350 2745 'l‘heologia
1372 2715 1494 2741 constat.
1518 2709 1665 2737 secundum
1681 2716 1783 2736 retocs

1008 2763 1066 2789 ψιειι
1085 2756 1117 2781 ad
1128 2755 1242 2782 invicem
1257 2755 1367 2782 relativa
1385 2760 1447 2783 sunt
1458 2776 1465 2787 ,
1484 2761 1511 2782 et
1525 2755 1670 2782 secundum
1683 2763 1711 2780 ea
1726 2762 1783 2788 qntn

1013 2802 1045 2827 ad
1062 2801 1162 2834 aiiquid
1185 2800 1295 2834 habent,
1323 2802 1438 2830 discreta
1460 2803 1613 2829 contexitur
1630 2800 1782 2833 tlteulOgit;
