1934 3063
161 100 208 132 Μ

703 99 901 129 ADVERSUS
917 99 1071 128 GRtECDS
1086 100 1157 129 L'tB.
1181 101 1219 129 ll.
1731 101 1784 136 1ἶὲ

160 159 253 185 uuilio
279 165 341 187 vero
365 162 444 192 atque
463 156 589 184 discretio
613 163 666 182 non
690 155 760 182 idem
777 160 835 187 est;
864 162 949 188 neque
966 159 985 185 Α
1001 155 1150 181 secundum
1173 155 1352 189 proprietates
1376 164 1436 190 qure
1468 157 1634 185 substantias
1658 160 1783 185 ostende-

159 205 234 230 t-nint
259 204 398 231 relativum
415 208 442 230 et
467 203 618 229 absolutum
644 201 714 228 idem
730 201 876 227 secundum
897 201 946 226 hoc

158 251 267 276 tltCllllIl
282 253 322 276 est
333 258 340 275 :
352 249 474 283 sequitur
487 255 539 274 non
554 248 622 274 idem
639 253 698 273 esse
710 246 855 273 essmtiam
868 250 948 279 alqne

158 295 355 321 substantiam.
381 293 513 320 Essentia:
535 293 606 319 enim
619 299 717 318 nomen
730 291 855 325 quiddam
868 290 948 317 abso-

159 341 250 366 lutum
276 341 374 373 signal,
408 339 559 367 substantia
580 339 636 373 (35)
653 345 716 364 vero
740 337 876 371 propriam
898 344 946 363 cu-

155 386 262 420 jusque
290 390 380 412 notaltt
419 387 601 416 commendat,
628 384 776 412 secundam
805 391 884 418 quant
913 384 945 410 ad

158 430 243 456 aliam
261 429 376 457 refertur
391 437 543 464 personam.
735 462 739 467 Α

197 475 267 501 Nam
279 474 393 509 exempli
409 482 502 505 causa,
519 474 613 501 dexter
631 475 710 501 homo
726 475 760 500 ab
778 481 809 501 eo
823 475 867 508 qui
880 474 945 501 siut-

159 521 269 554 pliciler
295 521 375 546 homo
395 525 436 547 est
463 521 611 546 secundum
638 521 709 554 quod
734 520 893 553 simpliciter
919 524 945 545 et

159 567 253 599 aliquo
267 567 355 597 modo,
366 566 424 592 sive
443 567 589 593 secundum
607 573 749 592 contu-une
763 570 789 590 et
808 565 944 599 propriuttt

159 611 270 644 tltchrt,
297 612 348 639 etsi
362 612 508 639 secundum
534 619 590 638 rem
606 611 676 638 idem
691 612 725 637 sit
740 612 834 637 dexter
847 611 943 643 homo;

159 658 260 691 quippe
284 663 310 683 et
322 657 416 684 Petrus
441 657 522 685 homo
545 662 584 683 est
601 661 627 684 et
644 657 712 683 ﬁlius
740 657 832 689 J0me;
857 664 944 690 neque

159 704 278 728 :tltelltlll
304 702 437 736 signiﬁcat
466 702 510 736 qui
529 703 652 728 eumdem
672 701 779 728 Petrum
807 702 942 727 hominem

158 749 235 780 dicit;
252 748 368 774 alterum
383 755 455 778 vero,
474 754 533 772 cum
547 747 669 773 eumdem
687 746 768 773 ﬁliuni
782 746 856 773 Jonas
871 747 946 773 dixe-

160 795 203 820 rit.
225 793 383 820 Secundunt
414 800 492 822 vero.
520 792 590 826 quod
603 792 764 824 simpliciter
794 796 821 818 et
856 792 945 826 aliquo

1000 204 1070 231 reul,
1086 199 1202 226 nolebat.
1229 200 1257 227 Si
1274 201 1333 234 quis
1346 202 1417 229 enint
1444 208 1582 236 paternam
1604 203 1791 231 Subslattliatlr

1000 244 1140 271 relativum
1153 245 1243 277 dicat,
1268 253 1378 274 necesse
1393 252 1445 279 est,
1465 252 1491 273 ct
1507 248 1539 274 ad
1558 249 1628 282 quod
1647 249 1782 282 refertur,

1003 291 1082 316 simul
1095 291 1227 317 conﬁteri.
1240 291 1395 326 llujusmodi
1410 293 1509 326 quippe
1521 299 1617 319 natura
1629 299 1673 321 est
1688 302 1781 321 earum

1000 344 1089 363 rerum
1107 344 1166 370 qlia:
1180 336 1213 363 ad
1237 337 1338 372 aliquid
1354 338 1490 366 dicuntur.
1519 339 1590 366 Idem
1616 347 1678 367 vero
1700 345 1726 366 et
1756 341 1782 366 in

999 381 1149 407 substantia
1178 382 1267 415 genita
1285 388 1311 408 et
1335 383 1360 408 in
1388 383 1548 417 procedente
1567 383 1709 411 dicendum
1731 391 1782 413 est.

1001 426 1056 453 Hoc
1072 432 1162 453 autem
1179 427 1204 453 ill
1222 427 1274 454 Deo
1289 428 1375 462 positu
1387 447 1394 459 ,
1409 436 1518 456 necesse
1533 433 1574 456 est
1588 436 1643 457 tres
1659 431 1785 458 subsuta—

1000 472 1061 503 tias,
1079 480 1127 498 seu
1141 477 1195 499 tres
1212 480 1340 506 personas
1364 473 1444 500 Deum
1472 476 1619 502 secundum
1639 477 1698 505 ﬁdei
1711 478 1784 511 pusi-

1001 517 1101 544 lionem
1120 526 1151 544 ex
1179 519 1365 552 processibus,
1381 519 1437 545 sive
1459 521 1634 548 rtlat'onibus
1651 529 1783 556 apparet:-

1000 567 1039 589 les
1050 563 1180 595 conﬁteri,
1194 563 1263 597 quod
1275 569 1331 590 erat
1342 565 1503 591 contrarium
1515 565 1622 593 Sabe-Ilii
1636 570 1780 601 proposiltt.

1017 606 1053 632 De
1069 607 1119 633 hoc
1135 608 1204 639 quod
1223 608 1389 640 propositum
1414 613 1504 638 est,et
1531 617 1641 644 magnus
1665 610 1782 636 Basilius

1000 653 1025 678 ill
1043 651 1191 684 exemplari
1208 651 1315 678 dictator
1329 655 1361 678 ab
1374 660 1406 679 co
1421 654 1493 684 titlci,
1507 654 1584 688 cujus
1600 655 1703 681 ittititlnt
1719 662 1758 683 est
1773 665 1780 683 :

1000 696 1050 723 Eos
1067 697 1109 731 qui
1124 698 1247 730 prwt'enti
1279 702 1338 723 sunt
1359 699 1411 724 alia
1428 699 1489 731 [idei
1518 699 1689 732 confessione,
1716 701 1749 727 ait
1771 709 1780 727 :

1000 742 1110 773 Quidam
1129 751 1187 768 vero
1215 742 1246 768 ab
1266 743 1397 776 impietate
1425 743 1486 777 Afri
1508 743 1619 770 Sabe/lii
1640 746 1780 777 venientes,

998 788 1172 814 substantiam
1191 787 1366 824 [hypostasinj
1381 795 1457 824 atque
1479 792 1618 817 essentiam
1632 791 1700 818 idem
1725 800 1780 819 esse

159 839 239 865 modo
253 838 365 869 dicitur,
381 838 560 869 tliﬂ'et‘eltliam
576 842 678 868 tantum
696 837 795 864 indicat
809 845 816 870 ς
833 837 945 863 dicendo
964 828 982 854 Β
996 834 1132 867 suspicati.
1147 834 1206 860 inde
1220 835 1367 861 occasiones
1382 837 1570 863 continuando:
1584 845 1638 864 sum
1650 838 1778 872 blasphe-

159 884 231 910 cltint
267 883 377 910 Petrum
400 883 535 909 llomiucnt
555 883 679 910 absoluto
691 888 718 910 et
747 883 882 909 connuuni
898 891 944 908 no-

160 930 231 955 mine
247 928 412 961 subjectum,
441 928 566 954 euuulem
593 935 656 954 vero
669 932 695 954 et
708 926 785 954 Jouze
807 927 888 953 ﬁlium
904 926 945 953 di—

160 974 260 1003 teudu.
277 974 390 1008 proprio
405 979 428 999 et
452 973 562 999 relativo
573 977 599 998 et
616 972 725 998 deﬁnito
739 972 858 1002 nomine,
871 979 945 998 eunt-

159 1021 218 1046 deut
234 1025 261 1046 ιιι
279 1019 364 1045 ﬁlium
383 1026 442 1045 esse
469 1025 500 1044 ex
519 1017 628 1043 homine
657 1015 727 1043 Jona
745 1018 790 1050 qui
818 1021 892 1051 pater
908 1017 944 1042 illi

161 1066 221 1096 luit,
238 1065 351 1091 indit-at.
379 1063 430 1090 Per
459 1068 602 1096 utrumque
615 1069 680 1096 ergo
700 1069 797 1089 nomen
814 1062 891 1088 aliter
919 1066 946 1088 et

159 1111 239 1136 aliter
267 1110 337 1136 idem
359 1109 547 1144 signiﬁcatur,
574 1108 684 1134 relative
714 1108 946 1135 scilicctctabso-

161 1157 342 1183 tulezsolum
373 1160 462 1182 autem
492 1154 651 1188 simpliciter
682 1158 709 1180 et
740 1154 832 1187 aliquo
865 1154 944 1180 modo

159 1202 260 1228 ditium.
291 1201 372 1227 Aliud
392 1199 462 1226 enim
491 1200 635 1225 essentiam
661 1198 719 1225 sine
735 1198 826 1224 habitu
841 1198 945 1231 signiti-

160 1254 221 1279 t-at;
253 1247 327 1274 aliud
354 1245 476 1272 eamdem
507 1249 533 1270 et
557 1243 590 1270 ad
617 1243 717 1278 aliquid
747 1244 945 1278 quodammodo

161 1295 315 1321 habentem.

197 1342 352 1368 Altestatnr
381 1345 471 1367 autent
504 1340 546 1367 his
567 1346 626 1373 quae
645 1339 715 1365 dicta
735 1342 798 1364 sunt
829 1338 944 1371 primunt

161 1387 269 1421 quidem
312 1393 425 1421 magnus
459 1385 635 1417 Athanasius,
656 1390 747 1417 postea
773 1390 836 1410 Vero
863 1385 945 1409 etiam

161 1437 273 1459 sanctus
299 1431 452 1463 Maximus,
483 1436 564 1465 atque
599 1430 720 1456 amboin
746 1429 860 1463 dialogis
887 1429 945 1456 suis

161 1478 290 1504 adversus
311 1478 481 1503 Auommum.
503 1477 633 1502 Anommo
650 1475 721 1502 enim
742 1475 848 1502 dicente
872 1474 944 1501 aliud

161 1523 320 1553 essentiam.
333 1522 404 1549 aliud
414 1528 474 1548 esse
485 1521 675 1552 substantiam,
687 1525 797 1547 sanctus
808 1519 943 1547 Maximus

163 1568 309 1602 respondet
328 1576 335 1594 :
357 1566 439 1593 Aliud
459 1570 484 1594 et
508 1566 581 1593 aliud
611 1574 662 1592 non
687 1575 760 1601 quasi
775 1575 846 1598 rent;
861 1571 942 1601 atque

163 1613 208 1640 illo
224 1613 360 1640 inl'crentc
370 1621 377 1639 :
387 1611 459 1638 Num
473 1620 533 1647 ergo
543 1612 691 1646 compositio
699 1613 710 1639 ?
718 1612 834 1639 Sanctus
846 1612 943 1646 adjun-

163 1660 217 1694 git:
235 1660 318 1686 Aliud
330 1663 352 1686 et
366 1660 438 1685 aliud
453 1659 518 1692 dixi,
535 1667 585 1685 non
600 1661 675 1693 quasi
685 1667 748 1690 rem,
763 1660 806 1685 sed
827 1664 855 1684 ut
868 1659 942 1684 aliud

163 1705 259 1740 aliquid
274 1705 399 1737 essentia,
422 1705 495 1731 aliud
510 1705 674 1739 signiﬁcante
691 1705 853 1732 substantia.
869 1704 942 1730 Sicut

163 1760 272 1785 granum
285 1752 367 1778 tritici
381 1751 479 1777 dicitur
491 1756 514 1777 et
544 1759 628 1778 semen
653 1756 689 1777 est
704 1755 726 1777 et
742 1751 854 1784 fructus;
870 1751 942 1776 aliud

164 1804 245 1824 autem
263 1798 397 1832 quoddam
413 1797 543 1831 signiﬁcat
559 1805 656 1829 semen,
674 1796 747 1822 aliud
759 1796 872 1829 fructus.

196 1844 357 1870 Concedeus
375 1851 439 1877 ergo
471 1848 582 1870 sanctus
597 1842 663 1874 illic,
684 1841 756 1868 aliud
774 1849 834 1868 esse
850 1847 942 1868 esseu-

166 1887 237 1919 tiam,
256 1889 330 1915 aliud
350 1888 541 1921 substantiam,
557 1892 710 1914 nontamen
728 1887 862 1921 geminant
883 1886 940 1912 dei-

167 1934 242 1956 lalcut
259 1930 374 1964 intelligi
391 1930 520 1963 permittit
542 1938 549 1956 :
569 1933 710 1963 propterea
739 1928 843 1955 scilicet
870 1928 942 1962 quod

167 1982 214 2001 non
232 1975 302 2001 idem
323 1975 413 2001 itidem
435 1975 567 2009 signiﬁcet
583 1974 668 2001 deitas
678 1979 704 2000 et
720 1973 882 2005 substantia,
903 1976 943 2001 vel

167 2020 279 2046 essentia
295 2024 324 2046 et.
339 2020 500 2046 substantia.
514 2019 588 2046 Licet
605 2019 685 2053 igitur
700 2018 770 2045 idenl
795 2019 943 2045 essentiam

167 2070 196 2090 ac
215 2065 399 2091 substantiam
415 2065 503 2091 dicere
515 2065 661 2091 secundum
677 2071 732 2090 rem
752 2069 784 2097 ,ct
813 2055 887 2091 alliud
900 2072 945 2091 cs-

168 2110 371 2141 sentiant,aliud
384 2110 560 2137 substantiam
590 2111 734 2138 secundum
766 2111 944 2144 signiﬁcatita

170 2162 253 2181 rerum
269 2155 390 2183 nomina.
404 2155 435 2182 Et
453 2161 597 2189 utrumque
610 2160 697 2182 tamen
714 2164 805 2183 verum
821 2147 870 2183 cst.
888 2156 944 2183 Non

170 2199 236 2225 enim
252 2201 401 2227 secundum
416 2200 486 2227 idem
505 2201 585 2227 etiam
616 2201 694 2227 alulio
706 2202 732 2227 ill
754 2205 881 2235 quantuni
906 2209 948 2228 cs—

170 2246 249 2271 seulia
263 2245 371 2279 quidem
383 2253 526 2272 commune
549 2245 704 2280 signiﬁcat,
731 2251 758 2272 et
784 2247 854 2272 idem
876 2247 946 2280 quod

171 2296 224 2316 .rnt
241 2298 311 2317 esse.
332 2290 488 2318 Substantia
500 2298 564 2318 vero
589 2291 670 2322 idem,
683 2291 748 2318 etad
764 2291 864 2325 aliquid
877 2299 946 2325 qun-

172 2334 310 2362 dammodo
335 2335 436 2363 habens
450 2336 490 2362 vel
503 2335 648 2370 gignelltis,
663 2336 702 2362 vel
717 2336 810 2370 geniti,
829 2337 868 2363 vel
883 2344 946 2372 pro—

172 2383 289 2407 L‘dtlclllis
316 2381 357 2407 vel
373 2381 494 2414 producti
510 2381 624 2407 ratione.

209 2425 308 2452 Dictum
324 2431 366 2453 est
380 2432 467 2454 autent
489 2435 504 2453 :t
519 2427 622 2454 sanctis
640 2435 692 2454 nott
711 2427 780 2455 idem
800 2427 944 2455 essentiam

175 2478 232 2497 «ηδε
245 2474 327 2506 atque
340 2472 528 2504 substantiam,
545 2477 652 2506 propter
664 2471 806 2499 Sabellium
821 2475 946 2501 maxime.

178 2516 222 2542 lla:
244 2518 315 2544 enim
339 2524 419 2544 unam
440 2524 583 2553 personant
610 2518 690 2545 Deum
712 2526 772 2545 esse
796 2519 946 2551 conﬁtens,

177 2562 239 2588 idean
256 2563 282 2588 in
300 2563 353 2589 Duo
367 2570 425 2590 esse
447 2564 626 2591 substantiam
648 2569 675 2592 et
693 2565 839 2592 essentiam
854 2573 948 2592 secun-

177 2607 234 2632 dum
259 2615 327 2640 rent,
350 2613 377 2635 et
401 2609 517 2637 libenter
541 2609 648 2644 quidem
675 2611 863 2638 conﬁtebatur.
893 2611 948 2638 lloc

177 2653 241 2679 enim
257 2654 294 2680 illi
311 2655 426 2682 maxime
441 2655 473 2681 ad
491 2655 515 2681 id
532 2655 602 2689 quod
624 2655 798 2688 moliebatur,
825 2657 948 2684 contere-

179 2699 257 2726 teli-tt.
271 2699 438 2727 Substaulias
449 2708 513 2727 νει-ο
525 2708 571 2727 seu
586 2708 714 2735 personas
726 2701 867 2729 relativum
878 2709 948 2735 CSse,

209 2790 262 2825 (53)
282 2791 387 2819 Accipit
405 2793 583 2820 Substautialn
600 2801 648 2828 pro
667 2793 817 2828 bypostasi.

963 2171 984 2198 ι)
999 2167 1072 2192 esse,

997 881 1055 906 mia'
1069 880 1191 911 trahunt,
1208 888 1240 906 et
1256 888 1286 907 eo
1297 901 1304 912 ,
1320 881 1388 914 quod
1405 883 1431 907 in
1454 881 1504 915 ﬁde
1519 882 1645 915 scriptum
1660 883 1694 909 ait
1721 892 1729 909 :
1749 883 1781 910 Si

996 926 1052 958 quis
1071 930 1157 952 autent
1176 934 1206 952 e1:
1231 928 1283 952 alia
1306 928 1417 953 essentia
1449 928 1501 953 sive
1517 923 1663 954 substanlitt
1677 928 1779 954 Filium

996 977 1050 995 esse
1059 969 1165 1001 dixerit,
1184 970 1251 995 [tunc
1273 970 1478 996 anatlzematizat
1494 971 1621 997 catholica
1636 976 1660 998 et
1673 977 1779 1005 aposto-

1000 1014 1051 1039 lica
1067 1013 1196 1040 Ecclesia.
1218 1013 1278 1040 Non
1295 1015 1362 1040 enim
1383 1015 1436 1041 illic
1455 1016 1522 1042 idem
1538 1016 1669 1048 dixerunt,
1692 1025 1779 1044 eoscu-

997 1059 1060 1085 tium
1080 1064 1156 1093 atque
1176 1060 1368 1086 sttbstantiatn.
1385 1059 1414 1087 Si
1428 1061 1495 1087 enim
1515 1069 1594 1087 unum
1615 1068 1692 1096 atque
1707 1071 1779 1089 eam-

997 1104 1053 1129 dem
1071 1104 1270 1138 intelligentiam
1288 1105 1452 1132 insinuareut
1478 1114 1569 1138 uoces,
1590 1107 1652 1140 quid
1675 1116 1778 1136 ltecesne

996 1155 1051 1176 erat
1069 1158 1083 1176 u
1097 1159 1189 1181 rusque
1212 1153 1328 1183 ponere?
1353 1151 1462 1178 Constat
1489 1160 1546 1178 raro
1573 1154 1696 1186 quoniam
1718 1156 1778 1181 aliis

997 1195 1100 1228 quidem
1124 1203 1155 1221 (τῖε
1183 1195 1271 1221 Putris
1293 1196 1366 1222 illum
1393 1198 1506 1223 essentia
1526 1205 1581 1223 esse
1601 1199 1752 1232 negantibus
1769 1219 1776 1230 ,

997 1240 1056 1265 aliis
1081 1249 1137 1266 vero
1150 1241 1303 1271 dicentibus.
1325 1242 1386 1275 quia
1404 1250 1483 1275 neque
1502 1250 1533 1268 ex
1550 1244 1672 1273 essentia,
1697 1251 1776 1272 neque

996 1295 1026 1312 er.
1046 1288 1189 1312 sztltslaltlitl
1203 1293 1279 1320 esset;
1292 1288 1329 1313 ita
1358 1295 1468 1320 utraque
1485 1293 1512 1314 at
1529 1289 1614 1315 aliena
1640 1289 1672 1315 ab
1697 1290 1778 1315 cccle-

996 1333 1104 1358 siastvt'a
1125 1333 1299 1367 intrlligentia
1318 1333 1520 1360 interdixeruut.
1549 1333 1598 1360 Ubi
1620 1336 1689 1361 enim
1715 1342 1775 1361 sen-

997 1386 1054 1403 sum
1079 1387 1155 1404 suum
1176 1385 1368 1413 expresserunt,
1388 1387 1419 1406 ετ
1436 1379 1525 1406 Patris
1542 1381 1656 1406 essentia
1676 1380 1774 1406 Filium

997 1423 1131 1454 dixerunt;
1149 1423 1266 1457 nonjam
1287 1423 1439 1458 adjicieutes
1459 1430 1483 1450 et
1497 1432 1528 1450 ex
1542 1425 1700 1452 substantia.
1718 1424 1776 1451 lla-

996 1475 1045 1501 quo
1070 1472 1093 1493 et
1120 1467 1186 1493 illud
1214 1467 1318 1501 quidem
1345 1476 1391 1502 pro
1420 1469 1560 1495 abolitione
1586 1471 1706 1502 pessima:
1731 1470 1775 1495 in-

996 1513 1146 1547 telligentiae
1168 1513 1282 1547 positum
1303 1518 1353 1544 est,
1373 1514 1420 1540 hoc
1439 1518 1524 1540 autent
1542 1513 1662 1540 salutare
1679 1513 1774 1548 dogma

993 1558 1157 1592 manifestat.

1029 1615 1086 1642 Hoc
1102 1616 1128 1649 in
1143 1615 1201 1642 loco
1212 1621 1325 1648 magnus
1338 1613 1451 1641 Basilius
1463 1613 1615 1641 dicentibus
1628 1613 1774 1641 Pntribtls:

994 1660 1022 1687 Si
1038 1661 1098 1695 quis
1111 1667 1175 1686 vero
1187 1659 1294 1691 dixerit,
1309 1666 1343 1686 ex
1358 1659 1409 1685 alia
1423 1659 1550 1691 essentia,
1567 1666 1614 1686 seu
1625 1659 1777 1685 substantia

994 1705 1102 1737 Filium,
1117 1705 1188 1732 hunc
1203 1705 1413 1731 anathematizat
1431 1704 1563 1731 catholica
1587 1709 1612 1731 et
1629 1705 1775 1738 apostolica

994 1751 1175 1784 Ecclesia,eos
1185 1751 1230 1786 qui
1250 1751 1311 1778 hinc
1327 1749 1514 1781 conﬁciebant,
1540 1749 1609 1776 idem
1635 1756 1695 1776 esse
1709 1750 1779 1775 sub-

993 1797 1118 1825 stantiam
1158 1801 1237 1831 atque
1262 1797 1406 1824 essentiam
1423 1816 1431 1828 ,
1447 1795 1537 1829 culpat
1577 1800 1604 1821 et
1636 1796 1674 1822 ait
1693 1804 1700 1820 :
1718 1794 1776 1821 Non

994 1845 1078 1876 enim,
1090 1844 1152 1878 quia
1170 1845 1371 1875 illicdixerunt,
1389 1851 1421 1870 cx
1440 1843 1492 1869 alia
1509 1843 1634 1872 essentia.
1648 1842 1704 1869 sive
1714 1842 1778 1868 sub—

995 1891 1102 1920 stantia.
1129 1891 1190 1917 inde
1216 1891 1349 1924 colligitur
1386 1890 1457 1916 idem
1487 1896 1546 1916 esse
1572 1889 1715 1915 essentiam
1737 1894 1778 1913 at-

995 1944 1048 1970 que
1063 1936 1240 1962 substantiam
1257 1944 1264 1967 ;
1279 1936 1327 1962 sed
1349 1935 1525 1968 quorumdam
1543 1933 1684 1967 opiniones
1702 1931 1779 1957 lalla-

996 1990 1040 2007 ccs
1051 1982 1084 2007 ab
1099 1981 1218 2008 Ecclesia
1232 1981 1401 2008 eliminantes
1415 1998 1422 2010 ,
1446 1979 1567 2012 utrisque
1583 1977 1642 2004 istis
1665 1977 1778 2004 vocibus

996 2025 1035 2051 usi
1053 2030 1125 2052 sunt.
1144 2025 1172 2052 Si
1188 2026 1258 2052 cnitn
1276 2025 1345 2051 idem
1357 2025 1441 2050 anlba-
1454 2024 1649 2057 signiﬁcarent,
1665 2029 1779 2048 necesse

996 2071 1114 2104 proiecto
1133 2079 1183 2096 ttott
1206 2075 1264 2097 erat
1282 2076 1409 2103 utrasque
1435 2075 1545 2103 ponere.
1570 2068 1623 2094 Sed
1649 2068 1777 2101 quoniam

997 2115 1042 2141 alii
1066 2115 1173 2149 quidem
1205 2113 1338 2147 negabant
1368 2120 1398 2138 cx
1424 2112 1512 2138 Patris
1535 2111 1651 2138 essentia
1678 2111 1779 2138 Filium

1118 2158 1226 2193 Quidum
1252 2165 1317 2185 vero
1338 2165 1425 2192 neque
1438 2165 1471 2184 ex
1491 2158 1620 2189 ess-uitia,
1641 2164 1727 2191 neque
1743 2165 1778 2184 ex

998 2204 1149 2232 substantia
1175 2203 1263 2231 Patris
1294 2203 1366 2230 illuni
1397 2210 1456 2230 esse
1483 2202 1648 2232 fatebantur,
1675 2202 1780 2228 idcirco

998 2255 1110 2283 utraque
1125 2249 1335 2281 ittterdixerunl,
1353 2256 1401 2282 pro
1420 2248 1555 2276 deletione
1565 2249 1687 2282 pessimae
1698 2248 1777 2273 intel-

998 2294 1113 2328 ﬁgentia:
1140 2295 1305 2321 anathemati
1338 2293 1529 2327 subjicieutes,
1553 2294 1574 2319 si
1598 2292 1659 2326 quis
1679 2300 1711 2319 cx
1724 2292 1779 2319 alia

998 2341 1115 2368 essentia
1128 2341 1185 2367 sive
1197 2341 1345 2368 substantia
1359 2340 1455 2367 Filium
1474 2340 1585 2367 dixerit.

1033 2386 1071 2413 Et
1081 2386 1228 2421 quotliquet
1239 2391 1361 2413 sanctum
1379 2386 1549 2417 concludere,
1568 2391 1619 2411 non
1634 2383 1703 2410 idettt
1716 2390 1748 2410 es
1762 2390 1781 2410 e

999 2433 1144 2460 essentiam
1163 2437 1242 2466 atque
1267 2433 1456 2459 substantiam.
1485 2431 1559 2463 Quod
1578 2430 1686 2465 quidam
1707 2436 1779 2463 pra:-

1002 2483 1041 2505 ter
1056 2478 1142 2505 sancti
1158 2478 1207 2504 viri
1221 2478 1399 2505 itttcnlionent
1429 2481 1629 2510 perverleutes,
1655 2476 1679 2501 iu
1696 2475 1781 2510 pluri-

1002 2530 1060 2549 mas
1077 2523 1257 2550 absurditates
1273 2522 1407 2549 incidunt.
1436 2522 1529 2556 Neque
1545 2521 1615 2548 enini
1643 2521 1702 2548 illos
1719 2521 1780 2548 col-

1002 2572 1057 2602 pat,
1083 2569 1153 2602 quod
1186 2569 1333 2595 secundum
1375 2575 1431 2594 rem
1461 2567 1531 2594 idem
1554 2574 1613 2594 esse
1636 2571 1781 2593 essentiam

1001 2617 1081 2647 atque
1097 2613 1271 2640 substantiam
1293 2613 1421 2644 dixerint;
1451 2612 1501 2639 hoc
1516 2612 1587 2638 euitn
1612 2619 1704 2638 verum
1721 2618 1786 2638 esse

1003 2658 1103 2685 veritas
1122 2666 1178 2693 ipsa
1194 2666 1253 2685 cunt
1270 2658 1373 2685 sanctis
1391 2657 1518 2684 Patribus
1529 2657 1657 2691 loquitur,
1672 2657 1784 2691 ipseque

1004 2706 1029 2733 in
1046 2705 1157 2740 epistola
1174 2705 1206 2732 ad
1225 2705 1382 2740 Gregoriuttt
1405 2704 1515 2732 fratrem
1549 2707 1695 2731 attestatur
1710 2711 1718 2735 ;
1736 2701 1785 2729 sed
