1934 3063
157 118 207 149 1οἶ

782 115 975 145 ΜΑΧΙΪΕΗΞ
996 113 1146 144 (IALEC/E

1723 115 1782 146 1οι

153 175 231 209 ιιιιίειι
248 173 394 201 secundum
420 173 549 199 rationem
564 192 571 203 .
596 171 652 199 sive
674 171 811 198 nominum
831 171 932 205 Sigll~li-
950 174 972 200 Α
1021 169 1106 196 Porro
1118 172 1270 196 sis-auctam
1285 169 1425 204 lsaac(54)
1437 170 1700 204 proteratdiceutetu
1714 171 1789 197 :llle

155 220 308 250 catiouem,
341 219 410 245 idem
438 217 584 245 essentiam
615 221 642 243 et
670 216 849 244 substantiam
879 223 940 243 esse

156 266 308 300 putabant:
326 268 352 291 et
381 271 432 290 non
458 267 486 289 ιιι
503 263 560 297 ipse
584 262 630 294 ait,
659 262 805 289 essentiam
832 261 941 296 quidem

158 311 191 338 ad
220 316 372 341 commune,
400 314 429 336 ut
455 308 615 342 simpliciter
637 308 772 335 ducebant
790 316 796 333 :
816 308 943 334 substan-

159 357 224 383 tiam
253 363 326 387 vero,
353 359 442 382 notant
469 354 602 388 propriam
629 353 656 380 in
681 361 723 386 eo,
754 353 823 388 quod
852 353 943 387 aliquo

159 401 239 428 modo
263 401 296 428 ad
317 401 388 427 aliud
411 399 534 430 haberet,
561 398 735 430 definiebant,
762 404 788 425 et
819 400 852 425 ab
869 404 942 426 utro-

158 453 211 480 quo
229 445 366 472 nominum
384 451 464 470 unam
487 443 665 479 eamdemque
681 444 824 478 capiebant
842 444 943 471 intelli-

158 491 275 525 gentiam
297 497 343 524 per
355 497 437 524 quam
455 496 610 523 processus,
630 489 836 524 relationesque,
852 490 945 517 simul-

157 543 210 570 que
225 540 280 562 tres
292 542 431 569 personas,
447 541 507 561 esse
525 535 607 562 Deum
623 534 796 562 auferebam.

194 580 286 614 Itaque
315 580 480 606 conﬁtentur
511 580 620 614 quidem
653 579 781 607 Ecclesiae
811 581 944 614 magistri,

161 625 229 652 idem
245 625 389 652 essentiam
406 629 433 652 et
453 625 634 652 substantiant
650 632 709 652 esse
727 634 734 651 :
751 631 777 652 et
792 626 871 652 iidetn
886 634 944 653 rur-

160 677 206 697 sus
217 675 328 705 negant.
342 677 394 697 tton
408 670 478 697 idem
493 676 554 698 esse
567 670 746 697 substantiam
758 674 840 705 atque
851 678 945 698 essen-

161 716 226 742 tiam
238 716 378 749 dicentes,
395 723 448 743 non
466 716 612 743 secundum
642 716 712 743 idem
732 721 758 744 et
773 718 864 750 ambo,
874 718 946 744 sicut

161 761 262 788 diettutt
283 767 323 788 est
338 769 347 794 ;
363 761 607 788 contradictionem
630 762 702 789 enim
720 762 747 789 in
762 764 856 790 eodem
875 771 946 790 nun-

160 813 241 840 quam
263 806 340 832 sintul
364 813 454 833 veram
471 813 532 834 esse
551 814 641 840 posse.
659 807 739 836 Aliud
756 808 827 836 enim
845 816 944 837 secun-

162 850 226 876 dutn
243 850 310 882 rein,
327 850 399 877 aliud
417 850 566 877 secundum
587 858 685 878 nomen
706 851 847 886 accipitur.

199 895 299 923 Deinde
308 895 408 929 adjicit,
417 897 486 929 quod
503 895 546 922 ubi
562 903 639 923 suum
651 895 745 924 Patres
756 905 864 925 sensum
876 897 948 925 indi-

162 948 225 968 care
244 942 398 973 voluerunt,
413 942 542 969 dixerunt
558 949 589 969 ex
608 942 696 970 Patris
711 944 827 970 essentia
837 943 948 977 Filium,

163 987 231 1014 satis
256 994 317 1015 esse
340 993 502 1021 putaverunt
527 988 561 1015 ad
587 988 789 1022 insinuandum,
810 988 869 1016 Filii
886 990 948 1017 sub-

165 1031 295 1058 stantiam
322 1039 356 1059 ex
378 1031 458 1060 Patre
476 1040 556 1060 esse:
578 1040 609 1060 ac
624 1033 756 1068 proxime,
776 1034 858 1061 veluti
875 1034 897 1061 si
908 1034 949 1061 di-

164 1082 282 1110 cerctur,
295 1085 356 1105 eum
372 1085 431 1106 esse
442 1085 473 1106 ex
491 1083 602 1114 paterna
620 1080 782 1109 substantia.
799 1080 857 1108 lioe
877 1081 948 1108 enim

166 1124 412 1152 manifestatiouem
432 1125 532 1152 habere
548 1126 675 1153 salutaris
691 1126 825 1161 dogmatis
838 1134 949 1155 asseve-

165 1174 234 1196 rant.
249 1169 375 1197 Salutare
389 1175 478 1197 autem
491 1171 587 1205 dogma
602 1175 657 1204 est,
682 1179 715 1198 ex
730 1172 810 1199 Patre
826 1173 950 1200 substan-

166 1214 231 1240 tiam
250 1215 350 1242 habere
365 1215 473 1247 Filium,
499 1216 648 1244 nativitatis
674 1218 777 1245 ratione
801 1218 923 1245 conﬁteri
941 1227 947 1244 :

164 1260 419 1288 consubstantialem
439 1261 542 1288 scilicet
557 1262 593 1293 ei,
612 1269 644 1288 ex
661 1269 715 1296 quo
731 1266 784 1295 est,
801 1263 871 1297 quod
886 1270 950 1290 sane

167 1304 262 1339 dogma
282 1305 394 1332 indicari
416 1306 482 1333 dixit
504 1314 537 1334 ex
560 1314 601 1341 eo,
618 1307 690 1342 quod
717 1308 819 1335 dictum
838 1314 892 1341 est,
917 1317 950 1336 ex

166 1348 255 1376 Patris
267 1351 378 1377 essentia
395 1350 495 1378 Filium
516 1361 582 1380 esse.
597 1353 668 1380 Idem
684 1361 749 1389 ergo
760 1360 845 1382 estex
861 1353 950 1382 Patris

165 1395 298 1427 essentia,
325 1399 407 1430 atque
424 1404 456 1423 ex
479 1396 567 1424 Patris
582 1399 733 1426 substantia
756 1400 856 1427 dicere.
877 1400 949 1427 ldetu

168 1446 200 1465 ex
227 1441 345 1466 essentia
368 1447 449 1475 atque
475 1442 625 1469 substantia
648 1448 700 1475 est,
716 1445 862 1471 secundutn
882 1452 948 1471 rem.

168 1483 199 1510 Et
211 1485 326 1512 essentia
341 1485 429 1513 Patris
444 1487 594 1514 substantia
611 1492 652 1515 est
672 1488 768 1517 Patris.

205 1528 336 1562 Quoniam
361 1531 441 1564 igitur
465 1536 489 1559 et
511 1531 629 1567 Spiritus
644 1539 754 1561 sanctus
776 1541 807 1562 ex
826 1534 886 1562 Filii
913 1543 956 1564 es-

169 1574 255 1601 sentia
279 1576 422 1608 asserilur,
437 1576 521 1610 liquet
539 1578 633 1610 etiam,
655 1580 725 1612 quod
751 1587 783 1606 ex
807 1580 955 1608 substantia

169 1619 240 1646 illius
249 1620 284 1647 sit
297 1628 303 1645 :
318 1628 403 1655 neque
412 1621 483 1648 enim
495 1627 535 1649 est
545 1622 585 1649 vel
597 1624 712 1651 essentia
724 1625 780 1652 sine
793 1626 955 1659 substantia,

170 1664 210 1691 vel
242 1664 390 1692 substantia
414 1666 472 1694 sine
501 1668 629 1695 essentia.
658 1668 785 1702 Quamvis
816 1675 843 1698 et
871 1672 956 1706 prima

169 1708 289 1742 synodus
304 1709 332 1736 itt
357 1710 418 1737 ﬁdei
435 1710 564 1745 Symbolo
581 1713 621 1739 sic
637 1714 756 1741 tradidit:
773 1714 909 1741 Creditum
931 1722 955 1743 et

169 1750 196 1781 iu
221 1752 319 1782 Filium
343 1754 390 1782 Dei
418 1761 507 1783 natum
538 1764 571 1785 ea:
586 1756 675 1791 Patre,
691 1759 852 1788 videlicetw
867 1760 956 1789 Putris

169 1801 293 1827 essentia.

206 1844 317 1873 Constat
330 1846 409 1881 igitur
426 1855 472 1882 per
485 1850 586 1880 omnia,
597 1851 669 1884 quod
686 1851 741 1878 sive
749 1859 780 1878 es
794 1852 853 1879 Filii
864 1861 956 1880 esseu—

171 1889 206 1916 tia
220 1890 336 1924 Spiritus
348 1893 455 1925 dicit-ur,
467 1894 524 1920 sive
539 1902 570 1921 ex
594 1894 669 1928 Filio,
688 1897 744 1924 sive
757 1905 789 1924 ex
805 1897 865 1924 Filii
890 1901 955 1926 sult—

171 1939 279 1969 stantia,
291 1938 451 1967 uiltildiifert
461 1939 492 1967 ad
504 1940 745 1974 ejussubstantiatn
757 1943 954 1972 insittuaudant.

170 1983 398 2015 Quemadmodum
422 1987 494 2012 enim
507 1994 539 2013 ex
551 1994 583 2014 eo
597 1988 667 2021 quod
680 1989 778 2015 dictum
794 1995 845 2023 εει,
858 1990 954 2018 Filium

171 2037 231 2056 esse
245 2038 277 2057 ex
293 2030 381 2058 Patris
399 2033 529 2064 essentia,
547 2033 698 2060 substantia
719 2035 788 2062 illius
818 2036 879 2063 itide
896 2044 955 2064 esse

171 2075 347 2110 intelligitur:
361 2077 397 2104 ita
409 2083 436 2104 et
452 2078 568 2111 Spiritus
581 2085 700 2111 sanctus,
711 2081 837 2115 quouiant
851 2089 882 2109 ex
895 2082 954 2110 Filii

169 2123 286 2149 essentia
304 2131 318 2149 a
335 2123 464 2158 theologis
490 2124 613 2158 traditur,
630 2133 662 2152 ex
679 2127 736 2161 ipso
750 2128 831 2154 etiam
855 2129 954 2156 habere

993 219 1067 248 pater
1078 219 1139 242 tuus
1150 221 1197 247 est,
1213 218 1236 241 et
1249 222 1280 241 ea:
1293 219 1387 241 natura
1405 220 1450 241 tua
1460 221 1499 242 est
1510 224 1520 248 ,'
1533 220 1560 242 at
1572 216 1597 242 id
1612 216 1717 250 quidem
1731 217 1787 243 dici

996 261 1035 288 fas
1044 261 1129 293 est,in
1141 261 1239 295 quibus
1251 260 1339 287 nullus
1353 260 1420 287 ordo
1434 262 1609 295 conspicitur,
1620 261 1713 289 divisis
1725 263 1786 297 qui-

994 308 1053 333 dem
1070 305 1217 334 secundum
1230 306 1382 336 materiam,
1400 306 1482 333 unitis
1502 311 1591 333 autem
1615 307 1789 335 solummodo

996 353 1111 380 termino
1125 357 1227 379 naturae
1239 352 1370 384 mortalis,
1382 359 1429 386 per
1443 359 1522 386 quam
1540 352 1789 381 invicem'c0u5ub-

996 398 1137 425 stantiales
1163 397 1310 424 secundum
1328 397 1532 425 conversionem
1550 398 1583 424 ad
1607 396 1722 426 invicem
1741 399 1788 426 dio

995 449 1104 476 cuntur,
1115 448 1142 470 et
1157 443 1302 471 secundum
1316 450 1395 477 quant
1419 443 1604 478 unusquisque
1625 450 1656 470 cx
1671 445 1788 478 proximi

996 496 1102 524 ua'ura,
1111 489 1192 515 veluti
1201 496 1233 516 ex
1244 490 1360 523 quodam
1368 488 1500 522 subjecto,
1512 490 1537 516 in
1547 490 1654 524 propria
1664 491 1789 517 subslan-

997 535 1044 566 tia,
1054 523 1085 561 ac
1096 534 1176 561 veluti
1186 541 1217 560 ex
1231 538 1285 560 loto
1299 541 1361 567 pars
1377 533 1487 560 abusive
1497 523 1641 563 diceretur.
1651 535 1790 562 Caeterum

996 580 1023 606 iu
1033 584 1124 607 sancta
1134 578 1277 611 Trinitate,
1284 586 1344 606 cutn
1352 587 1403 606 una
1411 579 1445 606 sit
1452 587 1483 606 ac
1490 579 1687 614 simplicissima
1698 589 1791 608 esseu-

999 623 1267 658 tia,diﬂ‘erentiaque
1289 624 1348 650 solo
1368 631 1542 658 personarum
1559 626 1592 652 ab
1605 625 1720 652 invicem
1743 633 1790 653 or-

996 669 1059 696 dine
1084 662 1260 703 inspieiatur,
1287 669 1434 696 secundum
1466 669 1567 697 scilicet
1592 670 1787 698 substantiales

998 715 1103 741 illarum
1131 720 1288 748 processus,
1319 714 1544 748 quemadmodum
1568 714 1734 749 impossibile
1745 722 1790 744 est

996 760 1103 787 Patrem
1132 768 1163 786 ex
1180 759 1250 786 Filio
1264 765 1290 786 et
1305 767 1338 786 ex
1366 759 1428 787 Filii
1452 760 1568 787 essentia
1596 761 1660 793 dici,
1676 766 1702 788 et
1716 766 1791 788 certe

997 813 1058 832 cum
1083 812 1134 832 una
1151 805 1184 832 sit
1198 805 1347 838 eademque
1366 805 1486 832 essentia
1504 805 1589 832 Patris
1603 813 1634 833 ac
1659 806 1729 837 Filii,
1753 807 1791 833 ita

999 849 1126 884 possibile
1142 857 1194 876 non
1206 854 1247 877 est
1259 848 1358 876 Filium
1372 856 1402 877 ex
1420 849 1536 884 Spiritus
1548 850 1604 877 sive
1626 851 1658 877 de
1672 850 1791 885 Spiritus

999 894 1150 923 substantia
1168 902 1286 929 unquam
1312 895 1364 922 dici
1383 899 1491 930 propter
1506 895 1608 922 ordinis
1630 896 1788 928 terminum,

997 941 1147 969 secundum
1165 948 1246 976 quem
1262 947 1295 967 ex
1309 940 1389 968 Patre
1404 948 1452 975 per
1467 940 1564 968 Filiqu
1587 942 1718 975 procedit.

1033 986 1263 1020 Quemadmodum
1288 986 1381 1013 eadem
1403 986 1507 1013 ratione
1536 985 1633 1013 Flliulll
1651 994 1682 1014 ex
1711 987 1791 1014 Patre

999 1041 1046 1068 per
1083 1031 1214 1067 Spiritum
1253 1031 1326 1066 gigni
1364 1039 1518 1060 asseverare
1547 1040 1599 1058 non
1634 1040 1789 1067 possumus.

999 1078 1131 1112 Quocirca
1141 1078 1190 1104 rite
1201 1077 1302 1104 dictutn
1312 1081 1353 1104 est
1366 1085 1373 1103 :
1383 1077 1464 1104 Filius
1477 1077 1562 1105 sancti
1576 1077 1693 1112 Spiritus
1704 1085 1791 1111 neque

999 1128 1050 1155 cst,
1070 1130 1155 1158 neque
1171 1123 1279 1154 dicitur,
1305 1129 1392 1156 neque
1418 1125 1586 1151 convertitur
1612 1124 1718 1151 ltabitus
1739 1123 1789 1150 ista

1000 1169 1204 1203 consequentia.

1035 1216 1146 1243 Constat
1162 1220 1251 1242 autetn
1266 1223 1298 1242 ex
1318 1214 1360 1241 ltis
1381 1222 1440 1249 qua:
1456 1215 1527 1242 dicta
1553 1220 1634 1249 sunt,
1662 1219 1689 1243 et
1715 1215 1787 1251 quod

1001 1268 1112 1296 magnus
1124 1261 1287 1287 Athanasius
1306 1260 1408 1287 idcirco
1423 1260 1459 1287 ait
1472 1269 1479 1287 :
1496 1259 1536 1287 Ea:
1557 1260 1636 1288 Patre
1651 1263 1790 1295 prouder-cz

1000 1306 1096 1332 dicitur
1108 1326 1115 1339 ,
1127 1305 1250 1340 quoniam
1262 1313 1278 1332 α
1292 1304 1374 1332 Verbo
1382 1305 1487 1337 emicat,
1499 1310 1524 1332 et
1537 1305 1690 1338 mittitur,et
1700 1306 1789 1332 datur.

1001 1351 1094 1386 Itaque
1108 1351 1159 1378 nisi
1174 1358 1220 1386 per
1241 1350 1358 1378 Verbum
1381 1351 1454 1377 illum
1474 1350 1554 1378 Pater
1577 1351 1723 1383 emitteret,
1745 1359 1791 1378 ne-

1001 1406 1135 1432 quaquam
1150 1401 1221 1424 esset
1234 1403 1266 1423 ex
1278 1396 1356 1423 Patre
1372 1397 1522 1430 procedens
1534 1415 1541 1422 .
1555 1395 1708 1430 Proprietas
1718 1396 1790 1422 enim

1002 1443 1131 1478 Spiritus,
1145 1448 1173 1470 ut
1186 1443 1317 1475 diximus,
1330 1449 1371 1469 est
1387 1450 1418 1469 ex
1433 1441 1511 1469 Patre
1526 1449 1572 1476 per
1583 1440 1680 1468 Filium
1695 1448 1791 1476 proce-

1001 1489 1075 1521 dere,
1094 1489 1150 1516 sive
1169 1496 1201 1516 ex
1225 1489 1311 1523 primo
1335 1495 1381 1522 per
1400 1487 1515 1515 ntedium
1531 1494 1602 1520 esse,
1627 1493 1728 1522 perque
1741 1487 1791 1513 ltu-

1005 1535 1122 1570 jusmodi
1136 1541 1291 1569 processum
1303 1534 1450 1568 procedens
1464 1537 1514 1560 est.
1526 1532 1609 1560 Filius
1625 1533 1695 1559 enim
1708 1537 1790 1565 esset,

1007 1582 1030 1609 si
1048 1589 1080 1608 ex
1096 1580 1176 1608 Patre
1188 1581 1245 1608 sine
1261 1581 1349 1607 medio
1364 1580 1532 1614 procederet.
1555 1578 1633 1610 Nam,
1657 1585 1689 1604 ex
1712 1576 1792 1605 Patre

1007 1635 1067 1654 esse
1081 1627 1140 1653 sine
1166 1626 1263 1658 tnedio,
1281 1626 1432 1660 proprietas
1460 1623 1519 1651 Filii
1540 1629 1591 1655 est,
1620 1623 1689 1650 sicut
1712 1624 1791 1650 etiattt

1008 1679 1088 1707 supra
1108 1672 1266 1699 docuimus.
1293 1670 1431 1703 Quomodo
1458 1677 1522 1705 ergo
1534 1677 1587 1696 nou
1610 1675 1699 1697 essea
1725 1668 1792 1696 Filio

1007 1719 1122 1749 dicatur,
1153 1718 1197 1751 qui
1228 1717 1328 1743 idcirco
1353 1717 1452 1743 dicitur
1466 1723 1498 1743 ex
1526 1715 1605 1742 Patre
1630 1715 1788 1749 procedere,

1007 1763 1069 1800 quia
1088 1769 1114 1791 et
1128 1772 1141 1791 a
1172 1762 1240 1791 Filio
1257 1769 1283 1791 ct
1297 1770 1344 1799 per
1360 1762 1456 1791 Filium
1477 1761 1540 1790 est?
1556 1760 1588 1789 Et
1615 1761 1679 1789 illud
1698 1761 1789 1790 itidem

1007 1816 1131 1844 constat,
1159 1813 1221 1845 quin
1251 1810 1388 1843 procedere
1424 1813 1452 1836 et
1488 1810 1602 1836 emicare
1633 1809 1702 1835 idem
1736 1815 1793 1834 esse

1007 1857 1153 1882 arbitratur
1173 1855 1347 1882 Athanasius.
1368 1854 1556 1881 idcirtoenim
1569 1856 1606 1881 ait
1627 1853 1792 1881 :Pracedrre

1006 1909 1023 1926 a
1043 1899 1122 1926 Patre
1139 1900 1245 1932 dicitur,
1257 1899 1381 1934 quoniam
1403 1907 1418 1925 α
1436 1898 1517 1925 Verbo
1529 1898 1636 1930 emicat,
1658 1898 1734 1932 quasi
1754 1898 1794 1924 di-

1006 1951 1100 1978 ceret,
1125 1945 1188 1972 ldeo
1215 1947 1365 1980 pint-edens
1388 1952 1439 1977 est,
1467 1946 1574 1979 quian
1592 1944 1671 1972 Patre
1687 1952 1733 1979 per
1748 1943 1794 1971 Fi-

1007 1992 1071 2019 lium
1092 1991 1293 2026 proccdit;ttisi
1313 1992 1383 2018 ettim
1399 1999 1447 2026 per
1464 1990 1560 2017 Filium
1572 2012 1580 2023 ,
1600 1998 1734 2025 nunquam
1752 1990 1792 2017 di-

1005 2042 1112 2063 ceretur
1133 2044 1163 2063 es
1184 2036 1262 2063 Patre
1278 2036 1432 2070 procesere,
1453 2035 1500 2062 sed
1521 2035 1607 2062 nasci.

1046 2081 1074 2108 Si
1089 2082 1172 2113 enim,
1190 2088 1218 2108 ut
1236 2081 1343 2115 quidam
1360 2081 1462 2112 volunt.
1482 2080 1599 2108 emicare
1614 2080 1684 2115 quod
1696 2080 1743 2112 ait,
1764 2080 1794 2106 de

1007 2127 1165 2161 temporali,
1184 2134 1264 2161 quem
1294 2126 1331 2153 illi
1359 2126 1540 2156 introducunt,
1559 2133 1685 2160 praeessu
1714 2125 1792 2153 intel-

170 2167 348 2195 substantiatu
372 2169 536 2202 insinuatur,
553 2172 700 2198 secundum
723 2180 801 2207 quam
821 2181 853 2201 ex
880 2175 958 2202 Patre
974 2169 994 2195 Β
1011 2173 1054 2208 ligi
1084 2173 1187 2204 voluit,
1219 2181 1300 2206 quatit
1326 2172 1456 2199 rationent
1485 2171 1631 2204 habuisset,
1658 2172 1738 2198 simul
1758 2172 1792 2198 ita

172 2220 218 2247 per
238 2213 334 2241 Filium
353 2216 485 2248 procedit,
515 2222 539 2242 et
564 2219 710 2244 secundum
743 2227 821 2253 quam
850 2221 883 2247 ab
904 2221 961 2254 ipso

173 2258 271 2286 habere
295 2267 355 2286 esse
375 2261 483 2287 dicitur.
502 2261 541 2288 Ae
560 2263 629 2288 sicut
651 2263 833 2292 intliﬂet-enter
847 2275 860 2292 a
888 2267 963 2293 theo-

173 2304 251 2337 logis,
284 2306 340 2331 sive
367 2313 399 2332 ex
418 2305 505 2333 Patris
533 2310 661 2341 esseut'a,
678 2310 738 2336 sire
763 2319 794 2337 ex
818 2312 875 2346 ejus
899 2312 963 2339 sub-

172 2350 272 2376 stantia
288 2349 371 2377 Filius
388 2351 494 2382 dicitur.
511 2353 543 2378 ad
559 2353 746 2382 insinttandaut
773 2356 830 2391 ejus
856 2365 887 2384 ett
912 2358 958 2384 il'o

172 2393 370 2422 substantiam:
388 2395 423 2422 ita
448 2402 473 2422 et
491 2396 619 2431 Spiritntn
633 2407 665 2425 ex
680 2399 758 2432 Filio,
774 2401 830 2428 sive
854 2410 887 2429 ex
900 2404 957 2437 ejus

172 2439 298 2469 essentia.
314 2439 369 2466 sive
389 2448 421 2466 ex
446 2441 593 2468 substantia
608 2443 694 2470 dicere
707 2444 887 2472 indifferenter
897 2454 957 2480 pos-

172 2489 265 2510 sumus
300 2484 333 2511 ad
361 2486 574 2519 ostendendum,
606 2488 679 2515 illum
706 2496 738 2516 ex
766 2489 834 2518 Filio
861 2492 958 2520 habere

173 2534 252 2560 esse;
267 2529 316 2555 nisi
331 2530 391 2562 quis
407 2530 439 2557 ad
453 2532 543 2558 omnia
561 2533 698 2567 impudens
709 2541 767 2561 csse
783 2535 854 2562 velit.

211 2574 238 2601 Si
253 2575 313 2609 quis
325 2580 412 2602 autent
430 2582 457 2604 et
468 2577 511 2604 hic
525 2585 572 2612 per
586 2579 635 2606 hoc
653 2580 764 2608 iudicari
781 2583 956 2609 consubstan-

173 2621 313 2648 tialitatcnt
339 2623 421 2656 dicat,
442 2623 524 2651 Filius
548 2630 620 2652 certe
647 2626 680 2654 de
702 2627 817 2662 Spiritus
839 2631 956 2656 essentia

174 2673 227 2692 nott
241 2666 350 2700 dicitur,
371 2675 459 2702 neque
485 2671 649 2697 convertitur
672 2671 776 2699 habitus
799 2673 847 2700 ista
863 2681 956 2700 conse-

171 2716 293 2745 quentia.
581 2716 585 2720 '

1008 2219 1191 2246 connectere?
1205 2217 1240 2244 Ut
1254 2219 1325 2245 enim
1339 2217 1411 2245 hunc
1424 2217 1506 2244 etiam
1524 2225 1584 2245 esse
1607 2216 1793 2250 concedamus,

1011 2264 1165 2299 temporalis
1182 2264 1226 2290 illa
1242 2264 1380 2298 processio
1402 2263 1466 2298 qttid
1489 2263 1521 2290 ad
1547 2270 1605 2290 eam
1620 2262 1795 2297 confert,qu:e

1011 2311 1069 2336 sine
1095 2316 1215 2344 tempore
1232 2309 1296 2336 est?
1320 2309 1442 2341 Quanam
1469 2316 1532 2336 vero
1559 2308 1661 2335 ratione
1686 2313 1795 2342 poneret

1012 2357 1081 2383 hanc
1108 2356 1280 2390 sempiternae
1297 2355 1370 2383 illius
1395 2355 1578 2391 processiouis
1591 2362 1650 2381 eSse
1668 2354 1806 2381 causam?

1012 2401 1112 2427 Omnes
1129 2401 1227 2435 quippe
1251 2401 1397 2434 novimus,
1422 2400 1546 2434 quoniam
1572 2400 1706 2426 eausalem
1735 2406 1794 2424 cou-

1010 2447 1178 2480 junrtioneut
1198 2454 1247 2480 pro
1264 2453 1345 2473 causa
1362 2446 1459 2480 accipi.
1476 2445 1534 2472 Non
1557 2445 1640 2477 cuitu,
1668 2445 1793 2478 quoniam

1013 2501 1026 2518 a
1056 2491 1124 2519 Ftlio
1153 2492 1340 2526 tetuporaliter
1369 2491 1478 2524 etttieat,
1507 2491 1567 2518 ideo
1592 2498 1606 2516 a
1638 2490 1716 2517 Patre
1740 2490 1794 2516 sive

1012 2541 1133 2572 tempore
1160 2538 1289 2571 procedit.
1310 2538 1370 2565 Ideo
1387 2543 1473 2564 tamen
1503 2544 1536 2563 eu
1560 2536 1641 2562 rerbo
1658 2544 1724 2563 usus
1743 2541 1792 2566 est,

1011 2589 1039 2610 ut
1056 2585 1182 2618 emicare,
1204 2592 1251 2619 pro
1268 2593 1310 2617 eo,
1326 2584 1396 2619 quod
1428 2589 1468 2612 est
1503 2585 1651 2618 procedere,
1677 2583 1792 2614 dicrrel;

1011 2631 1136 2664 qttoniattt
1153 2631 1284 2665 Spiritum
1311 2631 1518 2662 illuminantetn,
1544 2631 1624 2656 vitam
1639 2629 1791 2664 appellavit,

1010 2677 1162 2703 alternatim
1186 2678 1288 2704 scilicet
1314 2678 1491 2705 conversione
1527 2677 1653 2704 dictionis
1682 2681 1760 2701 utens
1785 2681 1790 2699 :

1010 2729 1163 2757 quanquam
1182 2727 1208 2750 ct
1232 2723 1423 2757 magistrorum
1451 2723 1558 2758 plurimi
1588 2722 1697 2749 emicare
1724 2719 1792 2755 quod

207 2805 263 2840 Gl)
300 2805 374 2833 Isaac
402 2806 558 2841 Ercmitam,
577 2808 654 2844 (lljllé.
684 2814 789 2836 exstant
819 2809 947 2843 ersCula
968 2810 1094 2837 ascetica.
