1934 3063
152 114 208 148 105

685 107 889 140 ADVERSUS
910 105 1068 137 GRAECOS
1088 105 1161 137 LIB.
1181 105 1224 138 Ιῐ.

1731 103 1781 136 106

149 170 255 199 dicitur
275 168 304 195 in
328 165 500 195 substantiali
523 171 702 200 personarum
729 171 856 199 processu
880 170 941 198 pro-
955 165 977 192 Α
993 162 1018 189 in
1033 162 1130 190 divinis
1142 161 1273 197 personis,
1290 165 1320 189 ut
1330 168 1411 197 supra
1428 161 1590 190 declaratum
1604 165 1656 194 est,
1681 161 1714 188 ab
1728 161 1782 188 ario

150 216 221 250 prite
236 213 394 242 substantias
419 211 612 247 praetulerunt;
625 210 694 237 sicut
718 214 761 237 est
778 209 855 243 illud,
873 209 945 244 quod

149 261 281 289 canitur:
297 258 450 294 Unigent'tus
466 257 560 288 Filius,
570 256 615 291 qui
625 263 658 283 ea:
673 255 752 283 Patre
764 255 819 282 sine
831 259 946 289 tempore

148 306 271 341 eﬂ'uhit;
288 304 335 332 sed
350 303 432 331 etiam
448 300 637 337 procedentem
654 307 687 328 ex
709 299 789 327 Patre
815 299 944 335 Spiritum

149 351 234 377 vitam
261 356 322 377 esse
344 344 459 376 viventis
493 344 574 372 Verbi
604 344 679 372 dixit.
708 343 737 371 Si
771 348 860 371 autem
887 344 942 370 vita

149 402 184 422 ex
212 394 333 425 vivente,
359 398 494 427 numquam
517 394 589 418 certe
615 389 666 417 erit
691 390 749 418 sine
778 389 877 424 Spiritu
901 388 946 416 Fi-

149 440 228 468 lius:
253 440 327 467 Sicut
353 439 423 465 enim
439 439 521 464 Pater
548 436 624 463 habet
649 435 729 463 vitam
746 437 773 462 in
797 435 945 470 semetipso,

150 486 191 513 sic
217 486 290 513 dedit
306 490 331 512 et
344 484 415 511 Filio
435 483 514 511 vitam
531 482 626 509 habere
641 482 669 509 in
683 482 819 515 semetipso
836 482 869 508 ".
884 481 946 508 Vita

152 536 250 560 autem
264 531 381 566 Spiritus
405 533 515 557 sanctus
531 532 582 560 est,
603 535 682 562 quem
704 535 758 555 una
773 535 835 555 cum
853 527 943 554 Patris

151 577 274 605 essentia
293 584 327 604 ex
344 576 426 603 Patre
444 581 560 602 nascens
587 573 677 600 trahit.
693 572 786 608 Neque
810 573 882 600 enim
907 575 948 599 est

151 623 212 651 sine
227 623 293 655 vita,
309 622 354 657 qui
370 626 449 649 natus
465 625 516 649 est.
534 620 562 648 ld
587 620 685 656 quippe
708 625 806 655 praeter
822 619 947 653 impieta-

151 673 206 697 tem
229 669 312 697 etiam
331 668 534 696 stolidissimum
551 674 599 702 est,
617 672 645 696 ut
672 668 709 695 ait
727 666 947 702 Chrysostomus,

151 723 213 743 cum
242 714 308 741 illud
332 718 500 749 exponeret:
526 714 602 741 Dedit
626 714 705 740 vitam
721 733 728 740 .
928 712 930 715 '

187 760 345 793 Enimvero,
363 759 488 795 quoniam
509 759 628 794 operatio
642 759 703 786 Filii
715 758 830 792 Spiritus
839 759 949 784 sanctus

152 811 211 832 esse
233 804 326 831 dictus
342 808 384 830 est
406 803 558 831 subsistens
573 808 599 830 et
618 802 830 830 substantialiter
854 800 947 831 insita,

155 854 266 877 constat
283 850 346 884 quia
365 857 413 883 per
429 848 559 884 Spiritum
586 854 713 883 operatur
726 867 731 874 .
744 847 800 875 Hoc
817 852 905 875 autem
923 851 948 873 et

152 895 305 922 communis
325 895 451 922 Ecclesiae
467 895 558 929 opinio
585 899 636 928 est,
653 894 768 921 maxime
792 901 852 920 cum
867 892 948 920 etiam

153 940 289 968 Dominus
323 941 440 967 dixerit:
478 939 507 967 Si
540 945 626 966 autem
667 947 712 974 ego
737 940 763 965 in
796 937 878 972 digito
902 936 950 964 Dei

153 986 229 1019 eiicio
253 986 396 1017 demonia,
412 994 472 1021 ergo
489 986 602 1021 pervenit
621 986 648 1012 in
664 993 706 1012 vos
730 992 836 1020 regnum
857 983 903 1009 Dei
915 983 948 1009 “.

153 1031 229 1065 Quod
257 1031 327 1059 alius
356 1031 520 1067 evangelista
539 1038 676 1065 exponens
692 1029 729 1057 ait
744 1039 751 1057 :
765 1029 795 1056 Si
818 1033 906 1056 autem
922 1029 948 1055 in

155 1076 255 1110 Spiritu
293 1077 342 1103 Dei
363 1077 440 1112 ejicio
463 1077 592 1104 dwmonia
610 1075 644 1103 ".
659 1075 742 1102 Filius
773 1075 865 1109 itaque
896 1081 946 1109 per

155 1122 289 1157 Spiritum
306 1122 365 1155 DeiJ
381 1122 426 1157 qni
445 1123 526 1149 etiam
547 1129 612 1149 suus
635 1126 676 1148 est
701 1121 828 1155 Spiritus,
854 1128 950 1156 opera-

157 1174 209 1196 tur.
235 1167 308 1195 Illud
342 1173 442 1200 autem,
468 1174 517 1202 per
545 1168 617 1202 quod
643 1167 782 1201 quisquam
809 1171 947 1200 operatur,

158 1215 214 1241 sive
229 1214 310 1249 quasi
338 1220 449 1241 movens
465 1218 516 1245 est,
531 1219 560 1240 ut
583 1220 641 1244 rex,
656 1220 702 1247 per
724 1219 802 1247 quem
831 1212 949 1240 civitatis

156 1258 326 1293 dispensator
343 1258 511 1286 administrat
536 1265 567 1286 ac
580 1258 648 1294 gerit
661 1258 769 1291 omnia;
787 1258 855 1290 sive,
872 1263 950 1293 quasi

157 1304 277 1339 speciale
295 1309 322 1332 ct
338 1304 372 1331 ab
398 1308 455 1331 arto
480 1304 607 1337 veniens;
623 1308 651 1330 ut
665 1304 760 1332 artifex
791 1311 838 1338 per
862 1309 948 1331 artem

158 1354 307 1385 operatur;
323 1350 380 1377 sive
396 1356 443 1384 per
467 1356 576 1376 causam
593 1350 723 1376 naturalis
747 1349 854 1376 virtutis
880 1356 945 1376 suae.

190 1395 249 1423 Non
266 1403 332 1430 ergo
341 1395 425 1423 virtus
436 1395 573 1430 operantis
584 1402 665 1423 causa
679 1400 731 1428 ost,
744 1395 823 1423 sicuti
835 1400 860 1422 et
873 1403 949 1423 mens

159 1448 204 1476 per
222 1441 338 1469 verbum
359 1448 476 1476 operans
497 1441 573 1475 quasi
589 1449 636 1475 per
663 1442 715 1468 vim
735 1449 812 1469 suam
835 1445 947 1469 natura-

997 215 1056 236 esse
1068 208 1213 243 signitlcat.
1228 207 1281 235 Per
1302 215 1381 243 quem
1409 207 1583 234 nihilominus
1609 213 1730 239 causam,
1753 211 1783 233 et

996 253 1066 288 quod
1080 261 1113 280 ex
1125 260 1206 281 causa
1222 257 1275 287 est,
1293 253 1405 288 intelligi
1428 253 1522 280 voluit.
1536 251 1637 288 Nempe
1653 252 1724 280 enim
1748 252 1781 279 ab

995 304 1028 326 eo
1042 305 1178 333 nunquam
1192 298 1300 326 daretur
1316 297 1366 326 nisi
1380 298 1462 325 etiam
1489 298 1522 325 ab
1536 305 1568 325 eo
1592 302 1666 325 esset
1680 306 1687 325 :
1703 297 1782 325 aliter

996 344 1067 372 enim
1086 344 1202 372 ministri
1224 344 1379 379 fungeretur
1396 345 1463 372 vice.
1484 345 1506 371 Α
1522 352 1574 379 quo
1597 349 1683 372 autem
1707 344 1781 371 illum

996 391 1055 419 dari
1073 392 1222 426 oportebat,
1239 395 1268 419 ut
1281 391 1339 425 ipse
1353 391 1576 424 aitAthanxsius,
1600 391 1651 418 nisi
1677 390 1711 417 ab
1736 398 1780 422 eo,

997 437 1074 472 cujus
1089 437 1152 465 est?
1166 437 1221 464 Hoc
1235 441 1325 464 autem
1341 444 1393 465 non
1408 436 1539 472 itafesset,
1554 436 1605 465 nisi
1618 440 1645 464 et
1658 437 1691 463 ad
1706 435 1780 462 illum

997 484 1155 510 referretur.
1171 483 1275 510 Relatio
1289 488 1378 511 autem
1395 491 1516 514 causam.
1533 487 1560 510 et
1583 482 1692 510 causale
1708 489 1785 510 com-.

1003 529 1122 556 mendat.
1139 529 1223 557 Filius
1238 536 1301 564 ergo
1315 537 1397 557 causa
1412 529 1498 557 sancti
1514 528 1629 564 Spiritus
1646 534 1697 557 est.
1718 528 1781 562 Spi-

999 575 1067 603 ritus
1094 575 1164 603 enim
1193 580 1303 603 sanctus
1340 583 1387 610 per
1423 575 1519 603 Filium
1544 583 1596 602 non
1632 579 1780 608 operatur;

999 627 1133 654 causaque
1168 620 1211 647 illa
1238 624 1299 653 est,
1331 620 1392 655 quia
1430 619 1515 647 Filius
1552 627 1583 647 ex
1621 619 1700 647 Patre
1734 627 1778 654 pet

1000 664 1130 700 Spiritum
1158 673 1210 692 non
1239 665 1369 700 gignitur,
1401 665 1516 699 Spiritus
1548 670 1635 692 autem
1651 672 1683 692 ex
1702 664 1782 691 Patre

999 719 1046 746 per
1062 710 1160 738 Filium
1187 710 1318 744 procedit.
1335 710 1486 737 Secundum
1504 717 1584 745 quam
1611 716 1676 737 sane
1699 709 1780 736 ratio-

1000 764 1072 789 nem,
1089 763 1136 783 nec
1157 755 1240 783 Filius
1262 755 1378 790 operatio
1404 760 1427 781 et
1452 756 1533 782 uirtus
1558 754 1674 788 Spiritus
1695 754 1781 781 sancti

1000 803 1087 830 dictus
1101 807 1151 830 est.

965 828 986 857 Β
1034 848 1130 880 Porro,
1149 848 1170 875 si
1191 848 1250 882 quis
1274 847 1394 882 ejusdem
1409 846 1556 874 beatissimi
1570 845 1619 873 viri
1634 845 1733 872 dictum
1753 844 1779 871 in

999 894 1058 921 fidei
1076 894 1159 929 ipsius
1167 893 1339 921 confessione
1353 893 1407 928 (35)
1421 892 1637 927 prmexpositum,
1653 899 1707 927 quo
1721 891 1757 918 ait
1771 899 1779 918 :

997 942 1111 977 Spiritus
1133 947 1250 975 satiatus,
1267 950 1299 969 ex
1316 941 1397 969 Patre
1413 946 1437 968 et
1461 940 1532 968 Filio
1549 949 1599 967 non
1620 940 1717 974 factus,
1734 946 1780 965 nec

998 994 1110 1021 creatus,
1121 998 1166 1016 nec
1180 989 1293 1024 genitus,
1308 990 1352 1014 sed
1365 987 1513 1020 procedens,
1529 987 1681 1021 ambiguum
1693 989 1780 1019 putat.

998 1039 1024 1061 et
1041 1035 1115 1068 quasi
1141 1033 1318 1060 adulteratnnt
1345 1032 1523 1060 calumniatur
1547 1040 1553 1058 :
1580 1031 1696 1065 primum
1721 1030 1780 1063 qui-

999 1073 1057 1106 dem
1074 1079 1099 1106 id
1120 1086 1210 1106 verum
1236 1085 1306 1111 esse,
1322 1077 1384 1104 inde
1403 1076 1574 1104 manifestum
1598 1079 1650 1108 est,
1666 1075 1727 1110 quia
1754 1079 1781 1102 et

999 1124 1140 1159 theologus
1160 1124 1306 1158 Gregorius
1332 1123 1360 1150 in
1385 1122 1522 1149 Athanasii
1548 1121 1670 1148 laudibus
1696 1120 1780 1155 ipsius

999 1170 1121 1197 meminit
1136 1170 1247 1197 dicens:
1263 1168 1340 1196 Solus
1365 1168 1409 1195 ille
1436 1168 1474 1195 uel
1489 1175 1548 1194 cum
1575 1167 1664 1200 paucis
1687 1165 1779 1192 admo-

998 1215 1069 1247 dum,
1084 1222 1162 1241 ausus
1179 1219 1216 1241 est
1231 1215 1360 1241 raritatem
1376 1214 1403 1240 in
1416 1213 1518 1247 scriptis
1528 1211 1645 1246 conﬁteri
1657 1219 1667 1243 ;
1681 1214 1705 1234 et
1721 1217 1780 1244 qua:

1000 1261 1054 1288 illic
1069 1261 1242 1295 additzquam
1259 1265 1322 1287 tunc
1340 1260 1465 1294 temporis
1480 1258 1661 1292 conscriptam
1680 1256 1714 1283 ad
1734 1255 1781 1282 Ju-

999 1306 1062 1340 linm
1082 1306 1231 1333 Romanum
1249 1305 1403 1340 pontificem
1427 1304 1510 1336 misit,
1527 1311 1587 1331 cum
1611 1302 1782 1330 insimulare-

999 1358 1043 1380 tur
1058 1359 1108 1379 non
1131 1356 1210 1379 rectae
1224 1358 1285 1379 esse
1302 1351 1373 1378 tidci.
1388 1350 1499 1382 Deinde,
1516 1353 1542 1376 et
1557 1356 1589 1376 ex
1604 1355 1636 1376 eo
1661 1351 1778 1380 constat,

999 1397 1083 1433 ipsius
1097 1404 1185 1424 veram
1197 1403 1256 1425 esse
1267 1415 1274 1429 ,
1285 1396 1355 1431 quod
1367 1403 1413 1430 per
1423 1402 1518 1423 omnes
1530 1393 1684 1422 Occidentis
1696 1393 1782 1420 eccle-

997 1445 1054 1472 sias
1073 1443 1222 1471 Dominicis
1237 1450 1344 1477 semper
1360 1442 1454 1469 diebus
1469 1441 1603 1476 psallitur.
1617 1444 1697 1474 atque
1711 1439 1780 1466 adeo

159 1487 208 1514 lem
232 1492 261 1514 et
289 1487 459 1516 efficientiam
475 1507 483 1519 ,
506 1494 589 1516 causa
616 1493 656 1515 est
679 1489 766 1520 verbi,
783 1489 828 1516 scd
854 1495 906 1516 non
931 1495 945 1516 e
959 1495 980 1525 ε
997 1491 1110 1521 celebris
1129 1494 1170 1518 est.
1185 1495 1286 1523 auctor,
1303 1494 1332 1517 ut
1353 1495 1385 1517 ne
1405 1496 1419 1516 a
1437 1488 1527 1524 pueris
1543 1487 1649 1523 quidem
1672 1487 1781 1521 ignore.

155 1536 249 1558 contra
264 1541 273 1559 :
291 1533 392 1567 quippe
407 1533 496 1560 omnis
518 1534 570 1565 vis,
585 1537 614 1560 et
632 1534 702 1561 actio
724 1534 884 1562 naturaliter
900 1541 946 1568 per

159 1577 278 1612 aliquem
302 1577 439 1612 prodiens.
466 1578 548 1605 etiam
566 1586 600 1606 ex
623 1579 667 1606 illo
683 1583 734 1606 est.
760 1579 795 1605 At
819 1583 947 1613 operatur

162 1623 271 1656 quidem
302 1629 350 1657 per
379 1622 506 1655 Verbum,
536 1628 612 1658 quasi
634 1631 681 1658 per
698 1632 772 1652 suam
799 1624 946 1652 naturalem

161 1667 222 1695 vim.
238 1668 376 1703 Operatur
393 1674 482 1696 autem
496 1668 579 1696 Filius
590 1676 637 1704 per
648 1670 788 1705 Spiritum,
802 1672 878 1705 quasi
895 1677 946 1705 per

161 1714 312 1741 naturalem
339 1719 420 1748 atque
444 1714 553 1742 insitam
579 1715 793 1743 substantialiter
819 1717 945 1744 virtutem

161 1767 246 1786 suam.
255 1760 329 1793 Ideo,
338 1763 365 1788 et
379 1768 490 1794 magnus
504 1760 618 1788 Basilius
627 1762 652 1788 in
666 1769 692 1788 tv
702 1762 880 1796 Quaestionum
892 1763 943 1790 ait:

161 1805 249 1840 Neque
265 1807 324 1834 sine
345 1805 416 1834 Filio
438 1807 501 1840 facit
520 1807 651 1840 quippiam
675 1807 764 1840 Pater,
783 1816 864 1843 neque
890 1809 946 1835 sine

162 1850 261 1885 Spiritu
287 1851 384 1880 Filius.
400 1852 464 1879 Filii
481 1858 567 1880 autem
575 1853 695 1886 Verbum,
711 1853 845 1889 Spiritus:
860 1864 868 1880 ι
879 1854 948 1882 Par-

165 1901 229 1928 tana,
245 1898 433 1930 inquit,omnia
449 1894 522 1925 uerbo
537 1899 639 1926 uirtutis
655 1907 738 1932 suae,»

199 1942 234 1969 Ex
253 1943 354 1977 quibus
370 1944 490 1978 profecto
507 1945 632 1972 omnibus
652 1949 679 1972 et
693 1946 760 1973 ordo
776 1947 808 1973 ad
831 1947 946 1975 invicem

165 1986 316 2016 divinarum
339 1995 526 2023 personarum,
540 1994 566 2016 et
593 1995 621 2017 ttt
634 1998 663 2018 se
687 1991 801 2018 invicem
828 1997 947 2026 teneant,

166 2042 267 2070 unaque
299 2036 450 2071 cogitentur
470 2041 497 2064 et
525 2037 708 2072 intelligantur
730 2039 859 2067 constitit.
877 2041 949 2074 Quo-

167 2080 234 2108 niam
256 2081 340 2115 igitur
358 2082 481 2117 Spiritus
495 2088 606 2110 sanctus
629 2084 727 2111 donum
745 2085 819 2118 Filii,
845 2091 871 2113 et
885 2093 948 2120 ope-

168 2126 233 2155 ratio
243 2127 330 2162 ipsins
344 2133 384 2155 est
397 2137 405 2162 ;
420 2128 540 2161 operatio
553 2135 616 2156 vero
630 2128 663 2155 ab
678 2135 816 2164 operante,
833 2131 945 2158 donum-

167 2179 216 2206 que
231 2181 245 2200 a
266 2174 391 2201 mittente
406 2174 526 2209 etl'ulget,
548 2180 575 2202 et
594 2162 723 2208 mittitur,
741 2180 768 2203 et
791 2162 893 2204 datur:
912 2177 944 2204 li-
961 2162 983 2189 D

168 2223 238 2251 quet,
254 2218 317 2253 quia
346 2226 379 2246 ex
398 2218 467 2246 Filio
492 2224 533 2246 est
549 2218 665 2253 Spiritus
689 2225 807 2248 sanctus.
825 2220 856 2248 Ut
872 2221 944 2248 enim

169 2263 247 2291 Filius
262 2271 311 2299 per
325 2271 403 2298 quem
418 2264 496 2292 Pater
508 2270 644 2299 operatur,
656 2272 688 2292 ex
702 2265 782 2293 Patre
794 2271 835 2293 est
849 2274 856 2298 ;
869 2267 904 2293 ita
918 2272 946 2295 et

170 2308 199 2335 de
222 2313 315 2336 sancto
340 2309 441 2344 Spiritu
464 2310 618 2344 dicendum,
643 2318 691 2346 per
716 2319 794 2345 quem
819 2318 944 2347 operatur

171 2351 259 2381 Filius.
275 2353 367 2389 Neque
381 2355 451 2382 enim
468 2355 538 2383 sicut
554 2356 590 2388 id,
606 2358 677 2389 quod
698 2362 800 2388 monet.
816 2362 862 2384 aut
874 2359 944 2385 sicut

171 2399 322 2432 artiﬁcialis,
335 2404 415 2435 atque
429 2401 591 2436 exemplaris
604 2410 695 2435 causa,
711 2406 780 2437 quod
797 2403 945 2439 per'quem,

171 2443 275 2479 dicitur,
294 2447 336 2472 hic
359 2446 445 2473 locum
468 2447 558 2474 habet.
578 2447 679 2474 Donum
695 2453 784 2475 autem
799 2449 876 2482 dixit,
891 2450 944 2483 vel,

172 2488 236 2521 quia
257 2489 419 2524 alternatim,
433 2495 460 2517 et
488 2492 578 2519 hocin
605 2493 664 2519 loco
689 2494 865 2521 conversione
890 2495 946 2521 dic-

175 2533 248 2561 tionis
273 2543 336 2563 usus
368 2542 417 2564 est.
444 2538 545 2564 Donutn
575 2539 646 2564 enim
676 2537 709 2565 ad
725 2538 794 2571 dari,
809 2546 839 2565 ac
863 2539 942 2570 mitti.

173 2579 239 2610 quod
255 2580 364 2613 dicitur,
380 2582 516 2616 proprium
528 2587 581 2609 est.
600 2581 647 2609 Vel
661 2583 726 2616 quia
743 2582 812 2617 dari,
826 2591 856 2610 ac
877 2585 945 2612 mitti

209 2683 229 2696 ’³
245 2681 319 2710 Joan.
334 2691 361 2715 ν,
376 2682 421 2710 26.
459 2683 480 2699 ⁸·
500 2684 565 2724 an.
585 2683 680 2714 “.20.
736 2683 757 2698 "
775 2683 868 2711 Matth.
885 2691 932 2716 xu,
946 2683 991 2710 28.

182 2772 265 2833 “$25)
291 2771 446 2807 Symbolum
479 2773 703 2800 Athanasianum.

195 2823 201 2831 ι
224 2815 230 2832 l
245 2827 250 2833 .

195 2815 250 2833 ill’ll.

316 2853 447 2884 PATBt)L.
472 2854 528 2885 Gn.
551 2855 639 2884 CLII.

999 1544 1056 1570 tur;
1070 1545 1102 1565 ex
1128 1537 1181 1565 illis
1203 1536 1310 1571 quidem
1334 1534 1498 1570 temporibus
1517 1534 1616 1568 ubique
1631 1532 1780 1562 dimisuat-

997 1594 1049 1622 que
1072 1589 1165 1613 contra
1183 1583 1350 1616 {Arianorum
1372 1581 1500 1613 hmresin,
1515 1585 1663 1614 contraque
1685 1586 1780 1607 omnes

999 1638 1079 1660 rectae
1093 1631 1153 1658 ﬁdei
1170 1629 1350 1661 adversarios,
1365 1627 1391 1656 in
1407 1626 1511 1655 cunctis
1531 1626 1652 1654 ecclesiis
1674 1625 1779 1661 publice

997 1679 1058 1705 cani
1075 1681 1220 1711 praecepta.

1033 1724 1087 1751 Aut
1101 1723 1184 1758 igitur
1196 1722 1275 1749 aliam
1303 1721 1420 1756 aliquam
1433 1718 1633 1747 confessionem
1648 1718 1716 1746 tanti
1730 1718 1779 1745 viri

999 1770 1149 1802 proferant,
1165 1769 1241 1804 cujus
1253 1772 1279 1795 et
1293 1767 1446 1802 Tltcologus
1470 1765 1601 1797 meminit,
1614 1770 1640 1792 et
1664 1764 1706 1791 cui
1724 1768 1776 1790 tra-

998 1816 1064 1844 ditio
1083 1815 1210 1843 Ecclesite
1224 1817 1384 1841 attestatur:
1403 1816 1449 1838 ant
1466 1813 1488 1839 sl
1506 1811 1557 1839 hoc
1580 1818 1631 1837 non
1657 1814 1778 1844 possunt,

998 1861 1077 1889 istam
1108 1868 1169 1887 cum
1197 1866 1277 1894 supra
1298 1858 1422 1893 exposito
1441 1858 1512 1885 dicto
1531 1857 1688 1891 suscipiant.
1712 1855 1780 1882 Τραι-

999 1911 1089 1935 tantur
1105 1910 1194 1933 autem
1208 1906 1276 1932 hanc
1290 1904 1374 1938 ipsam
1395 1903 1453 1930 lldei
1481 1902 1677 1930 confessionem
1692 1902 1778 1929 sancti

999 1953 1048 1979 viri
1063 1958 1133 1984 esse,
1149 1955 1229 1985 atque
1246 1949 1272 1977 id
1289 1950 1388 1976 dictum
1403 1949 1437 1976 ita
1452 1956 1482 1975 se
1496 1949 1606 1979 habere,
1619 1948 1665 1982 qui
1685 1951 1779 1974 contra

998 1991 1207 2026 Latinos’multo
1229 2002 1293 2022 ante
1311 1995 1479 2028 scripserunt
1499 2000 1590 2026 :quam
1606 1992 1656 2020 sibi
1686 1997 1714 2019 nt
1733 1994 1780 2019 ad-

999 2050 1123 2075 versam,
1153 2041 1253 2075 frustra
1281 2039 1443 2068 labefactare
1473 2039 1605 2069 nituntur.
1633 2039 1780 2073 Atque,ut

1001 2088 1112 2122 intelligi
1123 2074 1212 2118 datur,
1229 2091 1292 2113 tunc
1304 2084 1412 2119 quidem
1426 2085 1512 2111 adhuc
1523 2084 1690 2116 servabatur,
1703 2088 1779 2118 post-

1001 2133 1107 2161 modum
1124 2138 1186 2159 vero
1201 2129 1393 2165 pertinaciores
1408 2129 1441 2156 ad
1452 2128 1690 2155 contradicende
1704 2128 1777 2160 facti,

995 2180 1104 2207 omnino
1114 2177 1185 2205 illam
1194 2177 1301 2204 auferre
1315 2175 1465 2202 voluerunt.
1477 2173 1541 2201 Etsi
1552 2174 1631 2202 modo
1646 2175 1781 2202 nihilom‘.

995 2233 1046 2253 nus
1063 2224 1169 2252 curiose
1179 2222 1375 2257 inquirentibus
1393 2228 1454 2247 raro
1471 2220 1533 2247 licet
1548 2221 1573 2247 in
1588 2221 1753 2249 vetustissim
1766 2229 1779 2249 s

995 2266 1133 2294 codicibus
1155 2266 1190 2292 ita
1214 2265 1314 2292 habere
1337 2263 1482 2290 invenitur.
1499 2262 1527 2288 Si
1540 2262 1600 2296 quis
1618 2267 1706 2290 tamen
1720 2263 1780 2289 dii:-

996 2313 1100 2348 gentius
1123 2312 1260 2346 inspiciat,
1274 2310 1341 2338 nihil
1365 2310 1408 2336 bic
1424 2317 1523 2337 novum
1547 2310 1647 2337 dixisse
1659 2302 1779 2337 sanctum

996 2358 1084 2385 virum
1111 2356 1269 2390 comperiet.
1294 2354 1419 2381 Plurimis
1441 2355 1512 2381 enim
1539 2354 1565 2382 in
1583 2354 1649 2382 locis
1670 2361 1718 2388 per
1734 2354 1777 2381 Fi-

999 2404 1064 2431 lium
1084 2403 1158 2430 illum
1172 2409 1232 2429 esse
1246 2401 1292 2433 ait,
1306 2406 1332 2428 et
1346 2407 1361 2428 a
1377 2400 1445 2428 Filio
1462 2401 1591 2435 accipere,
1608 2405 1635 2427 et
1659 2399 1694 2427 ab
1722 2401 1780 2436 ipso

996 2449 1101 2477 scilicet
1129 2448 1262 2488 accipere,
1278 2449 1350 2482 quod
1380 2447 1487 2482 accipit.
1503 2447 1531 2474 ω
1548 2453 1638 2475 autem
1657 2452 1699 2475 est
1723 2448 1781 2481 ejus

996 2503 1066 2527 esse,
1080 2495 1205 2530 quodque
1218 2495 1296 2530 paulo
1311 2499 1373 2522 ante
1396 2495 1511 2525 dicebat,
1526 2502 1539 2521 a
1553 2493 1621 2522 Filio
1644 2493 1781 2528 effulgere,

997 2541 1124 2575 quocirca
1136 2548 1216 2576 quam
1231 2548 1245 2567 a
1262 2541 1342 2568 Patre
1357 2540 1546 2575 procedentem
1559 2540 1686 2567 virtutem
1702 2540 1780 2572 dixit,

1000 2585 1129 2621 Spiritutn
1153 2591 1277 2615 sanctum
1305 2594 1320 2614 a
1349 2585 1431 2614 Patre
1453 2586 1641 2621 procedentem
1667 2584 1781 2620 intelligi

745 2773 783 2802 De
809 2774 859 2801 hoc
888 2774 1017 2810 Symbolo
1051 2775 1111 2803 vide
1144 2775 1280 2803 eruditam
1321 2775 1530 2811 disputationem
1580 2773 1685 2804 Nicolai
1732 2774 1783 2802 Se-

1570 2852 1589 2884 lt-
