1934 3063
164 100 212 131 107

787 98 988 129 MANUELIS
1008 99 1161 130 CALECE

1727 106 1780 139 108

161 157 243 185 voluit
256 167 263 184 :
277 158 327 185 hoc
339 162 426 184 autem
436 163 467 185 ex
476 156 556 184 Patre
567 163 616 191 per
625 156 720 184 Filium
734 163 796 185 esse
813 164 844 184 ac
852 164 948 192 proce-
964 161 984 188 Α
1001 156 1081 183 tinnis
1099 157 1175 189 inest,
1190 158 1259 192 quod
1274 158 1360 185 lumen
1378 159 1494 194 genitum
1512 158 1598 188 Filius
1615 162 1647 189 sit
1663 170 1697 190 ex
1709 163 1782 199 inge-

161 205 234 231 dere.
249 204 334 230 Porro
348 203 397 231 ista
415 203 469 235 his,
483 210 543 238 quae
564 202 591 230 in
612 202 674 230 lidei
699 203 868 238 expositione
895 210 944 238 po-

161 249 305 281 suit,valde
320 255 436 275 consona
452 252 526 276 sunt.

196 295 314 329 Apparet
328 294 407 322 simul
421 301 454 321 ex
468 293 661 328 superioribus,
674 294 739 329 quia
754 297 781 322 et
795 294 908 328 prodire,
917 298 945 321 et

160 340 293 374 profundi.
303 346 329 367 et
338 340 476 377 proﬂuere'
487 344 514 367 et
522 340 660 371 inundare,
673 343 699 367 et
710 346 854 372 manare,et
866 340 943 374 ρπυι.

160 392 230 419 gere,
245 389 392 419 etquaeque
407 384 514 416 similia,
524 385 644 412 eamdem
656 385 772 420 Spiritus
782 385 868 412 sancti
884 387 945 413 sub-

161 431 287 458 stantiam
301 431 416 465 signare,
432 438 510 465 quam
524 431 606 465 ipsam
618 431 699 458 etiam
712 431 850 466 procedere
863 432 945 467 signi-

163 478 242 510 ticut;
259 484 312 504 non
342 476 440 508 solum,
463 476 537 511 quia,
551 481 580 503 ut
606 477 706 504 dictum
729 482 782 509 est,
806 478 859 504 duo
882 485 943 512 pro-

162 529 253 548 cessus
268 521 353 549 sancti
380 521 498 556 Spiritus
514 529 565 548 nou
583 525 657 552 sunt.
675 526 704 549 ut
717 522 825 556 quidatn
840 523 943 555 volunt,

160 571 187 593 et.
202 566 302 593 idcirco
317 567 366 593 ista
393 566 493 599 omnia,
512 567 544 593 ad
565 567 768 594 substantiaicm
790 574 943 602 processum

161 613 220 646 ejus
247 612 398 639 reducenda
423 617 502 644 sunt;
517 619 576 638 cum
603 619 651 639 eos
674 612 717 646 qui
742 613 865 646 geminos
878 613 944 640 istos

161 665 305 691 processus
326 661 439 691 ponunt.
464 657 546 683 multa
573 658 725 683 necesqtrio
750 657 942 684 absurdissima

160 707 306 737 sequantur
320 711 326 730 ε
345 711 434 730 verum
451 703 514 736 quia
528 706 555 729 et
569 702 686 735 theologi
704 711 736 729 ex
750 702 829 729 Patre
849 711 943 737 proce-

160 752 233 782 dure,
253 753 279 776 et
301 748 436 784 profundi,
452 755 478 776 et
502 748 644 783 proﬂuere,
661 755 688 775 et
709 749 794 776 emitti
812 749 942 784 Spiritum

160 801 282 823 sanctum
308 795 478 822 concorditer
506 800 642 828 asserunt,
664 795 706 823 ubi
733 796 824 823 dicere
837 796 939 829 volunt,

161 844 247 877 ipsum
263 849 293 869 ex
310 842 390 869 Patre
406 843 560 876 procedere.
574 840 685 875 Magnus
708 840 805 875 quippe
824 840 940 869 Basilius

160 888 220 914 ait:
239 887 308 920 Quia
330 895 381 914 non
404 887 490 921 prodit
506 888 532 913 in
560 891 682 921 tempore,
703 887 774 921 quod
799 889 885 922 prodit
910 897 942 915 ea:

159 934 224 965 Deo,
239 934 320 960 etiam
336 933 359 959 si
372 934 397 959 in
421 937 533 965 tempore
559 934 606 968 fiat
625 933 680 966 ejus
709 934 789 966 actio,
804 938 828 960 et
846 938 941 962 wterne

158 979 233 1005 habet
249 979 348 1011 omnia,
363 984 391 1004 ut
404 979 451 1006 Dei
463 978 586 1013 Spiritus,
602 985 679 1015 atque
692 989 723 1008 ea:
738 981 793 1015 ipso
818 989 940 1008 manans.

159 1025 192 1052 Et
212 1025 274 1052 illud
287 1034 293 1051 :
307 1024 398 1060 Neque
411 1026 479 1052 enim
496 1026 580 1053 minus
594 1026 693 1061 aliquid
709 1035 812 1054 eramus
826 1027 941 1054 habituri

156 1072 193 1097 ad
207 1071 413 1106 cognoscendum
424 1070 549 1104 Spiritum
557 1079 590 1098 e1:
602 1071 654 1098 Dea
669 1080 735 1104 esse,
752 1072 876 1107 Spiritum
889 1073 941 1099 oris

158 1117 214 1151 ejus
239 1117 312 1144 illurn
339 1117 486 1149 audientes,
499 1118 544 1144 sed
569 1117 688 1145 idoneum
705 1123 730 1145 et
754 1119 826 1145 istud
849 1127 941 1146 nomen

157 1165 216 1188 erat
243 1161 325 1195 ipsius
340 1169 372 1189 ex
398 1160 450 1188 Deo
482 1162 615 1189 insinuare
641 1163 836 1191 substantiam:
859 1164 941 1191 verbo

158 1216 223 1235 esse.
239 1215 288 1242 pro
299 1215 342 1239 eo,
360 1208 429 1242 quod
449 1213 499 1240 est,
514 1208 652 1242 procedere
668 1216 733 1236 usus
749 1214 800 1237 est.

193 1253 308 1280 Sanctus
321 1261 428 1288 quoque
441 1252 594 1281 Maximus:
609 1254 725 1287 Emittit,
744 1256 841 1290 inqttit,
860 1255 942 1283 Pater

158 1298 297 1333 Spiritum,
312 1298 359 1326 hoc
374 1304 422 1330 est,
438 1300 532 1326 emisit.
546 1300 580 1327 Et
599 1301 654 1334 ipse
681 1301 714 1328 de
733 1308 861 1335 processu
884 1302 942 1337 ejus

158 1346 304 1379 disserens,
333 1351 364 1373 ut
397 1347 519 1380 superius
545 1347 683 1377 constitit,
699 1355 760 1375 cum
787 1352 941 1375 sanctorum

158 1391 269 1418 Patrum
288 1392 450 1420 auctoritate
465 1394 669 1420 ostenderemus
683 1413 690 1426 ,
704 1394 797 1426 emitti,
814 1387 846 1421 ac
861 1394 942 1426 mitti,

158 1438 227 1471 apud
251 1444 309 1468 eos.
331 1445 379 1471 pro
396 1445 439 1471 eo,
463 1439 532 1473 quod
560 1443 610 1471 est,
633 1439 719 1470 nasci,
741 1444 768 1467 ct
793 1440 942 1474 procedere

158 1483 246 1510 solere
264 1483 359 1517 accipi.

194 1540 312 1567 Sanctus
327 1539 389 1566 item
400 1539 514 1575 Lyrilltts
530 1540 584 1568 ait:
600 1540 692 1568 Prodit
704 1546 790 1568 autem
804 1549 835 1568 ea;
847 1541 940 1576 Patre,

155 1589 182 1611 et
203 1584 274 1611 Filio
288 1590 331 1616 ;et
349 1589 460 1616 constat,
475 1585 536 1620 quia
550 1583 637 1613 dicina
653 1590 689 1613 est
703 1586 814 1613 essentia
827 1586 854 1613 in
871 1587 938 1620 ipsa,

159 1638 236 1665 atque
253 1638 285 1657 ere
308 1631 364 1664 ipsa
396 1631 583 1664 pret/inruas
611 1630 780 1665 profunditur
809 1639 826 1658 a
856 1630 938 1664 Filio,

157 1679 223 1704 sicut
236 1678 314 1703 etiam
333 1684 364 1703 ex
380 1676 432 1703 Deo
447 1682 470 1702 et
489 1676 579 1703 Patre.
597 1675 648 1703 Sed
665 1681 691 1704 et
712 1677 738 1704 in
754 1685 878 1704 sermone
890 1685 940 1705 suo

158 1724 190 1750 ad
209 1724 365 1754 monachos,
381 1729 460 1756 atque
475 1722 501 1748 in
519 1721 690 1756 Expositione
706 1723 788 1750 divini
801 1722 919 1758 Symboli
930 1743 937 1756 ,

154 1769 196 1795 sic
214 1769 250 1795 ait
261 1776 268 1793 :
278 1767 390 1801 Spiritus
403 1768 707 1802 profumlitur,videlicet
721 1770 847 1802 procedit,
860 1769 939 1796 veluti

156 1822 189 1841 ea:
205 1814 286 1847 fonte,
301 1822 331 1840 ex
349 1813 401 1839 Deo
415 1818 438 1840 et
453 1813 543 1840 Patre.
559 1813 591 1839 Et
610 1821 715 1840 rursum
733 1815 766 1840 ad
780 1813 915 1841 llermiam
928 1824 934 1842 :

160 1859 241 1892 Nunt,
255 1860 348 1893 inquit,
364 1860 586 1891 auitnadvertisti,
599 1860 721 1893 quoniam
735 1858 864 1893 Spiritum
879 1861 939 1894 qui-

157 1908 214 1932 dent
242 1906 359 1932 veritatis
388 1906 528 1932 nominavit
546 1905 712 1932 Paracletum
734 1905 857 1933 Dominus
869 1906 882 1932 7
895 1906 940 1934 Ait

157 1951 271 1985 denique
283 1960 290 1977 :
300 1951 429 1984 Quoniam
442 1950 556 1984 procedit
565 1959 596 1977 ex
606 1950 696 1984 Patre,
711 1959 759 1977 sua
777 1952 864 1978 omnia
876 1960 938 1985 pro-

155 1997 211 2029 prie
228 1999 376 2030 ostendens,
401 2004 459 2031 qua:
483 1995 570 2024 Putris
595 2002 665 2024 sunt.
680 1997 719 2024 Aa
743 2005 834 2024 rursus
856 1997 880 2023 in
894 2005 939 2024 eo-

156 2044 216 2069 dem
233 2051 239 2069 :
255 2042 428 2078 Iutelligisue,
446 2043 584 2077 quomodo,
600 2048 627 2068 ut
652 2043 786 2077 proprium
814 2051 842 2069 se
862 2043 935 2070 nobis

156 2090 296 2116 missurum
312 2089 449 2123 pollicetur
464 2088 602 2123 Spiritum,
614 2089 659 2123 qui
672 2090 786 2121 procedit
798 2097 829 2115 ea:
840 2088 939 2116 l’atre?

157 2134 190 2160 Et
206 2133 333 2168 Spiritum
345 2134 446 2168 quidem
461 2135 575 2161 veritatis
590 2138 682 2160 vocat:
703 2134 828 2168 profundi
851 2139 938 2161 tamen

155 2189 186 2207 cr
202 2182 256 2214 ipso
272 2179 351 2207 Putre
364 2180 492 2211 tleﬁniv't.

192 2238 244 2264 Sed
260 2243 286 2264 et
299 2246 411 2272 tnagnus
437 2239 610 2271 Athanasius,
626 2239 651 2265 in
673 2246 704 2265 ea
724 2247 804 2273 quatit
829 2240 938 2274 scripsit

157 2283 338 2316 disputatione
355 2283 502 2310 Orthodosi
514 2290 540 2310 et
566 2284 760 2317 Macedoniam,
778 2286 836 2312 ait:
853 2286 937 2320 Spiri-

157 2331 197 2352 tus
233 2332 327 2352 tmtttrtt
362 2331 493 2359 sanctus,
523 2333 618 2354 natura
654 2329 879 2364 incorruptibilis,
909 2337 935 2357 ut

156 2373 271 2406 Spiritus
288 2373 346 2406 Dei,
363 2379 387 2399 et
402 2381 434 2400 ea:
447 2374 502 2406 ipso
519 2383 640 2406 manans,
653 2376 704 2402 sive
715 2380 867 2409 procedens.

191 2419 260 2451 Quin
275 2419 355 2445 ctiam
383 2420 410 2446 in
425 2420 482 2447 Filii
497 2427 530 2447 ex
544 2420 622 2448 Patre
633 2423 782 2449 substantia
798 2423 937 2450 insinuan-

158 2465 346 2497 da.pr:edictis
361 2467 450 2493 verbis
466 2467 505 2493 usi
520 2471 597 2494 sunt.
613 2466 724 2502 Magnus
736 2470 807 2495 enim
826 2468 938 2497 Basilius

152 2521 182 2537 'lll
196 2511 226 2537 Ill
236 2512 422 2546 qua‘stioneait
435 2521 443 2539 :
459 2511 548 2540 I’atris
556 2514 658 2548 quidem
670 2523 701 2548 op
714 2515 767 2547 imi,
778 2517 938 2550 optimusque

158 2558 260 2588 lt'itius,
287 2566 317 2583 ex
346 2559 443 2584 tantine
471 2564 555 2585 autem
588 2560 702 2594 ingenito
729 2560 815 2587 lumen
838 2561 936 2595 effulsit

155 2609 341 2636 sempiternum
354 2623 360 2633 ,
374 2609 450 2639 atque
470 2613 500 2631 ex
518 2613 578 2631 veru
597 2606 650 2632 vita
666 2607 798 2636 rivi/icans
812 2609 936 2641 processit

157 2652 224 2683 fons,
241 2655 317 2681 atque
332 2659 363 2676 ex
379 2651 434 2684 ipsa
453 2652 545 2677 virtute
565 2651 612 2679 Dei
627 2653 707 2679 virtus
722 2653 830 2687 emt/sit.
845 2654 895 2682 Sed
911 2659 937 2682 ct

156 2697 236 2723 verbo
253 2697 348 2730 e/fulsit
369 2699 395 2723 in
411 2698 524 2731 quadam
539 2699 651 2732 mystica
671 2700 796 2726 sacrificii
812 2702 936 2728 oratione

156 2743 180 2767 in
201 2741 302 2774 Spiritu
332 2748 426 2769 sancto
442 2751 505 2770 usus
521 2749 571 2775 ost,
587 2743 619 2771 de
636 2743 704 2772 Filio
721 2746 832 2773 dicens:
848 2746 867 2772 Α
886 2755 935 2781 quo

154 2787 268 2820 Spiritus
286 2797 391 2816 sanctas
408 2791 515 2824 rﬂ'ulsit.
535 2791 573 2817 Ac
598 2799 691 2819 rursus
704 2793 772 2819 idem
797 2793 822 2819 in
836 2794 934 2820 eisdem

155 2835 191 2859 ait
209 2839 218 2859 :
234 2833 385 2862 Communis
408 2839 573 2871 pra'sumptfo
603 2839 720 2865 υηιιιίιιιω
737 2840 814 2865 simul
846 2839 936 2866 Chris-

996 203 1050 229 nito
1066 202 1164 230 lumine
1179 203 1314 238 effulgens.

1031 247 1146 275 Sanctus
1173 253 1262 276 autem
1278 250 1393 285 Cyrillus
1409 251 1436 279 in
1452 259 1504 279 uno
1517 253 1695 288 capitulorum
1711 263 1776 283 suo-

996 299 1055 319 rum
1069 293 1101 320 de
1115 293 1265 321 aeternitate
1282 293 1340 322 Filii
1355 296 1394 322 sic
1408 296 1446 323 ait
1461 306 1468 324 :
1485 297 1553 324 Erat
1570 299 1651 333 igitur
1663 300 1781 334 gignenti

996 334 1074 362 Patri
1084 341 1226 363 cowternus
1239 337 1337 371 Filius,
1347 339 1424 366 veluti
1434 349 1449 367 a
1462 340 1533 374 fonte
1542 343 1655 377 quodam
1664 349 1781 378 patcrme

995 381 1150 409 substantia
1168 390 1290 412 manans.
1307 384 1339 410 Et
1354 384 1379 411 in
1393 385 1467 413 alio:
1484 386 1536 419 Qui
1550 388 1617 414 enim
1631 397 1647 415 a
1670 394 1782 423 paterna

994 429 1118 462 processit
1133 429 1257 463 essentia,
1272 437 1372 465 patrem
1393 433 1513 466 protinus
1529 435 1642 462 ostendit
1652 443 1722 468 eunt,
1736 437 1782 470 qui

994 482 1021 501 se
1031 480 1164 509 genuerat.
1183 476 1214 503 Et
1232 477 1256 503 in
1274 477 1326 504 alio
1337 485 1346 504 .'
1359 477 1436 516 Quod
1452 487 1484 506 ex
1501 479 1588 507 Patris
1600 481 1711 508 essentia
1721 490 1783 514 pro-

994 521 1071 548 cessit
1091 521 1214 548 Verbum.
1239 523 1325 557 Atque
1351 524 1377 550 in
1405 523 1479 551 alio:
1495 524 1574 552 Pater
1600 527 1723 560 produxit
1748 535 1782 553 es:

994 565 1192 603 seipsoFilium
1216 567 1426 600 inseparabiliter
1442 574 1518 602 atque
1533 570 1728 598 incunctanter.
1746 571 1781 598 Et

995 611 1020 638 in
1033 611 1100 638 alio:
1115 611 1207 639 Totum
1220 620 1275 639 esse
1288 612 1352 640 Fiii
1364 621 1396 640 ea:
1421 613 1510 640 Patris
1530 616 1640 642 essentia
1653 616 1779 650 procedit.

994 654 1021 682 In
1047 655 1101 682 alio
1121 663 1226 690 quoque
1241 664 1250 684 .'
1266 657 1393 689 Qua'nam
1419 659 1486 685 enim
1512 660 1600 693 passio
1612 660 1670 694 ﬁeri
1685 661 1712 687 in
1724 663 1780 688 sole

995 703 1119 733 cernitur,
1131 703 1234 737 quando
1246 704 1327 737 gignit
1338 704 1437 730 lucem?
1447 712 1568 739 qua-nam
1577 707 1698 740 contingit
1711 707 1780 742 ignis

994 747 1135 780 separatio,
1147 749 1275 781 quomodo
1286 749 1380 774 entittit
1394 756 1426 774 ea:
1433 756 1460 775 se
1471 749 1526 782 ipso
1539 749 1688 784 fulgorem?
1699 751 1777 784 ΩιιαΙ

995 792 1016 818 si
1033 792 1142 827 gignunt
1159 793 1210 819 ista
1234 793 1452 828 inseparabiliter,
1469 796 1639 829 emittuntque
1652 796 1776 831 impaui-

956 832 1087 870 Bbiltter,
1106 845 1164 872 quae
1189 846 1221 865 es;
1250 838 1282 864 iis
1308 843 1490 871 sunt;nonne
1515 839 1589 874 longe
1621 841 1724 875 dignius
1755 848 1780 869 et

992 882 1159 909 excellentius
1186 883 1278 909 horum
1294 884 1413 910 conditor
1429 889 1534 912 natura
1546 893 1602 913 sure
1615 887 1778 920 splendorem

997 928 1106 954 emittit?
1129 927 1270 955 Psallimus
1281 929 1344 955 item
1355 929 1379 956 in
1389 930 1501 957 canticis
1511 931 1624 963 Spiritus
1635 932 1778 966 confessor,

991 977 1017 999 et
1030 974 1170 1008 conformis
1180 982 1212 1001 ex
1241 974 1323 1001 Patre
1333 975 1410 1002 simul
1435 976 1544 1010 effulsit.
1571 977 1604 1005 Et
1635 978 1719 1006 item:
1739 979 1778 1006 Tu

991 1018 1041 1045 Dei
1054 1027 1135 1046 mater
1148 1020 1329 1051 incunctanter
1352 1020 1424 1055 facta
1438 1029 1464 1049 es
1478 1022 1545 1057 ejus,
1560 1024 1605 1058 qui
1618 1032 1650 1051 es:
1670 1026 1778 1052 immor-

993 1065 1043 1092 tali
1057 1065 1150 1092 Patre.

1028 1111 1056 1138 Si
1074 1111 1155 1146 igitur
1174 1119 1232 1145 eos,
1245 1113 1289 1147 qui
1303 1113 1381 1140 binos
1395 1115 1479 1142 sancti
1501 1114 1621 1150 Spiritus
1634 1123 1778 1151 processus

992 1163 1105 1192 ponunt,
1121 1159 1238 1185 absurda
1255 1158 1368 1193 plurima
1385 1165 1534 1194 sequuntur
1550 1169 1558 1188 :
1572 1162 1661 1189 verbis
1673 1167 1774 1196 autem,

991 1204 1089 1237 quibus
1106 1204 1165 1231 Filii
1181 1212 1214 1232 ex
1243 1206 1323 1233 Patre
1350 1206 1540 1237 substantiam.
1553 1215 1584 1235 ac
1601 1216 1693 1236 rursus
1709 1210 1776 1237 sub-

992 1249 1144 1276 stantialem
1185 1250 1303 1285 Spiritus
1330 1258 1364 1279 ex
1393 1251 1472 1280 Patre
1507 1261 1662 1288 processum
1691 1257 1776 1283 sancti

991 1295 1145 1330 signiﬁcare
1174 1296 1306 1328 volentes,
1337 1297 1460 1331 ejusdem
1489 1299 1530 1326 usi
1565 1305 1628 1327 sunt
1652 1301 1677 1328 in
1698 1301 1776 1334 Filio,

995 1345 1076 1375 atque
1093 1341 1118 1366 in
1135 1340 1235 1375 Spiritu
1257 1341 1414 1374 indiscrete,
1430 1348 1457 1371 et
1484 1344 1587 1379 absque
1612 1347 1666 1373 ulla
1689 1347 1777 1375 deter-

995 1386 1166 1414 minatioae:
1181 1388 1316 1421 quomodo
1331 1396 1384 1415 non
1396 1394 1423 1417 et
1438 1389 1481 1417 hic
1495 1397 1542 1425 per
1557 1391 1582 1417 id
1597 1394 1667 1425 qunti
1678 1394 1776 1421 dicitur

992 1431 1126 1464 profundi.
1135 1437 1162 1459 et
1172 1432 1314 1465 inundare,
1330 1437 1357 1460 et
1368 1434 1506 1468 proﬂuere,
1516 1443 1564 1470 per
1578 1435 1684 1469 Filium,
1695 1443 1776 1472 atque

994 1483 1009 1502 a
1026 1476 1095 1504 Filio
1110 1477 1162 1504 dici
1188 1477 1319 1512 Spiritum
1337 1484 1472 1512 sanctum,
1485 1487 1597 1508 necesse
1619 1482 1654 1509 sit
1677 1483 1776 1511 intelli-

955 1526 976 1555 ο
993 1528 1055 1556 gere
1079 1521 1137 1556 ejus
1167 1529 1198 1554 es
1224 1523 1292 1550 Filio
1313 1523 1503 1557 substantiam,
1522 1526 1669 1554 secttndum
1693 1535 1772 1562 quam

997 1574 1030 1594 ex
1043 1566 1122 1594 Patre
1137 1575 1185 1602 per
1197 1567 1294 1595 Filium
1311 1570 1452 1603 procedit:
1467 1571 1592 1604 Inarime,
1603 1580 1664 1600 cum
1681 1573 1775 1601 beatus

990 1609 1109 1645 Cyrillus
1122 1630 1130 1643 ,
1149 1611 1292 1646 profundi,
1313 1620 1362 1648 pro
1375 1620 1407 1641 eo
1419 1633 1426 1646 ,
1441 1615 1514 1648 quod
1541 1621 1600 1649 est,
1624 1618 1773 1652 procedere,

990 1657 1163 1690 apertissime
1177 1658 1331 1686 tradiderit.

1024 1702 1092 1735 Quia
1107 1703 1178 1730 enim
1198 1703 1265 1732 duas
1285 1712 1318 1732 ex
1334 1705 1390 1733 Deo
1407 1713 1537 1741 personas
1556 1709 1713 1742 procedere,
1727 1718 1770 1738 se-

989 1750 1104 1775 cundum
1120 1749 1223 1777 scilicet
1236 1751 1368 1785 geminum
1383 1759 1537 1786 processum
1555 1753 1622 1782 ﬁdes
1639 1756 1750 1784 tradidit
1765 1765 1772 1784 :

993 1793 1075 1821 aliam
1087 1795 1209 1829 quidem,
1229 1797 1376 1824 secundum
1398 1798 1566 1826 nativitatem
1580 1807 1588 1832 ;
1606 1800 1685 1828 aliam
1699 1809 1772 1833 vero.

989 1841 1135 1868 secundum
1154 1842 1354 1875 processiouem
1369 1852 1376 1870 ε
1394 1848 1473 1879 atque
1484 1844 1552 1873 alius
1571 1846 1678 1880 quidem
1692 1847 1770 1880 Filio,

989 1886 1058 1913 alius
1075 1894 1140 1913 vero
1154 1887 1266 1921 Spiritui
1282 1890 1417 1923 convenit,
1428 1896 1542 1924 constat,
1556 1892 1772 1928 quandoquidem

990 1930 1019 1958 Fi
1034 1932 1075 1958 ius
1106 1939 1139 1959 ex
1154 1932 1232 1960 Patre
1259 1935 1406 1969 procedere
1416 1956 1424 1968 ,
1442 1936 1583 1969 inundare,
1597 1943 1624 1966 et
1649 1938 1742 1966 ﬂuere'
1757 1947 1771 1966 a

988 1976 1121 2012 theologis
1146 1978 1276 2005 asseritur
1292 1987 1298 2006 :
1312 1980 1361 2006 ista
1379 1999 1387 2010 .
1416 1988 1465 2014 pro
1489 1988 1521 2008 eo
1536 1983 1607 2016 quod
1632 1984 1771 2016 est,nasci.

991 2022 1031 2048 vel
1047 2023 1119 2058 gigni
1151 2024 1335 2059 intelligenda.
1352 2025 1420 2053 Cum
1443 2034 1506 2054 vero
1521 2028 1637 2062 Spiritus
1663 2034 1771 2057 sanctus

990 2069 1049 2096 sive
1065 2077 1079 2096 a
1103 2069 1193 2102 Patre,
1213 2071 1270 2098 sive
1284 2079 1299 2098 a
1324 2071 1393 2100 Filio
1420 2073 1554 2107 profundi,
1569 2079 1596 2101 et
1613 2075 1730 2109 prodire,
1742 2081 1769 2103 et

991 2113 1126 2148 proﬂuere
1138 2116 1237 2143 dicitur
1252 2125 1258 2143 :
1277 2117 1344 2149 haec,
1366 2125 1413 2152 pro
1427 2126 1458 2145 eo
1473 2120 1546 2153 quod
1563 2124 1604 2147 est
1616 2120 1770 2155 procedere.

992 2159 1166 2194 accipienda;
1180 2160 1270 2188 verbis
1284 2161 1344 2188 istis
1360 2161 1484 2190 omnibus
1500 2170 1657 2197 processum
1679 2164 1772 2199 cujus-

953 2204 974 2231 D
990 2204 1052 2231 libet
1080 2212 1113 2232 ex
1142 2205 1231 2240 aliquo
1260 2207 1470 2242 insinuantibus,
1488 2214 1514 2236 et
1540 2209 1639 2244 ubique
1662 2211 1771 2244 quidem

988 2249 1074 2283 aptari
1102 2250 1265 2284 peculiarius
1295 2252 1463 2285 valentibus,
1479 2258 1560 2288 atque
1584 2255 1609 2281 in
1634 2254 1685 2282 hoc
1710 2255 1771 2282 loco

989 2295 1122 2330 propriam
1138 2297 1244 2331 utrique
1260 2298 1574 2331 persottzesubstantium
1590 2299 1691 2328 all‘atim
1708 2303 1769 2329 red—

988 2341 1068 2367 dere:
1085 2340 1160 2368 alteri
1173 2342 1279 2376 quidem
1298 2344 1447 2377 nascendi;
1469 2344 1546 2372 alteri
1570 2353 1647 2379 vero,
1678 2355 1772 2381 proce-

990 2385 1070 2412 dcndi
1097 2387 1222 2420 ratione;
1242 2396 1302 2415 cum
1331 2389 1382 2416 alia
1409 2389 1519 2425 quidem
1544 2391 1578 2418 sit
1604 2392 1773 2420 continenter

987 2437 1019 2457 ex
1048 2431 1134 2466 prima
1146 2453 1153 2464 ,
1172 2433 1243 2466 alia,
1260 2441 1307 2468 per
1317 2441 1375 2462 eam
1398 2443 1458 2470 qua:
1475 2442 1519 2464 est
1542 2437 1711 2464 continenter
1737 2445 1770 2465 ex

988 2476 1093 2510 prima:
1117 2478 1215 2514 quippe
1242 2479 1286 2507 isti
1312 2480 1444 2509 ambobus
1466 2486 1530 2509 sunt
1556 2483 1768 2510 substantiarum

989 2523 1106 2551 termini.

1027 2568 1134 2602 Verum,
1153 2572 1276 2605 quoniam
1293 2573 1327 2600 ab
1342 2573 1467 2601 omnibus
1483 2574 1638 2602 doctoribus
1653 2575 1769 2610 Spiritus

986 2619 1097 2642 sanctus
1121 2623 1154 2643 ex
1179 2616 1246 2644 Filio
1273 2618 1419 2651 procedere
1445 2620 1690 2655 asseritur,liquet
1710 2629 1770 2656 pro-

987 2661 1067 2692 iecto,
1086 2662 1148 2696 quia
1173 2663 1319 2690 secundum
1345 2670 1466 2692 naturam
1493 2671 1544 2697 est,
1563 2667 1602 2693 vel
1625 2667 1769 2694 secundant

986 2705 1120 2733 accidens.
1132 2707 1156 2733 ld
1168 2707 1265 2742 quippe
1280 2714 1463 2737 creaturarum
1477 2717 1540 2738 esta
1557 2711 1609 2738 Deo
1624 2719 1677 2738 non
1690 2718 1768 2738 natu-

987 2752 1079 2778 raliter
1096 2754 1249 2786 proccdere.
1268 2754 1294 2781 Si
1311 2754 1399 2790 igitur,
1416 2758 1563 2784 secundum
1585 2763 1709 2784 naturam
1733 2765 1766 2784 ex

988 2797 1055 2823 Filio
1075 2799 1194 2831 procedit
1217 2799 1344 2834 Spiritus,
1363 2802 1414 2829 hoc
1440 2808 1528 2830 autem
1548 2803 1653 2830 duobus
1683 2804 1769 2830 ntodis

988 2842 1036 2870 lit:
1054 2844 1093 2872 vcl
1113 2845 1258 2873 secundum
1279 2849 1459 2883 nativitatem,
1478 2849 1519 2877 vel
1536 2849 1690 2877 secundum
1709 2855 1770 2883 pro-
