1934 3063
166 137 223 169 109

704 138 902 169 ADVERSUS
921 137 1078 168 GRAECOS
1101 137 1173 168 LIB.
1193 138 1233 168 Π.

1742 135 1792 166 iit)

162 194 326 221 cessionem
342 202 349 226 ;
367 197 464 228 praeter
489 193 539 220 ista
565 193 637 221 enim
656 194 746 221 nullus
764 194 831 220 alius
860 192 959 221 divinis
974 194 995 223 Α
1011 192 1153 227 signiﬁcat.
1171 192 1266 227 itaque
1281 192 1367 221 dictus
1385 195 1426 220 est
1440 191 1546 227 quidem
1565 190 1682 228 Spiritus
1693 190 1791 221 Patris.

163 239 299 274 personis
311 239 456 266 secundum
481 245 603 267 naturam
619 246 761 273 proeessus
776 244 817 267 est
833 249 841 273 ;
855 246 953 267 secun-

163 286 231 311 dum
269 285 438 312 nativitatem
465 293 539 318 vero,
554 293 695 319 processtts
714 285 740 312 in
771 285 872 319 Spiritu
899 293 959 313 esse

163 337 220 356 non
254 333 365 364 potest,
383 330 418 356 ita
446 330 517 357 enim
546 335 619 358 esset
639 330 755 365 Spiritus
771 330 852 358 Filius
877 331 956 358 Filii:

163 375 346 404 manifestum
363 380 403 403 est
419 375 537 410 Spiritus
547 383 579 403 ex
594 375 662 404 Filio
674 383 839 411 processum,
856 382 884 403 ut
898 383 960 411 pro-

164 421 298 449 cedentis
311 429 371 449 esse
385 429 393 450 :
410 422 544 456 simulque
558 427 663 450 constat
671 429 705 449 ex
720 421 771 454 his,
785 422 918 456 effulgere,
931 426 959 450 et

163 467 310 501 profundi,
319 472 346 495 et
357 468 568 502 praﬂuere,quod
580 468 687 500 dicitttr,
702 475 714 494 a
729 468 796 495 Filio
810 468 938 503 Spiritum
950 477 957 495 :

165 513 259 546 ipsum
288 521 322 541 ex
348 514 429 540 Patre
458 514 666 548 procedentem,
692 514 800 541 unicttm
830 513 958 548 Spiritum

166 562 310 591 sanctum,
325 565 379 585 non
395 558 494 585 donum
509 557 615 593 aliquod
633 558 691 585 sine
706 558 858 585 substantia
873 558 958 593 signi-

168 604 267 636 iicare,
284 608 313 631 ut
330 603 440 638 quidam
467 604 577 638 volunt;
595 605 665 631 sicut
691 604 763 631 enim
793 605 849 632 sive
862 604 958 637 Filius,

166 649 227 676 sive
265 649 385 684 Spiritus
416 649 562 685 effulgere,
588 655 614 676 et
645 650 777 684 proﬂuere
814 658 846 678 ex
881 651 959 679 Patre

166 695 282 727 dicitur,
301 696 365 729 ipste
379 702 501 729 personae
523 695 621 722 tlivinze
646 695 788 729 signantur
812 697 960 730 proceden-

167 746 227 768 tes:
248 742 287 768 ita
304 747 333 769 et
355 741 471 775 Spiritus
493 749 508 768 a
535 741 602 768 Filio
629 741 764 775 profundi.
781 747 808 769 et
830 742 959 777 eﬁulgere

166 793 230 813 eum
246 787 361 817 dicitur.
377 793 403 814 et
420 786 536 814 maxime
560 793 621 814 cum
642 787 681 814 sic
696 787 839 821 conjuncte
865 795 959 821 proce—

167 833 235 859 dens
266 840 303 860 ex
330 832 409 859 Patre
429 840 476 867 per
499 833 593 860 Filium
606 832 740 867 profundi,
757 840 788 860 ac
815 835 959 867 procedere

1013 239 1059 265 sed
1073 242 1100 266 et
1116 238 1230 273 Spiritus
1250 239 1370 267 veritatis
1388 243 1439 266 est.

1047 283 1080 310 Et
1098 285 1215 312 mittitur
1231 285 1339 320 quidem
1355 293 1369 312 a
1386 285 1475 320 Patre,
1492 285 1608 313 mittitur
1625 289 1714 312 autem
1733 288 1760 311 et
1777 290 1791 310 a

1013 329 1101 362 Filio;
1132 330 1230 366 quippe
1259 332 1410 366 :equaliter,
1429 339 1461 359 ac
1487 335 1546 359 sine
1563 331 1617 359 ulla
1641 330 1791 358 diﬂ'erentia

1012 376 1167 404 communia
1203 376 1297 409 Patri,
1330 381 1356 404 et
1398 377 1466 404 Filio
1496 380 1559 404 sunt
1596 384 1656 411 quae
1682 376 1794 410 singulis

1013 427 1026 446 a
1048 421 1179 456 theologia
1197 422 1381 456 assignantur.
1397 422 1484 456 Atque
1513 421 1618 456 proﬂuit
1644 422 1750 456 quidem
1778 429 1791 446 τι

1012 464 1102 498 Patre,
1130 467 1266 501 proprium
1293 472 1382 493 autem
1402 467 1463 494 Filii
1490 472 1542 500 est,
1567 471 1596 494 ut
1622 471 1648 494 et
1674 467 1708 493 ah
1733 466 1792 501 ipso

1012 517 1128 539 emanet.
1158 512 1229 539 Fons
1256 513 1327 539 enim
1351 513 1436 540 sancti
1455 513 1572 548 Spiritus
1600 518 1626 540 et
1644 511 1729 540 Filius
1759 512 1793 539 ab

1013 557 1140 584 Ecolesis:
1171 558 1306 591 magistris
1332 560 1473 586 asseritur.
1504 559 1536 586 Et
1571 559 1652 587 habet
1684 559 1791 594 quidem

1012 602 1171 630 substantiae
1197 611 1305 632 causam
1333 612 1366 631 ex
1394 605 1530 638 primitivo
1554 606 1666 637 lumine;
1685 604 1792 639 eﬂ‘ulget

1012 655 1076 675 vero
1093 655 1140 682 per
1155 649 1332 683 unigenitum,
1344 650 1471 684 quoniam
1487 657 1534 683 per
1548 650 1634 682 ipsutn
1647 655 1697 681 est,
1711 654 1792 684 atque

1012 700 1060 726 per
1075 693 1173 721 Filium
1190 695 1262 729 qttod
1280 695 1388 728 dicitur,
1408 700 1436 722 et
1452 696 1508 730 ipse
1528 695 1611 723 Filius
1628 696 1660 722 ad
1682 695 1789 723 Patrem

1012 739 1186 766 reducuntur.

1047 783 1078 810 Et
1094 784 1180 811 dictus
1193 790 1233 811 est
1246 785 1365 819 quidem,
1385 792 1400 812 a
1425 785 1502 812 Patre
1519 786 1674 819 procedere,
1695 793 1790 820 proce-

1012 829 1050 855 dit
1063 837 1126 856 vero
1139 837 1186 863 per
1197 829 1304 858 Filium.
1321 830 1441 865 Namqtte
1454 839 1484 858 ex
1500 831 1579 858 Patre
1594 832 1664 866 quod
1680 832 1790 863 dicitur,

167 878 300 911 dicatur,
320 879 376 913 ipsa
393 865 484 906 diviria
511 865 626 914 persona
653 878 770 913 Spiritus
794 879 956 906 insinuatur.

1013 874 1082 906 iuxta
1100 873 1209 901 Patrum
1227 877 1398 908 sententiam,
1415 877 1494 903 etiam
1524 884 1572 911 per
1591 865 1687 904 Filium
1702 879 1792 912 sequi-

167 921 371 950 Procedt-ntem
398 923 468 962 enim
484 930 515 950 ex
538 923 615 951 Patre
642 923 786 957 Spiritum,
803 931 882 951 nemo
901 924 960 952 sine

169 969 327 997 substantia
351 970 441 997 dicere
455 969 604 1005 praesumit,
624 970 675 998 nisi
695 970 755 1006 quis
772 971 960 1006 blasphemare

170 1014 246 1041 velit.

207 1069 279 1097 illud
295 1075 398 1102 autem,
412 1069 483 1105 quod
501 1071 609 1106 quidam
626 1071 713 1104 aiunt,
727 1076 836 1100 sanctos
857 1072 959 1105 dicere,

170 1113 307 1149 Spiritum
331 1121 457 1143 sanctum
482 1117 629 1150 procedere
646 1117 755 1151 quidem
775 1125 808 1145 ex
827 1118 917 1150 Patre,
943 1126 958 1145 a

172 1162 242 1190 Filio
269 1167 362 1190 autem
381 1162 566 1197 profundi;et
596 1171 715 1196 rursum,
737 1165 883 1199 procedere
897 1167 959 1200 qui-

171 1208 230 1235 dem
246 1216 283 1235 ex
299 1208 389 1241 Patre,
405 1210 440 1237 ab
454 1216 486 1237 eo
497 1214 588 1237 autem
607 1209 746 1245 eﬂulgere,
757 1211 801 1238 vel
821 1211 958 1246 proprium

171 1253 258 1287 ipsius
286 1261 360 1286 esse,
377 1254 420 1282 vel
449 1262 503 1282 non
523 1255 651 1288 alienum,
668 1260 695 1283 et
718 1263 778 1290 quae
798 1256 860 1284 talia
878 1266 884 1285 :
911 1265 960 1292 per

172 1301 222 1327 itas
246 1293 457 1334 coniunctiones
480 1301 656 1334 connexivas,
674 1303 878 1330 subslantialem
899 1303 959 1339 Spio

174 1347 244 1374 ritus
266 1353 426 1380 processum
457 1346 525 1374 Filio
542 1346 679 1379 tollentes,
708 1347 834 1383 Patrique
859 1349 960 1376 solum-

175 1392 254 1419 modo
282 1392 354 1420 hunc
372 1393 560 1425 attribuentes,
584 1394 695 1420 omniuo
719 1394 883 1422 imbecillum
907 1401 957 1423 est.

174 1438 337 1474 “ejusmodi
371 1440 469 1475 quippe
503 1441 609 1468 illorutn
644 1449 719 1469 mens
752 1448 794 1470 est
832 1443 957 1477 quoniam

174 1487 277 1514 dicitur
294 1487 403 1522 quidem
423 1487 539 1522 Spiritus
560 1495 592 1515 ex
612 1488 692 1516 Patre
707 1489 864 1523 procedere,
888 1490 959 1517 unde

173 1534 324 1560 secundum
340 1534 484 1561 essentiatn
507 1534 543 1561 illi
561 1534 705 1569 peculiaris
720 1540 761 1562 est
777 1544 783 1561 :
800 1543 852 1562 non
868 1540 955 1563 tamen
969 1527 992 1556 (ἶ

173 1585 213 1605 est
240 1580 350 1606 alienus
374 1587 388 1606 a
419 1579 497 1613 Filio,
527 1579 645 1614 Spiritus
665 1580 737 1608 enim
763 1580 822 1607 Filii
846 1581 955 1614 dicitur,

173 1625 247 1658 juxta
266 1625 339 1658 quod
360 1624 411 1652 sibi
428 1625 509 1652 etiam
527 1625 671 1659 peculiaris
688 1630 740 1653 εει,
760 1626 823 1653 ideo
837 1631 864 1653 et
877 1625 910 1653 ab
924 1635 957 1656 eo

175 1671 358 1704 profunditur,
371 1671 596 1706 quemadmodum
610 1679 642 1699 ex
660 1671 714 1699 Deo
727 1676 754 1699 et
766 1672 856 1706 Patre,
870 1674 956 1702 haeres

175 1717 245 1742 enim
274 1721 447 1750 paternorum
465 1716 596 1743 bonorum
614 1721 667 1747 est.
686 1721 713 1743 et
729 1718 854 1751 proprius
870 1718 956 1752 ipsius

175 1765 226 1791 est,
244 1766 338 1795 utpote
365 1768 413 1794 per
436 1760 522 1794 ipsum
550 1762 708 1788 naturaliter
722 1762 861 1796 prodiens,
881 1768 908 1791 et
923 1772 955 1791 ex

177 1806 234 1838 ipso
261 1807 408 1834 exsistens.
439 1805 532 1841 Igitur,
553 1806 604 1833 etsi
629 1808 751 1841 procedit
766 1816 798 1835 ex
819 1808 909 1841 Patre,
930 1815 957 1836 at

176 1858 263 1885 neque
283 1859 298 1878 a
319 1850 386 1878 Filio
402 1851 518 1878 alienum
536 1855 643 1885 oportet
657 1853 791 1880 mstimare
807 1855 955 1881 secundum

177 1906 234 1924 eum
261 1905 342 1933 quem
367 1898 538 1932 praediximus
558 1897 677 1925 modum.
704 1898 830 1926 Procedit
858 1900 956 1935 quippe

178 1951 221 1976 per
237 1943 350 1970 Filium.
365 1943 516 1970 Procedcre
542 1948 631 1970 autem
649 1944 720 1978 quod
743 1944 852 1977 dicitur,
874 1946 954 1972 etiant

178 1997 222 2022 per
238 1989 336 2017 Filium
352 1989 536 2024 consequitur.
561 1990 646 2016 Aliter
661 1990 731 2016 enim
747 1998 799 2017 non
820 1991 956 2018 diceretur

178 2043 207 2061 ex
225 2035 306 2063 Patre
323 2036 478 2070 procedere.

211 2103 361 2130 Attestatur
383 2106 410 2130 et
428 2103 468 2130 bis
493 2111 605 2137 magnus
628 2103 752 2136 Basilius,
775 2112 836 2132 cum
863 2105 953 2134 dicit:

181 2145 254 2174 Illius
269 2148 373 2182 quidem
385 2149 419 2174 ad
438 2147 542 2174 Patrem
556 2149 743 2183 proprietatem
756 2150 873 2185 intelligo
888 2159 954 2185 quo-

181 2193 247 2219 niam
263 2194 378 2227 procedit
395 2201 427 2220 ea:
446 2193 545 2226 Putre;
570 2195 603 2221 ad
622 2194 722 2221 Filium
742 2203 810 2227 vero,
832 2197 955 2228 quoniam
969 2184 995 2214 Β

181 2238 288 2264 audivi:
306 2247 314 2263 t
331 2237 361 2265 Si
376 2238 433 2272 quis
447 2238 577 2272 Spiritum
601 2239 701 2266 Christi
715 2247 768 2266 non
793 2240 881 2272 liabet,
906 2249 956 2268 non

181 2287 215 2308 at
228 2283 285 2316 ejus
300 2283 331 2309 ⁸⁸.
348 2292 358 2309 ι
384 2283 415 2310 Ει
429 2283 494 2311 illud
516 2292 524 2311 :
539 2283 629 2319 Neque
653 2285 721 2311 enim
742 2285 827 2312 mitius
857 2285 956 2319 aliquid

182 2337 285 2356 eramus
302 2329 417 2356 habituri
433 2330 467 2356 ad
485 2332 701 2365 cognoscendum,
715 2329 843 2364 Spiritum
859 2339 890 2358 ea;
903 2332 955 2359 Deo

182 2380 241 2405 me,
260 2374 389 2407 Spiritum
406 2376 459 2402 ori:
472 2375 529 2409 ejus
542 2376 677 2403 audientes
693 2384 768 2408 eum;
783 2377 829 2404 led
847 2377 956 2411 sufﬁcie-

183 2418 223 2446 bat
244 2425 267 2447 et
286 2421 333 2447 hoc
348 2428 440 2448 uomm
470 2421 505 2448 ad
531 2421 730 2454 insinuaudut'n,
752 2422 835 2455 ipsius
852 2429 884 2448 ea:
903 2422 956 2450 Deo

182 2471 231 2492 me
243 2466 428 2494 subitantiom.

213 2522 293 2551 Porro
310 2523 397 2550 Patris
423 2531 455 2551 os
480 2523 564 2551 Filius
588 2529 639 2554 est.
670 2529 699 2551 ut
727 2523 823 2551 Patres
850 2524 954 2552 volunt.

182 2564 290 2595 Prorsus
307 2576 381 2601 vero,
395 2569 466 2603 quod
482 2574 576 2597 sancto
592 2569 706 2603 Spiritui
729 2569 762 2596 ad
778 2569 886 2596 Patrem
902 2573 953 2602 est,

183 2619 210 2637 ea:
232 2612 310 2640 Patre
323 2614 470 2647 procedere,
493 2613 634 2649 Patrisque
652 2614 782 2649 Spiritum
797 2615 849 2642 dici
864 2623 872 2643 ι
887 2615 951 2646 hoc,

184 2661 207 2682 et
231 2658 261 2684 ad
277 2657 383 2689 Filium.
400 2660 433 2686 ab
458 2660 518 2693 ipso
534 2660 666 2694 accipere,
684 2665 712 2687 et
737 2661 841 2693 attdire,
857 2666 884 2687 et
901 2669 952 2687 cal:-

185 2706 245 2735 tera,
261 2712 320 2738 quze
337 2704 394 2731 Filii
409 2706 537 2738 Spiritum
551 2713 611 2734 esse
626 2707 826 2733 commendant.
845 2706 910 2733 Nam
927 2711 954 2733 et

185 2754 198 2771 tt
218 2747 294 2775 Patre
310 2750 453 2783 procedere
468 2751 538 2785 quod
564 2751 662 2780 dicitur
683 2759 697 2778 a
724 2751 804 2779 Patre
831 2753 952 2786 accipere

236 2838 258 2853 “
276 2838 352 2864 lium.
370 2846 427 2871 vul,
445 2839 471 2866 9.

1012 924 1052 945 tur
1066 927 1073 954 ;
1096 920 1174 947 aliter
1188 921 1287 955 quippe
1303 923 1451 955 procedens
1467 929 1518 950 neu
1531 928 1611 951 esset.
1625 923 1716 958 itaque
1726 932 1791 952 con—

1011 969 1122 992 nectunt
1138 966 1222 1000 magis
1239 966 1322 999 Patri,
1344 967 1440 994 Filium
1460 970 1607 997 secundum
1621 978 1787 1004 processum.

1011 1017 1059 1037 seu
1086 1012 1287 1045 processionem
1311 1014 1396 1042 sancti
1415 1014 1541 1049 Spiritus,
1557 1024 1638 1050 quam
1670 1017 1790 1045 dividunt

1010 1055 1163 1090 hujusmodi
1181 1057 1395 1092 coniunctiones.

1044 1101 1145 1129 Eorum
1171 1108 1273 1137 autem,
1302 1105 1347 1138 qui
1367 1105 1548 1134 diﬂ'erentiam
1561 1109 1686 1136 essentia:
1700 1108 1789 1138 Patris

1012 1155 1045 1174 ac
1069 1147 1130 1175 Filii
1157 1154 1270 1184 pergunt
1299 1155 1432 1185 astruere,
1454 1151 1561 1180 divisim
1586 1162 1618 1181 ac
1634 1154 1790 1183 diiierenter

1011 1193 1061 1220 ista
1088 1194 1200 1222 reddere
1219 1200 1277 1229 est;
1303 1197 1410 1232 quippe,
1433 1199 1467 1225 ita
1492 1199 1789 1232 dividentes,essenti-e

1011 1245 1120 1273 quoque
1152 1241 1303 1269 dideremia
1339 1244 1493 1272 necessario
1519 1251 1658 1279 sequetur.
1687 1247 1789 1283 Nempe

1001 1285 1081 1323 enim
1101 1290 1126 1313 et
1151 1287 1288 1322 theologus
1302 1287 1448 1324 Gregorius
1463 1291 1489 1318 in
1509 1292 1567 1320 suis
1592 1293 1625 1321 de
1648 1294 1789 1323 divinitate

1012 1331 1190 1365 sermonibus,
1207 1329 1377 1362 irrorationis
1393 1340 1480 1370 parte,
1502 1336 1619 1371 Patrem,
1636 1344 1663 1367 et
1679 1339 1789 1375 Filium,

1011 1382 1038 1403 ct
1058 1377 1186 1411 Spiritttnt
1203 1385 1327 1407 sanctum
1347 1382 1484 1414 invocans,
1505 1387 1586 1418 atque
1608 1386 1789 1420 subinl‘erens,

1011 1423 1093 1449 alium
1108 1425 1211 1457 quidem
1229 1427 1290 1453 bene
1315 1427 1486 1461 complacare,
1505 1430 1585 1457 alium
1616 1439 1674 1458 varo
1698 1441 1790 1467 coope-

1011 1468 1076 1499 ται-ἰ,
1098 1469 1179 1497 alium
1198 1476 1284 1498 autent
1300 1472 1453 1506 inspirare:
1476 1482 1528 1502 non
1547 1483 1613 1504 sane
1636 1484 1684 1511 per
1699 1478 1791 1512 hujus-

1013 1514 1083 1541 modi
1102 1516 1318 1550 coniunctiones;
1333 1518 1389 1546 sive
1407 1518 1614 1554 betteplacitum,
1629 1523 1686 1550 sive
1705 1524 1790 1559 inspi-

1013 1561 1162 1593 rationem,
1197 1563 1253 1589 sive
1282 1565 1500 1598 cooperationetn
1533 1568 1653 1601 personis
1681 1569 1788 1603 divisit;

1011 1613 1098 1640 neque
1123 1608 1194 1633 enim
1223 1608 1326 1643 singula
1355 1610 1450 1637 horum
1477 1612 1590 1645 singulis
1612 1621 1788 1648 personarum

1012 1653 1096 1686 magis
1124 1654 1231 1688 proprie
1260 1657 1507 1690 accommodantur,
1534 1666 1615 1693 quam
1643 1662 1753 1696 reliquis
1779 1671 1786 1690 :

1010 1704 1113 1730 verum,
1140 1700 1229 1726 omnia
1255 1702 1421 1729 conveniunt
1451 1704 1573 1740 singulis,
1602 1706 1656 1734 imo
1680 1713 1708 1735 et
1733 1713 1787 1736 tota

1011 1743 1140 1778 Trinitas,
1158 1750 1187 1772 ut
1203 1753 1272 1773 unus
1288 1746 1358 1775 Deus
1375 1748 1498 1783 inspirat,
1510 1755 1537 1778 et
1558 1752 1608 1779 sibi
1627 1753 1693 1780 bene
1714 1761 1788 1781 com—
1824 1750 1832 1755 ’

1012 1789 1099 1823 placet
1121 1790 1147 1817 in
1162 1790 1250 1824 bonis,
1268 1798 1295 1819 et
1311 1794 1489 1828 quodcunque
1505 1795 1695 1826 inchoantibus
1713 1800 1788 1833 adju-

1010 1834 1061 1860 tritt
1091 1839 1142 1862 est.
1171 1836 1258 1870 Atque
1283 1838 1380 1872 ultique
1408 1840 1515 1873 penittts
1532 1849 1645 1876 quaeque
1662 1845 1788 1877 personis

1012 1880 1186 1915 assignantur
1209 1887 1239 1908 ut
1255 1883 1376 1918 propria,
1392 1884 1452 1912 sine
1475 1886 1527 1912 ulla
1544 1887 1676 1915 varietate
1688 1896 1788 1917 conve-

1011 1925 1087 1952 nient
1113 1934 1121 1953 ;
1147 1926 1190 1953 ubi
1221 1935 1274 1954 non
1309 1929 1456 1962 opponitur
1487 1931 1628 1958 relationis
1661 1933 1786 1967 obiectio,

1009 1972 1234 2005 quemadmodum
1250 1975 1388 2007 processio
1415 1975 1541 2009 Spiritus,
1556 1977 1616 2004 Filii
1634 1979 1666 2005 sd
1680 1979 1785 2007 Patrem

1009 2017 1131 2044 relationi
1157 2018 1222 2044 nihil
1247 2018 1347 2052 obstat,
1365 2025 1392 2047 ut
1417 2021 1442 2047 in
1470 2024 1645 2057 sequentibus
1672 2025 1788 2054 lucidius

1010 2063 1214 2089 monstrabitur.

1045 2107 1121 2140 Quod
1142 2107 1163 2134 si
1184 2109 1330 2143 procedere
1346 2111 1430 2145 ipsam
1447 2113 1602 2148 dictionem,
1615 2123 1675 2150 quae
1695 2116 1788 2146 Griece

1007 2154 1206 2188 ἐκπορεύεσθαι
1232 2154 1340 2188 dicitur,
1359 2158 1386 2183 in
1404 2158 1471 2186 Filio
1483 2159 1622 2194 inquirunt
1642 2170 1649 2188 :
1671 2163 1786 2197 printum

1008 2199 1116 2234 quidem
1147 2200 1267 2234 pluribus
1292 2209 1372 2236 supra
1401 2205 1549 2232 rationibus
1573 2211 1709 2236 ostensum
1735 2215 1785 2242 est,

1008 2246 1080 2280 quod
1102 2246 1153 2272 alia
1181 2254 1288 2282 quoque
1308 2249 1388 2276 verba
1420 2250 1471 2278 hoc
1498 2251 1585 2285 ipsum
1614 2253 1787 2285 nihilominus

1008 2291 1169 2327 signiﬁcant.
1191 2293 1312 2327 Deinde,’
1323 2295 1384 2329 quia
1399 2299 1426 2322 et
1437 2303 1451 2323 a
1466 2298 1568 2325 sanctis
1581 2307 1686 2334 quoque
1698 2302 1786 2335 posita

1008 2343 1049 2365 est
1075 2338 1229 2372 huiusmodi
1260 2339 1352 2367 dictio.
1379 2340 1433 2368 Sed
1452 2346 1478 2368 et
1510 2342 1609 2377 ipsum,
1636 2346 1707 2379 quod
1740 2355 1787 2381 per

1007 2383 1104 2411 Filium
1126 2385 1271 2419 procedere
1285 2385 1393 2418 dicitur,
1411 2394 1425 2413 a
1451 2386 1577 2416 Patribus
1598 2391 1787 2419 commendare

1010 2430 1116 2462 Sttﬂicit,
1143 2430 1212 2464 quod
1232 2431 1312 2458 etiam
1339 2432 1462 2467 procedit
1477 2440 1510 2460 ex
1534 2433 1611 2463 Filio.
1627 2435 1784 2470 Quanquam

1010 2477 1107 2510 quibus
1132 2484 1185 2504 non
1214 2477 1341 2510 sufficiat,
1359 2479 1429 2513 quod
1452 2487 1484 2506 ex
1508 2479 1578 2508 Filio
1596 2481 1714 2516 Spirittts
1727 2490 1787 2510 esse

1009 2528 1118 2551 sanctus
1142 2524 1261 2551 dicitur?
1283 2533 1344 2552 cum
1369 2527 1454 2553 sancti
1472 2526 1523 2555 hoc
1539 2528 1662 2562 plurimis
1679 2530 1703 2556 in
1720 2530 1787 2557 locis

1009 2569 1134 2602 dixerint,
1158 2577 1219 2596 cmn
1244 2571 1277 2597 de
1302 2572 1489 2604 personalibus
1514 2573 1671 2602 substantiis
1696 2575 1785 2603 disse-

1008 2621 1123 2642 rerent:
1153 2617 1317 2651 verhutnque
1333 2625 1400 2650 esse,
1428 2618 1623 2647 substantivnm
1647 2628 1709 2647 cum
1737 2621 1783 2653 sit,

1007 2662 1093 2696 magis
1123 2663 1204 2689 etiam
1233 2662 1381 2698 cuiuspiam
1419 2671 1451 2691 ex
1483 2665 1574 2700 aliquo
1607 2667 1783 2694 substantiam

1007 2709 1159 2742 exprimere
1175 2708 1268 2743 possit,
1291 2709 1367 2742 juxta
1393 2709 1497 2738 scilicet
1523 2712 1624 2746 proprii
1641 2719 1784 2748 processus

1009 2759 1156 2780 lCi‘lIlllillm,
