1934 3063
136 127 188 160 111

763 128 959 159 MANUELIS
972 130 1124 162 CALEC/E

1701 134 1752 167 112

173 184 306 211 Praeterea
325 187 431 211 constat
449 189 480 209 es
499 182 693 217 superioribus,
706 183 777 217 quod
800 183 913 210 dicimus
929 185 950 214 Λ
967 185 1029 212 tium
1067 188 1194 224 (actione)
1235 189 1478 218 eminentissimum
1510 190 1639 219 Ecclesize
1669 192 1755 227 magi-

139 230 165 256 in
186 229 255 256 Filio
283 235 395 256 manere
413 228 552 262 Spiritum,
572 228 643 263 quod
665 228 773 262 quidam
789 228 831 255 his
847 228 916 262 obji-

139 277 216 303 ciunt
227 295 235 307 ,
247 275 292 310 qui
306 275 387 302 etiam
398 282 430 302 ex
446 274 515 301 Filio
529 273 679 308 proferunt,
694 274 759 301 nihil
772 281 818 302 eos
830 274 916 308 juvat.

139 322 190 355 Qui
214 321 285 348 enim
301 324 329 348 et
355 327 388 347 ex
410 318 479 346 Filio
497 319 627 354 Spiritum
645 319 747 351 dicunt,
762 325 788 347 et
805 320 830 347 in
848 320 918 348 Filio

139 368 217 402 longe
228 367 303 401 prius
314 365 475 393 confitentur
485 372 616 399 ;namque
629 369 656 392 et
666 366 762 397 sancti,
772 369 799 393 et
811 367 837 392 in
849 365 918 392 Filio

138 414 244 446 dicunt;
269 417 298 439 et
324 419 372 447 per
405 411 504 446 ipsum,
532 415 559 438 et
577 418 610 438 ex
637 411 694 445 ipso
712 419 778 443 esse,
804 412 916 439 addunt.

137 458 229 492 Nt‘qile
242 458 296 484 hoc
310 457 408 488 solum,
420 456 466 484 sed
479 461 507 483 et
520 456 546 483 in
560 456 650 489 Patre,
664 460 692 483 et
707 457 732 483 in
747 457 815 483 Filio
830 456 917 491 Spiri-

127 510 193 531 *lnm
214 509 337 531 sanctum
364 510 486 530 manere.
513 502 590 530 Sicut
608 507 698 530 autem
723 503 749 529 in
767 502 847 530 Patre
861 511 919 530 ma-

138 557 214 583 nens,
233 550 315 576 etiam
333 556 367 576 ex
396 549 455 583 ipso
478 553 528 580 est,
552 548 592 575 sic
608 552 635 574 et
656 547 683 574 in
702 547 769 574 Filio
793 555 916 579 manens,

136 597 216 624 ctiam
234 603 266 623 ex
293 595 352 629 ipso
377 598 428 621 est.
455 593 513 621 Non
540 593 612 620 enim
636 592 761 628 profecto
785 593 917 628 quispiam

122 643 327 676 "blasphemare
341 639 460 671 audebit,
472 640 507 666 ita
523 638 551 665 in
568 637 637 665 Filio
653 645 761 665 manere
776 637 916 672 Spiritum,

129 689 207 716 ~sicnt
231 687 257 713 in
275 685 396 721 quolibet
413 689 579 716 sanctorum,
606 683 634 711 in
650 683 748 718 quibus
772 685 919 718 requiescit

136 734 255 769 quidem,
270 737 297 759 et
311 735 413 764 manet,
430 730 476 757 sed
491 737 538 764 per
555 729 680 765 gratiam.
704 736 756 756 non
772 737 821 764 per
836 735 917 758 natu.

129 789 165 807 ΤῖΙ
170 788 194 806 ΙῘΙ
200 800 206 807 .

172 826 303 852 l‘rmtcrea
331 831 405 855 vero,
431 822 501 857 quod
525 823 656 857 procedit,
684 823 773 855 ineo,
803 830 835 850 ex
865 829 917 856 quo

972 236 1070 265 strum,
1086 241 1118 260 ac
1131 239 1254 263 sanctum
1270 236 1461 270 praedicarunt.

1010 277 1061 306 Sed
1085 279 1158 307 etde
1174 282 1369 316 pra‘nomiuato
1391 285 1485 309 sancto
1504 281 1647 309 Anastasio
1658 281 1754 308 Antio-

972 324 1058 353 cheno
1072 326 1236 360 patriarcha,
1247 332 1322 354 sexta
1334 328 1461 362 synodus,
1473 327 1513 354 sic
1522 328 1575 354 ait:
1592 326 1754 359 Suscipimus

971 375 1092 397 sanctum
1122 372 1293 398 Anastasium
1323 377 1392 398 recta
1420 373 1471 406 [ide
1495 372 1691 406 respondentem
1706 379 1752 406 pro

972 420 1041 442 tomo
1054 416 1149 448 sancti,
1162 425 1193 443 ac
1206 417 1358 444 venerabilis
1372 417 1452 452 Papa:
1466 418 1569 445 Leonis.
1585 419 1623 445 Ac
1635 426 1729 446 rursus
1744 428 1751 446 :

972 461 1099 488 Sanctum
1117 463 1236 489 nominat
1252 463 1346 490 Oriens
1371 469 1440 490 totus
1460 464 1527 490 hunc
1542 469 1639 492 sanctae
1656 473 1753 492 memo-

970 507 1018 533 τίω
1049 507 1231 539 Anastasium,
1253 508 1300 541 qui
1327 509 1377 542 fuit
1409 509 1556 536 Antiochia
1581 510 1752 543 archiepisco-

970 560 1029 586 pus,
1054 557 1079 580 el
1098 554 1143 588 qui
1170 561 1228 580 eum
1255 562 1307 581 non
1334 548 1456 588 suscipit,
1481 554 1550 582 Deus
1576 556 1750 582 anathemati-

971 602 1021 624 ιρι.

1008 643 1124 671 Sanctus
1153 644 1236 679 igitur
1264 644 1393 678 Hilarius,
1413 645 1539 680 antiquus
1563 645 1654 679 Pater,
1671 651 1751 680 atque

970 689 1147 722 venerabilis,
1161 695 1188 717 et
1200 690 1307 717 dicendi
1326 690 1362 723 vi,
1379 695 1406 718 et
1418 691 1594 726 philosophia:
1606 692 1710 724 studiis,
1723 697 1752 719 ct

971 733 1115 768 theologia:
1130 734 1309 768 sublimitate,
1324 739 1350 763 et
1362 736 1422 762 vitae
1437 736 1580 769 munditia,
1591 741 1617 763 et
1633 737 1751 763 miracu-

971 778 1058 806 lorum
1074 779 1228 807 ostensione
1255 781 1373 813 magtime
1395 781 1495 813 clarus,
1527 782 1573 814 ita,
1602 787 1631 808 ut
1658 782 1750 809 beatus

970 824 1135 860 Augustinus
1155 826 1188 852 de
1212 826 1257 853 illo
1280 826 1353 853 dicat
1377 836 1383 854 :
1406 826 1505 853 Mirum
1536 835 1609 859 sane.
1640 828 1663 854 si
1690 829 1750 862 quis

136 871 269 906 procedit,
294 870 368 904 prius
382 868 530 896 substiterit
544 875 654 899 necesse
670 872 720 895 est.
738 867 829 902 Neque
843 867 914 894 eniiﬂ
932 860 953 889 Β
968 869 1103 897 Hilarium
1131 871 1216 904 legetis
1241 880 1291 898 non
1319 872 1467 899 admiratur
1490 881 1549 900 cum
1575 873 1615 900 his
1655 860 1700 908 qui
1723 874 1750 900 in

135 925 166 944 ex
189 916 235 942 illn
251 916 329 942 aliter
341 914 510 949 procederet.
527 912 553 938 ln
570 912 667 940 divinis
679 917 768 940 autem
781 911 914 947 personis,

135 963 215 991 simul
239 968 267 990 et
296 962 322 989 in
340 962 407 996 ipso,
431 963 458 986 et
481 967 529 993 per
551 960 648 994 ipsum,
671 963 698 986 et
720 966 753 986 ex
781 959 840 992 ipso
863 962 915 989 est,

137 1015 247 1045 propter
264 1008 453 1039 a‘leruitalem,
473 1011 500 1033 et
516 1006 586 1041 quod
612 1005 667 1033 illic
686 1005 811 1040 tempori;
826 1004 916 1031 nullus

138 1062 212 1082 locus
227 1055 271 1081 sit.
289 1053 364 1080 Sicut
388 1059 452 1087 ergo
471 1051 556 1078 Filius
573 1051 599 1078 in
626 1049 707 1077 Patre
721 1050 857 1078 exsislens
883 1057 916 1076 ex

137 1108 194 1135 ipso
208 1105 259 1132 est,
275 1104 302 1127 ct
314 1099 432 1133 Spiritus
443 1101 554 1124 sanctus
567 1095 704 1128 similiter;
722 1095 778 1129 pari
795 1094 916 1130 proiecto

135 1146 252 1177 ratione,
270 1149 296 1171 ct
314 1144 347 1172 de
373 1143 513 1170 mansione
534 1141 621 1170 sancti
647 1141 766 1176 Spiritus
792 1140 819 1168 in
846 1140 916 1167 Filio

136 1192 289 1219 dicendum.

169 1238 203 1264 Et
220 1241 262 1264 cst
280 1235 390 1270 quidem
405 1235 430 1262 id
456 1241 559 1267 verum,
576 1234 646 1268 quod
668 1233 705 1260 ait
721 1233 798 1260 divus
814 1231 915 1266 Diony-

125 1283 205 1316 -sius,
227 1282 299 1317 quod
317 1281 415 1308 divinae
442 1280 597 1308 substantias
612 1279 638 1306 in
658 1279 771 1306 invicem
801 1278 916 1305 circnm-

125 1334 212 1361 .eunt,
229 1330 276 1356 sed
301 1335 353 1354 non
385 1326 486 1353 idcirco
514 1324 638 1352 confusio
660 1329 712 1357 est,
743 1331 828 1359 neque
849 1323 916 1351 hinc

137 1375 285 1402 immobilis
299 1373 365 1399 ordo
378 1369 541 1406 pervertitur
556 1379 562 1397 :
586 1368 675 1404 Neque
696 1377 797 1396 necesse
814 1368 915 1395 Filium

127 1423 165 1448 —in
177 1420 278 1455 Spirittt
299 1426 356 1444 cum
373 1417 496 1448 dicimus,
511 1416 589 1442 etiam
607 1423 639 1442 es;
660 1414 761 1449 Spiritu
785 1423 839 1441 esse
854 1423 917 1441 con-

126 1466 215 1500 fiteri,
236 1469 265 1492 ut
281 1456 427 1497 Gregorius
444 1461 579 1496 Nyssenus
597 1461 634 1487 ait
648 1469 655 1487 :
678 1460 739 1493 Sed,
758 1464 796 1486 est
811 1460 914 1494 quidem

125 1512 219 1541 ~Filius
237 1512 263 1537 in
282 1509 379 1540 Patre,
395 1509 462 1535 sicut
483 1506 649 1542 pulchritudo
665 1507 786 1540 imaginis
810 1507 838 1533 in
857 1506 916 1541 pri-
930 1524 952 1554 ο

134 1558 225 1584 mitit'a
242 1557 327 1591 {arma
352 1555 378 1581 in
396 1554 503 1588 propria
520 1552 643 1588 imagine.
661 1551 733 1579 idem
760 1558 823 1580 vero
839 1557 865 1579 et
888 1553 914 1579 in

126 1603 213 1633 Filio,
231 1607 257 1628 et
274 1600 376 1632 Spiritu
392 1599 546 1626 dicendum.

172 1649 303 1682 Quoniam
316 1644 397 1681 igitur
414 1646 447 1673 ab
461 1645 608 1673 Orientalis
625 1645 751 1673 Ecclesia:
769 1646 913 1681 magistris,

132 1702 165 1721 ex
196 1692 265 1720 Filio
291 1699 368 1723 esse,
398 1698 429 1717 ac
457 1691 604 1724 procedere
634 1691 762 1725 Spiritum
789 1697 913 1719 sanctum

135 1739 265 1765 traditum
283 1736 415 1768 constitit,
433 1736 495 1763 licet
518 1735 632 1770 plurima
651 1737 749 1763 omissa
772 1737 836 1769 sint,
855 1744 915 1772 qua:

135 1783 225 1811 alierri
241 1787 367 1817 poterant
381 1781 414 1808 ad
431 1781 482 1808 hoc
497 1781 583 1815 ipsum
606 1782 830 1815 asseverandum;
844 1791 916 1811 nunc

131 1829 187 1862 jam
201 1833 228 1855 et
242 1828 276 1854 ab
291 1826 313 1854 0
330 1826 471 1854 cidentalis
483 1825 610 1853 Ecclesia;
624 1826 788 1860 doctoribus,
803 1833 831 1854 ut
845 1829 913 1855 idem

134 1881 255 1903 astruere
269 1874 400 1905 nitamur,
416 1873 591 1899 adtnonemur
607 1881 614 1899 :
630 1876 658 1898 ut
677 1872 727 1904 his,
743 1873 787 1906 qui
807 1878 915 1901 contra-

134 1922 225 1948 dicere
240 1921 373 1950 nituntur,
387 1918 459 1946 nulla
471 1917 526 1951 jam
544 1918 683 1944 excusatio
698 1919 800 1952 reliqua
814 1919 858 1947 sit.
877 1921 914 1947 Ac

130 1968 220 2002 primo
249 1967 368 2000 quidem.
395 1969 522 1998 quantam
543 1963 595 1989 illis
625 1963 791 1991 universales
820 1965 914 1999 synodi

134 2012 312 2040 reverentiam
346 2010 589 2043 auctoritatemque
613 2009 803 2043 praestiterint,
819 2014 846 2037 et
862 2017 915 2044 qua

136 2058 186 2085 tide
218 2058 322 2085 illorum
350 2056 421 2083 dicta
450 2054 549 2089 suscipi
582 2055 742 2088 conveniat,
776 2055 915 2083 insinuan-

122 2108 268 2178 ‘mgaucta
286 2149 378 2185 igitur,
403 2152 485 2182 atque
507 2147 668 2175 universalis
688 2148 781 2182 quinta
795 2148 914 2183 synodus

941 940 943 943 .
968 915 1061 943 Νίσαια
1089 921 1272 944 convenerunt.
1302 917 1355 944 Pro
1385 917 1514 952 Unigenili
1545 919 1628 953 gloria
1659 924 1750 946 contra

967 962 1059 988 Arium
1075 970 1205 996 pugnans,
1228 963 1264 989 ait
1286 962 1312 989 in
1333 964 1451 990 secundo
1470 963 1506 990 De
1526 963 1655 991 Trinitate
1667 964 1749 998 libro,

966 1014 1045 1040 quem
1085 1011 1179 1034 contra
1205 1007 1299 1033 Arium
1331 1012 1356 1033 ct
1387 1007 1533 1034 Sabellium
1563 1009 1749 1043 conscripsit:

966 1051 1103 1079 Credimus
1129 1058 1246 1078 sanctam
1270 1052 1436 1086 Trinitatem,
1460 1053 1508 1080 hoc
1531 1059 1567 1080 est
1583 1051 1708 1085 Patrem,
1725 1059 1749 1081 et

968 1095 1078 1128 Filium,
1097 1098 1121 1123 el
1143 1096 1267 1131 Spiritum
1286 1103 1416 1128 sanctum.
1432 1106 1512 1125 unum
1533 1098 1613 1125 Deum
1633 1100 1751 1133 omnipo-

966 1146 1070 1174 tentem,
1100 1143 1177 1169 unius
1209 1143 1338 1174 essentice,
1369 1144 1446 1170 unius
1476 1143 1641 1177 substantias,
1671 1146 1749 1172 unius

966 1189 1098 1222 potentito,
1116 1194 1260 1215 creatorem
1289 1190 1402 1216 omnium
1425 1195 1605 1217 creaturarum
1622 1198 1677 1222 ;e:c
1699 1200 1749 1225 quo

967 1234 1065 1265 omnia,
1083 1241 1129 1267 per
1139 1242 1213 1267 quem
1229 1235 1328 1267 omnia,
1345 1235 1370 1261 in
1389 1242 1439 1269 quo
1454 1235 1552 1262 onmia.
1573 1235 1681 1262 Patrem
1698 1245 1749 1264 non

966 1279 998 1306 ab
1029 1279 1092 1311 alio,
1112 1279 1210 1306 Filium
1231 1288 1261 1306 es:
1278 1279 1355 1307 Patre
1371 1281 1497 1315 genitum,
1517 1282 1597 1309 Deum
1617 1291 1703 1310 verum
1719 1284 1750 1310 de

969 1324 1019 1351 Deo
1034 1333 1103 1357 vero,
1120 1325 1205 1352 lumen
1223 1333 1319 1358 rerum,
1341 1334 1372 1352 ea:
1387 1327 1483 1353 lumine
1497 1335 1567 1360 vero,
1587 1336 1638 1355 non
1662 1334 1749 1355 tamen

966 1371 1018 1397 duo
1032 1371 1144 1402 Iuntina,
1162 1371 1208 1398 sed
1223 1379 1301 1397 unum
1323 1371 1430 1398 lumen:
1452 1372 1582 1405 Spiritum
1597 1377 1716 1400 sanctum
1731 1382 1746 1400 ιι

967 1416 1059 1448 Patre,
1076 1422 1099 1443 et
1116 1416 1181 1444 Filio
1199 1418 1336 1450 aequaliter
1360 1419 1550 1452 procedentem.
1579 1419 1750 1446 consubstan-

968 1461 1055 1487 tialem
1069 1466 1094 1487 et
1116 1466 1273 1488 cowternum
1293 1461 1367 1488 Patri
1381 1467 1404 1488 et
1427 1462 1507 1494 Filio,
1528 1462 1607 1490 Pater
1621 1464 1647 1489 in
1664 1465 1747 1497 seipse

967 1506 1058 1540 plenus
1076 1506 1156 1537 Deus,
1183 1505 1269 1533 Filius
1293 1506 1385 1540 plenus
1402 1506 1469 1533 Deus
1485 1515 1517 1534 ea:
1539 1507 1617 1535 Patre
1632 1509 1747 1543 genitus,

969 1551 1084 1586 Spiritus
1099 1559 1203 1578 sanctus
1220 1551 1310 1585 plenus
1321 1560 1353 1578 ea;
1372 1551 1463 1586 Patre,
1476 1558 1500 1580 et
1515 1553 1582 1580 Filio
1595 1555 1746 1588 procedens.

969 1597 1030 1624 Non
1048 1601 1133 1624 tamen
1151 1602 1201 1624 tres
1231 1597 1292 1624 deos
1319 1599 1441 1629 dicimus.
1472 1600 1517 1626 sed
1542 1607 1622 1626 unum
1653 1599 1746 1627 Deum.

967 1642 1040 1669 Idem
1062 1642 1088 1669 in
1106 1642 1314 1670 Commentariis
1330 1643 1356 1671 in
1382 1645 1550 1678 Apostolum,
1573 1646 1605 1673 de
1620 1646 1700 1673 Patre
1716 1655 1748 1674 ac

967 1687 1038 1715 Filio
1052 1688 1198 1720 disserens,
1208 1689 1247 1715 ait
1267 1697 1274 1715 :
1289 1688 1364 1715 Nihil
1384 1690 1409 1716 in
1429 1695 1521 1717 sancto
1536 1690 1638 1725 Spiritu
1652 1691 1748 1726 duplex

969 1734 1089 1768 intelligi,
1103 1735 1166 1768 quin
1191 1732 1273 1761 Pater
1299 1739 1322 1760 et
1349 1735 1433 1762 Filius
1449 1736 1490 1762 illi
1507 1744 1562 1763 esse
1576 1737 1747 1770 praebuerint.

970 1780 1043 1808 Unde
1056 1781 1132 1807 multo
1148 1788 1227 1807 unum
1241 1781 1396 1815 principiunt
1413 1783 1499 1808 sancti
1518 1781 1631 1817 Spiritus
1655 1783 1748 1809 dicun-

968 1832 1021 1855 tur.

1005 1873 1123 1900 Sanctus
1140 1871 1203 1899 item
1222 1871 1405 1907 Hieronymus
1429 1872 1545 1905 quodam
1561 1875 1587 1900 in
1605 1873 1663 1902 loco
1682 1884 1747 1911 opll-

969 1918 1105 1948 sculorum
1134 1925 1256 1949 suorum,
1287 1917 1325 1944 ait
1348 1926 1354 1944 :
1379 1917 1494 1952 Spiritus
1513 1924 1617 1946 sanctus
1634 1928 1649 1947 a
1666 1920 1745 1949 Patre

969 1973 1001 1992 ac
1032 1963 1104 1990 Filio
1133 1963 1286 1997 procedens,
1320 1970 1365 1994 per
1399 1962 1487 1989 omnia
1519 1962 1594 1990 Patri
1616 1970 1639 1992 et
1675 1965 1747 1994 Filio

968 2010 1108 2046 coa'qualis
1120 2014 1143 2037 et
1159 2015 1300 2037 coaeternus
1316 2014 1364 2036 est.

1004 2055 1122 2083 Sanetus
1145 2062 1252 2089 quoque
1275 2055 1434 2082 Ambrosius
1458 2053 1668 2084 Mediolanensis
1690 2057 1748 2091 epi-

968 2108 1064 2136 scopus
1081 2101 1106 2128 in
1121 2100 1190 2127 libro
1206 2107 1254 2126 suo
1265 2099 1304 2126 De
1322 2099 1449 2127 Trinitate
1466 2101 1504 2128 ait
1520 2111 1527 2129 :
1552 2101 1613 2129 Non
1627 2103 1702 2137 quasi
1716 2111 1748 2130 ea:

968 2148 1024 2174 loco
1040 2146 1154 2173 mittitur
1170 2145 1293 2179 Spiritus,
1316 2153 1395 2179 neque
1411 2146 1486 2180 quasi
1503 2147 1535 2173 de
1551 2147 1608 2174 loco
1632 2149 1748 2181 procedit

135 2197 257 2231 in‘gestis
272 2195 327 2222 suis
345 2195 380 2220 ita
403 2196 486 2220 lenne
511 2193 543 2219 ad
559 2193 681 2225 verbum,
703 2193 740 2219 ait
755 2201 762 2219 :
777 2192 915 2227 Sequimur
931 2196 952 2223 ι)
968 2202 984 2220 a
1010 2192 1080 2219 Filio
1107 2192 1259 2226 procedens.
1290 2191 1362 2217 Idem
1393 2191 1420 2218 in
1448 2194 1567 2219 secumlo
1592 2194 1624 2220 de
1654 2199 1747 2222 sancto

135 2244 161 2269 in
179 2242 298 2268 omnibus
317 2246 422 2267 sanctos
451 2238 554 2270 Patres,
573 2246 604 2264 ac
620 2237 739 2264 doctores
754 2244 851 2265 sanctce
868 2239 914 2265 Dei

137 2287 271 2316 Ecclesiw,
290 2285 475 2316 Athanasium,
493 2283 638 2313 Hilarium.
655 2283 796 2315 Basilium,
817 2282 914 2317 Grego-

132 2335 203 2358 rium
218 2331 384 2365 Theologum,
398 2328 549 2363 Gregorium
562 2327 721 2361 Nyssenum,
735 2327 914 2360 Ambrosium,

136 2377 321 2412 Augustinum,
344 2374 526 2408 Theophilum,
542 2373 682 2407 Cyrillum,
695 2373 824 2400 Joannem
844 2373 914 2401 Con-

133 2422 408 2455 stuntinopolitanum,
423 2420 543 2452 Leonem,
558 2418 690 2449 Proclum,
707 2423 730 2444 ct
744 2419 842 2449 omnia.
857 2427 915 2452 quae

134 2471 165 2496 ab
182 2469 218 2495 eis
233 2469 264 2495 de
277 2468 329 2502 ﬁde
346 2472 428 2495 recta.
451 2472 474 2493 ct
494 2467 527 2492 ad
546 2465 788 2492 condemnationem
811 2465 902 2492 literati

135 2522 225 2540 eorum
242 2513 389 2547 conscripta
402 2516 473 2544 sunt,
486 2511 653 2545 suscipimus.
672 2511 738 2543 lino,
753 2516 778 2537 ct
794 2511 820 2538 in
836 2513 918 2546 syno—'

133 2561 204 2591 dico,
230 2559 300 2592 quod
329 2558 436 2589 dicitur,
477 2557 650 2584 anathemate
677 2558 840 2591 plectuntur,
869 2559 914 2592 qui

135 2605 276 2638 pnedictos
292 2603 418 2630 doctores
438 2611 490 2630 nou
519 2604 683 2637 suscipiunt,
710 2611 796 2638 neque
824 2605 913 2631 (Illlttla

134 2658 196 2685 qum
224 2651 256 2676 ab
282 2650 322 2676 eis
352 2649 450 2682 scripta
479 2655 552 2680 sunt,
572 2649 746 2676 conﬁtentur.
779 2649 914 2684 Praecipue

135 2704 200 2723 vero
222 2696 400 2729 Augustinum
416 2701 517 2722 sancta:
533 2695 698 2722 universales
720 2695 824 2731 synodi,
843 2701 872 2722 ut
887 2699 913 2722 in

130 2750 226 2769 carum
245 2743 327 2776 gestis
341 2747 456 2775 constat,
475 2742 551 2770 tertia
569 2742 682 2775 scilicet,
701 2746 776 2769 sexta
807 2747 833 2769 et
854 2749 914 2776 scp-

152 2828 178 2844 "
193 2828 271 2858 Joan.
286 2838 332 2863 xx,
351 2829 396 2857 21.

968 2239 1069 2274 Spiritu
1085 2237 1165 2270 libro,
1177 2237 1232 2263 ait:
1252 2237 1326 2269 Quod
1341 2245 1373 2264 ea:
1387 2237 1474 2272 aliquo
1491 2243 1537 2270 est,
1553 2244 1597 2265 aut
1611 2247 1644 2266 eo:
1660 2248 1746 2266 essen-

969 2286 1005 2311 tia
1018 2284 1133 2319 quidem,
1151 2283 1231 2309 reluti
1245 2291 1303 2309 cum
1320 2282 1408 2310 Filius
1424 2291 1455 2310 ea:
1474 2283 1563 2317 Patre,
1576 2285 1616 2311 vel
1631 2285 1747 2319 Spiritus

968 2335 1074 2357 sanctus
1089 2337 1122 2356 ea:
1139 2328 1219 2355 Patre
1233 2334 1258 2355 et
1275 2328 1352 2355 Filio.
1370 2328 1411 2355 Ea:
1427 2334 1553 2364 potestate
1568 2336 1654 2357 autent
1669 2332 1748 2358 sicuti

967 2383 998 2402 ex
1018 2375 1070 2402 Deo
1086 2375 1183 2402 omnia.

1004 2420 1120 2448 Sanctus
1139 2419 1306 2452 Augustinus
1323 2424 1412 2446 autem
1429 2420 1455 2446 in
1468 2419 1513 2446 lib.
1533 2428 1559 2447 tv
1573 2421 1605 2448 de
1617 2420 1748 2449 Trinitate

966 2466 1028 2492 ait:
1053 2464 1109 2492 Nec
1129 2472 1267 2498 possumus
1292 2465 1388 2496 dicere,
1412 2465 1482 2499 quod
1498 2465 1612 2500 Spiritus
1636 2475 1651 2493 a
1676 2467 1747 2494 Filia

968 2519 1018 2538 non
1039 2511 1173 2544 procedat.
1196 2509 1286 2544 Neque
1298 2510 1366 2536 enim
1384 2511 1483 2545 frustra
1500 2511 1568 2538 idem
1582 2511 1710 2545 Spiritus,
1724 2519 1746 2538 et

967 2558 1067 2591 Patris,
1095 2562 1117 2584 et
1145 2555 1211 2582 Filii
1237 2556 1354 2589 Spiritus
1376 2556 1487 2582 dicitur.
1515 2556 1570 2583 Nec
1587 2558 1672 2591 video,
1685 2559 1746 2592 quid

967 2603 1040 2630 aliud
1069 2602 1218 2636 signiﬁcare
1248 2601 1370 2634 voluerit,
1398 2609 1457 2628 cum
1480 2602 1585 2637 sufﬂans
1608 2603 1635 2629 in
1653 2604 1747 2636 [aciem

967 2649 1167 2682 discipulorum,
1181 2648 1218 2673 ait
1230 2655 1239 2673 :
1256 2656 1264 2672 I
1278 2647 1392 2680 Accipite
1408 2647 1536 2682 Spiritum
1551 2654 1672 2675 sanciunt
1685 2649 1719 2676 ".
1735 2660 1743 2675 ι

968 2695 1059 2729 Neque
1084 2694 1151 2720 enim
1169 2693 1249 2726 ﬂatus
1272 2694 1315 2719 ille
1329 2701 1470 2727 corporeus
1485 2702 1542 2720 cum
1561 2703 1637 2721 sensu
1654 2703 1747 2729 corpo-

967 2742 1060 2768 raliter
1084 2739 1206 2774 tangendi
1236 2739 1376 2773 procedens
1406 2748 1437 2766 ea:
1463 2747 1581 2774 corpore,
1599 2741 1747 2768 substantia
