1934 3063
172 116 224 150 “3

702 116 904 148 ADVERSUS
925 116 1085 148 GRAECOS
1105 115 1177 153 LIB.
1197 115 1238 145 II.

1741 115 1808 148 1115’

170 171 291 206 Spiritus
301 171 386 198 sancti
399 170 470 205 fuit;
487 171 534 198 sed
544 171 744 206 demonstratio,
755 180 801 207 per
811 180 954 207 congruam
968 173 991 203 Α
1005 171 1081 203 tiam,
1100 175 1125 197 et
1141 170 1242 204 inspira
1264 168 1338 201 mihi,
1353 173 1377 196 et
1390 169 1454 196 doce
1467 176 1508 196 me
1520 177 1565 204 per
1579 169 1693 205 gratiam
1708 175 1794 202 tuam,

169 217 400 252 signiﬁcationem,
422 225 474 244 non
494 222 596 244 tantum
614 226 629 245 a
653 218 744 251 Patre,
763 219 807 246 sed
821 223 845 245 et
862 227 876 244 a
892 218 958 245 Filio

170 264 311 297 procedere
324 263 455 298 Spiritum
469 270 599 291 sanctum.
617 264 683 297 Quis
698 265 769 292 enim
792 264 958 292 dementissi-

171 318 231 337 mus
247 310 355 342 dixerit,
380 310 464 337 alium
480 310 561 345 fuisse
585 309 714 344 Spiritum
734 315 866 342 sanctum,
882 317 957 344 quem

171 355 280 390 sufﬂans
305 355 389 386 dedit,
415 360 439 382 et
466 355 568 388 alium,
592 363 667 390 quem
698 360 755 389 post
781 357 958 382 ascensionem

171 409 247 427 suam
265 401 358 428 misit!
384 399 458 428 Unus
481 401 549 427 enim
569 400 683 434 Spiritus
699 405 736 427 est
755 399 870 435 Spiritus
897 399 958 433 Dei,

171 445 286 480 Spiritus
303 446 403 480 Patris,
421 451 444 473 et
459 446 525 474 Filii
550 445 666 481 Spiritus
684 447 780 479 sancti,
803 447 848 482 qui
863 453 958 480 opera-

172 496 216 518 tur
229 492 319 519 omnia
335 493 363 518 in
377 492 506 519 omnibus.

209 538 282 565 Idem
313 538 338 565 in
364 538 412 565 lib.
438 546 472 565 xv
501 537 539 565 De
560 537 714 565 Trinitate:
745 537 777 564 Et
796 543 882 564 tamen
905 546 957 564 non

170 584 276 618 [rustra
298 585 325 612 in
349 585 398 611 hac
423 583 555 611 Trinitate
575 592 625 611 non
650 585 749 610 dicitur
767 583 879 610 Verbum
898 583 956 616 Dei,

171 630 225 656 nisi
245 629 340 661 Filius,
355 637 402 656 nec
423 628 520 655 donum
538 628 596 661 Dei,
617 628 670 656 nisi
693 628 810 663 Spiritus
832 632 956 658 sanctus;

168 684 216 703 nec
232 676 264 702 de
278 684 328 710 quo
344 675 458 710 genitum
472 679 510 701 est
531 674 656 707 Verbum,
675 679 699 701 et
722 675 754 702 de
773 683 824 709 quo
840 675 957 708 procedit

166 721 356 756 principaliter
371 719 496 755 Spiritus,
514 721 565 747 nisi
582 720 650 748 Deus
666 720 756 747 Pater.
781 720 844 747 Ideo
869 723 956 746 autent

169 767 266 795 addidi
279 767 472 802 principaliter,
483 768 545 802 quia
560 772 583 794 et
595 766 627 794 de
642 766 712 794 Filio
724 766 838 801 Spiritus
849 771 956 793 sanctus

167 817 310 849 procedere
325 815 463 848 reperitur.
482 813 534 841 Sed
549 814 598 840 hoc
611 821 712 848 quoque
730 813 772 839 illi
788 811 870 840 Pater
885 811 956 839 dedit

168 868 224 887 non
237 860 295 895 jam
307 860 488 891 e1sistenti,et
503 860 621 886 nondum
633 858 757 890 habenti;
770 859 815 885 sed
829 857 956 892 quidquid

167 905 304 941 unigenito
341 903 422 932 Verbo
447 903 529 936 dedit,
557 903 686 938 gignendo
714 902 797 929 dedit.
825 901 869 929 Sic
895 909 956 935 ergo

167 959 230 978 eum
256 950 366 986 genuit,
391 955 420 977 ut
446 949 527 978 etiam
553 949 585 976 de
612 948 661 976 illo
693 949 792 975 donum
821 955 957 975 commune

167 996 331 1031 procederet,
346 1000 370 1023 et
390 995 506 1030 Spiritus
519 999 624 1022 sanctus
637 998 703 1022 esset
716 995 864 1021 amborum.

207 1043 282 1070 Idem
293 1042 321 1069 in
338 1042 384 1070 lib.
397 1049 412 1068 ν
428 1041 466 1068 De
484 1040 612 1068 Trinitate
623 1048 633 1068 :
644 1040 870 1073 Quemadmodum
886 1039 957 1067 Filio

168 1088 348 1116 substantiam
381 1092 489 1122 prtestat
527 1087 583 1114 sine
617 1087 695 1114 initio
726 1087 870 1122 temporis,
901 1087 958 1114 sine

170 1134 349 1161 mutabilitate
383 1136 552 1160 naturat'ea;
583 1131 666 1159 Patre
697 1133 831 1165 natiuitas,
861 1133 901 1159 ita
932 1137 957 1158 et

171 1181 289 1216 Spiritui
305 1185 398 1207 sancto
417 1187 472 1207 esse
488 1183 595 1214 praestat
607 1179 664 1206 sine
678 1179 809 1214 principio
823 1178 956 1212 temperie,

168 1226 229 1253 sine
245 1226 419 1252 mutabilitate
443 1231 555 1257 naturte.
572 1225 629 1257 ipsa
644 1232 675 1251 es;
691 1228 800 1259 utroque
812 1225 956 1258 processio.

207 1271 280 1298 Idem
303 1279 384 1304 super
399 1269 477 1298 Joan.
495 1280 501 1297 ε
515 1269 671 1304 Corporalis
687 1270 734 1297 illa
748 1270 888 1305 insufﬂatio
905 1278 956 1297 non

169 1317 290 1351 Spiritus
318 1317 405 1343 sancti
427 1316 577 1343 substantia
604 1316 667 1351 fuit,
695 1316 740 1343 sed
770 1316 956 1343 demonstratio

168 1371 217 1398 per
236 1370 379 1397 congruam
397 1362 629 1397 signiﬁcationem,
643 1370 694 1389 non
709 1366 812 1388 tantum
833 1370 849 1388 a
864 1361 955 1393 Patre,

169 1409 217 1436 sed
237 1409 317 1436 etiam
335 1417 352 1435 a
362 1408 432 1436 Filio
443 1409 582 1443 procedere
597 1407 728 1443 Spiritum
745 1412 885 1440 sanctum;
897 1408 956 1442 quis

168 1455 238 1482 enim
255 1455 294 1481 ita
310 1454 414 1482 demens
439 1455 484 1487 sit,
501 1457 529 1480 ut
546 1454 628 1487 dicat,
654 1454 737 1480 alium
757 1461 811 1480 esse
828 1452 955 1487 Spiritum

167 1505 302 1532 sanctum,
331 1508 408 1535 quem
440 1500 577 1535 insuﬂlans
611 1499 684 1526 dedit
709 1507 718 1526 :
748 1499 843 1532 alium,
880 1506 954 1533 quens

167 1552 308 1582 postquam
323 1550 472 1580 assumptus
486 1550 535 1578 est,
551 1545 646 1573 misit?
831 1573 836 1579 _

205 1593 280 1620 Idem
299 1592 331 1619 ad
353 1592 462 1619 Petrum
488 1591 643 1626 quemdam,
667 1591 851 1626 postulantem
876 1595 957 1619 recta:

169 1638 235 1665 ﬁdei
250 1638 385 1665 conscribi
403 1637 533 1673 regulam,
548 1637 725 1672 quadraginta
742 1637 814 1665 illam
830 1637 957 1672 capitulis

170 1683 311 1716 distinxit;
337 1690 452 1717 quorum
470 1683 587 1718 singula,
605 1683 705 1722 dogma
725 1682 865 1710 continent
884 1682 956 1709 salu-

169 1730 231 1762 bre,
249 1734 332 1764 atque
357 1729 390 1756 ad
414 1728 493 1755 ﬁdem
519 1728 714 1755 necessarium.
742 1727 787 1754 Ait
815 1727 898 1762 igitur
929 1727 956 1755 in

168 1781 232 1809 cap.
254 1774 297 1801 8:
327 1773 492 1801 Firmissime
519 1777 586 1804 tene,
617 1777 642 1799 et
669 1773 818 1800 nullatenus
843 1773 956 1806 dubites,

169 1820 256 1853 ipsum
273 1818 401 1854 Spiritum
417 1823 552 1851 sanctum,
566 1820 612 1853 qui
631 1818 735 1852 Patris,
753 1827 784 1845 ac
802 1818 868 1845 Filii
889 1827 957 1846 unus

172 1866 289 1898 Spiritus
308 1870 356 1898 est,
382 1874 398 1892 α
414 1865 504 1897 Patre,
520 1869 544 1891 et
560 1864 631 1892 Filio
648 1865 797 1899 procedere.
821 1861 864 1892 Α’ἱι
888 1865 958 1892 enim

175 1911 286 1939 Filius:
305 1920 314 1938 ι
336 1911 402 1939 Cum
422 1912 521 1938 uenerit
538 1910 706 1943 Paracletus,
725 1910 841 1945 Spiritus
861 1911 958 1938 verita-

171 1961 214 1991 tis,
231 1959 276 1993 qui
291 1967 307 1985 a
323 1957 402 1985 Patre
416 1959 530 1992 procedit
543 1958 566 1974 '°
581 1966 588 1992 ;
607 1967 617 1984 ι
635 1966 685 1993 quo
699 1958 726 1984 in
741 1958 798 1985 loco
810 1966 888 1985 sttum
903 1966 958 1985 esse

172 2005 262 2032 docuit
279 2003 409 2038 Spiritum
424 2009 555 2031 sanctum.
583 2003 646 2038 Ipse
665 2004 758 2038 quippe
782 2009 820 2032 est
844 2003 957 2031 Veritas.

175 2051 209 2078 Et
227 2059 260 2078 ea:
272 2050 345 2078 Filio
360 2051 499 2085 procedere
512 2050 643 2082 Spiritum
659 2054 791 2081 sanctum,
808 2055 831 2077 et
848 2050 958 2084 prophe-

173 2099 226 2124 tica
241 2097 327 2130 nobis,
345 2101 369 2123 et
382 2096 524 2130 apostolica
539 2096 661 2123 doctrina
678 2097 855 2124 commendat.
869 2096 958 2124 Isaias

174 2145 244 2171 enim
260 2143 292 2170 de
310 2141 382 2169 Filio
406 2142 468 2168 dicit
485 2149 495 2168 :
512 2151 522 2167 ε
541 2140 674 2169 Percutiet
695 2147 792 2169 terram
808 2143 881 2177 uirga
902 2143 957 2178 oris

1008 218 1137 252 quomodo
1155 216 1182 242 in
1201 220 1224 242 te
1240 215 1437 250 inculpabiliter
1450 220 1569 250 oporteat
1587 216 1701 247 credere,
1721 220 1750 242 ut
1770 221 1795 243 te

1010 262 1103 293 Deum,
1127 270 1219 294 unum,
1232 266 1360 288 trternum
1374 263 1493 293 sentiam,
1510 266 1534 288 et
1548 262 1789 296 incomprehensibi-

1009 309 1070 335 liter
1088 309 1186 334 trinum
1205 309 1231 334 in
1247 308 1365 343 personis
1383 309 1500 339 credam,
1518 308 1625 335 Patrem
1637 308 1794 343 ingenitum,

1009 353 1108 380 Filium
1120 362 1151 380 ex
1162 353 1239 380 Patre
1251 354 1423 388 unigenitum,
1441 354 1619 387 procedentem
1633 361 1664 380 ea:
1676 354 1794 388 utrisque

1007 403 1201 434 permanentem
1219 399 1348 432 Spiritum
1362 405 1493 426 sanctum.

1043 444 1115 472 Idem
1132 444 1159 471 in
1175 445 1270 471 eodem
1282 445 1350 472 libro
1364 454 1370 472 :
1384 445 1459 472 Hanc
1478 445 1557 480 ﬁdem
1571 455 1617 480 per
1631 451 1664 479 te,
1678 451 1702 473 et
1717 454 1749 473 ea;
1759 451 1792 480 Ie,

1007 495 1032 517 et
1047 491 1074 517 in
1092 495 1115 517 te
1134 490 1270 524 conﬁteor,
1285 499 1300 517 o
1323 490 1411 523 beata,
1425 495 1450 518 et
1468 491 1614 524 benedicta,
1638 497 1663 519 et
1677 493 1794 527 gloriosa

1009 534 1138 567 Trinitas,
1152 543 1166 562 ο
1181 543 1251 568 vera,
1265 540 1290 562 et
1306 544 1419 568 summa,
1432 541 1456 563 et
1470 542 1568 564 eelerna
1585 539 1685 569 unitas,
1700 538 1793 569 Pater,

1007 585 1030 608 et
1046 580 1142 614 Filius,
1168 587 1191 607 et
1218 581 1334 616 Spiritus
1357 589 1476 616 sanctus,
1507 584 1588 616 Deus,
1616 589 1639 610 et
1663 584 1793 611 Dominus

1008 625 1179 659 Paracletus,
1195 627 1324 660 charitas,
1340 629 1436 662 gratia,
1455 629 1528 661 unio,
1546 637 1606 656 uera
1632 630 1688 661 lux.
1706 638 1793 656 rerum

1008 672 1095 698 lumen
1116 680 1148 699 ea:
1166 680 1225 699 vero
1241 673 1350 706 lumine,
1367 682 1426 701 vera
1441 675 1612 707 illuminatio,
1630 676 1714 702 υῐυίιηε
1730 676 1792 705 vita.

1009 718 1064 744 vita
1080 725 1112 744 es:
1126 718 1238 750 vivente,
1253 719 1393 746 viventium
1417 720 1572 754 vivificatio,
1595 720 1663 755 fons,
1685 721 1793 755 ﬂuvius,

1007 763 1090 795 rivus,
1106 771 1174 790 unus
1190 772 1222 791 ea:
1245 764 1328 796 nullo,
1345 772 1411 791 unus
1427 765 1459 791 ab
1476 773 1539 796 uno,
1561 773 1629 792 unus
1651 773 1683 792 ea:
1700 767 1792 793 ambo-

1008 807 1065 834 bus.
1090 807 1129 834 Ab
1155 815 1206 835 uno
1231 809 1330 842 omnia,
1353 810 1440 835 omnia
1463 817 1509 843 per
1525 817 1606 835 unum
1624 810 1650 836 in
1668 818 1729 837 uno.
1752 811 1792 837 Ea:

1008 853 1080 880 nullo
1095 853 1184 886 Pater,
1200 863 1232 882 ea:
1246 855 1339 888 altera,
1350 855 1432 882 Patre
1446 856 1553 889 scilicet,
1567 855 1672 888 Filius;
1691 864 1723 884 ex
1737 865 1795 883 am-

1006 899 1086 926 bobus
1102 899 1216 934 Spiritus
1231 906 1350 934 sanctus,
1375 901 1424 928 hoc
1448 906 1497 934 est,
1513 910 1545 929 ea;
1564 901 1646 929 Patre
1667 906 1692 929 et
1709 901 1793 929 Filio.

1011 945 1092 973 Verus
1113 948 1226 982 genitor,
1246 948 1357 981 veritas,
1376 949 1487 983 genitus,
1505 948 1643 974 amborum
1664 948 1792 979 charitat,

1006 991 1122 1025 Spiritus
1135 999 1255 1021 sanctus.
1268 993 1363 1020 Unitas
1377 1001 1440 1027 una,
1451 1002 1526 1029 ecqua
1538 994 1674 1029 majestas,
1684 994 1796 1030 cet/nalis

1006 1038 1102 1073 gloria,
1118 1047 1170 1066 una
1192 1039 1332 1075 eademque
1348 1041 1471 1068 essentia.

1044 1083 1163 1112 Sanctus
1188 1092 1298 1120 quoque
1322 1085 1376 1113 Leo
1393 1093 1473 1121 papa,
1495 1086 1545 1113 sub
1569 1093 1622 1121 quo
1644 1086 1794 1114 Chalcedo—

1008 1136 1092 1157 nense
1105 1130 1250 1157 concilium
1268 1130 1413 1158 conﬂatum
1429 1136 1489 1165 est;
1513 1131 1592 1166 cujus
1609 1131 1642 1159 de
1655 1132 1707 1159 [ide
1720 1132 1794 1159 litte-

1007 1183 1064 1209 ras,
1102 1182 1184 1205 recta:
1225 1178 1286 1205 ﬁdei
1327 1179 1480 1206 columnam
1513 1179 1640 1206 universa
1676 1179 1794 1215 synodus

1007 1223 1136 1257 appellat,
1158 1223 1186 1251 in
1209 1224 1350 1252 canonicis
1366 1225 1554 1253 sanctionibus
1571 1229 1665 1253 contra
1683 1232 1730 1252 eos
1747 1225 1793 1258 qui

1008 1269 1129 1303 pecuniae
1146 1269 1244 1304 gratia,
1271 1277 1371 1298 munus
1398 1270 1579 1305 imponerent,
1607 1271 1643 1297 ait
1663 1279 1669 1297 :
1687 1270 1793 1303 Gratia,

1006 1323 1066 1350 qute
1078 1316 1162 1350 gratis
1177 1323 1228 1343 non
1249 1316 1339 1349 datur,
1361 1321 1385 1344 et
1404 1317 1545 1351 accipitur,
1562 1317 1650 1351 gratia
1673 1325 1724 1343 non
1744 1321 1797 1345 est.

1007 1362 1042 1389 At
1056 1361 1202 1389 Simoniaci
1216 1370 1268 1389 non
1277 1363 1358 1397 gratis
1367 1363 1516 1397 accipiunt,-
1532 1371 1582 1390 non
1595 1371 1654 1396 ergo
1668 1363 1792 1397 gratiam,

1007 1417 1065 1442 qute
1089 1409 1116 1435 in
1140 1408 1328 1436 ecclesiasticis
1355 1409 1493 1436 ordinibus
1519 1409 1634 1437 maxime
1657 1413 1793 1443 operatur,

1006 1455 1151 1489 accipiunt.
1178 1456 1209 1482 Si
1235 1459 1322 1482 autem
1347 1462 1398 1481 non
1438 1455 1581 1488 accipiunt,
1610 1463 1660 1481 non
1687 1455 1794 1487 habent,

969 1507 993 1540 α
1010 1509 1089 1534 neque
1101 1502 1194 1536 gratis,
1208 1510 1288 1536 neque
1303 1509 1361 1528 cum
1373 1502 1482 1536 pecunia
1497 1501 1563 1527 dare
1577 1501 1657 1527 alicui
1674 1507 1792 1534 possunt.

1009 1546 1079 1579 Quid
1118 1547 1197 1582 igitur
1228 1548 1318 1574 dant?
1351 1547 1482 1580 Spiritum
1515 1547 1647 1573 mendacii
1681 1546 1793 1574 scilicet.

1009 1592 1145 1624 Quomodo
1155 1594 1167 1620 ?
1177 1594 1209 1620 1d
1223 1596 1398 1620 ostendemus.
1411 1591 1440 1618 Si
1454 1592 1522 1618 enim
1537 1591 1651 1625 Spiritus
1665 1594 1793 1625 veritatis,

1012 1637 1128 1665 Veritale
1144 1638 1202 1670 ipsa
1220 1643 1342 1670 testante,
1352 1646 1384 1666 ea:
1397 1647 1448 1673 qua
1460 1639 1588 1672 procedit,
1601 1639 1685 1677 gratis
1701 1639 1796 1671 datur;

1007 1683 1099 1719 procul
1124 1684 1203 1711 dubio
1218 1685 1327 1718 spiritus
1355 1685 1486 1711 mendacii
1502 1693 1558 1711 esse
1581 1685 1794 1718 deprehenditur,

1007 1731 1052 1765 qui
1069 1738 1120 1756 non
1143 1730 1226 1765 gratis
1243 1730 1332 1757 datur.

1046 1775 1165 1803 Sanctus
1188 1776 1254 1802 item
1286 1776 1434 1810 Gregorius
1458 1777 1595 1806 Romanus
1620 1779 1751 1813 pontifex,
1769 1779 1795 1805 in

1009 1822 1102 1848 honnl.
1129 1829 1211 1856 super
1226 1822 1290 1849 illud
1305 1821 1394 1849 Joan..
1427 1822 1491 1850 Cum
1504 1832 1562 1851 sero
1584 1829 1648 1852 esset
1678 1825 1722 1851 die
1747 1826 1793 1852 illo

1009 1876 1063 1895 una
1077 1867 1257 1895 Sabbatorunt
1271 1868 1304 1900 ⁷⁵,
1318 1869 1355 1895 ait
1369 1877 1375 1895 :
1396 1878 1405 1894 t
1423 1868 1496 1897 Sicut
1519 1871 1588 1897 misit
1609 1879 1650 1897 me
1665 1870 1756 1902 Pater,
1771 1877 1795 1898 et

1008 1922 1054 1949 ego
1069 1914 1144 1940 mitto
1162 1921 1206 1941 eos
1225 1921 1234 1940 :
1255 1924 1264 1940 ι
1284 1915 1331 1942 hoc
1355 1921 1405 1946 est,
1426 1923 1456 1942 ea
1482 1916 1611 1944 charitate
1637 1925 1681 1944 vos
1704 1918 1795 1952 diligo,

1009 1968 1070 1986 cum
1098 1961 1168 1987 inter
1191 1960 1317 1987 scandala
1341 1966 1537 1994 persecutorum
1563 1962 1649 1992 mitto,
1667 1967 1720 1989 etc.
1737 1970 1797 1996 qua:

1010 2011 1090 2039 supra
1107 2005 1271 2033 notavimus.
1285 2005 1357 2032 Idem
1375 2013 1435 2032 cum
1453 2012 1602 2040 exponeret
1615 2007 1678 2034 illud
1691 2007 1797 2034 Camiri

1011 2050 1189 2082 canticorum,
1202 2050 1308 2077 scilicet
1333 2059 1339 2077 :
1368 2051 1441 2078 Odor
1461 2057 1655 2087 unguentorum
1679 2057 1796 2086 tuorum,

1009 2103 1086 2130 super
1112 2096 1201 2122 omnia
1232 2101 1353 2123 aromata
1377 2096 1409 2124 ⁷⁸.
1433 2096 1491 2124 ait:
1508 2096 1673 2132 Unguentum
1689 2097 1797 2125 Domini

1013 2140 1128 2176 Spiritus
1140 2145 1248 2168 sanctus
1263 2147 1329 2174 erat,
1341 2142 1372 2168 de
1383 2150 1434 2177 quo
1448 2142 1578 2177 Propheta
1591 2144 1626 2170 ad
1639 2152 1696 2170 eum
1708 2143 1776 2171 dixit
1788 2152 1798 2171 :

174 2189 227 2220 sui,
258 2193 281 2215 et
315 2187 416 2222 Spiritu
444 2187 574 2214 labiorum
601 2195 709 2215 suorum
736 2176 874 2223 interﬁciet
907 2176 956 2217 iin-
970 2176 1026 2214 Π(
1045 2187 1128 2214 Πηπὶι
1146 2192 1170 2214 te
1187 2187 1266 2219 Deus,
1286 2187 1354 2215 Deus
1378 2176 1448 2219 tuus,
1464 2188 1520 2215 oleo
1537 2188 1724 2216 exsultationis
1742 2197 1798 2225 prae

175 2233 247 2268 pium
258 2233 292 2259 ".
308 2241 318 2258 ι
341 2232 378 2259 De
394 2239 445 2266 quo
458 2237 483 2259 et
494 2232 636 2266 Apostolus
651 2233 690 2260 ait
708 2239 718 2260 :
737 2242 747 2259 ‹
765 2233 850 2266 Quem
864 2234 959 2262 Domi-

175 2284 224 2304 nus
240 2276 320 2304 Jesus
335 2277 473 2311 interﬁciet
496 2276 599 2311 Spiritu
615 2277 668 2304 oris
689 2278 732 2304 sui
745 2278 779 2305 τ’.
799 2287 810 2305 s
836 2279 919 2312 Quem
934 2284 959 2307 et

174 2323 228 2356 ipse
245 2323 394 2357 unigenitus
420 2321 506 2350 Filius
527 2322 589 2355 Dei,
614 2323 668 2350 oris
689 2324 732 2350 sui
747 2323 881 2359 Spiritum
903 2333 959 2352 esse

175 2369 309 2404 signanter
339 2370 495 2401 ostendens,
528 2374 587 2404 post
625 2371 842 2398 resurrectionem
880 2380 956 2399 suam

175 2415 309 2449 discipulis
327 2416 384 2443 suis
404 2416 539 2452 insuﬁians
560 2416 653 2444 dixit:
671 2425 680 2442 ε
694 2417 956 2452 Αεεὶρίιενερὶήιωη

176 2467 294 2488 sanctum
302 2462 335 2493 ",
346 2470 356 2487 ι
372 2466 396 2489 et
413 2461 493 2489 Joan.
507 2462 536 2489 in
551 2462 645 2497 Αροσι,
657 2471 690 2490 es:
703 2471 747 2490 ore
759 2463 842 2498 ipsius
853 2463 957 2491 Domini

176 2505 239 2534 Jesu
261 2507 375 2541 gladium
397 2508 436 2535 bis
457 2512 565 2535 acutum
578 2508 718 2542 procedere
734 2509 851 2538 dixit".
867 2519 877 2536 ›
898 2509 958 2544 Ipse

177 2559 240 2587 ergo
260 2552 378 2587 Spiritus
399 2554 470 2589 ejus,
498 2553 556 2590 ipse
581 2558 610 2582 et
637 2554 742 2589 gladius
766 2562 799 2582 ex
824 2562 871 2583 ore
898 2555 958 2590 ejus

177 2598 335 2633 procedens.

210 2643 282 2671 Idem
298 2644 324 2671 in
340 2643 386 2671 lib.
403 2643 442 2671 Dc
461 2644 514 2679 fide
535 2643 667 2672 catholica
688 2652 697 2673 :
724 2644 841 2678 Prima,
858 2645 966 2681 inquit;

177 2689 253 2723 mihi,
277 2690 305 2716 in
321 2691 370 2717 hac
391 2691 445 2724 via,
461 2699 551 2726 quam,
570 2696 594 2718 te
618 2691 693 2725 duce,
718 2692 833 2726 ambulo,
852 2693 955 2727 sapien-

208 2790 232 2807 '°
247 2790 326 2818 Joan.
339 2799 384 2824 sv,
401 2792 448 2820 26.

184 2826 226 2853 I9.
265 2826 289 2843 "
302 2826 380 2854 Cant.
399 2836 436 2861 Iv,
451 2828 494 2855 10.
532 2829 554 2844 ⁷⁷
567 2828 639 2857 Psal.
656 2837 728 2863 xuv,
745 2830 770 2857 8.

487 2792 510 2808 “
526 2792 581 2820 Isa.
598 2802 636 2824 xu,
653 2795 697 2822 ti.
718 2794 740 2810 "
758 2793 777 2820 Il
790 2792 887 2822 Thess.
901 2801 933 2827 ιι,
950 2793 977 2821 8.

1011 2234 1184 2269 participibus
1198 2234 1249 2260 tuis
1263 2234 1297 2260 ⁷⁷.
1315 2243 1325 2260 s
1350 2233 1405 2261 Hoc
1426 2233 1493 2266 alito,
1515 2235 1620 2269 quando
1643 2235 1799 2263 incarnatus

1011 2285 1060 2312 est,
1077 2284 1169 2306 unctus
1185 2283 1245 2306 est:
1263 2278 1323 2306 Non
1338 2279 1407 2306 enim
1422 2280 1536 2313 primum
1552 2279 1628 2307 homo
1643 2281 1730 2314 [actus
1744 2286 1796 2311 est,

1011 2330 1101 2360 postea
1125 2324 1256 2359 Spiritum
1281 2329 1402 2352 sanctum
1424 2326 1523 2359 accepit
1546 2333 1558 2353 ξ
1573 2326 1630 2358 sed,
1643 2327 1748 2360 quando
1765 2327 1797 2353 de

1012 2370 1112 2406 Spiritu
1138 2376 1229 2398 sancto
1244 2370 1398 2398 incarnatus
1419 2375 1467 2403 est,
1485 2371 1564 2398 simul
1583 2376 1608 2398 et
1630 2372 1795 2402 incarnatus.

1010 2423 1034 2445 et
1051 2421 1145 2445 unctus
1165 2421 1216 2444 est.
1241 2416 1314 2443 Odor
1335 2417 1404 2444 enim
1428 2422 1621 2452 unguentorum
1646 2418 1798 2453 fragrantia

1011 2463 1095 2490 sancti
1112 2462 1227 2497 Spiritus
1243 2467 1291 2495 est,
1304 2463 1349 2496 qui
1375 2467 1399 2490 et
1414 2463 1446 2489 ab
1458 2463 1514 2497 ipso
1525 2464 1654 2497 procedit,
1665 2469 1689 2491 et
1700 2464 1728 2490 in
1738 2465 1797 2500 ipso

1010 2513 1156 2545 permanet.
1175 2508 1249 2536 Idem
1267 2509 1294 2535 in
1311 2508 1332 2535 II
1352 2507 1446 2536 Moral.
1472 2508 1589 2543 Spiritus
1602 2515 1709 2537 sanctus
1727 2518 1796 2537 nuu-

1012 2564 1091 2591 quam
1107 2555 1221 2582 deseruit
1234 2555 1425 2581 humanitatem
1437 2554 1547 2587 Christi,
1560 2556 1636 2590 cujus
1649 2564 1682 2582 ea:
1693 2556 1798 2584 Deitatc

1011 2601 1141 2637 procedit.

1047 2648 1099 2674 Ista
1118 2646 1226 2682 quidem
1242 2654 1256 2674 a
1281 2646 1383 2674 Latinis
1408 2646 1564 2675 doctoribus
1579 2652 1694 2682 sumpta,
1711 2655 1796 2682 pauca

1013 2695 1047 2722 de
1064 2693 1308 2721 innumerabilibus
1337 2693 1497 2728 posuimus:
1529 2701 1576 2728 per
1607 2701 1667 2729 quzc
1695 2692 1797 2720 Graecis

1009 2793 1032 2810 ⁷³
1046 2794 1124 2822 Joan.
1143 2801 1188 2826 η,
1206 2793 1252 2820 21.
1303 2793 1325 2809 ⁷⁵
1340 2793 1423 2829 Apoc.
1441 2801 1448 2821 ι
1465 2799 1490 2822 et
1506 2801 1561 2821 xix.
1615 2794 1637 2810 "
1651 2792 1730 2820 toan.
1746 2799 1798 2825 xx,
