1934 3063
124 104 175 139 115

749 108 948 140 MANUELIS
969 109 1122 140 ΟΜ.ΕοᾹέ

1694 114 1744 147 116

123 163 294 192 consentiunt
309 172 316 196 ;
332 162 379 190 Dci
403 163 506 191 scilicet
521 162 621 198 Spiritu
639 169 694 195 eos,
722 168 801 191 terrm
832 164 907 197 licet,
921 163 944 192 Α
959 167 1068 200 quidem
1091 168 1220 195 honorem
1237 167 1414 201 habebimus;
1433 167 1479 203 qui
1491 175 1556 196 vero
1579 169 1632 196 illis
1661 171 1747 198 ohiiu~

125 218 157 236 ac
175 210 255 237 maris
297 209 496 245 intercapedine
535 209 687 244 disparatos
716 209 906 244 conjungente,

125 257 150 283 in
167 263 218 283 una
232 255 372 283 catholica:
385 256 458 288 ﬁdei,
473 256 635 290 pietatisque
649 255 803 282 concordia.
817 255 908 289 Neque

122 301 194 328 cnim
211 300 340 335 proiecto,
353 301 562 336 benignissimus
574 309 634 328 cum
652 301 698 334 sit,
713 309 781 336 quos
789 301 907 328 Verbum

125 347 188 373 vita:
202 348 351 380 continere,
366 351 392 374 et
406 344 522 374 humano
547 347 640 382 generi
667 347 836 382 expositores
851 346 908 374 elo.

126 392 252 425 quiorum
267 399 376 419 suorum
393 399 508 425 praeesse
535 393 629 424 voluit,
650 399 697 426 per
722 399 791 427 quos
808 383 910 420 moria-

126 438 190 465 lluni
203 437 329 465 misertus
344 446 461 470 errores,
477 439 509 465 ad
534 439 698 473 agnitionem
725 439 766 465 sui
789 438 909 465 errantia

127 484 207 511 corda
220 487 399 517 converteret,
416 484 457 511 vel
472 485 505 511 de
517 485 629 512 veritate
641 485 784 512 dissentire
810 484 844 512 ab
869 484 910 511 iii-

128 530 225 562 viceui,
241 534 288 556 aut
302 529 363 557 ﬁdei
378 530 470 560 duces,
485 529 614 558 Ecclesia:
627 530 743 558 decretis
761 534 821 564 post
848 530 911 557 bea-

127 580 169 602 tos
180 575 316 608 apostolos
329 575 429 603 assumi
441 575 616 609 permisisset,
626 576 672 610 qui
688 577 909 609 gubernatorum,

127 626 158 645 ac
175 619 365 654 magistrorum
392 620 450 647 vice
475 620 697 654 praecipitatores,
721 625 748 648 et
773 627 912 648 eversores

127 665 305 692 ecclesiastici
319 666 410 700 gregis
420 664 502 692 futuri
515 671 616 693 essent.
629 665 720 700 Neque
749 670 822 692 tanta
845 673 912 693 con—

128 710 191 737 cilia
206 717 298 737 errare
315 711 495 744 permisisset,
512 719 582 745 quae,
594 713 635 738 sic
652 712 685 739 de
700 711 752 738 illis
765 712 830 738 viris
858 717 913 737 sta-

130 760 247 786 tuerunt,
261 759 290 782 ut
302 755 428 790 juberent
440 763 544 789 omnes,
560 756 604 791 qui
625 764 639 783 a
665 757 772 783 Christo
796 755 912 783 Christi—

130 800 173 826 ani
189 800 353 833 dicerentur,
365 808 412 828 eos
428 801 544 828 revereri
569 802 596 828 in
626 803 765 834 omnihus,
796 802 914 836 nihilque

131 845 237 872 illorum
254 845 334 873 dictis
350 847 486 874 contraire
500 855 508 880 ;
527 854 614 882 neque
629 853 751 881 pastores
774 855 821 875 eos
843 855 912 880 esse,

133 897 166 917 ne
181 890 214 917 ad
227 895 373 925 praerupta,
391 896 419 919 et
437 893 593 927 praecipitia,
621 900 727 928 gregem
758 893 807 920 sibi
828 893 916 920 credi-

132 940 187 961 iuin
202 936 399 970 pertraherent.
414 936 466 964 Sed
484 945 533 965 nec
544 937 629 965 sancti
642 938 697 972 jam
723 942 825 970 essent,
851 945 916 965 nos-

133 988 185 1015 que
200 982 363 1010 cmcicaacos
390 990 583 1017 sequeremur,
613 983 772 1019 ignorantia:
799 983 916 1011 tenebris

134 1027 239 1059 caecati,
262 1035 311 1055 nec
340 1029 480 1055 veritatem
514 1033 702 1063 agnoscentes.
732 1028 841 1061 Verum,
866 1029 917 1056 hoc

135 1072 255 1106 profecto
271 1078 323 1105 est,
349 1074 457 1107 oblique
486 1076 512 1101 ln
553 1074 634 1101 Deum
675 1074 776 1101 erroris
812 1074 916 1107 culpam

135 1120 309 1153 intorquere;
329 1120 417 1154 idque,
431 1128 491 1148 cum
515 1121 638 1147 Salvator
653 1125 747 1147 noster
773 1126 859 1154 usque
884 1120 917 1147 ad

135 1167 396 1193 consummationem
411 1167 502 1194 saeculi
524 1166 662 1194 nobiscum
689 1173 718 1194 se
732 1169 790 1193 l'ore
819 1166 919 1200 promi-

137 1211 213 1243 serit,
231 1218 281 1245 pro
295 1211 394 1246 quibus
405 1212 579 1244 redimendis,
593 1211 682 1240 omnis
708 1211 746 1238 illi
769 1218 833 1239 cura
855 1211 918 1244 fuit,

135 1256 280 1292 omniaque
291 1257 411 1292 implevit
431 1262 611 1286 sacramenta.

171 1302 315 1335 Caeterum,
338 1302 362 1330 si
393 1303 438 1338 qui
468 1303 575 1330 beatum
606 1303 784 1338 Augustinum
812 1306 921 1331 senten-

131 1348 202 1376 tiam
218 1349 291 1376 illam
305 1349 339 1376 de
350 1353 443 1377 sancto
457 1349 571 1385 Spiritu,
587 1357 641 1377 non
667 1349 743 1384 quasi
755 1349 850 1384 dogma
867 1349 919 1376 im-

139 1395 237 1422 mobile
268 1394 414 1430 protulisse
442 1395 626 1428 arbitrantur,
663 1402 750 1430 neque
779 1395 816 1422 ita
846 1395 920 1422 illum

138 1441 267 1474 sensisse,
294 1446 322 1468 et
347 1441 408 1468 aliis
437 1443 601 1475 persuadere
626 1441 762 1473 voluisse,
792 1441 919 1475 quoniam

140 1491 230 1526 aliquo
258 1490 286 1518 in
311 1491 382 1525 loco,
410 1491 571 1526 scriptorum
598 1495 708 1516 suorum
732 1487 829 1515 dixerit
845 1486 920 1521 (56):
937 1498 960 1529 ο

142 1536 214 1563 Solis
231 1537 364 1564 canonicis
388 1536 542 1568 Scripturis,
560 1535 655 1562 divinis
679 1534 776 1562 scilicet
802 1532 923 1567 eloquiis,

93 1599 95 1603 ι
142 1582 251 1609 lectores
262 1582 442 1609 incunctanter
452 1590 482 1608 ac
490 1582 546 1608 sine
557 1581 610 1607 ulla
632 1580 792 1607 haesitatione
810 1578 924 1610 credere,

141 1631 219 1662 atque
230 1621 587 1661 assentiri‘debere;scriptis
603 1634 660 1653 vero
687 1625 754 1657 suis,
780 1631 831 1650 non
866 1627 925 1649 tan-

143 1682 198 1702 tum
213 1675 320 1702 honoris
345 1675 504 1708 impendere,
530 1674 585 1705 sed,
611 1673 633 1700 si
666 1672 771 1703 quidem
795 1669 926 1697 canonicis

144 1721 291 1755 Scripturis
305 1719 475 1750 concordant,
499 1719 649 1752 suscipere;
666 1725 694 1745 se
707 1724 766 1744 vero
778 1717 801 1743 si
815 1722 927 1750 usquam

145 1777 162 1795 it
179 1769 288 1794 ueritate
300 1765 457 1795 aberrasset,
470 1764 652 1791 correctionem
676 1768 752 1797 atque
764 1760 928 1789 emendatio-

146 1821 203 1840 nem
219 1820 270 1839 non
286 1811 371 1839 solum
388 1819 439 1838 non
457 1817 572 1841 renuere,
596 1816 682 1836 verum
697 1815 719 1834 ei
745 1807 853 1835 libenter
874 1813 930 1832 ant-

145 1860 381 1896 p1ecti;quiergo
395 1859 458 1885 talia
484 1856 635 1891 proferunt,
662 1856 743 1884 etiam
769 1853 930 1889 Apostolum

146 1907 259 1935 Paulum
278 1906 434 1941 Apostolico
449 1905 533 1932 choro
557 1902 700 1931 detrudere
713 1905 864 1936 coguntur;
883 1907 931 1927 ne-

146 1962 199 1989 que
209 1953 282 1980 illum
293 1951 416 1979 veritatis
427 1949 646 1985 praedicationem
663 1949 749 1976 scisse
765 1946 931 1974 fatebuntur.

183 1999 296 2027 Beatum
313 1997 376 2025 item
407 1995 564 2030 Dionysium
592 1994 705 2022 veritate
728 1992 870 2024 excidisse,
899 1998 932 2017 ex

147 2045 239 2073 verbis
254 2044 325 2072 illius
352 2042 522 2070 occasionem
553 2040 637 2073 nacti,
663 2038 759 2066 dicturi
781 2041 855 2065 sunt.
886 2035 933 2063 Ille

148 2093 219 2119 enim
238 2091 294 2119 ait:
308 2089 438 2123 Quoniam
453 2096 504 2116 non
520 2095 577 2114 sum
590 2088 684 2121 digitus
712 2085 800 2112 vocari
828 2088 933 2118 προσίοι

148 2139 230 2169 talus,
242 2142 266 2164 et
280 2136 395 2163 nondum
419 2135 535 2161 arbitror
551 2141 590 2160 me
617 2131 850 2166 comprehendisse.
881 2129 934 2157 Iste

150 2191 212 2211 vero
227 2182 255 2209 in
283 2182 335 2209 line
365 2180 427 2208 libri
463 2179 502 2206 De
529 2179 625 2205 divinis
649 2177 806 2208 nominibus,
833 2176 934 2202 ueniam
950 2160 971 2188 Β

148 2229 217 2264 petiit
228 2228 251 2255 si
262 2227 323 2262 quid
336 2225 441 2253 omnino
455 2225 494 2251 vel
510 2225 536 2250 in
551 2228 634 2258 parte,
646 2231 662 2248 α
677 2222 784 2248 ueritate
795 2221 933 2248 aberravit.

153 2275 199 2302 Siu
214 2279 316 2305 autem,
332 2279 391 2306 qua:
406 2278 421 2297 a
444 2270 558 2298 suminis
585 2269 663 2300 viris,
696 2274 745 2301 per
771 2265 933 2294 modestiam

152 2325 179 2348 et
211 2313 391 2347 humilitatem
420 2317 492 2344 dicta
529 2321 603 2348 sunt,
628 2322 680 2340 non
706 2318 813 2347 oportet
837 2316 933 2340 contra

154 2367 226 2399 illos,
242 2366 320 2400 quasi
334 2363 432 2391 abillis
459 2361 641 2388 testimonium
675 2365 782 2386 sumere
797 2367 805 2390 ;
823 2365 933 2392 prorsus

150 2419 180 2440 et
193 2421 224 2439 ca
244 2418 334 2446 quzca
360 2409 439 2437 beato
467 2405 618 2450 augustino
646 2403 842 2431 modestissime
871 2406 934 2430 sunt

153 2460 349 2490 i'icta,coutra
370 2455 444 2482 illiiui
465 2448 585 2488 proferre
614 2451 640 2478 iii
667 2448 861 2480 testimonium,
881 2449 935 2476 imo

155 2510 249 2532 contra
261 2503 411 2533 veritatem,
426 2500 468 2527 fas
482 2506 534 2526 non
558 2502 609 2524 est.
635 2496 708 2523 Alias
740 2495 811 2522 enim
830 2498 936 2521 sancto-

155 2558 214 2578 l'tlln
240 2549 373 2576 maximas
400 2548 515 2574 virtutes
545 2548 710 2574 everteinus,
736 2541 937 2575 catholicosque

155 2598 280 2624 doctores
316 2593 510 2622 arbitrabimur
532 2590 604 2618 circa
643 2588 722 2616 ﬁdem
748 2587 937 2621 naufragasse,

156 2642 269 2675 aliisque
285 2646 395 2674 parasse
410 2637 596 2672 naufragium;
612 2634 788 2668 eosdemque,
814 2638 842 2660 et
857 2639 936 2659 sanc—

158 2692 198 2714 los
221 2685 300 2713 simul
321 2689 347 2714 et
363 2690 492 2712 nocentes
515 2681 720 2718 appellabimus,
755 2684 782 2706 et
803 2678 940 2714 magistris

958 212 1044 244 diunt,
1071 212 1212 240 haereticos
1236 213 1466 240 existimabimus.
1496 213 1562 244 Sed.
1589 214 1641 242 ista
1664 215 1744 250 plane

958 258 1047 293 ineptit
1064 262 1126 286 sunt
1136 263 1164 286 et
1181 258 1386 285 absurdissima.
1401 258 1468 285 Nam
1484 259 1555 293 quod
1575 261 1668 287 beatus
1690 261 1745 287 Au—

959 304 1083 339 gustinus
1102 304 1128 330 iu
1144 303 1200 330 suis
1216 303 1249 330 dc
1270 307 1364 330 sancto
1389 302 1493 337 Spiritu
1525 305 1680 337 sententiis,
1712 312 1747 332 ne

960 348 1104 382 vestigium
1128 347 1235 382 quidem
1256 347 1439 381 ambiguitatis
1455 348 1615 379 ostenderit.
1647 356 1679 376 ex
1706 349 1747 376 di-

960 392 1011 419 ctis
1025 393 1082 420 suis
1094 397 1217 420 constat:
1233 392 1293 419 Non
1309 393 1377 419 enim
1404 401 1554 426 possumus,
1574 394 1671 428 inquit,
1705 397 1748 422 di-

961 446 1028 469 cere,
1043 438 1112 473 quod
1126 438 1241 471 Spiritui
1257 443 1362 465 sanctus
1374 446 1390 464 α
1414 437 1480 465 Filio
1496 447 1547 465 non
1566 440 1699 473 procedat.
1716 441 1749 467 Et

961 484 1006 517 qui
1023 484 1101 510 aliter
1126 483 1256 513 sentiunt,
1287 490 1334 510 eos
1363 483 1584 510 dementissimos
1611 485 1749 519 appellat;

962 529 1045 563 Atque
1059 529 1126 555 hanc
1139 528 1215 563 ﬁdem
1233 528 1268 554 ad
1283 528 1376 562 Deum,
1394 529 1442 558 ait.
1463 533 1552 562 aperte
1576 530 1706 563 conﬁteri,
1720 531 1747 557 in

961 583 1022 610 qua.
1039 582 1071 601 ea:
1084 574 1154 600 Filio
1167 575 1305 609 procedere
1312 573 1440 608 Spiritum
1454 579 1575 602 sanctum
1591 576 1747 608 continetur,

962 620 1028 648 etab
1047 621 1109 652 ipsis
1128 619 1272 647 Saluatoris
1303 621 1388 647 verbis
1414 619 1441 645 id
1466 621 1567 647 ostendi
1597 627 1749 655 asseverat;

963 666 1095 700 additque,
1129 665 1213 698 ipsam
1234 664 1422 698 propheticum,
1455 669 1533 698 atque
1577 666 1749 700 apostolicam

963 711 1123 741 doctrinam,
1146 718 1178 736 ea:
1203 708 1273 736 Filio
1301 709 1439 743 procedere
1463 709 1592 743 Spiritum
1617 714 1748 742 sanctum,

964 757 1154 782 commendare.

1000 802 1063 829 Haec
1080 808 1170 830 autem
1191 802 1311 836 proiecto
1337 803 1497 838 ambigentis
1524 810 1577 830 non
1606 806 1689 830 sunt:
1721 805 1750 828 et

965 847 1072 874 Petrum
1090 847 1245 875 ﬁrmissime
1256 852 1359 880 tenere,
1381 855 1413 875 ac
1428 848 1502 875 nullo
1527 848 1608 875 modo
1628 847 1751 874 dubitare

965 893 998 920 de
1029 893 1164 927 processu!
1185 893 1271 921 sancti
1297 893 1412 926 Spiritus
1445 901 1478 920 ex
1509 893 1576 920 Filio
1609 893 1748 920 admonet.

965 941 1051 974 Atque
1066 940 1092 967 in
1125 939 1176 966 ﬁne
1203 940 1379 974 quadraginta
1404 939 1598 973 capitulorum,
1631 946 1692 974 quae
1717 938 1751 966 ad

965 993 1026 1013 eum
1042 985 1161 1020 scripsit,
1178 985 1253 1018 quasi
1275 984 1451 1015 concludens,
1467 984 1525 1011 ait:
1544 983 1665 1018 Singula.
1683 991 1746 1018 qua:

966 1032 1021 1060 illic
1035 1033 1104 1059 dicta
1123 1036 1217 1062 essent,
1233 1036 1336 1058 tantum
1362 1030 1464 1057 roboris
1488 1030 1522 1057 ad
1536 1030 1615 1064 fidem
1646 1029 1752 1061 habere,

966 1082 995 1105 ut
1011 1078 1055 1112 qui
1069 1077 1107 1104 cel
1130 1086 1209 1104 unum
1237 1085 1269 1105 ea;
1300 1077 1354 1103 illi:
1383 1076 1484 1103 abolere
1512 1076 1649 1108 niteretur,
1673 1075 1750 1109 quasi

968 1125 1103 1159 manifeste
1124 1124 1218 1156 impius
1243 1123 1438 1157 communisque
1462 1122 1543 1156 pestis
1560 1121 1747 1151 exsecrandus,

967 1176 1047 1205 atque
1060 1170 1198 1205 fugiendus
1212 1174 1276 1197 euet
1289 1177 1298 1200 ,‘
1314 1173 1338 1196 et
1353 1176 1434 1202 neque
1456 1169 1482 1194 in
1498 1176 1587 1202 mensa
1601 1169 1652 1199 illi,
1670 1176 1750 1202 neque

967 1216 995 1242 in
1010 1216 1063 1242 alio
1091 1215 1204 1250 quolibet
1226 1213 1483 1245 communicandum,
1511 1220 1591 1247 neque
1623 1212 1748 1239 salutan-

968 1263 1041 1294 dum,
1061 1270 1141 1296 neque
1155 1261 1202 1288 sub
1217 1265 1313 1288 tectum
1328 1259 1471 1287 vocandum
1496 1259 1545 1286 ait.

1004 1307 1117 1335 Constat
1131 1307 1223 1343 igitur,
1237 1306 1312 1341 quia,
1328 1313 1388 1340 qua:
1399 1305 1433 1332 de
1458 1305 1510 1332 ﬁde
1539 1304 1705 1336 crediderat,
1722 1311 1753 1330 ea

968 1359 997 1382 et
1009 1355 1157 1387 scribebat,
1171 1353 1265 1388 eisque
1277 1358 1371 1378 omnes
1385 1350 1507 1383 credere,
1518 1354 1546 1377 et
1559 1350 1756 1382 obtemperare,

969 1409 996 1432 ct
1023 1401 1161 1434 monebat,
1182 1403 1210 1426 et
1245 1397 1351 1426 orabat,
1375 1399 1405 1422 ut
1432 1403 1490 1429 qua:
1525 1399 1615 1423 essent
1641 1394 1758 1421 maxime

969 1449 1087 1478 salubria
1107 1451 1134 1475 et
1143 1452 1215 1473 vera.
1231 1441 1396 1477 Desipuisset
1424 1440 1495 1468 enim
1521 1440 1643 1475 profecto
1667 1439 1758 1473 Augu-

975 1496 1073 1525 stinus,
1100 1494 1133 1525 si,
1160 1498 1209 1527 pro
1233 1488 1344 1517 incertis
1378 1486 1470 1518 rebus,
1501 1490 1601 1514 tantam
1628 1485 1757 1512 ultionem

976 1540 1134 1575 expetisset.

1010 1574 1079 1620 Quid
1094 1589 1183 1613 autem
1200 1583 1298 1611 dicturi
1312 1585 1376 1611 sunt
1392 1581 1426 1609 de
1447 1578 1606 1607 doctoribus
1625 1576 1736 1611 reliquis
1749 1574 1762 1601 2

977 1639 1066 1666 neque
1075 1631 1146 1658 enim
1160 1636 1255 1658 omnes
1272 1628 1412 1663 ambiguos
1426 1626 1516 1653 dicent
1530 1633 1536 1651 :
1552 1622 1667 1656 Quidam
1681 1627 1757 1653 vero,

978 1679 1005 1703 et
1029 1675 1114 1707 illum,
1134 1678 1162 1700 et
1192 1680 1254 1700 cum
1287 1671 1334 1698 illo
1366 1670 1434 1698 alios
1462 1668 1594 1703 plurimos
1620 1666 1760 1705 doctorum

977 1728 1085 1749 errasse
1100 1720 1134 1748 de
1146 1724 1241 1747 sancto
1261 1712 1374 1752 Spiritu,
1398 1714 1464 1742 nihil
1479 1714 1577 1741 mirum
1598 1719 1659 1739 esse
1687 1717 1761 1737 asse-

979 1771 1089 1795 verant:
1106 1765 1231 1792 Homines
1245 1763 1338 1798 quippe
1356 1761 1447 1797 fuisse,
1474 1765 1498 1786 et
1511 1766 1611 1791 errare,
1628 1757 1762 1784 hominum

979 1810 1109 1840 esse.Sed
1127 1810 1177 1837 ista
1207 1807 1327 1843 proiecto
1355 1805 1538 1840 improborum
1568 1802 1647 1830 nimis
1676 1801 1763 1840 homi-

981 1865 1044 1885 num
1060 1861 1133 1887 suut,
1147 1859 1175 1882 et
1196 1861 1288 1881 eorum
1316 1852 1361 1887 qui
1390 1846 1515 1879 doctores
1537 1855 1599 1883 _una
1623 1847 1763 1874 destruere

982 1904 1116 1932 nituntur.
1128 1900 1198 1935 Quid
1209 1900 1282 1927 enim
1299 1897 1428 1933 prohibet
1448 1896 1541 1923 eadem
1557 1893 1673 1923 ratione,
1702 1898 1762 1918 om-

983 1957 1031 1977 nes
1048 1948 1149 1983 pariter
1164 1943 1361 1981 exploderent?
1386 1942 1515 1970 Homines
1528 1939 1599 1967 enim
1619 1936 1763 1965 fueruntet

983 1997 1044 2032 ipsi,
1063 2004 1094 2024 ac
1107 1995 1188 2022 veluti
1201 1994 1227 2020 in
1243 1992 1383 2027 profundae
1399 1989 1486 2017 noctis
1505 1987 1606 2015 versati
1633 1984 1763 2032 tenebris.

984 2029 1041 2069 lloc
1068 2041 1140 2068 enim
1165 2045 1310 2071 concesso,
1345 2043 1439 2064 ouines
1469 2033 1661 2061 arbitrabimur
1694 2029 1764 2056 circa

985 2089 1063 2117 ﬁdem
1097 2084 1303 2115 cunctabundos
1324 2087 1351 2110 et
1377 2081 1472 2108 dubios
1498 2081 1611 2109 haerere,
1637 2075 1766 2108 nulloque

988 2135 1082 2162 horum
1103 2131 1206 2168 judicio
1231 2133 1338 2157 utemur
1362 2127 1395 2154 ad
1430 2131 1584 2153 sanctarum
1616 2121 1765 2168 litterarum

988 2165 1204 2212 intelligentiam.
1225 2174 1264 2201 Ne
1296 2173 1342 2201 isti
1369 2171 1486 2207 quidem,
1511 2169 1557 2202 qui
1581 2168 1638 2195 hazc
1661 2165 1767 2212 dicunt,

988 2209 1135 2254 habebunt,
1164 2221 1235 2249 unde
1255 2227 1306 2248 sua
1334 2218 1442 2246 ﬁrmare
1466 2214 1582 2251 possint,
1611 2209 1768 2239 nutantibus

987 2269 1125 2298 omnibus.
1151 2266 1254 2301 Quibus
1278 2265 1349 2293 enim
1378 2261 1541 2294 rationibus,
1568 2266 1637 2294 quos
1664 2255 1768 2286 volunt,

989 2315 1134 2349 magistros
1169 2315 1297 2346 arguunt,
1331 2309 1431 2336 eisdem
1459 2312 1485 2334 et
1515 2305 1566 2339 ipsi
1598 2305 1755 2349 arguentur.

987 2347 1087 2394 Nempe
1098 2359 1231 2386 enimnon
1243 2356 1363 2383 omnium
1376 2353 1508 2382 sedebunt
1516 2351 1622 2386 judices
1635 2347 1684 2383 (a),
1694 2353 1770 2374 com—

989 2412 1086 2434 munes
1112 2404 1219 2438 quidem
1257 2401 1383 2428 Ecclesiae
1421 2398 1574 2433 magistros,
1616 2394 1665 2426 ipsi
1696 2399 1770 2424 vero,

989 2451 1072 2479 veluti
1098 2449 1238 2484 sapientiae
1266 2455 1298 2474 ac
1317 2445 1437 2474 scientiae
1469 2444 1610 2470 thesauros
1638 2445 1722 2473 penes
1744 2443 1772 2463 se

991 2497 1116 2525 conditos
1130 2495 1271 2526 habentes,
1292 2499 1392 2527 eosque
1406 2497 1486 2524 supra
1520 2488 1666 2514 humanam
1699 2487 1774 2510 natu-

994 2551 1050 2572 ram
1065 2543 1150 2570 fuisse
1176 2540 1333 2576 gloriantes,
1359 2544 1418 2571 quae
1448 2534 1499 2569 ipsi
1529 2531 1687 2567 proferunt,
1716 2528 1773 2576 sola

991 2589 1123 2620 obtinere,
1139 2574 1243 2613 ac'rata
1258 2591 1329 2616 esse,
1350 2590 1381 2609 ac
1403 2579 1558 2608 ﬁrmissima
1583 2577 1674 2604 dicere
1689 2574 1773 2620 audet

991 2634 1068 2661 bunt.
1086 2617 1184 2666 Atque,
1201 2634 1232 2658 ut
1261 2631 1340 2657 datur
1371 2625 1494 2659 intelligi,
1519 2630 1565 2650 eos
1589 2620 1698 2656 quidem
1727 2617 1773 2666 qui

992 2679 1113 2706 omnium
1131 2663 1137 2666 -
1152 2663 1295 2708 consensu,
1316 2672 1448 2708 sapientia
1461 2689 1469 2704 ,
1492 2674 1520 2698 et
1564 2666 1704 2696 sanctitate
1727 2663 1776 2690 ﬁo-

194 2745 249 2778 (56)
269 2744 299 2771 S.
314 2741 481 2777 Augustinus
506 2740 532 2768 iii
557 2739 638 2775 epist.
666 2745 723 2766 xix.
743 2736 800 2764 lloc
822 2735 926 2764 dictum
939 2736 1058 2765 heretici
1075 2734 1203 2771 pcrpctim
1220 2734 1247 2760 in
1263 2739 1309 2760 ore
1324 2730 1424 2759 habent
1441 2732 1536 2758 contra
1562 2727 1673 2755 Patrum
1709 2729 1774 2749 auc-

159 2780 323 2808 cturitatcin.

193 2827 228 2858 (a)
241 2826 317 2852 Deest
330 2825 430 2857 aliquid.
