1934 3063
126 127 178 160 117

659 131 860 162 ADVERSUS
878 131 1037 161 GRtECOS
1059 131 1132 162 LIB.
1157 131 1199 161 Il'.

1706 128 1755 160 113

123 192 253 219 τυκι-ιιηι,
273 186 419 222 fragilitate
435 188 736 217 conditionishumanm
752 189 777 216 in
795 196 917 216 errorem
930 193 954 219 Α
970 191 1043 216 nium
1060 188 1222 216 naturalium
1236 188 1381 221 bonorttm,
1399 187 1543 223 Patrisque
1554 187 1624 214 bona
1655 186 1758 212 haheat

122 234 216 268 lapsos
228 234 331 268 dicent,
350 234 401 261 sibi
417 240 507 262 autem
530 235 580 269 ipsi
610 235 799 263 tantummodo
822 243 917 262 errore

122 279 210 313 deripi
223 287 278 306 non
294 287 385 312 posse,
411 280 548 314 peculiare
569 281 644 308 erit?

159 324 213 352 Sed
233 325 296 357 ista,
326 331 356 352 ut
383 325 528 360 superbiae.
556 327 745 361 stultitimque'
762 327 916 362 plenissima

121 372 178 399 illis
196 371 401 406 relinquantur.
419 379 488 406 quos
511 372 628 400 delectat
645 373 800 407 hujusmodi
831 375 918 402 fatuas

122 418 294 452 inutilcsque
310 418 440 452 glmiolas
454 419 531 452 sequi
547 427 554 450 ;
581 419 698 446 maxime
712 427 773 447 cum
787 420 916 454 possihile

121 473 178 491 non
197 465 244 494 sit.
257 464 366 492 eosdem
383 469 409 491 et
427 471 537 492 sanctos
550 465 746 499 consentiente,
770 462 836 493 orbe
856 467 917 493 uni-

123 518 216 544 verso,
235 510 331 541 fuisse,
346 517 371 537 et
390 518 404 538 a
421 511 472 538 fide
485 512 622 543 deviasse,
641 512 700 539 sine
712 520 764 547 qua
789 511 843 540 Deo
859 513 918 546 pla-

122 565 188 584 cere
203 557 375 591 impossibile
390 562 441 589 est,
457 562 486 585 ut
501 559 538 585 ait
573 559 720 593 Apostolus
736 559 769 586 ".
795 559 849 587 Nos
867 567 918 586 au-

123 610 179 631 tem
193 605 327 631 honorent
347 605 398 632 illis
414 605 447 631 ab
467 605 671 633 universalibus
701 606 823 634 conciliis
842 607 919 633 attri-

123 651 221 677 ltutum
237 656 390 683 Servantcs,
411 652 515 686 hosque
529 656 558 678 ut
582 656 774 686 prteceplores.
792 657 819 679 et
833 653 918 680 duces

123 697 235 724 ﬂrmcos
257 696 423 732 Latinosque
450 702 616 733 sequentes:
653 698 685 725 In
719 697 823 726 Christo
849 699 918 726 enim

123 741 204 774 Jcsu,
225 751 308 778 neque
323 743 448 777 ludatur,
475 752 557 779 neque
581 743 690 771 σταται
703 749 740 771 est
771 744 871 778 aliquid
884 744 917 775 τ’,

123 789 255 824 quodque
267 797 281 815 a
302 789 423 824 quolibet
446 790 559 823 dictum,
575 790 708 817 veraciter
722 791 842 817 eamdem
869 790 919 817 lta-

123 836 170 862 bet
188 836 255 867 vim,
273 835 415 867 librantes,
439 836 491 863 sibi
523 835 601 870 ipsis,
629 840 711 870 atque
743 836 858 864 inviceat
886 837 919 863 de

123 885 222 908 sancto
236 880 354 915 Spiritu,
373 881 451 908 valde
475 882 623 909 concordes
653 882 811 916 aspicimus.

161 927 215 954 Alii
240 927 311 954 enim
344 935 377 955 ex
410 927 479 955 Filio
507 929 652 962 procedere
681 929 757 956 aiunt
787 928 918 963 Spiritum

124 978 268 1004 sanctum;
285 972 336 1000 Alii
360 980 420 1001 esse
434 981 468 1001 ex
488 972 567 1006 Filio,
597 979 677 1009 atque
690 976 723 1002 ab
749 981 781 1002 eo
794 982 854 1002 esse
870 975 920 1002 ha-

127 1020 204 1052 bere,
221 1024 248 1046 et
264 1019 298 1046 ab
317 1020 375 1054 ipso
389 1020 552 1047 naturaliter
576 1021 697 1055 prodire.
725 1025 753 1048 et
786 1021 917 1056 profundi

124 1069 152 1091 et
169 1065 300 1097 emicare,
318 1070 345 1092 et
359 1065 505 1100 proﬂuere,
522 1073 553 1093 ac
566 1073 614 1101 per
635 1065 735 1093 Filium
753 1071 780 1093 et
794 1074 824 1093 ex
850 1066 919 1094 Filio

125 1111 294 1144 procedere:
309 1116 346 1142 et,
363 1111 385 1138 si
408 1111 472 1145 quid
492 1111 626 1146 ejusmodi
651 1111 836 1148 intelligentiae
853 1119 918 1146 pro-

123 1157 228 1184 ximum
247 1158 282 1185 ab
298 1158 337 1186 eis
353 1158 463 1190 dicitur,
481 1166 651 1193 quanquam.
669 1159 719 1186 etsi
734 1166 786 1194 qna
817 1167 832 1186 a
857 1167 917 1186 nua-

124 1203 217 1238 gistris
236 1203 381 1231 obscurius
398 1204 522 1232 fortassis
544 1205 576 1232 de
603 1205 654 1232 hac
688 1213 718 1232 re
745 1205 817 1233 dicta
844 1205 920 1233 vitle-

124 1248 238 1281 bantur,
260 1249 412 1283 prudétttire
428 1249 528 1283 fuerat,
544 1258 574 1277 ea
591 1258 624 1278 ex
659 1250 813 1278 manifestis
836 1251 918 1278 dictis

124 1293 303 1328 interpretari
319 1303 326 1322 :
341 1303 376 1322 ne
393 1300 503 1330 propter
519 1303 568 1324 ttos
579 1296 720 1324 videantur
733 1300 761 1324 et
776 1297 827 1325 sibi
846 1297 915 1332 ipsis

125 1344 151 1366 et
168 1339 284 1367 invicem
299 1340 370 1375 sacri
398 1341 525 1368 doctores
550 1341 713 1370 adversari:
746 1342 772 1369 id
797 1342 919 1377 profecto

125 1392 176 1420 pro
191 1389 269 1413 certo
294 1385 427 1414 habentes
451 1387 523 1421 quod
550 1393 565 1414 a
592 1387 648 1415 Deo
668 1387 761 1415 traditi
790 1387 918 1416 Ecclesiae

126 1431 262 1466 magistri,
284 1440 426 1468 nunquam
459 1433 574 1461 diversis
605 1434 675 1462 inter
691 1441 721 1461 se
745 1435 919 1469 dogmatibus

126 1476 270 1504 dissentire
288 1483 481 1513 possent:per
497 1486 612 1514 quorum
644 1487 675 1507 os
705 1487 776 1508 unus
806 1481 862 1514 ille,
892 1486 918 1509 et

126 1522 235 1550 divinus
252 1522 381 1557 Spiritus,
398 1523 432 1551 de
458 1532 513 1559 quo
541 1532 633 1552 sermo
656 1531 710 1558 est,
736 1526 843 1556 locutus
868 1528 915 1556 sit.
930 1544 953 1574 α

163 1567 211 1595 His
226 1568 335 1603 positis.
354 1574 461 1597 constat
475 1577 507 1597 ex
537 1570 580 1598 his
594 1579 655 1606 qua:
686 1573 866 1601 communiter
892 1580 919 1601 et

125 1613 303 1648 singulariter
316 1623 330 1642 a
342 1615 444 1643 sanctis
456 1615 583 1644 Patribus
596 1618 668 1645 dicta
683 1619 896 1653 praenotavimus
910 1628 918 1647 :

125 1659 199 1694 quod
218 1659 269 1694 ipsi
289 1660 376 1687 sancti
394 1661 443 1688 viri
493 1661 539 1696 qui
566 1669 600 1690 ex
630 1662 710 1690 Patre
742 1671 790 1698 per
822 1663 919 1692 Filium

125 1707 273 1739 procedere
311 1705 441 1741 Spiritum
484 1713 610 1737 sanctum
645 1709 790 1744 dixerunt,
821 1715 848 1738 et
885 1718 920 1739 ex

127 1751 195 1780 Filio
207 1753 365 1787 procedere,
380 1759 408 1782 et
425 1755 458 1782 ab
469 1754 528 1789 ipso
557 1762 628 1789 esse,
655 1760 739 1791 atque
758 1757 793 1785 ab
810 1764 845 1785 eo
859 1764 920 1786 esse

127 1798 237 1830 habere,
254 1803 282 1827 et
301 1807 333 1826 ex
347 1807 381 1827 eo
397 1800 558 1828 naturaliter
572 1801 692 1836 prodire,
707 1807 735 1830 et
759 1802 896 1838 proﬂuere
910 1812 918 1832 :

126 1850 163 1875 et,
180 1845 203 1872 si
222 1845 286 1879 quid
303 1849 345 1873 est
364 1846 533 1881 ltujusmodi.
555 1851 654 1882 printer
665 1848 692 1875 id
706 1849 777 1882 quod
805 1857 839 1877 ex
853 1850 920 1885 ipsis

127 1891 189 1918 lidci
207 1891 350 1927 principiis
362 1893 525 1921 necessario
537 1894 577 1921 sic
592 1895 643 1922 ista
657 1895 870 1930 concluduntur,
884 1905 919 1925 ex

127 1937 193 1972 ipsis
221 1936 372 1966 Salvatoris
401 1939 514 1967 vocibus
545 1940 706 1969 occasi0nes
733 1948 916 1977 acceperunt;

127 1990 157 2010 ex
175 1983 257 2011 Patre
274 1983 383 2019 quidem
406 1984 478 2011 illunt
494 1985 554 2013 ideo
570 1993 630 2014 esse
656 1993 820 2021 asserentes,
846 1989 920 2023 quod

127 2029 252 2057 Salvator
268 2030 293 2057 in
314 2030 468 2066 Evattgcliis
486 2032 598 2064 dixerit,
611 2032 664 2066 Qui
687 2042 704 2060 α
722 2034 805 2062 Patre
830 2043 921 2069 prore.

127 2076 162 2102 dit
175 2076 212 2104 '°.
235 2075 287 2102 Pcr
302 2075 401 2104 Filium
433 2085 498 2105 vero
517 2086 588 2111 esse,
625 2084 651 2107 et
682 2087 715 2107 ex
744 2080 824 2114 Filio,
857 2082 919 2117 quia

129 2123 213 2156 ipsum
241 2122 382 2155 Dominus,
408 2132 481 2152 nunc
507 2124 617 2159 quidem
646 2127 769 2154 veritatis
786 2127 918 2162 Spiritum

126 2169 235 2201 dixerit,
255 2176 328 2196 nunc
343 2173 435 2197 autem
458 2171 547 2205 ipsum
576 2172 719 2207 discipulis
737 2174 919 2208 corporaliter

970 235 1088 270 propria,
1104 240 1186 269 atque
1201 234 1353 270 prtecipua;
1369 242 1400 262 ac
1419 241 1453 261 ex
1473 241 1517 265 eo.
1540 232 1612 268 quod
1629 240 1681 258 non
1701 238 1759 258 scr-

969 283 1070 314 viliter,
1086 290 1118 310 ac
1132 282 1249 310 ministri
1272 282 1360 310 ollicio
1378 289 1392 309 a
1421 281 1491 309 Filio
1519 280 1646 311 tnittitttr,
1667 282 1760 311 utpote

967 329 1072 364 quiest
1098 329 1331 356 incommutabilis
1354 329 1443 362 imago
1468 327 1568 354 Patris.
1602 325 1665 352 Haec
1685 324 1759 351 enitn

969 384 1001 403 ex
1020 376 1159 411 praedictis
1176 376 1313 404 insinuata
1327 375 1381 402 sint
1395 375 1447 402 etsi
1463 373 1578 408 plurima
1595 373 1660 400 sint.
1678 373 1710 400 Et
1724 373 1760 399 il-

969 421 1014 448 lud
1034 428 1086 448 una
1105 425 1225 456 apparet,
1244 422 1314 455 quod
1331 421 1440 455 quando
1462 419 1613 446 insufflavit
1633 419 1659 445 in
1675 419 1759 446 disci-

970 467 1049 502 pulos
1080 467 1229 499 Dominus,
1259 470 1285 494 et
1309 466 1379 493 dixit
1403 466 1443 493 eis
1463 465 1604 499 :Accipite
1628 463 1760 499 Spiritum

968 519 1090 541 sanctum
1108 514 1142 547 ⁸³,
1157 513 1203 548 qui
1234 520 1266 541 ex
1296 512 1377 540 Patre
1402 519 1450 547 per
1476 511 1575 538 Filium
1600 510 1761 538 naturaliter

969 560 1069 594 prodit,
1081 564 1108 587 et
1132 567 1179 594 per
1192 567 1221 587 se
1237 559 1428 593 procedentem
1450 557 1524 585 dedit
1536 557 1586 584 eis.

1005 606 1062 634 Hoc
1078 606 1172 641 igitur,
1188 610 1218 634 ut
1233 605 1336 633 dictum
1357 609 1398 632 est
1413 605 1447 631 ab
1464 603 1591 631 Ecclesiae
1608 602 1760 637 magistris,

969 652 1036 679 satis
1052 659 1134 686 supra
1150 651 1316 679 declaratum
1332 655 1397 685 est;
1415 650 1552 685 prmcipue
1582 654 1672 676 tamen
1701 657 1760 676 ma-

969 704 1040 732 gnus
1054 697 1170 724 Basilius
1185 705 1262 724 suam
1280 697 1330 724 hac
1344 697 1376 724 de
1388 704 1418 724 re
1439 696 1593 731 opinionem
1625 695 1759 728 indicans,

971 744 1098 779 praedicta
1110 743 1265 771 continuat.
1281 743 1348 770 Nam
1362 744 1389 770 in
1416 747 1515 777 quarto
1547 746 1642 769 contra
1670 740 1762 767 Euno-

970 790 1064 821 ntium,
1074 790 1100 816 in
1111 796 1165 816 uno
1175 789 1294 822 capitulo
1304 789 1376 824 quod
1399 788 1555 816 inscribitur
1566 787 1643 821 Quod
1667 787 1759 814 divina

971 841 1065 863 natura
1091 837 1126 865 sit
1159 837 1292 872 Spiritus:
1328 836 1444 870 Spiritus
1456 835 1535 866 enim,
1550 834 1647 869 inquit,
1662 833 1758 860 viventi

936 878 955 906 Β
976 881 1057 910 Verbo
1070 884 1104 910 ad
1115 883 1260 911 creandum
1270 881 1438 916 ronjunctus,
1453 880 1510 906 viva
1522 880 1604 907 virtus
1615 883 1663 910 est,
1675 883 1699 905 et
1713 886 1763 905 nu-

971 934 1042 961 tura,
1054 930 1155 961 diuina,
1170 929 1311 963 ineffabilia
1326 935 1358 955 ea:
1372 926 1502 961 ine/Tabili
1517 934 1560 953 ore
1571 925 1704 960 pradiem,
1717 925 1760 950 in—

970 973 1162 1009 eﬂabiliterpor
1184 973 1387 1009 insuﬂlationem
1411 972 1438 999 in
1449 972 1580 998 hominem
1601 971 1709 1000 emissa.
1735 973 1761 996 et

969 1020 1112 1047 secundum
1126 1022 1240 1055 formam
1254 1028 1269 1046 a
1285 1018 1389 1046 Christo
1414 1017 1590 1052 corporaliter
1613 1021 1759 1048 ostensam,

970 1073 1062 1092 rursus
1073 1065 1106 1092 ob
1121 1066 1177 1099 ipso
1185 1073 1230 1099 per
1241 1064 1441 1100 intuﬂlationem
1452 1063 1584 1090 restituta.
1599 1062 1762 1089 Concurrere

969 1112 1061 1145 quippe
1074 1110 1207 1145 oportebat
1223 1110 1339 1144 antiqua
1358 1109 1470 1136 nouitati
1490 1111 1643 1142 prtrsentem
1659 1114 1761 1141 quoque

971 1157 1173 1189 renouationem,
1192 1160 1217 1183 et
1238 1155 1391 1191 hujurmodi
1409 1155 1609 1183 concursionem
1628 1153 1755 1187 expressit

969 1203 1117 1238 insit/Ilum.
1135 1211 1187 1229 non
1205 1202 1274 1229 alius
1289 1202 1429 1232 exsistens.
1450 1209 1530 1234 quant
1544 1201 1567 1227 is
1579 1200 1624 1235 qui
1636 1200 1668 1225 ab
1682 1199 1761 1226 initio

969 1249 1146 1284 inrufﬂaverat
1152 1258 1162 1282 ;
1177 1249 1222 1277 sed
1233 1249 1297 1282 ipse,
1307 1257 1353 1283 per
1363 1256 1438 1284 quem
1447 1247 1519 1274 dedit
1530 1247 1598 1275 Deus
1610 1245 1762 1282 insufﬂatio-

969 1304 1039 1328 nem,
1050 1301 1111 1323 tunc
1123 1296 1225 1332 quidem
1237 1304 1295 1323 cum
1304 1295 1407 1327 anima,
1416 1302 1484 1321 nunc
1495 1299 1582 1320 autent
1592 1294 1619 1320 in
1630 1293 1760 1320 animum.

1005 1341 1118 1378 Magnus
1131 1349 1239 1376 quoque
1256 1341 1434 1373 Athanasius,
1446 1341 1472 1367 in
1490 1340 1573 1374 epist.
1584 1342 1617 1367 ad
1634 1340 1762 1374 Serapio-

970 1395 1031 1417 nem
1055 1388 1088 1415 de
1110 1387 1213 1423 Spiritu
1236 1392 1341 1421 sancto,
1373 1387 1451 1421 cuius
1475 1387 1591 1414 iuitlum'
1606 1392 1647 1414 est
1667 1395 1675 1414 :
1697 1385 1765 1422 Legi

969 1442 1038 1462 nunc
1053 1441 1155 1469 quoque
1170 1434 1296 1468 scriptam
1314 1442 1330 1460 a
1353 1437 1400 1460 tua
1419 1433 1588 1470 ueneratione
1601 1431 1759 1466 epistolam.

969 1480 1024 1507 ait:
1039 1479 1157 1514 Denique
1171 1480 1289 1506 mittente
1315 1478 1394 1506 Patre
1408 1477 1548 1512 Spiritum,
1565 1477 1664 1504 Filium
1682 1477 1758 1504 illum

970 1525 1104 1560 discipulis
1137 1525 1273 1560 inm/ﬂans
1305 1525 1386 1553 dedit.
1400 1524 1499 1553 Omnia
1526 1524 1594 1552 enim
1608 1532 1666 1559 qute
1681 1524 1765 1551 habet

969 1570 1061 1604 Pater,
1078 1570 1145 1598 Filii
1157 1575 1230 1599 sunt.

1005 1616 1121 1645 Sanctus
1138 1617 1200 1644 item
1218 1616 1335 1653 Cyrillus
1364 1617 1392 1645 in
1417 1624 1443 1644 tv
1473 1617 1508 1645 ad
1535 1616 1686 1649 Hermiam,
1704 1616 1759 1644 ait:

970 1662 1059 1691 Simul
1074 1664 1153 1695 enim,
1171 1668 1249 1699 atque
1273 1664 1370 1692 cummi
1385 1663 1497 1698 Opi/icit
1518 1664 1697 1699 ine/Iabilibur
1712 1671 1762 1690 mt-

971 1708 1039 1735 tt‘bus
1054 1713 1152 1736 natura
1167 1709 1279 1736 hominis
1300 1710 1335 1737 ad
1354 1709 1532 1736 substantiam
1563 1715 1688 1744 provecta
1710 1713 1760 1742 est,

970 1755 1061 1782 habitu
1071 1755 1151 1782 etiam
1166 1755 1202 1783 ad
1214 1755 1347 1790 Spiritum
1365 1757 1583 1790 componebatur.
1613 1756 1766 1792 Inrumavit'

970 1802 1040 1829 enim
1056 1802 1083 1829 in
1097 1803 1191 1837 faciem
1210 1802 1268 1837 ejus
1299 1803 1462 1837 spiraculum
1485 1803 1554 1837 uit-2,
1586 1811 1639 1830 non
1669 1804 1759 1835 aliter.

970 1853 999 1875 ut
1016 1856 1086 1880 reor.
1102 1849 1214 1876 animali
1226 1849 1274 1875 hoc
1289 1848 1371 1876 lucem
1387 1849 1620 1884 sanctificationis,
1638 1850 1760 1884 proprio-

971 1895 1084 1928 tatirque
1101 1895 1135 1921 ad
1154 1894 1236 1921 Deum
1250 1894 1384 1927 habituro,
1402 1895 1452 1921 nisi
1466 1895 1671 1929 participatione
1700 1895 1760 1930 Spi-

971 1941 1038 1968 ritus
1048 1941 1133 1968 sancti
1145 1941 1236 1976 [uiuet
1249 1945 1370 1969 ornatus.
1393 1939 1487 1975 Itaque
1501 1947 1526 1968 et
1538 1941 1646 1976 quando
1669 1943 1760 1977 unige-

971 1986 1043 2013 nitus
1069 1987 1154 2015 factus
1182 1991 1220 2013 eu
1253 1986 1341 2019 homo,
1368 1985 1523 2018 desertam,
1546 1994 1579 2013 ac
1603 1987 1759 2014 destitutam

971 2033 1080 2067 antiquo
1107 2033 1184 2065 bono,
1199 2037 1223 2059 et
1249 2033 1318 2068 quod
1334 2041 1351 2059 α
1369 2033 1499 2066 principio
1522 2037 1668 2067 acceperat,
1684 2034 1756 2060 inve-

970 2078 1045 2105 niens
1061 2083 1185 2105 natumut
1198 2079 1324 2110 hominis,
1338 2087 1395 2105 eam
1406 2086 1498 2106 rursm
1509 2079 1535 2106 in
1546 2078 1613 2105 illud
1625 2079 1760 2113 trans/or-

971 2131 1044 2151 mare
1055 2125 1167 2156 curavit,
1181 2125 1262 2152 veluti
1277 2132 1293 2152 a
1306 2124 1388 2159 fonte.
1408 2125 1515 2158 propria
1527 2124 1628 2152 scilicet
1646 2125 1761 2159 plenitu-

971 2169 1030 2196 dine
1042 2168 1117 2196 illum
1132 2170 1290 2201 immittenr.
1302 2178 1333 2197 ac
1347 2170 1436 2196 dicens
1451 2177 1461 2196 :
1479 2179 1489 2196 ι
1502 2170 1618 2204 Accipite
1632 2169 1759 2203 Spiritum

127 2215 282 2242 ostenderit.
321 2215 410 2250 Atque
442 2225 516 2244 nuttc
561 2219 671 2252 quidem
704 2220 737 2246 ad
770 2220 917 2254 discipulos

973 2220 1105 2248 sanctum,
1123 2225 1132 2241 ι
1150 2216 1311 2243 evidentiore
1324 2215 1501 2250 insulﬂutiane
1515 2223 1561 2250 per
1570 2224 1676 2244 carnem
1700 2216 1761 2252 Spi<

127 2259 313 2293 alt._Quiade
345 2269 400 2288 meo
425 2263 534 2296 accipiet
562 2268 586 2291 et
613 2266 779 2293 annuutiabit
802 2266 919 2295 vobis“.

127 2306 199 2334 Nunc
214 2314 280 2334 vero
294 2307 328 2334 ad
337 2307 461 2336 Patrem:
478 2308 575 2336 Omnia
598 2319 654 2337 mea
675 2316 722 2339 tua
742 2317 813 2346 sunt,
832 2319 857 2340 et
872 2319 919 2341 tua

126 2360 180 2379 mea
193 2359 255 2380 sunt
265 2352 297 2381 ¹¹.

159 2399 247 2434 Atque
262 2407 295 2427 ex
315 2407 359 2433 eo,
374 2401 446 2435 quod
475 2401 545 2428 mitti
561 2403 671 2437 quidem
690 2403 810 2439 Spiritus
826 2413 840 2432 a
867 2405 919 2433 Pa—

129 2449 165 2472 tre
178 2450 205 2472 et
224 2446 333 2478 donari,
346 2451 373 2474 et
391 2448 412 2474 si
426 2447 490 2481 quid
505 2447 660 2483 huiusmodi
672 2455 715 2478 est
728 2470 736 2483 ,
754 2451 824 2479 mitti
839 2459 915 2485 vero,

126 2495 151 2518 et
165 2491 235 2524 dari,
257 2496 287 2519 et
301 2499 315 2519 a
332 2491 401 2520 Filio
435 2493 534 2522 ibidem
551 2495 659 2530 dicitur,
684 2504 771 2531 neque
784 2498 914 2526 'seorsim

127 2536 205 2564 mittit
223 2535 306 2564 Pater
319 2537 450 2573 Spiritum
465 2545 601 2574 sanctum,
621 2549 653 2568 ac
673 2543 786 2570 seorsim
807 2543 912 2577 Filius;

125 2583 169 2609 sed
183 2590 216 2610 ex
231 2590 265 2610 eo
277 2584 349 2618 quod
363 2592 377 2611 a
394 2585 474 2613 Patre
495 2594 542 2621 per
553 2587 651 2615 Filium
669 2593 751 2623 atque
766 2597 798 2616 ex
819 2589 911 2622 Patre,

125 2634 150 2655 et
164 2628 233 2656 Filio
247 2637 299 2656 una
317 2630 439 2665 datione,
454 2640 506 2660 una
524 2634 667 2669 largitione
678 2655 685 2668 ,
701 2642 755 2663 una
783 2636 916 2664 missione

125 2674 212 2707 datur,
244 2681 272 2703 et
302 2677 437 2715 mittitur:
469 2681 697 2714 quemadmodum
727 2682 834 2709 scilicet
859 2690 913 2709 una

125 2721 297 2753 processione
311 2730 344 2749 ex
357 2723 439 2751 Patre
467 2732 515 2760 per
550 2725 648 2753 Filium
674 2727 808 2761 procedit,
831 2732 912 2763 atque

125 2772 155 2792 ex
171 2772 214 2798 eo,
241 2766 317 2800 qttod
332 2765 416 2796 Filius
443 2776 558 2798 consors
587 2772 624 2799 sit
649 2778 824 2807 paternorum
853 2780 911 2799 om-

176 2824 294 2887 glllcbr.
312 2832 349 2858 ιι,
366 2826 392 2853 6.
448 2828 470 2844 "
485 2828 572 2857 Galat.
591 2837 630 2862 ιιι,
646 2830 692 2858 28.

125 2869 167 2890 ιι,
213 2878 222 2886 .

961 2770 1132 2806 procederet,
1161 2769 1292 2802 Spiritum
1327 2768 1485 2796 insinuavit.

747 2831 770 2848 ¹¹⁰
783 2831 861 2859 Joan.
879 2839 921 2864 xv,
936 2830 982 2859 26.

974 2262 1039 2288 ritur
1055 2267 1176 2288 naturam
1187 2262 1282 2295 optime
1305 2262 1426 2297 signant.

1007 2308 1110 2335 Praeter
1126 2308 1178 2334 ista
1194 2315 1267 2340 vero,
1284 2316 1369 2343 quaca
1386 2307 1488 2336 sanctis
1502 2308 1567 2337 viris
1585 2309 1658 2338 dicta
1685 2314 1760 2342 sunt,

972 2353 1069 2389 quibus
1099 2359 1191 2388 aperte
1222 2354 1369 2387 indicatur,
1400 2355 1531 2390 Spiritum
1564 2361 1688 2384 sanctunt
1713 2365 1763 2393 per

973 2400 1184 2428 lnsuﬂiatiouem
1226 2400 1368 2435 discipulis
1410 2401 1761 2439 datum:quandoquidem

972 2447 1017 2474 hic
1029 2454 1143 2481 magnus
1171 2446 1285 2474 Basilius
1314 2446 1445 2481 Spiritunt
1471 2447 1564 2476 Verbo
1585 2449 1760 2484 conjunctum

970 2494 1003 2521 ad
1018 2494 1177 2526 creandum,
1193 2501 1273 2528 quem
1287 2498 1315 2522 et
1333 2494 1419 2521 vivam
1447 2495 1587 2527 virtutem,
1600 2499 1628 2523 et
1641 2496 1763 2524 divinam-

969 2539 1038 2568 dixit
1057 2544 1182 2567 naturam
1196 2547 1210 2567 a
1224 2539 1334 2568 Christo
1348 2548 1398 2576 per
1420 2541 1630 2569 insufﬂationem
1657 2542 1761 2570 homini

968 2585 1054 2613 fuisse
1066 2585 1235 2618 restitutam;
1256 2592 1338 2620 quam
1352 2585 1433 2613 etiatn
1451 2593 1612 2621 corpoream
1638 2587 1760 2622 appella-

967 2632 1005 2659 vit
1025 2630 1141 2658 formam
1169 2631 1203 2658 ab
1240 2631 1300 2665 ipso
1321 2631 1554 2666 demonstratam;
1586 2633 1760 2661 manifestum

965 2684 1033 2705 sane
1046 2681 1100 2708 est,
1117 2677 1188 2707 quod
1213 2676 1324 2712 quando
1345 2676 1485 2706 insumans
1512 2678 1583 2706 dixit
1606 2688 1614 2707 :
1646 2679 1762 2712 Accipite

963 2723 1095 2758 Spiritum
1108 2727 1240 2755 unctum,
1257 2730 1305 2758 per
1319 2723 1372 2751 hoc
1405 2723 1505 2758 ipsum,
1536 2724 1583 2758 qui
1609 2732 1643 2752 ex
1674 2724 1760 2751 Patre

1529 2769 1586 2797 Hoc
1613 2769 1684 2797 enint
1719 2772 1762 2797 est

1034 2830 1056 2846 ⁸¹
1069 2829 1148 2858 Joan.
1165 2837 1221 2864 xvt,
1243 2829 1285 2857 te.
1337 2828 1360 2846 "
1375 2828 1454 2857 Joan.
1469 2838 1533 2863 rvn,
1550 2829 1593 2857 to.
1647 2829 1760 2858 Μυκη.
