1934 3063
104 2907 143 2916 με

139 115 191 148 “9

766 116 965 147 MANUELIS
983 118 1135 148 CALECE

1701 118 1755 150 12)

139 174 228 202 Verbo
244 174 418 209 coniunctam
432 175 516 203 fuisse
530 175 563 202 ad
590 176 748 207 crcandum,
764 175 850 202 viVam
865 183 922 202 vtr-
938 180 959 203 Δ
974 184 1052 209 quam
1070 181 1207 208 senserint,
1225 181 1248 203 et
1265 184 1345 211 usque
1358 175 1482 211 inJinem
1509 175 1536 202 in
1565 183 1596 203 ea
1626 175 1759 211 impietate

140 220 224 248 lutem
240 221 358 247 divinam
375 225 509 252 naturam,
540 221 708 248 Paraclctum
720 221 835 249 scilicet.

175 278 252 311 Quod
271 281 360 305 autem
389 278 515 312 formam,
539 277 614 304 aiunt
643 277 769 310 Basilius,
793 278 925 313 Cyrillus-

140 331 202 355 que,
215 323 443 350 adumbrationem
468 331 513 357 per
535 330 640 350 carnem
663 322 778 356 Spiritus
807 328 925 356 natura»,

140 370 190 396 hoc
208 369 374 404 Augustinus
390 369 557 403 corporalem
574 369 782 396 insumationem
799 370 926 404 appella-

140 415 187 442 vit.
203 414 236 441 Et
250 414 312 448 quia
325 414 422 446 forma,
439 419 465 441 et
480 414 653 442 adumbratio
678 415 796 448 Spiritus
822 421 925 442 natura:

144 465 197 492 est,
216 459 427 487 insumationem
442 459 514 486 illam
529 467 580 486 non
604 467 664 487 esse
691 460 811 494 Spiritus
839 462 924 488 sancti

140 505 320 534 substantiam
338 505 418 536 dixit,
436 505 483 533 sed
498 506 691 533 documentum
716 514 763 541 per
790 507 925 541 propriam

139 557 166 579 et
193 558 342 586 congruam
368 551 605 585 signiﬁcationem,
630 551 702 586 quod
745 551 789 579 hic
809 552 927 587 Spiritus

140 602 250 626 sanctus
261 598 341 624 etiam
354 605 386 624 ex
401 597 469 624 Filio
482 596 650 632 procederet.
679 597 713 624 Et
738 599 835 625 merito
849 605 925 630 sane,

141 644 269 678 quoniam
282 645 357 671 enim
370 644 436 671 nihil
459 651 552 671 eorum
569 652 630 679 quae
644 651 658 670 a
680 643 793 671 Domino
816 644 926 675 liebant.

141 689 283 715 fortuitum
298 693 373 720 erat;
389 692 417 715 et
431 695 492 723 quae
508 688 534 715 in
546 688 631 724 ﬁgura
643 693 810 724 peraguntur
820 689 929 717 relatio-

143 741 203 760 nem
212 733 329 767 aliquam
338 733 370 760 ad
381 740 413 760 ea
421 741 481 766 quae
489 733 652 766 signiﬁcant,
660 733 757 761 habent
766 743 772 761 :
781 735 851 762 sicut
861 734 929 769 bap—

145 779 235 810 tisma,
251 778 325 813 quod
339 785 387 813 per
402 787 499 813 aquam
514 779 605 810 datur,
623 779 797 807 invisibiliter
812 787 927 815 operan-

144 830 198 851 tem
214 823 434 851 emundationem
453 824 552 852 indicat
566 844 573 857 ,
590 825 719 852 emundat
732 825 830 860 quippe
842 833 922 860 aqua.
942 838 963 866 Β

144 874 171 897 ct.
184 869 262 897 diluit
273 877 415 904 corporum
429 870 541 902 sordes,
560 870 774 905 mysteriumque
789 871 923 898 Dominici

145 916 269 951 corporis
286 916 312 943 in
324 915 414 950 specie
430 916 507 950 panis
532 920 559 943 et
578 917 633 943 vini
657 916 799 949 traditum,
830 916 926 951 mysti-

144 968 205 987 cum
219 961 316 988 animai
332 961 421 996 signat
438 962 595 989 alimentum
609 969 616 994 ;
644 966 671 989 et
685 963 756 996 quod
768 961 796 988 in
825 961 925 997 linguis

146 1005 232 1040 igneis
247 1005 365 1040 Spiritus
380 1011 490 1034 sanctus
510 1006 635 1041 delapsus
644 1010 697 1039 est,
713 1006 843 1033 rationem
864 1014 926 1041 pro-

146 1052 217 1079 fecto
233 1051 313 1079 habet
328 1052 361 1079 ad
376 1059 406 1079 ea
424 1059 483 1087 quae
508 1056 571 1079 tunc
601 1056 665 1079 sunt
689 1057 763 1087 gesta
796 1052 924 1080 divinittts

145 1097 231 1131 signa.
252 1097 321 1130 Ignis
339 1097 438 1132 quippe
458 1097 586 1124 Dcitatcm
607 1098 706 1132 signat,
733 1097 841 1133 linguae,
870 1105 926 1124 ma-

145 1143 248 1176 gisterii
263 1143 463 1177 proprietatem.
482 1143 518 1170 ita
560 1143 674 1176 scilicet,
707 1143 750 1170 illa
781 1135 924 1171 insulllatio

145 1186 248 1221 aliquid
264 1186 447 1221 signiﬁcabat.
475 1185 539 1213 Erat
555 1187 627 1213 enim
649 1191 836 1222 argumentum
857 1187 926 1213 divi-

147 1241 188 1260 na:
200 1233 358 1261 substantiae
378 1232 518 1267 Spiritus;
547 1233 646 1268 quippe
667 1232 733 1259 nihil
764 1240 925 1268 corporeum

146 1279 182 1307 ita
200 1279 320 1307 divinum
334 1278 436 1306 indicat
468 1278 611 1314 Spiritum,
636 1279 706 1306 sicut
728 1278 807 1305 ﬂatus
829 1278 925 1305 huma-

147 1326 303 1359 nus;sicut
317 1325 388 1353 enim
406 1325 451 1352 illa
473 1324 617 1352 insulilatio
637 1332 686 1359 per
699 1332 729 1352 os
751 1332 783 1353 ex
813 1325 925 1357 intimis,

146 1372 340 1406 corporeisque
352 1370 502 1397 visceribus
514 1371 615 1404 prodit,
631 1370 668 1396 ita
683 1375 709 1397 et
725 1371 782 1405 ipse
808 1370 926 1404 Spiritus

146 1420 258 1443 sanctus
273 1415 352 1448 cuius
365 1413 451 1442 forma
467 1414 613 1448 corporalis
630 1414 742 1449 spiritus
762 1419 814 1447 est,
833 1420 860 1442 et
892 1423 925 1443 ex

147 1462 226 1489 Patre
237 1469 285 1496 per
299 1461 397 1488 Filium
412 1461 590 1488 substantiam
605 1461 697 1489 habet.
711 1461 812 1488 Natura
826 1462 926 1496 quippe

147 1493 347 1535 divina-dictus
361 1512 401 1534 est
414 1506 559 1534 incliabilis
581 1514 613 1533 ex
647 1507 775 1534 inell‘abili
801 1493 848 1535 ore
875 1493 929 1535 nia-
942 1502 963 1531 ο
981 1493 1106 1527 Spiritus"

149 1561 228 1580 nans.
261 1553 369 1580 Manare
385 1557 488 1584 autem,
504 1556 533 1579 ttt
557 1560 637 1586 supra
668 1557 848 1581 monstratum
876 1559 929 1588 est,

149 1597 175 1623 in
192 1596 344 1624 substantia
358 1596 476 1631 Spiritus
499 1600 611 1624 sanctus
635 1597 750 1632 accepit.

183 1664 300 1693 Sanctus
317 1672 425 1700 quoque
442 1665 559 1701 Cyrillus
586 1666 623 1694 ait
636 1667 721 1694 :Sicut
735 1672 759 1694 et
792 1669 932 1703 unusquis-

148 1719 197 1745 que
214 1716 333 1737 nostrum
348 1711 481 1744 spiritum,
509 1712 553 1738 aui
579 1712 606 1738 in
632 1713 715 1744 seipso
731 1718 780 1745 est,
804 1713 929 1745 continet,

149 1761 227 1789 atque
240 1764 272 1783 ex
290 1757 390 1783 intimis
404 1757 542 1783 visceribus
558 1758 592 1783 ad
613 1759 744 1785 exteriora
773 1759 930 1792 profundit:

149 1803 248 1829 idcirco
280 1803 388 1838 denique
418 1807 442 1829 et
477 1804 648 1837 corporaliter
672 1804 746 1830 illum
769 1805 931 1839 insuﬂlavit:

148 1849 298 1879 ostendens,
310 1849 372 1883 quia
386 1850 453 1876 sicut
470 1849 600 1876 humanus
626 1850 732 1883 spiritus
765 1858 797 1876 ea;
816 1850 930 1877 humano

148 1901 193 1920 ore
206 1894 332 1927 procedit,
349 1894 386 1920 ita
403 1899 428 1921 et
457 1902 489 1921 ea:
512 1894 600 1921 divina
616 1895 810 1929 essentia,quod
825 1903 857 1922 es:
873 1897 930 1930 ipsa

151 1945 200 1972 est,
215 1940 300 1967 divine
313 1942 489 1974 pro/unditur.
506 1941 626 1967 Divinam
638 1942 796 1975 essentiam,
811 1942 929 1974 Patrem,

149 1990 177 2012 et
205 1984 300 2012 Filium
314 1987 442 2018 nominat,
461 1994 574 2020 quorum
590 1986 670 2021 paulo
688 1986 813 2021 superius
831 1995 932 2015 memo-

152 2031 219 2058 riam
234 2031 383 2059 districtius
399 2031 474 2073 fecit.
493 2032 531 2059 Ex
551 2033 651 2067 quibus
666 2034 749 2060 etiam
764 2038 874 2061 constat
896 2041 929 2061 es

149 2077 230 2104 Patrc
246 2081 272 2104 et
283 2077 351 2105 Filio
365 2077 447 2105 veluti
463 2085 495 2105 ex
513 2085 578 2112 uno,
597 2079 746 2112 procedere
757 2086 788 2107 ac
811 2080 930 2114 prodire.

184 2131 261 2159 Patet
277 2133 378 2167 itaque,
396 2133 466 2167 quod
494 2134 539 2168 qui
570 2141 617 2169 per
645 2135 852 2163 insulllationem
889 2135 929 2161 la-

151 2184 231 2209 ctam,
248 2185 300 2205 non
318 2185 378 2206 esse
392 2179 483 2205 datum
499 2179 629 2213 apostolis
647 2179 776 2214 Spiritum
807 2184 930 2208 sanctum
947 2167 970 2194 D

150 2229 182 2248 ex
199 2221 278 2249 Patre
294 2222 494 2257 procedentem.
525 2224 572 2250 sed
603 2223 702 2251 donum
737 2224 845 2258 aliquod
874 2224 932 2251 sine

152 2266 304 2294 substantia
319 2267 422 2300 dicunt,
435 2274 450 2294 a
467 2272 620 2296 sanctorum
647 2268 756 2296 Patrum
782 2269 934 2304 intelligen-

153 2313 188 2339 tia
223 2313 386 2347 discrepant,
426 2318 507 2348 atque
549 2314 714 2341 anathemati
742 2315 932 2350 subjiciuntur.

153 2359 253 2385 Saticta
272 2359 344 2386 enim
362 2359 524 2387 universalis
539 2361 632 2394 quinta
660 2362 778 2396 synodus
804 2362 831 2389 in
864 2369 934 2396 quo-

153 2405 214 2431 dam
227 2405 346 2440 capitulo
362 2407 396 2432 ita
413 2406 504 2439 posuit
518 2414 526 2434 τ
548 2407 578 2433 Si
611 2408 671 2442 quis
688 2407 822 2435 Theodoro
858 2408 934 2443 Mop-

152 2452 258 2480 suestia:
280 2453 400 2487 episcopo
425 2453 494 2487 favet
521 2453 629 2486 dicenti,
656 2453 739 2481 alium
769 2462 825 2481 esse
853 2454 932 2481 Deum

156 2498 273 2528 Verbum,
287 2502 311 2524 et
323 2497 406 2524 alium
421 2497 568 2530 Christum,
593 2504 669 2533 atque
684 2507 742 2526 eum
761 2499 862 2526 caneris
894 2500 936 2526 in-

153 2544 267 2570 numeris
282 2544 449 2575 blasphemiis
463 2544 516 2571 suis
531 2544 614 2571 dicere
629 2545 777 2578 audentem,
791 2546 853 2580 quia
875 2550 934 2580 post

152 2590 368 2616 resurrectionem
401 2590 535 2624 insit/ﬂans
556 2590 583 2616 in
611 2591 764 2625 discipulos,
793 2591 933 2624 Dominus,

151 2639 176 2661 ct
186 2635 290 2662 dicens:
308 2644 318 2660 ι
335 2636 451 2669 Accipite
466 2635 594 2670 Spiritum
608 2640 739 2669 sanctum,
760 2645 768 2662 ν
787 2645 837 2663 non
863 2637 934 2664 dedit

153 2681 191 2707 eis
214 2680 343 2714 Spiritum
362 2685 494 2713 sanctum,
522 2682 567 2707 sed
590 2682 736 2716 ﬁguraliter
763 2686 866 2709 tantum
893 2683 935 2709 in-

154 2726 282 2760 sufﬂat-it;
300 2727 338 2754 his
355 2728 447 2762 igitur,
463 2729 508 2762 qui
528 2731 628 2760 eadem,
641 2733 665 2755 et
695 2728 736 2755 his
761 2728 860 2756 similia
888 2736 937 2755 un-

198 2816 217 2829 “
232 2816 329 2848 l‘lpln-s.
350 2825 386 2844 ιγ,
408 2817 433 2845 6.
472 2818 494 2833 ³⁵
509 2817 518 2844 l
535 2817 598 2844 Cur.
616 2824 664 2849 xu,
676 2816 702 2844 6.

975 220 1137 253 durauerint,
1154 222 1294 248 anathema
1308 221 1352 248 sit.

1012 266 1051 293 Ex
1069 266 1122 297 his,
1137 265 1217 293 simul
1245 266 1408 298 ostenditur,
1441 272 1495 292 non
1526 265 1618 300 plures
1643 264 1762 298 Spiritus

976 317 1085 340 sanctos
1101 316 1227 346 oportere
1242 311 1364 338 conﬁteri
1381 311 1407 337 in
1434 310 1499 342 Deo,
1523 315 1551 337 ut
1568 311 1677 345 quidam
1709 311 1761 338 lin-

976 363 1041 393 gunt
1054 366 1062 390 ;
1077 365 1138 385 cum
1157 357 1300 392 Apostolus
1317 357 1427 391 quidem
1451 356 1562 388 dixerit,
1581 356 1653 384 Unus
1675 356 1762 391 Spiri-

976 409 1018 431 tus
1034 408 1150 437 sanctus,
1166 404 1191 430 in
1210 412 1260 439 quo
1277 404 1367 430 omnia
1386 402 1428 435 5‘;
1451 410 1620 435 magnusque
1645 402 1762 430 Basilius
1798 417 1802 420 -

977 451 1009 478 ad
1047 450 1276 484 Amphilochium,
1317 449 1389 476 Unus
1432 449 1499 476 Deus
1523 453 1548 476 et
1571 449 1662 481 Pater,
1693 457 1762 476 unus

977 497 1124 532 unigenitus
1140 495 1240 527 Filius,
1253 500 1278 523 et
1289 504 1368 527 unus,
1386 495 1503 529 Spiritus
1525 500 1647 528 sanctus,
1663 499 1688 522 et
1706 495 1762 528 ipse

976 543 1148 577 singulariter
1163 543 1326 575 enuntiatus,
1345 546 1370 569 et
1387 550 1433 575 per
1454 549 1535 568 unum
1563 541 1663 568 Filium
1684 541 1763 568 Patri

976 588 1142 623 conjunctus,
1170 592 1195 614 et
1236 595 1281 622 per
1318 588 1404 621 ipsam
1440 587 1551 622 implens
1587 586 1763 614 venerandam

977 641 1008 660 ac
1021 634 1198 660 beatissimam
1223 632 1391 660 Trinitatem.
1410 633 1441 660 Et
1457 639 1554 659 rursus
1568 641 1575 660 :
1593 632 1652 663 Via,
1667 632 1763 659 diuinae

977 678 1134 713 cognitionis
1152 677 1184 703 ab
1201 685 1253 703 uno
1282 676 1397 711 Spiritu,
1428 676 1475 710 per
1499 684 1578 702 unum
1603 675 1706 702 Filium
1728 676 1763 702 ad

977 731 1059 750 unum
1075 722 1182 749 Patrem
1194 727 1241 749 est.
1263 721 1394 756 Gregorio
1406 721 1469 748 item
1484 720 1620 754 Theologo
1649 721 1675 748 in
1693 720 1763 748 libro

977 766 1012 792 ad
1026 764 1155 791 Heronem
1176 763 1359 798 philosophum
1380 763 1503 790 dicente:
1531 762 1649 797 Definias
1674 766 1763 788 autem

978 814 1002 837 et
1017 814 1134 836 nostram
1149 809 1311 844 religionem,
1336 808 1432 835 docens
1453 815 1535 834 unum
1562 808 1667 843 quidem
1687 815 1764 834 nosse

977 854 1058 881 Deum
1078 854 1236 889 ingenitum~
1261 854 1391 885 Patrem;
1409 861 1491 880 unum
1526 858 1615 880 autem
1643 854 1762 888 genitum

975 899 1089 932 Filium,
1105 908 1185 926 unum
1203 907 1260 926 vero
1275 900 1403 933 Spiritum
1424 900 1605 934 procedentem
1622 908 1654 926 ea;
1667 899 1762 929 Patre,

975 947 1028 973 siue
1041 946 1222 981 prodeuntem.
1253 943 1371 972 Praelata
1397 947 1461 973 item
1505 946 1585 974 beato
1613 945 1763 973 Athanasio

976 991 1003 1018 in
1019 991 1130 1025 prtel'ato
1143 991 1212 1018 libro
1230 992 1266 1018 ita
1293 991 1427 1019 docente:
1459 991 1587 1026 Spiritum
1611 1000 1670 1019 vero
1701 1000 1764 1019 san-

963 1042 1044 1063 ἰιιιηι
1059 1037 1096 1063 sic
1111 1036 1174 1067 dici,
1188 1045 1240 1063 non
1265 1038 1378 1064 alterunt
1406 1038 1531 1069 inuenies,
1550 1037 1664 1072 Spiritus
1693 1038 1763 1064 enim

975 1086 1004 1107 ut
1018 1081 1084 1111 dixi.
1104 1081 1175 1108 Deus
1189 1081 1297 1114 dicitur,
1328 1087 1351 1109 et
1372 1087 1480 1109 sanctus
1506 1082 1586 1109 Deus.
1602 1082 1685 1108 Ambo
1703 1090 1764 1109 vero

975 1127 1083 1153 nomina
1094 1128 1240 1162 composita
1256 1128 1289 1160 ei,
1304 1129 1349 1162 qui
1360 1129 1465 1162 proprie
1480 1129 1631 1162 appellatur
1647 1128 1763 1162 Spiritus

975 1176 1093 1201 sanctus.
1104 1176 1251 1206 congruunt
1265 1179 1274 1198 :
1291 1172 1360 1198 sicut
1378 1171 1468 1198 Patris
1495 1171 1636 1206 appellatio
1664 1179 1764 1202 caussa,

975 1216 1093 1252 Filiique
1118 1219 1158 1245 illi
1173 1219 1218 1252 qui
1233 1219 1289 1246 sine
1300 1218 1354 1245 ullo
1367 1219 1451 1245 medio
1474 1226 1505 1245 es:
1517 1226 1596 1245 causa
1607 1222 1656 1245 est.

1011 1264 1101 1298 itaque
1116 1264 1179 1291 licet
1206 1265 1316 1299 quidem
1348 1264 1439 1299 plures
1466 1264 1607 1291 nominare
1632 1263 1762 1298 spiritus:

976 1309 1058 1337 alium
1087 1310 1196 1345 quidem
1230 1311 1357 1345 spiritum
1389 1311 1553 1345 adoptionis,
1579 1310 1660 1336 alium
1698 1316 1764 1336 vero

976 1355 1099 1390 spiritum
1120 1355 1284 1388 dilectionis,
1302 1356 1441 1390 sapientia:
1464 1356 1559 1388 alium,
1590 1356 1671 1382 alium
1689 1354 1763 1387 fidei,

976 1401 1056 1428 alium
1078 1402 1183 1428 timoris
1201 1401 1258 1434 Dei,
1287 1401 1368 1428 alittm
1396 1401 1512 1433 consilii,
1527 1405 1554 1428 et
1584 1401 1764 1432 fortitudinis,

976 1452 1002 1474 et
1020 1447 1169 1482 patientia},
1186 1452 1213 1474 et
1242 1447 1434 1479 continentiae;
1464 1447 1562 1481 quippe
1591 1447 1765 1481 operationes

1125 1493 1208 1520 lsaias
1236 1492 1352 1526 Spiritus
1380 1499 1476 1519 vocare
1506 1493 1655 1523 consuevit,
1666 1499 1765 1519 secun-

980 1538 1043 1565 dum
1060 1538 1214 1573 theologum
1242 1537 1413 1573 Gregorium.
1439 1536 1534 1565 Omnia
1551 1539 1622 1564 enim
1657 1538 1764 1571 operari

980 1592 1073 1617 unum,
1097 1585 1274 1618 eumdetnque
1301 1583 1432 1618 Spiritum
1458 1583 1603 1618 Apostolus
1630 1583 1678 1615 ait,
1705 1591 1767 1617 quae

979 1630 1060 1666 etiam
1075 1631 1248 1665 operationes
1264 1636 1351 1662 vocat,
1373 1630 1485 1658 dicens:
1501 1630 1535 1656 Et
1546 1630 1685 1657 divisiones
1702 1638 1766 1664 ope-

980 1677 1114 1704 rationum
1134 1682 1204 1708 sunt,
1220 1677 1287 1704 ident
1305 1680 1390 1703 autem
1408 1676 1489 1710 Deus,
1514 1676 1557 1712 qui
1574 1680 1697 1709 operatur
1711 1684 1768 1702 om-

980 1725 1025 1750 nia
1041 1724 1068 1750 iu
1091 1722 1165 1749 nobis
1188 1723 1222 1750 ⁸⁵.

1015 1768 1097 1794 Divus
1112 1775 1220 1802 quoque
1233 1768 1442 1804 Cln‘ysostomus
1460 1769 1486 1795 in
1502 1775 1628 1796 sermone
1645 1774 1679 1795 oe
1703 1776 1768 1795 san~

981 1819 1024 1841 elo
1038 1813 1152 1847 Spiritu,
1170 1814 1247 1848 cujus
1265 1814 1369 1841 initium
1383 1820 1440 1841 est:
1455 1815 1519 1841 Heri
1535 1815 1652 1849 quidem,
1665 1823 1679 1840 ο
1692 1823 1768 1840 anta-

982 1864 1050 1886 tores
1065 1859 1174 1891 Christi,
1189 1860 1316 1886 adventus
1332 1861 1417 1886 sancti
1442 1868 1473 1886 ac
1484 1860 1625 1886 venerandi
1652 1859 1766 1893 Spiritus

981 1915 997 1932 a
1019 1906 1091 1932 nobis
1108 1905 1268 1932 laudabatur
1291 1912 1299 1930 :
1317 1905 1396 1938 Quia,
1426 1906 1523 1940 inquit,
1543 1906 1612 1939 quod
1636 1906 1766 1937 donatur,

982 1951 1098 1985 Spiritus
1124 1957 1231 1978 sanctus
1257 1957 1305 1978 est.
1343 1950 1457 1978 Vocatur
1480 1956 1504 1978 et
1534 1952 1630 1978 donum
1653 1951 1768 1984 Spiritus

981 2003 1089 2025 sanctus
1112 2006 1128 2024 a
1152 1998 1279 2025 donatore
1306 2006 1398 2024 nomen
1431 1998 1549 2029 habens;
1575 1998 1680 2032 quando
1710 2004 1769 2023 vero

982 2044 1097 2079 Spiritus
1112 2044 1221 2076 dicitur,
1238 2052 1288 2071 non
1304 2044 1387 2071 alium
1402 2044 1547 2078 intelligere
1571 2043 1612 2077 fas
1626 2047 1675 2073 est,
1688 2050 1769 2076 quam

982 2098 1041 2117 eum
1056 2090 1100 2124 qui
1111 2097 1142 2116 ex
1158 2089 1239 2116 Patre
1261 2089 1376 2124 proprie,
1402 2088 1613 2115 substantialiter
1641 2088 1768 2121 procedit.

984 2133 1059 2161 Sicut
1075 2134 1143 2160 enim
1154 2132 1224 2164 Filii,
1240 2137 1264 2159 et
1289 2132 1377 2159 Patris
1399 2140 1491 2158 nomen
1512 2131 1669 2158 substantiis
1706 2139 1769 2157 con-

984 2180 1064 2213 gruit,
1079 2180 1117 2205 ita
1133 2183 1157 2205 et
1171 2177 1288 2212 Spiritus
1309 2178 1396 2204 sancti
1418 2177 1560 2211 appellatio
1583 2177 1630 2204 uni
1651 2185 1771 2211 persona:

986 2225 1126 2252 Trinitatis
1143 2224 1277 2258 competit.
1298 2223 1333 2251 Ut
1350 2223 1421 2250 enim
1446 2223 1546 2250 dictum
1557 2226 1610 2254 est,
1638 2222 1768 2257 Spiritus,

984 2275 1011 2298 et
1027 2275 1137 2298 sanctus
1150 2270 1309 2304 composita,
1323 2270 1360 2303 ei,
1373 2269 1420 2304 qui
1446 2269 1556 2305 proprie
1581 2274 1693 2296 vocatur
1706 2268 1770 2304 Spi-

984 2316 1055 2344 ritus
1071 2320 1192 2348 sauctus,
1215 2315 1391 2343 conveniunt.

1022 2361 1172 2397 Altestatur
1199 2363 1227 2386 et
1251 2359 1292 2386 his
1313 2366 1428 2393 magnus
1454 2358 1619 2386 Athanasius
1651 2358 1677 2385 in
1692 2357 1772 2394 Epis-

985 2406 1037 2434 tola
1066 2406 1100 2433 ad
1129 2405 1302 2440 Serapionem
1317 2425 1325 2438 ,
1344 2405 1420 2440 cujus
1444 2405 1550 2432 initium
1578 2408 1637 2432 est:
1654 2403 1770 2431 Litteras

986 2453 1072 2480 sancti
1095 2452 1193 2479 amoris
1218 2452 1278 2483 tui;
1300 2451 1366 2477 dicit
1398 2450 1491 2477 enim:
1518 2449 1619 2482 Dicite,
1636 2449 1720 2476 sicubi
1741 2450 1770 2476 in

985 2500 1130 2535 Scripturis
1149 2499 1256 2534 legistis,
1276 2491 1404 2532 Spiritr'tm
1417 2503 1537 2525 sanetum
1553 2497 1707 2530 simpliciter
1717 2495 1770 2522 diei

986 2546 1113 2580 Spiritum
1138 2546 1193 2573 sine
1219 2545 1368 2579 adjectione
1390 2544 1428 2570 uel
1451 2543 1508 2575 Dei,
1540 2543 1580 2570 vel
1607 2542 1710 2573 Patris,
1731 2541 1770 2568 vel

985 2599 1084 2624 meum,
1100 2593 1139 2618 vel
1165 2591 1247 2625 ipsius
1263 2590 1361 2617 Christi
1375 2594 1400 2616 et
1423 2588 1484 2616 Filii
1504 2589 1542 2616 vel
1569 2596 1584 2615 a
1611 2595 1654 2615 me
1671 2607 1679 2620 ,
1700 2586 1770 2622 quod

984 2642 1022 2664 est
1039 2644 1054 2663 a
1081 2637 1145 2668 Deo,
1160 2636 1198 2662 uel
1214 2635 1269 2661 sine
1284 2634 1397 2660 articulo
1410 2633 1508 2660 Gracia
1530 2632 1670 2660 locutionis
1688 2639 1770 2658 more:

985 2690 1017 2709 ne
1031 2682 1184 2714 simpliciter
1208 2680 1375 2714 intelligatur
1389 2680 1514 2713 Spiritus.
1542 2679 1611 2706 Nam
1627 2679 1650 2706 si
1666 2679 1772 2705 dicatur

986 2727 1105 2763 πνεῦμα,
1126 2727 1181 2754 sine
1196 2726 1356 2755 praecedente
1370 2726 1491 2758 articulo,
1504 2725 1536 2753 de
1549 2724 1660 2760 quolibet
1675 2724 1771 2760 spiritu
