1934 3063
123 110 176 143 121

683 109 886 140 ADVERSUS
908 108 1066 138 GB/ECOS
1089 110 1160 140 LIB.
1176 110 1216 140 Il.

1710 109 1761 142 ΜΞ

120 166 247 200 intelligi
265 170 358 200 potest.
369 165 418 193 Sin
434 173 491 192 vero
501 169 649 200 apponatur
662 165 802 197 articulus,
818 171 845 190 ut
858 164 929 190 dica-
942 162 969 191 Α
982 165 1120 192 relaxandi
1149 171 1212 193 tunc
1229 170 1392 200 acceperunt
1409 173 1455 201 per
1472 165 1604 200 Spiritum
1626 172 1762 198 sanctum,

122 217 167 239 tur
182 212 216 238 τὸ
229 212 348 247 Πνεῦμα
363 212 392 238 τὸ
406 211 493 246 ἅγιον,
507 211 637 246 signiﬁcat
652 210 780 243 Spiritum
791 215 922 241 sanctum,

121 258 161 285 vel
189 257 380 290 Paracletum,
402 259 439 284 vel
453 257 573 284 veritatis
590 256 729 290 Spiritum.
747 257 775 282 id
790 261 836 286 est,
850 255 925 287 Filii,

122 305 181 336 ipso
191 303 333 330 dicentem
347 303 403 338 Ego
412 311 470 330 sum
482 302 584 330 Veritas
593 303 616 319 ⁸⁸
624 322 631 335 ,
640 312 649 328 ι
659 310 690 328 ne
700 302 832 328 audientes
843 301 928 333 Spiri-

125 353 182 374 tum
214 349 378 382 simpliciter
402 349 465 380 dici,
482 349 522 375 vel
546 349 603 375 sine
621 348 781 380 pra’cedente
803 346 926 377 articulo,
950 354 958 358 ‘

124 394 164 420 vel
180 396 244 422 sine
257 395 407 428 adjectione
417 395 596 428 subsequente,
608 395 736 428 Spiritum
745 398 863 421 sanctum
875 393 928 420 dici

125 441 316 467 arbitremini.
333 441 426 475 Itaque
440 449 501 467 cum
522 441 684 467 audierimus
703 439 835 473 Spiritum
848 447 927 465 sauc-

126 490 197 516 tum,
215 486 259 511 vel
274 493 333 511 cum
351 486 462 511 articulo
478 485 617 517 Spiritum,
633 492 683 510 non
697 483 728 510 de
740 483 854 517 quolibet
868 482 929 516 Spi-

126 533 181 558 ritu
196 532 399 566 intelligendum
411 532 471 558 :sed
487 531 518 557 de
529 531 585 562 illo,
595 531 640 565 qui
652 530 770 565 procedit
788 538 820 556 ea;
833 529 926 561 Patre,

126 577 239 611 Spiritu
271 577 402 608 veritatis.
421 577 458 604 vel
478 577 672 611 quomodolibet
695 584 754 602 cum
781 576 872 610 aliqua
897 583 929 602 ea:

126 623 273 655 pradictis
296 622 488 657 adjectionibur
503 623 666 657 proferatur.
680 620 781 656 Nempe
808 621 891 654 enim,
905 622 928 648 si

129 668 271 703 quoniam
292 675 307 695 a
332 667 433 702 Spiritu
457 668 537 695 datur
560 667 683 702 spiritale
711 667 822 700 donum,
843 665 930 700 Spiri-

132 718 191 740 tum
211 719 345 741 sanctum
369 714 502 749 quispiam
520 713 601 741 dicat:
623 713 684 740 Filii
701 713 794 746 etiam,
824 720 858 739 ac
876 711 928 739 Pa-

130 760 182 787 tris
208 759 299 792 dona,
318 758 378 786 Filii
395 767 426 787 ac
458 759 553 786 Patres
583 764 672 791 erunt,
698 763 781 792 atque
806 758 841 784 ita
863 757 929 785 nihil

130 805 298 838 prohibebit
321 804 480 832 Trinitatem
500 804 687 839 multiplicare.
712 802 780 836 lmo,
812 810 872 830 cum
894 804 929 830 sit

978 211 1046 244 quod
1062 210 1106 237 Dei
1123 211 1206 238 solius
1231 217 1283 243 est,
1303 215 1330 237 ut
1354 216 1382 237 et
1412 219 1524 245 magnus
1550 210 1664 239 Basilius
1686 211 1712 237 in
1738 219 1762 237 Iv

977 262 1068 283 contra
1098 256 1219 284 Eunom.
1237 257 1364 289 ostendit,
1381 257 1482 283 dicens:
1498 256 1527 284 Si
1554 257 1634 290 igitur
1657 261 1764 291 peccata

977 302 1108 329 dimittere
1123 303 1219 329 nullius
1234 308 1282 335 est,
1297 303 1346 329 nisi
1365 302 1447 329 solius
1469 302 1534 335 Dei;
1551 302 1656 328 dimittit
1673 307 1760 328 autem

977 353 1083 383 peccata
1103 358 1147 382 per
1176 349 1312 383 Apostolos
1340 348 1456 383 Spiritus
1479 352 1598 379 sanctus,
1618 348 1687 375 Deus
1701 356 1762 382 ergo

978 399 1016 420 est
1038 393 1152 428 Spiritus
1169 399 1287 420 sanctus.
1313 393 1398 420 Simul
1414 399 1440 420 et
1458 393 1521 420 illud
1538 397 1656 425 constat,
1679 393 1763 427 quod,

979 439 1030 466 nisi
1059 439 1137 466 datus
1160 444 1232 466 esset
1251 443 1316 466 tunc
1342 439 1460 473 Spiritus
1484 443 1615 470 sanctus,
1640 439 1763 472 ApOstoli

979 489 1090 519 peccata
1108 485 1243 512 dimittere
1274 493 1326 511 non
1352 489 1475 519 possent:
1505 485 1568 518 quia
1597 492 1660 511 vero
1685 484 1765 511 dimi-

980 534 1084 562 serunt,
1110 529 1206 564 liquet,
1221 530 1283 564 quia
1304 530 1453 557 dimittendi
1474 535 1583 565 peccata
1604 533 1763 563 potestatem

980 584 1033 604 una
1064 584 1126 604 cum
1157 577 1257 612 Spiritu
1282 582 1375 605 sancto
1401 583 1572 612 acceperunt.
1601 577 1658 605 Non
1684 577 1757 604 enim

980 621 1051 649 hanc
1068 621 1210 653 haberent,
1235 622 1257 650 si
1277 622 1320 649 ille
1346 629 1398 649 non
1422 623 1538 650 adesset.
1557 621 1619 649 Ideo
1635 626 1660 649 et
1676 621 1764 656 Chry-

980 672 1117 698 sostomus
1139 668 1237 696 aiebat.
1251 667 1344 703 Neque
1361 668 1495 703 peccabit,
1507 668 1550 702 qui
1566 667 1663 695 dixerit
1678 675 1724 695 eos
1739 672 1767 694 et

982 719 1045 742 tunc
1065 714 1180 749 gratiam
1206 714 1343 750 accepisse
1360 714 1522 749 spiritalem,
1536 718 1565 741 ut
1580 721 1629 747 per
1649 713 1718 740 hanc
1738 714 1765 740 in

980 761 1021 788 eis
1036 761 1154 796 Spiritus
1170 765 1282 788 sanctus
1295 760 1439 792 habitaret,
1455 767 1536 794 quem
1553 759 1687 793 negabant
1701 760 1768 794 qui-

981 806 1041 834 dam
1055 806 1095 834 eis
1110 811 1164 833 tum
1179 813 1194 833 a
1207 806 1316 834 Christo
1329 807 1418 838 datum
1437 805 1530 833 fuisse.

130 857 288 877 commune
317 849 429 881 donum,
456 853 482 877 et
500 850 653 877 communia
675 855 800 880 munera,
828 847 924 875 horum
945 839 965 867 Β
1015 853 1086 881 Idem
1111 853 1228 880 sanctus
1248 860 1329 888 super
1342 851 1419 880 Joan.
1444 851 1614 883 Evangelia;
1635 851 1691 879 cur
1716 859 1766 878 ακ-

131 902 249 929 quoque
278 895 344 922 nihil
375 894 540 930 prohibebit,
566 899 594 922 et
626 895 734 922 Patrem
761 898 788 921 et
813 892 924 926 Filium,

132 946 161 968 et
176 940 316 975 Spiritum
342 945 467 969 sanctum
492 941 638 976 appellare.
656 940 709 968 Sed
736 940 788 967 ista
817 939 928 966 nimium

134 988 262 1015 absurda
281 992 357 1015 sunt.

171 1033 312 1066 Quoniam
329 1033 408 1068 igitur
417 1053 424 1064 ,
434 1033 549 1067 Accipite
558 1032 683 1068 Spiritum
698 1037 818 1060 sanctum
828 1031 932 1061 ".dixit

141 1079 288 1113 Salvator,
304 1079 374 1113 quod
388 1079 473 1107 solum
491 1079 659 1106 Paracletum
676 1078 822 1114 significat,
833 1071 933 1111 nequa-

138 1132 223 1159 quam
251 1124 461 1160 Chrysostomus
476 1124 512 1151 illi
533 1124 704 1156 contradicit,
729 1131 782 1151 neu
802 1123 932 1157 Spiritum

139 1174 351 1202 sanctum,tnnc
374 1169 465 1197 datum
484 1170 592 1198 dicens:
610 1176 645 1197 ex
664 1177 708 1202 eo,
729 1171 801 1204 quod
829 1170 932 1198 caelesti

140 1216 288 1251 magistro.
312 1217 469 1250 sanctisque
497 1216 656 1249 concordat,
671 1216 868 1251 Chrysostomo
884 1218 932 1244 ha-

140 1262 221 1288 betur
242 1261 341 1289 honor.
367 1261 443 1289 Hunc
473 1261 544 1289 enim
566 1262 733 1290 arbitrantur
754 1263 864 1296 quidam
892 1262 934 1290 di-

141 1308 231 1340 xisse,
250 1309 351 1335 donum
377 1307 511 1342 quoddam
533 1308 593 1335 sine
622 1309 774 1336 substantia
803 1309 934 1342 apostolis

141 1353 248 1386 datum,
266 1354 328 1388 quia
349 1353 412 1380 illud
425 1353 528 1380 dictum
542 1361 688 1388 exponens,
702 1354 766 1381 aitu
803 1353 935 1382 Nonnulli

142 1398 249 1431 quidem
271 1399 380 1430 dicunt,
409 1398 484 1425 illum
513 1407 566 1426 non
592 1397 719 1433 Spirituut
750 1399 869 1432 dedisse,
888 1400 934 1427 sed

143 1443 249 1470 idoneos
271 1443 306 1470 ad
335 1443 530 1478 percipiendum
549 1443 681 1478 Spiritum
695 1445 743 1472 illa
759 1446 935 1481 insuﬁlatione

979 903 1030 927 tem
1043 919 1051 932 ,
1068 900 1170 934 inquit:
1189 899 1308 934 «Rogabo
1325 898 1430 926 Patrem
1438 898 1474 925 3'?
1487 907 1496 924 ι
1511 898 1591 931 Quia,
1604 899 1625 925 si
1643 899 1766 928 dixisset.

982 945 1054 980 «Ego
1077 946 1194 977 mittam,
1211 955 1220 971 ι
1237 953 1288 972 non
1302 944 1426 971 similiter
1442 943 1558 978 profecto
1579 943 1765 971 credidissent.

981 990 1060 1018 Nunc
1079 991 1147 1017 enim
1170 991 1198 1017 id
1221 991 1334 1017 maxime
1357 990 1460 1024 agebat,
1481 993 1510 1016 ut
1534 989 1585 1016 sibi
1606 989 1767 1018 crederetur.

982 1036 1063 1064 Illum
1077 1037 1158 1070 igitur
1184 1041 1246 1063 tunc
1270 1040 1426 1070 acceperunt
1452 1035 1585 1070 Apostoli,
1614 1043 1691 1069 quem
1723 1036 1768 1061 dat

982 1081 1123 1114 Christus;
1137 1082 1182 1108 dat
1195 1086 1377 1116 autem,quem
1393 1081 1492 1112 mittit;
1506 1089 1582 1114 quem
1598 1088 1659 1114 ergo
1674 1079 1769 1106 Chris-

982 1130 1024 1155 tus
1038 1127 1129 1158 mittit,
1141 1127 1210 1153 hunc
1219 1130 1374 1160 acceperunt
1388 1125 1516 1157 Apostoli.
1535 1123 1618 1151 Mittit
1636 1133 1696 1151 vero
1714 1132 1765 1150 non
1808 1143 1813 1148 .

982 1173 1079 1200 donum
1091 1173 1147 1199 sine
1160 1172 1317 1202 substantia,
1331 1170 1375 1198 sed
1387 1170 1470 1204 ipsum
1485 1168 1770 1203 SpirirumuParach—

983 1225 1024 1246 tus
1042 1219 1120 1249 enim,
1137 1218 1234 1251 inquit,
1249 1225 1325 1252 quem
1347 1224 1393 1251 ego
1411 1216 1514 1242 mittam
1535 1215 1608 1241 vobis
1624 1222 1639 1240 a
1671 1214 1763 1246 Patre,

985 1265 1116 1297 Spiritum
1130 1263 1261 1294 veritatis,
1276 1262 1321 1296 qui
1337 1269 1353 1287 a
1375 1259 1457 1287 Patre
1472 1259 1590 1294 procedit
1602 1259 1636 1286 ⁸³.
1653 1268 1661 1284 ι

1021 1311 1074 1338 Sed
1093 1309 1127 1337 ad
1146 1310 1172 1336 id
1186 1315 1293 1344 quoque
1315 1307 1560 1335 commendandum
1587 1306 1656 1338 (μιοό
1679 1305 1771 1333 Οιιτίε-

986 1362 1027 1384 tus
1040 1356 1170 1391 Spiritum
1187 1355 1289 1386 mittat,
1306 1353 1404 1388 adiecit
1417 1351 1572 1388 ChrysiosL:
1591 1351 1686 1378 Postea
1702 1351 1771 1377 enim

985 1404 1039 1437 ipse
1052 1411 1079 1430 se
1092 1403 1192 1429 mittere
1209 1401 1258 1432 ait,
1277 1401 1370 1427 dicens
1387 1408 1393 1426 :
1411 1399 1528 1433 Accipite
1542 1397 1674 1432 Spiritum
1694 1404 1773 1423 sanc-

987 1453 1052 1475 tum.
1077 1448 1172 1483 Igitur,
1201 1447 1246 1481 qui
1276 1452 1339 1473 tunc
1364 1444 1501 1472 aChristo
1517 1444 1596 1470 datus
1623 1447 1676 1474 est,
1708 1449 1771 1475 eum

145 1489 248 1523 fecisse.
265 1489 329 1516 Non
352 1494 440 1516 autem
463 1490 596 1525 quispiam
621 1492 777 1526 peccaverit,
801 1493 824 1518 si
848 1491 930 1524 dicat,
946 1501 968 1529 ο
985 1494 1151 1529 Clirystost..
1169 1498 1196 1520 et
1212 1493 1246 1519 ab
1263 1492 1332 1526 ipso,
1348 1494 1373 1517 et
1389 1498 1403 1517 a
1419 1489 1499 1516 Patre
1521 1489 1631 1516 missum
1649 1487 1696 1514 ait.
1712 1487 1773 1513 Non

145 1543 198 1564 eos.
211 1541 235 1561 et
253 1540 316 1562 tunc
331 1540 485 1570 potestatem
499 1537 642 1570 quamdam
659 1538 792 1572 accepisse
807 1538 936 1572 spiritua-

146 1581 207 1611 [ειη.
236 1586 261 1608 et
280 1583 413 1615 gratiam,
434 1587 463 1609 ut
492 1588 601 1616 peccata
629 1583 801 1610 dimitterent.
828 1584 890 1611 Ideo
911 1587 937 1612 et

148 1626 251 1653 addidit
267 1635 276 1654 :
293 1627 412 1659 Quorum
439 1628 591 1655 remiseritis
618 1637 740 1664 peccata,
764 1630 938 1657 remittuntur

147 1672 195 1705 eis,
220 1673 361 1700 ostendens
386 1681 465 1707 quam
481 1674 594 1708 speciem
608 1675 769 1710 operationis
784 1676 825 1702 det
839 1695 845 1702 .
861 1685 870 1701 ι
890 1677 938 1702 At-

148 1718 192 1750 qui
205 1722 320 1745 sanctus
334 1725 382 1752 per
394 1719 444 1746 hoc
457 1726 509 1746 non
521 1720 692 1747 contradicit.
705 1720 798 1754 Neque
813 1721 895 1754 enim,
910 1725 938 1747 ut

148 1770 221 1789 suam
247 1763 414 1797 opinionem,
439 1765 496 1795 sed,
512 1770 540 1791 ut
557 1766 589 1792 ab
605 1765 665 1794 aliis
679 1767 812 1794 invectam
829 1767 936 1801 objicit.

149 1807 285 1838 Quosdam
301 1810 381 1842 enim,
401 1810 447 1842 ait,
463 1811 558 1842 dicere,
574 1813 637 1846 quia
656 1819 706 1838 non
717 1812 848 1846 Spiritum
865 1812 937 1838 dedit

149 1853 281 1882 Christus.
305 1857 344 1882 Ac
366 1856 462 1883 deinde
480 1856 585 1883 illorutn
599 1857 737 1891 corrigens
758 1858 911 1892 opinionem
927 1865 936 1885 :

152 1899 210 1927 Non
231 1909 320 1929 autem
342 1903 458 1934 peccabit
484 1904 627 1937 quispiam,
643 1904 755 1938 inquiet,
770 1910 795 1932 et
817 1910 878 1931 tunc
894 1913 937 1932 eos

151 1951 305 1977 potestatem
325 1947 443 1981 aliquam
465 1944 644 1982 sptritualem,
655 1954 678 1975 et
691 1950 805 1984 gratiam
819 1951 936 1985 accepis-

151 1999 186 2022 ιε,
211 1993 305 2020 dicens
321 1994 418 2028 ;quasi
439 1993 522 2020 dicat:
541 1994 596 2029 Illis
621 1995 728 2029 quidem
754 2004 807 2023 non
832 1996 938 2023 videtur

153 2039 286 2071 apostolos
308 2043 372 2066 tunc
391 2038 522 2074 Spiritum
540 2045 665 2067 sanctum
683 2042 831 2076 accepisse,
855 2047 937 2076 atque

154 2082 209 2110 ideo
228 2092 318 2119 neque
344 2085 415 2112 illius
445 2086 583 2120 accepisse
605 2086 732 2120 gratiam,
765 2087 933 2122 idoneosque

154 2127 318 2156 solummodo
332 2128 442 2156 allectos
456 2137 515 2156 esse
534 2136 582 2164 per
596 2137 655 2157 eam
678 2131 887 2159 insuiﬂationem
902 2131 934 2158 ad

155 2175 338 2208 accipiendum
365 2175 497 2210 Spiritum
516 2163 650 2204 sanctum.
668 2177 842 2212 Consequens
861 2178 933 2206 enim
950 2163 973 2191 ο

157 2225 223 2254 erat,
237 2226 268 2248 ut
292 2221 338 2256 qui
355 2228 401 2248 eos
414 2220 545 2256 Spiritum
570 2227 693 2250 sanctum
718 2223 854 2258 accepisse
870 2228 934 2251 tunc

156 2268 286 2300 negabant
303 2276 310 2294 :
326 2267 407 2294 etiam
432 2268 527 2302 gratim
557 2269 756 2303 perceptionem
790 2269 914 2297 tollerent
928 2287 935 2301 ,

156 2317 230 2343 quam
255 2313 316 2340 sine
339 2312 441 2347 Spiritu
479 2314 606 2348 cuiquam
635 2314 761 2349 possibile
795 2323 848 2342 non
879 2318 938 2342 erat

157 2357 288 2386 advenire.

191 2401 290 2431 Deinde
313 2409 341 2431 et
357 2412 434 2431 suam
460 2405 625 2432 sententiam
647 2405 740 2433 infert:
759 2405 821 2433 Non
847 2411 937 2433 autem

160 2449 267 2480 peccabit
285 2450 427 2485 quispiam,
448 2458 491 2478 eos
510 2455 535 2478 et
563 2455 624 2478 tunc
654 2452 768 2486 gratiam
784 2452 915 2487 accepisse
928 2471 936 2485 ,

162 2493 265 2528 dicens;
285 2496 363 2530 quasi
389 2496 496 2524 illorum
524 2498 688 2524 sententiam
717 2498 868 2533 corrigens,
884 2498 932 2533 qui

161 2540 285 2573 negabant
301 2541 430 2574 Spiritum
444 2547 569 2570 sanctum
585 2546 648 2570 tunc
660 2543 752 2571 datum
775 2543 871 2576 fuisse,
888 2551 936 2571 os-

162 2585 237 2612 tendit
262 2586 383 2620 apertius
405 2587 561 2621 opinioncm
590 2594 666 2615 suam
690 2595 762 2621 esse,
785 2588 857 2623 quod
873 2593 935 2615 tunc

162 2632 307 2664 acceperint
333 2631 464 2667 Spiritum
495 2638 639 2661 sanctum.
664 2633 732 2661 Nam
759 2642 820 2661 cum
847 2633 934 2668 gratia

163 2672 270 2707 Spiritus
290 2682 317 2705 et
331 2678 388 2712 ipse
408 2687 460 2707 una
473 2679 568 2707 adesse
589 2679 769 2715 intelligitur:
785 2684 867 2715 atque
881 2679 934 2707 hoc

164 2717 218 2747 inde
238 2721 264 2749 in
290 2723 386 2758 primis
406 2729 523 2758 constat,
544 2726 614 2760 quod
637 2730 800 2761 potestatem
824 2730 934 2761 peccata

195 2811 302 2844 "iuan.
316 2822 372 2848 xtv,
390 2817 417 2844 0.
456 2816 480 2832 ⁸⁷
497 2815 577 2844 Joan.
594 2825 639 2850 xx,
658 2817 703 2844 2|.

988 1547 1051 1573 ergo
1069 1538 1110 1565 vel
1125 1538 1188 1571 sibi,
1206 1537 1247 1565 vel
1272 1536 1332 1563 aliis
1353 1535 1491 1571 magistris
1511 1533 1651 1565 Ecclesia,
1674 1533 1702 1559 in
1720 1532 1772 1564 bis,

988 1592 1048 1619 quae
1061 1585 1140 1615 dixit,
1158 1582 1313 1610 contrarius
1329 1587 1382 1610 est.

1024 1631 1162 1659 Cancrum
1182 1629 1216 1656 ad
1233 1636 1290 1660 eos,
1308 1629 1354 1662 qui
1373 1627 1470 1655 dicunt.
1488 1634 1496 1654 :
1512 1626 1543 1653 Si
1560 1630 1622 1653 tunc
1646 1625 1773 1659 Spiritum

987 1680 1110 1704 sanctum
1127 1679 1281 1708 acceperunt
1299 1672 1427 1706 Apostali,
1457 1672 1520 1706 quid
1544 1679 1647 1698 necesse
1670 1671 1721 1705 [uit
1744 1670 1776 1696 il-

987 1723 1042 1749 lum
1066 1721 1109 1748 die
1129 1721 1291 1748 Pentecostes
1311 1718 1558 1746 mittitdicendnm
1581 1721 1633 1748 est,
1646 1716 1774 1750 quoniam

987 1768 1068 1795 datus
1082 1771 1124 1794 est
1136 1766 1258 1801 quidem,
1275 1769 1428 1791 nonautem
1449 1767 1507 1790 tota
1520 1762 1564 1790 illa
1580 1770 1629 1789 sua
1655 1762 1774 1795 plenilu-

988 1813 1065 1846 dine,
1080 1820 1169 1847 neque
1184 1810 1330 1838 secundum
1353 1817 1462 1837 omnem
1480 1816 1556 1836 suum
1571 1808 1774 1841 operationem;

988 1866 1040 1885 non
1054 1858 1123 1892 quod
1144 1856 1202 1891 ipse
1225 1856 1373 1887 discretus,
1398 1862 1428 1881 ac
1440 1855 1543 1881 divisus
1565 1853 1612 1884 sit.
1625 1853 1672 1880 sed
1694 1859 1776 1886 prop-

989 1911 1031 1934 ter
1057 1904 1259 1938 Snscipientium
1282 1899 1564 1934 imbecillitatem,qni
1592 1905 1701 1925 omnem
1716 1897 1776 1930 ejus

987 1951 1191 1986 operationem,
1204 1953 1232 1976 et
1251 1946 1425 1975 efficientiam
1450 1950 1513 1972 tunc
1531 1944 1653 1979 profecto
1677 1950 1776 1976 capere

987 1996 1148 2031 nequibant.
1164 1995 1260 2022 Postea
1273 2000 1336 2020 vero
1351 1999 1431 2026 quam
1450 1991 1482 2018 ad
1511 1989 1672 2024 perfectiora
1687 1988 1777 2023 profe-

986 2046 1092 2072 cerant,
1115 2045 1192 2072 tunc,
1214 2039 1270 2074 jam
1290 2038 1413 2065 omnium
1441 2037 1604 2072 gratiarum,
1626 2036 1776 2063 donorum-

987 2096 1040 2124 que
1054 2087 1206 2116 caelestium
1221 2091 1335 2119 capaces
1352 2084 1415 2111 facti
1429 2089 1503 2111 sunt.

1022 2133 1153 2167 Quocirca
1167 2137 1194 2159 et
1204 2132 1413 2166 Chrysoslomus
1431 2137 1438 2156 ε
1453 2128 1508 2165 Nec
1524 2127 1653 2162 peccabit,
1671 2127 1774 2162 inquit,

990 2181 1036 2215 qui
1049 2185 1072 2207 et
1086 2182 1151 2205 tunc
1169 2186 1212 2205 eos
1225 2177 1356 2211 accepisse
1373 2175 1469 2202 dixerit
1485 2173 1631 2209 spiritalem
1661 2173 1777 2208 aliquam

991 2227 1114 2261 gratiam,
1124 2233 1182 2252 cum
1190 2222 1305 2258 Spiritus
1319 2228 1381 2249 tunc
1393 2230 1423 2249 ea
1435 2221 1491 2248 sola
1502 2221 1595 2256 dignos
1609 2219 1776 2260 iudicaverit.

990 2271 1058 2299 Nam
1076 2270 1218 2298 sacerdotii
1233 2269 1349 2304 gratiam
1372 2273 1435 2295 tunc
1449 2268 1536 2295 solam
1560 2267 1633 2293 dedit
1649 2265 1780 2300 apostolis

991 2317 1198 2349 inhabitantem,
1211 2315 1293 2349 cujus
1310 2313 1450 2349 proprium
1471 2316 1582 2348 peccata
1606 2311 1722 2343 solvere,
1737 2316 1779 2337 at-

992 2369 1045 2396 que
1062 2362 1148 2396 ligare
1166 2368 1174 2387 ς
1189 2367 1242 2387 non
1259 2364 1350 2386 tamen
1371 2358 1501 2385 doctrinte
1525 2357 1621 2389 etiam,
1647 2360 1675 2384 et
1700 2355 1776 2382 verbi

990 2407 1116 2442 gratiam,
1131 2407 1202 2433 hanc
1217 2405 1288 2432 enim
1308 2403 1336 2431 in
1349 2403 1393 2431 die
1406 2402 1595 2434 Pentecostes,
1610 2409 1658 2436 per
1671 2401 1778 2436 linguas

992 2454 1090 2487 igneas
1104 2451 1188 2480 dedit.
1211 2451 1277 2482 Sed,
1294 2457 1328 2477 ne
1352 2453 1418 2477 tunc
1430 2449 1539 2483 quidem
1557 2452 1613 2475 tota
1634 2447 1687 2474 illis
1701 2447 1777 2481 copia

990 2503 1033 2526 est
1046 2497 1121 2525 data.
1136 2495 1229 2531 Neque
1249 2495 1321 2523 enim
1335 2493 1457 2529 quotidie
1469 2493 1502 2520 ad
1525 2492 1651 2526 majores,
1673 2491 1780 2527 perlec-

990 2545 1129 2578 tioresque
1153 2542 1268 2569 virtutes
1304 2545 1508 2576 potestatesque
1534 2539 1697 2566 evasissent.
1725 2537 1779 2564 Sed

989 2595 1017 2617 et
1039 2593 1099 2624 post
1115 2588 1308 2620 Pentecosten,
1330 2587 1507 2614 narrantibus
1519 2585 1611 2617 Petro,
1624 2588 1651 2611 et
1671 2583 1778 2611 Joanne

991 2635 1103 2670 reliquis
1120 2633 1259 2667 apostolis,
1272 2637 1373 2668 quanta
1394 2640 1408 2659 a
1420 2631 1521 2659 .Iudaeis
1538 2630 1609 2665 passi
1629 2633 1733 2661 essent,
1746 2635 1779 2655 eo

992 2680 1065 2714 quod
1081 2679 1247 2706 fiducia'liter
1259 2679 1285 2706 in
1301 2677 1403 2706 Christi
1417 2677 1527 2704 nomine
1541 2675 1660 2710 egissent
1671 2682 1678 2701 :
1690 2672 1777 2705 Motu,

990 2725 1088 2761 inquit,
1107 2725 1178 2761 [acto
1200 2725 1290 2760 repleti
1305 2729 1368 2752 sunt
1394 2731 1483 2751 omnes
1502 2722 1606 2757 Spiritu
1632 2723 1734 2752 sancto,
1749 2722 1778 2745 ut

743 2817 765 2833 ³⁸
777 2817 856 2844 Joan.
873 2824 927 2848 xtV,
948 2815 988 2844 16.
1028 2817 1050 2833 ⁸³
1064 2815 1144 2844 Joan.
1161 2824 1204 2850 xv,
1217 2815 1262 2844 ‘26.
