1934 3063
195 72 244 106 ³2⁷
290 118 292 120 ,
569 102 571 105 -
826 92 961 125 MANUE

195 133 273 155 alium
302 135 410 155 mminm
434 137 557 155 νηιηηιι..
574 141 684 155 ..ιιι-η..-
714 145 762 155 λε..
860 153 864 155 .
906 151 912 155 .

1014 97 1028 127 3
1050 99 1205 142 camus
1775 122 1837 155 128

1195 137 1203 142 ,
1775 133 1837 155 ικδ

191 133 273 159 alium
302 135 411 161 modum
434 137 558 166 voluntas
574 141 685 170 relative
709 145 798 174 dictus
825 153 878 180 est,
903 151 978 184 juxta
995 155 1016 182 Α
1032 154 1127 191 Filius,
1143 167 1230 195 neque
1245 170 1330 195 mens,
1348 174 1437 201 neque
1453 169 1584 207 Verbum,
1598 176 1747 205 secundum
1761 186 1838 213 per-

191 177 296 204 seiiieet
311 179 496 209 deﬁnitionem
522 191 552 212 ac
576 188 767 213 Dronrielatam
790 195 978 213 anhelanti-siin
1033 203 1122 213 n—u-
1209 206 1225 213 --
1339 212 1342 213 ν

872 177 877 180 ,
903 177 911 184 _
936 177 940 178 ,
967 177 978 179 _
995 177 1016 182 __
1033 177 1042 181 _
1055 177 1127 191 ν,
1143 177 1230 195 ..ων-υ
1245 177 1330 195 mens.
1348 177 1437 201 neque
1456 177 1584 207 vernum,
1598 177 1747 205 secundum
1761 186 1838 213 per-

191 177 296 204 seiiieet
311 179 496 209 deﬁnitionem
522 191 552 212 ac
575 188 767 222 proprietatem
790 195 980 225 substantialis
1032 203 1153 231 sonalem
1167 206 1289 236 ordinem
1305 212 1356 239 erit
1368 213 1523 249 aliquando.
1532 217 1573 251 Et,
1584 219 1607 246 si
1625 219 1833 259 una'essentia,
1877 229 1891 234 ’

191 229 336 257 processus
352 233 406 253 sul.
1033 253 1056 259 -·
1072 257 1086 259 -·
1165 252 1171 259 '
1218 254 1234 259 "

191 229 336 257 processus
352 229 406 253 sui.

225 267 369 303 Caeterum,
383 271 406 299 si
422 274 483 307 quis
499 276 562 303 velit
576 277 654 312 juxta
671 283 827 316 praedictam
842 287 977 316 rationem

189 319 217 340 et
231 315 340 343 Patrem
359 318 521 349 charitatem
538 323 640 358 dicere,
662 333 690 354 et
715 329 812 357 Filium
827 331 954 362 similiter
968 343 976 364 :

189 365 216 386 et
232 361 295 388 hinc
310 363 425 392 absurde
450 374 628 400 personarum
656 372 811 403 introducet
829 379 980 408 multitudi-

189 413 261 438 nem,
281 409 448 444 easdemque
463 419 570 442 asseret
590 418 777 453 multipliciter
795 425 954 458 procedere.

223 452 276 480 Sed
288 455 455 490 Augustinus
467 461 574 493 quidem
587 483 594 495 ,
611 465 657 498 qui
673 452 712 493 de
736 467 786 495 hoc
795 452 977 502 subtilissime

186 497 297 525 disserit
309 505 336 527 et
350 503 500 532 maximein
514 506 588 535 libris
607 497 644 536 De
662 510 804 548 Trinitate,
825 522 851 543 ut
870 518 912 545 bis
929 521 976 554 qui

187 543 277 554 ..Νι-μ,
298 544 318 554 ,γ
498 551 504 554 .

796 543 803 548 1
872 543 909 545 ""
931 543 976 554 Ἰ“““

187 543 278 570 volunt
298 544 397 580 legere,
415 551 589 585 perspicuum
616 560 658 583 est
674 577 682 590 ,
700 565 782 586 unam
800 562 978 599 eamdemque

187 588 300 599 -L-_!.,.
374 594 390 599 ι.
411 595 416 599 .
459 595 474 599 ρ-
498 598 501 599 ν
524 598 527 599 ν

185 588 347 619 charitatem
364 594 430 621 dicit
458 595 588 631 Spiritum
607 588 743 638 sanctum,
761 605 849 635 Patris
863 613 889 635 et
902 588 974 644 Filii,

185 640 236 666 qua
251 634 321 662 Deus
337 644 367 665 se
386 639 474 674 ipsum
497 642 594 678 diligit,
609 650 636 673 et
657 654 687 675 se
707 634 822 678 invicem

184 677 271 707 Filius
290 681 418 718 diligunt,
441 693 521 721 quam
544 677 626 717 etiam
642 696 842 725 connexionem
855 677 977 729 nominat

184 723 275 754 Patris
306 733 332 754 et
347 729 407 757 Filii
433 736 461 759 et
493 735 630 770 unionem.
645 744 673 766 et
687 748 747 772 qua:
764 742 819 771 illic
831 745 888 773 ait:
905 747 976 775 sicut

183 775 210 796 et
222 778 304 799 unum
317 773 436 803 Verbum
452 782 662 812 cst,secundnm
677 787 749 820 quod
761 788 829 817 Deus
845 773 974 825 se

183 815 322 852 intelligit.
338 820 393 849 Nos
408 828 498 852 autem
509 832 570 854 cum
587 815 693 864 sanctis
703 815 829 862 Patrihus
841 815 972 872 ,-

166 858 379 897 'respondentes
407 868 522 898 dicimus
551 878 652 903 sanetae
669 875 815 908 Trinitatis
846 858 970 912 o:dinem

183 907 348 938 immobilem
368 920 478 943 manere
492 923 629 952 oportere,
646 926 794 952 secundum
813 935 907 962 quem,
921 939 971 959 nec

182 955 301 989 nomina,
310 962 396 992 quae’a
408 964 578 994 processibus
590 955 872 1008 substantialibnsque
882 977 970 1005 modis

181 1006 320 1034 apparent.
333 1011 548 1037 commutantur:
562 1019 647 1047 neque
661 1023 787 1049 personae
804 1006 845 1047 vel
863 1028 970 1057 praepo-

180 1050 291 1079 nuntur,
301 1049 341 1076 vel
352 1057 613 1091 postponuntur,vcl
625 1061 736 1089 omnino
752 1071 968 1103 commutantur;

179 1091 248 1118 sicut
266 1094 339 1121 enim
351 1103 419 1124 unus
437 1098 526 1134 Pater,
544 1108 623 1138 atque
634 1114 704 1134 unus
726 1108 820 1141 Filius.
836 1117 862 1139 et
881 1091 969 1148 neque

181 1136 262 1148 ml,“
281 1140 299 1148 ,ι
320 1145 326 1148 _
487 1145 501 1148 _

581 1136 588 1138 _
797 1136 820 1141 —-
839 1136 862 1139 ~-
881 1136 964 1148 "vv-‘-

180 1136 264 1166 Filins
280 1140 369 1175 Pater,
392 1151 477 1180 neque
487 1145 567 1176 Pater
574 1148 657 1179 Filius
667 1153 719 1181 :ila
730 1161 756 1182 et
768 1163 820 1183 una
832 1157 964 1194 voluntas,

177 1191 224 1211 seu
250 1186 371 1216 charitas
388 1189 508 1225 Spiritus
536 1201 649 1225 sanctus
675 1207 826 1236 congruere
853 1204 968 1234 relative

177 1230 281 1259 scilicet
297 1233 413 1263 dicetur.
435 1237 524 1274 Atque
541 1241 626 1276 idem,
642 1230 744 1279 neqnev
759 1247 857 1282 Pater,
879 1258 968 1285 neque

1030 253 1057 275 et
1072 257 1123 276 una
1148 252 1278 287 charitas,
1305 262 1332 284 et
1347 266 1416 287 unus
1433 261 1584 295 Deus,cum
1601 265 1681 295 Patre
1697 274 1724 296 et
1738 269 1831 304 Filio.

1030 297 1178 325 secundum
1192 300 1295 329 scilicet
1307 307 1460 334 communia
1476 328 1482 340 ,
1496 313 1522 336 et
1546 310 1670 339 absoluta
1685 316 1801 343 nomina
1821 326 1830 344 :

1029 344 1255 375 quemadmodum
1271 353 1299 376 et
1312 349 1469 381 Paracletus
1483 355 1570 384 dictus
1596 364 1638 385 est
1654 361 1776 395 quidem,
1797 367 1831 390 et

1029 385 1123 420 Filius,
1141 391 1188 416 sed
1204 393 1310 427 proprie
1318 401 1411 425 sancto
1427 396 1540 433 Spiritui
1552 385 1829 441 redditui,quan;vis

1028 440 1080 460 non
1098 435 1174 462 video
1188 445 1236 464 cur
1252 441 1339 475 magis
1361 451 1394 470 ex
1412 452 1445 471 eo
1459 447 1530 480 quod
1545 448 1675 484 Spiritus,
1693 453 1735 479 vel
1747 454 1826 480 cha-

1028 479 1106 511 ritas,
1122 482 1162 508 vel
1180 483 1314 518 voluntas,
1330 488 1371 517 vel
1397 479 1498 525 aliquid
1520 479 1673 528 huiusmodi
1700 498 1826 527 dicitur.

1028 523 1107 552 Talia
1127 526 1245 556 absurda
1263 532 1340 565 sequi
1368 523 1490 564 nonnulli
1515 523 1693 569 arbitrantur.
1718 543 1757 571 Ex
1785 552 1824 572 eo

1027 575 1129 605 autem,
1146 575 1218 608 quod
1235 576 1352 610 Spiritus
1368 579 1438 609 idem
1459 583 1573 618 dicatur,
1587 594 1639 614 non
1655 588 1753 618 itidem.

1062 617 1161 646 Eadem
1178 621 1279 657 quippe
1304 627 1410 654 ratione
1432 617 1680 668 dicerequispiam
1707 643 1820 672 posset,

1025 667 1052 690 et
1069 663 1199 699 Spiritum
1216 668 1321 702 spirare
1332 672 1414 700 alium
1426 663 1568 709 Spiritum,
1577 678 1707 714 illumque
1717 690 1822 710 rursus

1025 709 1121 742 alium,
1137 716 1218 746 atque
1240 714 1291 742 hoc
1314 717 1340 744 in
1357 717 1491 748 infinitum
1506 723 1577 750 tendi
1592 732 1599 757 ;
1619 725 1765 760 similiter,
1790 734 1821 756 et

1025 753 1124 783 Filium
1141 757 1249 791 quidem
1264 762 1386 796 gignere,
1406 768 1433 792 et
1457 766 1504 800 qui
1517 773 1549 794 ex
1577 753 1636 802 ipso
1654 753 1819 801 nasceretur

1026 799 1105 827 aliam
1122 801 1216 830 itidem
1233 812 1376 839 personam
1390 799 1500 844 gignere
1513 831 1521 844 ,
1542 817 1570 840 et
1585 799 1635 841 hoc
1650 815 1713 844 item
1729 818 1753 844 in
1769 819 1817 845 in-

1233 832 1240 839 _
1283 832 1376 835 ρηη...
1390 832 1500 844 ,νυ-.-.ν
1513 832 1521 844 ,
1542 832 1570 840 ν.
1585 832 1635 841 um.
1650 832 1713 844 ιιυιιι
1729 832 1753 844 ιιι
1769 832 1817 845 Ill-

987 832 1009 860 Β
1023 844 1126 874 [initum
1142 848 1214 876 tendi
1228 857 1235 876 :
1249 858 1345 880 verum
1370 855 1442 882 enim
1470 857 1593 886 ordinem
1614 868 1724 889 servare
1744 870 1817 898 opus

1022 895 1074 924 est,
1092 900 1181 928 neque
1207 895 1294 930 ipsius
1320 901 1449 929 terminos
1477 906 1638 940 transgredi,
1667 908 1715 936 sed
1741 895 1815 937 intra

1022 936 1183 968 Trinitatem
1199 946 1283 975 stare,
1308 943 1385 978 juxta
1411 947 1538 976 traditam
1555 936 1637 979 nobis
1654 953 1715 981 ndei
1732 962 1816 991 regu-

1021 983 1086 1017 lam,
1103 993 1137 1014 ne
1154 986 1267 1015 deorum
1281 989 1487 1022 introducamus
1501 995 1616 1030 plebem.
1637 997 1731 1034 Itaque
1747 1001 1813 1029 talia

1023 1037 1187 1064 praesumere
1209 1034 1319 1063 illorum
1345 1041 1396 1070 est,
1412 1040 1457 1074 qui
1475 1048 1653 1075 personarum
1669 1045 1808 1080 ordinem,

1021 1081 1049 1103 et
1065 1083 1125 1110 quae
1139 1077 1175 1105 do
1197 1086 1294 1108 sancta
1313 1082 1447 1110 Triuitate
1474 1087 1627 1122 traduntur,
1645 1094 1672 1117 et
1681 1090 1811 1119 confessa

1022 1125 1158 1156 tenentur,
1174 1122 1283 1157 tollunt,
1308 1127 1551 1165 confunduntque,
1581 1141 1613 1161 ac
1642 1136 1811 1169 permiscent

1019 1168 1122 1196 omnia.
1143 1169 1196 1198 Sed
1215 1173 1327 1201 secundi
1344 1174 1425 1210 hujus
1454 1177 1598 1207 voluminis
1624 1168 1730 1209 tandem
1746 1183 1810 1211 ﬁnis

1018 1213 1064 1240 sit.

179 1328 1799 1383 ...φ-Ἓξ...-

738 1431 916 1480 LIBER
963 1437 1036 1483 TE
1049 1441 1144 1486 BTI
1157 1443 1246 1488 US.

973 1611 996 1643 C

207 1592 240 1620 Et
258 1593 315 1622 haec
330 1596 438 1630 quidem
456 1596 492 1626 ita
504 1607 533 1627 se
544 1600 655 1630 habent.
670 1603 706 1632 Ut
717 1609 807 1633 autem
831 1614 892 1642 quas
914 1616 962 1645 su-

171 1641 326 1674 perioribus
352 1643 429 1672 libris
455 1650 518 1673 sunt
544 1648 632 1682 dicta,
649 1656 814 1685 repetentes,
830 1641 908 1688 quasi
928 1641 955 1684 in

170 1694 254 1714 unum
271 1693 448 1723 conspectum
463 1691 559 1720 demus
574 1696 666 1722 omnia
680 1697 840 1728 :docuimus
856 1702 955 1736 primo,

171 1733 280 1760 tertium
298 1741 312 1761 a
336 1734 418 1763 Patre
438 1744 498 1765 esse
516 1738 646 1773 Spiritum
663 1748 788 1771 sanctum
806 1746 880 1780 juxta
895 1757 958 1782 per-

170 1778 291 1805 sonalcm
308 1781 442 1809 ordinem.
458 1783 568 1817 Deinde,
582 1792 692 1821 propter
703 1778 897 1821 substantiales
913 1795 956 1822 di-

170 1824 292 1852 vinarum
308 1827 523 1857 substantiarum
534 1839 826 1866 processus,nascendi
840 1840 954 1875 scilicet,

169 1878 200 1897 ac
216 1873 393 1906 procedendi,
413 1874 511 1904 Filium
530 1879 638 1911 quidem
650 1888 682 1908 ex
708 1882 787 1911 Patre
805 1893 866 1914 esse
895 1888 955 1916 sine

168 1916 223 1943 ullo
240 1918 328 1945 medio
343 1927 349 1950 ;
373 1920 505 1955 Spiritum
529 1930 655 1952 sanctum
673 1934 739 1955 vero
753 1935 785 1955 es
806 1929 888 1959 Patre
906 1940 956 1968 per

167 1961 265 1990 Filium
285 1968 442 1998 procedere.
460 1968 623 2004 Dein,juxla
640 1974 800 2007 praedictum
817 1978 953 2014 ordinem,

167 2007 227 2036 Filii
249 2011 440 2040 mediationem
462 2014 587 2049 plurimis
621 2018 647 2045 iu
662 2019 754 2048 locisa
777 2025 882 2051 sanctis
898 2025 954 2053 Ec-

166 2053 256 2081 clesiae
287 2055 445 2087 doctoribus
471 2067 520 2094 pro
549 2062 677 2092 confesso
698 2067 794 2094 tradi:
824 2069 954 2105 deinceps

165 2100 255 2128 omnia
271 2103 408 2138 exempla,
422 2105 521 2139 quibus
537 2107 564 2134 in
590 2115 686 2137 sancta
708 2111 841 2142 Trinitate
865 2117 954 2144 sancti

165 2144 261 2174 Patres
276 2149 315 2175 usi
339 2155 413 2184 sunt,
429 2152 558 2180 traditum
578 2154 603 2182 in
622 2155 722 2185 divinis
734 2158 866 2193 ’personis
878 2163 954 2189 ordi-

165 2199 237 2225 nem,
253 2196 402 2223 secundum
416 2198 610 2229 substantiales
621 2209 716 2230 earum
732 2212 876 2238 processus
891 2216 952 2236 cum

165 2238 450 2270 consubstantialitate
477 2243 626 2280 insinuare,
649 2250 799 2278 secundum
818 2254 952 2282 utentium

166 2281 364 2319 intentionem;
392 2287 527 2322 Spiritum
557 2291 656 2321 deinde
672 2300 799 2324 sanctum
828 2305 889 2326 cum
916 2307 951 2328 ex

165 2326 246 2355 Patre
261 2337 309 2363 per
322 2330 420 2360 Filium
436 2335 576 2370 procedat,
595 2345 644 2372 per
658 2339 747 2374 ipsum
767 2326 949 2374 substantiam

164 2373 273 2402 habere.
291 2376 351 2409 Per.
367 2384 396 2406 et
416 2388 466 2412 ex,
485 2381 510 2408 in
527 2383 627 2411 divinis
647 2373 716 2419 apud
731 2393 840 2416 sanctos
852 2409 859 2422 ,
877 2391 949 2419 idem

161 2421 325 2455 signiﬁcare.
344 2423 412 2452 Tum
428 2426 526 2454 Filium
547 2430 580 2456 ad
597 2429 726 2465 Spiritum
740 2453 747 2466 ,
764 2421 950 2471 Spiritumque

161 2467 253 2495 itidem
269 2470 302 2496 ad
315 2470 424 2504 Filium,
441 2475 589 2503 secundum
604 2477 737 2511 habitum,
747 2484 774 2507 et
784 2467 948 2511 relationem

162 2513 262 2541 habere
284 2517 318 2543 ad
348 2517 521 2552 alterutrum,
550 2528 565 2548 a
596 2523 699 2550 sanctis
726 2525 807 2552 tradi.
835 2525 947 2560 Deinde,

159 2563 386 2595 quemadmodum
413 2566 495 2594 Pater
524 2576 613 2598 causa:
628 2571 734 2600 ratione
758 2577 821 2601 ante
849 2573 946 2603 Filium

160 2608 346 2645 intellegitur;
374 2611 411 2639 ita
433 2617 461 2641 et
485 2613 582 2642 Filium
607 2617 702 2644 eadem
728 2626 817 2646 causa!
845 2620 951 2649 ratione

159 2658 223 2681 ante
234 2654 365 2690 Spiritum
386 2657 525 2695 intelligi:
552 2663 681 2698 majorem
706 2664 812 2700 Spiritu
834 2665 951 2703 Filium,

160 2700 311 2728 secundum
327 2703 435 2732 scilicet
452 2709 623 2740 personalem
643 2711 766 2739 ordinem
782 2719 796 2739 a
816 2713 950 2746 theologis

161 2745 240 2772 tradi.
271 2748 370 2777 Deinde
387 2759 400 2777 a
423 2751 491 2779 Filio
516 2761 576 2782 esse
601 2756 701 2785 habere
736 2758 868 2794 Spiritum
886 2745 949 2789 san-

162 2793 253 2823 ctutn,
270 2799 360 2828 utpote
374 2796 408 2824 ab
428 2798 486 2833 ipso
511 2800 662 2828 audientem
675 2823 683 2835 ,
700 2808 726 2830 et
758 2793 948 2839 accipientem.

969 2275 992 2306 Β

1013 1612 1164 1643 Undecimo
1179 1616 1275 1645 deinde
1295 1618 1356 1647 loco
1371 1620 1503 1655 suiiicere,
1523 1625 1556 1651 ad
1571 1625 1754 1661 indicandum,
1768 1638 1801 1657 ex

1010 1659 1080 1687 Filio
1105 1669 1167 1689 esse
1183 1661 1315 1698 Spiritum
1333 1672 1459 1696 sanctum
1475 1689 1483 1702 ,
1502 1670 1564 1705 quia
1577 1672 1632 1707 _sit,
1652 1678 1680 1701 et
1695 1674 1802 1703 dicatur

1009 1704 1070 1732 Filii
1099 1705 1229 1741 Spiritus.
1258 1709 1388 1745 Spiritum
1412 1719 1535 1742 sanctum
1567 1704 1675 1751 deinde.
1699 1720 1799 1749 Christi

1009 1749 1141 1784 Spiritum
1157 1753 1221 1787 dici,
1232 1755 1328 1783 eadem
1342 1759 1459 1794 ratione,
1477 1769 1530 1796 qua
1553 1767 1579 1790 et
1603 1749 1672 1791 Filii
1684 1765 1800 1799 Spiritus

1008 1804 1068 1824 esse
1084 1805 1258 1828 asseveratnr
1276 1810 1283 1829 :
1298 1802 1429 1836 Spiritutn
1447 1811 1580 1840 sanctum.
1599 1811 1721 1844 spiritum
1741 1813 1794 1839 oris

1007 1841 1067 1870 Filii
1081 1851 1095 1870 a
1113 1845 1247 1881 theologis
1263 1849 1353 1883 tradi,
1371 1854 1396 1878 et
1416 1856 1541 1886 utraque,
1559 1841 1636 1882 illum
1658 1863 1690 1883 ex
1708 1856 1796 1890 Patre,

1007 1893 1033 1916 et
1047 1889 1116 1917 Filio
1131 1898 1203 1924 esse,
1220 1893 1339 1929 signare,
1361 1897 1388 1923 id
1407 1901 1466 1929 est,
1488 1905 1521 1925 ex
1538 1898 1618 1927 Patre
1633 1909 1680 1936 per
1695 1901 1794 1929 Filiutn

1007 1936 1163 1970 procedere.
1181 1937 1280 1966 Filium
1293 1941 1401 1976 quidem
1416 1943 1534 1972 Verbum
1548 1945 1714 1979 Patrisrdici,
1735 1948 1795 1982 Spi-

1007 1981 1088 2009 ritum
1118 1990 1182 2010 vero
1205 1991 1328 2014 sanctum
1357 1987 1419 2016 Filii
1447 1989 1542 2018 itidem
1564 1992 1693 2027 Verbum,
1707 2002 1794 2022 causae

1007 2027 1113 2055 ratione
1127 2029 1197 2056 tradi
1209 2038 1216 2063 ;
1234 2030 1365 2065 Spiritum
1376 2039 1500 2062 sanctum
1522 2041 1652 2071 praeterea
1667 2040 1747 2067 etiam
1761 2049 1792 2068 ex

1007 2071 1076 2100 Filio
1088 2080 1149 2101 esse
1164 2082 1179 2101 a
1197 2077 1311 2105 summis
1326 2078 1458 2114 theologis
1473 2080 1606 2109 insinuari
1621 2091 1628 2116 ;
1643 2083 1750 2117 Filium,
1762 2093 1792 2113 eo

1005 2118 1080 2151 quod
1097 2119 1132 2146 sit
1148 2119 1381 2152 incommutabilis
1399 2125 1489 2160 imago
1517 2125 1618 2162 Patris,
1647 2130 1791 2166 omniaque

1005 2162 1094 2192 Patris
1106 2164 1175 2192 bona
1192 2169 1376 2197 essentialiter
1390 2169 1498 2206 habeat,
1516 2174 1611 2202 eadem
1630 2176 1746 2209 ratione,
1763 2181 1791 2204 ut

1005 2215 1098 2236 verum
1119 2209 1208 2239 Patris
1225 2212 1326 2241 Filium
1339 2233 1348 2247 ,
1366 2214 1498 2250 Spiritum
1522 2224 1647 2248 sanctum
1675 2222 1788 2256 habere;

1005 2260 1056 2288 qua
1069 2254 1145 2282 illum
1172 2257 1254 2285 habet
1270 2257 1351 2287 Pater
1368 2261 1468 2290 :aliter
1482 2263 1583 2299 quippe
1603 2266 1668 2293 illud
1686 2254 1788 2293 incoms

1005 2301 1134 2330 mutabile
1146 2303 1212 2331 tolli.
1230 2303 1345 2340 Mittere,
1361 2312 1389 2334 et
1407 2309 1488 2342 mitti,
1503 2318 1613 2338 causam
1628 2319 1654 2340 et
1671 2314 1779 2342 rausale

1004 2346 1030 2374 in
1049 2348 1147 2376 divinis
1161 2352 1284 2384 personis
1300 2353 1467 2386 signiﬁcare.
1488 2355 1601 2384 Fontem
1619 2365 1679 2385 esse
1700 2360 1787 2386 sancti

1004 2391 1121 2426 Spiritus
1139 2393 1251 2429 Filium;
1276 2396 1407 2431 Spiritum
1426 2404 1551 2427 sanctum
1573 2401 1716 2436 imaginem
1729 2409 1787 2430 esse

1006 2438 1079 2472 Filii,
1095 2445 1123 2467 et
1151 2441 1278 2469 virtutem
1312 2443 1371 2477 ejus
1391 2445 1542 2472 naturalem
1555 2465 1562 2477 ,
1579 2454 1611 2474 ac
1639 2447 1784 2481 viventem,

1002 2488 1029 2511 et
1057 2486 1227 2514 essentialem
1250 2490 1436 2522 operationem
1468 2498 1476 2518 :
1503 2493 1731 2525 quemadmodum
1760 2499 1785 2522 et

1003 2529 1087 2559 Filius
1105 2531 1161 2560 hac
1189 2534 1280 2560 omnia
1304 2533 1394 2562 Patris
1409 2541 1460 2563 est.
1485 2536 1524 2564 Ac
1552 2537 1648 2565 facient
1678 2540 1783 2573 quidem

1002 2576 1091 2605 Patris
1107 2586 1168 2606 esse
1181 2579 1278 2606 Filium
1292 2587 1384 2620 causas
1400 2582 1522 2616 ratione;
1536 2584 1704 2618 primitivam
1720 2585 1783 2613 item

1000 2621 1115 2651 formam
1130 2623 1248 2658 Spiritus
1261 2625 1359 2653 Filium
1373 2635 1381 2660 ;
1402 2634 1435 2655 ac
1454 2630 1593 2663 proprium
1606 2630 1716 2665 quidem
1732 2630 1784 2658 Pa-

1000 2668 1050 2697 tris
1062 2677 1122 2697 esse
1143 2669 1254 2703 Filium,
1270 2672 1343 2706 quod
1366 2680 1401 2700 ex
1417 2674 1463 2701 illo
1481 2675 1537 2709 sit;
1557 2676 1698 2711 proprium
1721 2684 1784 2705 vero

999 2714 1060 2743 Filii
1079 2714 1221 2750 Spiritum,
1235 2718 1313 2752 quasi
1331 2726 1380 2754 per
1397 2719 1485 2754 ipsum
1507 2721 1680 2755 naturaliter,
1690 2729 1784 2751 essen-

1001 2761 1153 2796 Iialiterque
1169 2763 1359 2798 prodeuntem,
1378 2770 1405 2792 et
1421 2773 1454 2794 ex
1474 2766 1533 2800 ipso
1563 2775 1619 2794 esse
1645 2768 1781 2802 accipien-

999 2812 1063 2839 tcm,
1078 2813 1158 2843 atque
1173 2816 1205 2836 cx
1222 2817 1255 2838 eo
1267 2811 1453 2840 exsistentem.
1477 2812 1599 2847 Latinos,
1617 2813 1780 2849 Graecosque
