1934 3063
90 123 138 157 129

646 127 843 159 ADVERSUS
858 128 1014 158 GRAECOS
1035 129 1105 159 LIB.
1129 129 1182 160 [Π.

1677 135 1728 167 13ὓ

88 182 224 210 doctores
244 183 438 215 communiter,
452 188 479 211 et
495 184 667 219 apertissime
681 191 713 211 ex
735 183 803 211 Filio
818 191 889 216 esse,
905 187 927 213 Α
943 191 974 209 ex
997 183 1082 210 tribus
1100 184 1254 219 Benjamin,
1275 186 1491 224 discipulumque
1504 189 1660 220 Gamalielis
1680 198 1729 220 attt

90 232 116 255 et
131 235 292 261 exsistere,
309 236 341 256 ac
355 229 503 264 procedere
514 229 644 265 Spiritum
655 234 778 258 sanetum
791 229 890 257 divinis

89 276 255 304 rationibus
278 278 396 304 tradere.

123 322 195 350 "ac
225 328 319 352 autem
344 324 433 351 omnia
458 323 581 358 pluribus
608 323 758 352 rationibus
781 328 890 352 ostensa

88 374 153 397 sunt
171 378 181 402 ;
202 377 279 404 quae,
294 377 356 398 cum
372 378 435 397 vera
457 371 521 402 sint.
546 374 572 398 ct
590 370 755 398 ﬁrmissimis
773 370 892 405 undique

87 416 253 443 rationibus
271 416 387 449 munita,
397 420 502 443 constat
514 415 645 450 profecto,
664 417 726 451 quia
740 416 892 451 producere

87 461 164 495 quod
188 461 308 494 dicitur,
324 462 453 496 possibile
467 470 521 489 non
539 466 592 493 est.
613 468 642 488 ut
658 462 747 489 Patris
761 463 891 490 substan-

88 508 157 534 tiale
179 508 234 535 sit.
248 507 341 542 Neque
351 509 422 535 enim
443 509 514 536 idem
531 509 650 543 Spiritus
662 528 670 540 ,
685 509 784 537 tertius
798 509 890 542 simul,

88 558 115 580 et
133 554 284 581 secundus
297 554 401 581 aPatre
417 562 477 582 esse
495 559 595 589 potest,
617 562 705 590 neque
719 556 892 583 continenter

89 603 118 626 et
138 600 204 626 sine
219 600 312 626 medio
328 607 361 627 ex
376 600 475 634 primo,
491 605 518 627 et
534 608 582 635 per
601 608 674 630 eum.
691 601 735 635 qui
757 601 792 628 sit
804 601 891 628 conli-

91 651 196 672 nenter
212 653 248 672 ex
266 646 376 680 primo:
396 653 484 681 neque
509 646 542 673 de
558 646 617 673 solo
629 645 710 673 Patre
733 647 890 680 procedere,

90 695 118 717 et
149 698 204 725 per
231 691 332 718 Filium
354 693 530 725 procedere:
559 700 646 727 neque
669 692 817 727 productor
844 700 893 727 per

93 736 239 770 Verbum,
258 743 285 765 et
298 738 373 766 solus
386 739 534 774 productor
551 746 628 771 esse,
647 743 673 765 et
688 744 783 765 emtera
801 738 893 772 hujus-

94 784 184 816 modi,
204 791 270 816 qua:
291 785 421 819 pradicta
436 789 507 813 sunt.
520 784 583 812 llmc
599 785 671 811 enim
687 785 892 812 evidentissime

91 831 144 858 sibi
165 831 313 858 contraria
331 834 411 863 sunt;
436 834 461 856 et
484 830 552 857 idem
572 836 623 861 est.
639 838 670 856 ac
687 831 709 857 si
740 837 826 865 neque
857 838 890 857 ex

93 876 177 904 Patre
199 876 317 903 omnino
331 877 480 911 procedere
493 876 574 904 illum
584 876 780 910 conﬁteantur;
802 878 891 904 maxi-

95 930 138 949 me
157 930 226 950 cum
250 930 264 949 a
292 923 394 950 sanctis
418 923 584 950 declaratum
605 922 653 955 sit,
668 922 739 957 quod
756 930 891 957 nunquam

94 970 255 1002 procedere
271 969 407 997 diceretur
425 976 457 996 ex
473 969 563 1002 Patre,
580 969 633 996 nisi
651 974 678 996 et
689 977 703 995 a
718 968 788 996 Filio
800 977 893 1004 procc—

94 1015 185 1041 deret.
217 1015 346 1049 Namque
378 1015 523 1050 procedere
560 1023 594 1042 ex
625 1014 707 1043 Patre
736 1015 817 1042 etiam
844 1023 893 1049 per

95 1061 200 1088 Filium
220 1069 274 1088 una
297 1061 497 1095 complectitur,
520 1061 620 1096 quippe
635 1061 799 1096 procedendi
825 1061 892 1088 deﬁo

95 1108 165 1134 uitio
185 1112 250 1139 est,
272 1114 304 1134 ex
327 1105 406 1133 Patre
430 1105 588 1141 perFilium
611 1108 776 1139 procedere,
795 1113 892 1133 secun-

95 1153 160 1180 dum
175 1153 254 1187 quod
275 1153 357 1180 etiam
382 1159 396 1179 a
418 1152 486 1180 Filio
501 1153 676 1186 discernitur,
691 1160 739 1188 per
753 1152 890 1188 proprium

95 1200 151 1232 sui,
167 1200 401 1233 ditierentemque
413 1206 581 1234 processum.

132 1245 239 1279 Porro,
255 1245 362 1272 sublato
374 1245 446 1279 quod
462 1252 509 1280 per
520 1244 616 1272 Filium
628 1245 774 1280 procedere
788 1243 890 1272 asseri-

95 1296 139 1318 tur
151 1311 159 1323 ,
172 1291 262 1318 etiam
290 1297 323 1317 ex
341 1289 421 1317 Patre
448 1289 594 1324 procedere
609 1289 680 1324 quod
707 1290 816 1321 dicitur,
836 1296 890 1316 una

96 1336 216 1369 tollitur,
236 1336 342 1363 sublata
362 1337 462 1371 quippe
482 1334 627 1369 cujuslibet
647 1336 806 1362 substantia:
825 1336 890 1362 deﬁ-

96 1381 217 1414 nitione,
228 1381 341 1416 ejusque
353 1381 524 1409 substantiali
535 1381 711 1416 proprietate,
723 1381 891 1408 deﬁnitionis

96 1436 213 1463 quoque
229 1435 329 1455 nomen
354 1427 488 1459 aufertur,
504 1427 712 1462 substantiaque
728 1435 808 1462 quam
826 1427 892 1454 deﬁ-

100 1475 216 1502 nitionis
234 1481 333 1502 nomen
352 1474 452 1509 signat,
472 1481 524 1501 una
540 1474 654 1501 tollitur.
675 1473 809 1507 Quoniam
827 1481 891 1501 vero

943 229 1045 263 aliquid
1064 230 1237 264 huiusmodi;
1259 232 1399 266 proprium
1422 234 1549 268 quidem,
1567 244 1620 263 non
1639 241 1727 265 tamen

941 275 1017 309 quasi
1033 275 1213 303 substantiale
1228 283 1276 304 etis
1289 286 1295 310 ;
1308 279 1369 311 sed,
1387 283 1416 306 ut
1427 280 1501 307 notio
1518 280 1691 317 simpliciter.

977 321 1110 349 Prmterea
1128 323 1193 350 nihil
1213 324 1361 351 secundum
1383 327 1554 364 negationem
1579 327 1659 356 habet
1677 329 1729 357 hoc

941 375 1003 395 esse
1013 367 1126 402 aliquid.
1147 368 1262 404 Negatio
1277 370 1376 405 quippe
1390 372 1439 404 rei,
1452 379 1510 406 quas
1525 373 1559 401 sit
1574 374 1685 407 ablatio,
1701 380 1729 403 et

949 413 1019 448 ejus,
1035 423 1095 449 qua:
1107 423 1162 443 non
1179 416 1231 449 sit,
1246 416 1343 451 positio
1358 422 1410 444 est.
1434 417 1548 452 Negatio
1572 424 1661 448 autem
1688 428 1730 449 est

941 461 1013 495 quod
1032 461 1132 489 dicitur
1151 462 1311 500 ingenitum,
1338 467 1364 489 et
1387 463 1443 498 jam
1463 465 1656 494 subsistentem
1685 475 1730 496 se-

941 507 1045 541 quitur,
1058 507 1146 542 ipsum
1170 507 1244 535 enim
1262 508 1409 542 signiﬁcat,
1430 511 1552 544 genitum
1572 520 1626 539 non
1654 520 1727 546 esse,

942 559 990 586 per
1005 553 1076 587 quod
1087 553 1146 580 sine
1161 561 1245 581 causa
1265 561 1327 582 esse
1347 554 1483 590 signatur.
1496 559 1548 584 Aut
1570 558 1651 592 igitur
1665 561 1729 588 sub-

942 597 1070 625 stantiale
1081 597 1172 627 Patris
1187 601 1338 632 pateruitas
1351 605 1405 634 est,
1421 609 1452 629 ac
1468 602 1580 637 gignere
1593 610 1652 638 est;
1672 606 1730 634 sive

942 644 1085 678 productio
1099 650 1127 671 et
1141 645 1282 679 inspiratio
1295 655 1302 679 ;
1315 650 1341 673 et
1357 647 1519 682 producere,
1533 653 1561 677 et
1577 650 1727 686 inspirare;

942 690 1001 718 sive
1022 696 1167 727 utrumque
1183 692 1295 723 ~simul,
1320 694 1377 721 sive
1396 699 1495 729 praeter
1521 695 1593 729 haec,
1621 699 1728 726 tertittm

943 739 1083 773 quiddam.
1101 739 1134 765 Et
1150 739 1257 766 tertium
1276 739 1340 767 illud
1363 740 1490 775 quidem,
1507 750 1587 771 nemo
1596 744 1727 773 hactenus

943 785 1010 812 dixit
1028 784 1070 817 ;Si
1083 785 1142 818 quis
1157 784 1228 811 enim
1246 792 1355 813 causam
1383 786 1465 820 dicat,
1486 788 1600 822 primum
1620 790 1728 825 quidem

944 838 1042 858 nomen
1068 830 1126 864 ejus
1154 837 1235 857 eausa
1266 831 1426 866 simpliciter
1446 833 1500 860 erit
1525 842 1532 861 :
1561 835 1640 862 sicuti
1667 836 1728 864 Filii
1750 867 1754 869 _

943 877 1060 910 quidem,
1074 876 1158 904 Filius
1179 884 1292 910 nomen;
1311 882 1337 904 et
1351 878 1439 905 sancti
1460 878 1579 914 Spiritus
1590 901 1597 913 ,
1610 881 1729 916 Spiritus

943 927 1052 950 sanctus
1070 931 1076 948 :
1098 924 1292 958 oportebatque
1321 931 1371 958 pro
1402 924 1482 952 Patre
1501 933 1610 954 causam
1626 930 1729 963 dicere,

942 969 1032 1004 quod,
1053 976 1066 995 a
1094 968 1240 1003 Scriptura
1263 973 1364 997 sanctae
1383 973 1583 1000 consuetudine
1606 974 1727 1008 aborret,

942 1023 1004 1050 quae
1025 1022 1133 1049 semper
1156 1023 1216 1042 cum
1238 1015 1271 1043 de
1291 1015 1345 1043 Deo
1371 1016 1509 1052 loquitur,
1526 1019 1636 1047 Patrem
1665 1029 1728 1049 eum

943 1064 1031 1087 νοεει.

977 1106 1123 1138 Praeterea,
1137 1113 1217 1134 causa
1232 1108 1383 1136 universale
1398 1116 1459 1137 cum
1476 1111 1528 1145 sit,
1546 1117 1572 1139 et
1585 1112 1686 1146 Patris,
1700 1120 1728 1141 et

942 1151 1129 1187 productoris,
1148 1157 1230 1187 atque
1255 1155 1387 1182 creatoris
1410 1156 1586 1190 prmdicatum
1604 1163 1645 1186 est
1662 1167 1669 1186 :
1693 1160 1731 1187 si-

942 1198 1061 1233 quidem,
1072 1202 1101 1224 ut
1117 1198 1291 1232 prmdicatum
1309 1200 1479 1232 solummodo
1491 1204 1640 1238 accipiatur
1648 1205 1728 1233 sicuti

942 1251 1040 1278 genera
1059 1263 1066 1275 ,
1087 1248 1114 1270 et
1140 1244 1255 1278 species.
1282 1249 1308 1272 et
1332 1248 1422 1274 omnia
1451 1255 1511 1282 quae
1541 1250 1730 1279 universalitcr

942 1294 1035 1316 contra
1056 1289 1228 1323 particularia
1242 1291 1424 1325 prmdicantur
1436 1314 1442 1325 ,
1459 1293 1529 1320 nulla
1551 1298 1627 1322 extra
1642 1296 1725 1325 intel-

942 1333 1199 1368 ligentemanimam
1220 1342 1264 1362 res
1281 1339 1332 1368 est.
1355 1336 1402 1364 sed
1424 1337 1479 1371 ipsa
1496 1339 1666 1368 solummodo
1685 1342 1729 1368 in.

942 1380 1092 1415 telligentia
1105 1385 1145 1408 est
1160 1389 1168 1408 :
1183 1380 1218 1408 ita
1236 1381 1308 1408 nulla
1324 1382 1376 1409 erit
1399 1390 1443 1409 res
1458 1382 1548 1411 Patris
1564 1385 1729 1418 substantia.

942 1425 989 1452 sed
1001 1425 1169 1453 solummodo
1195 1426 1393 1462 intelligentia;
1409 1428 1516 1463 eritque
1546 1436 1578 1457 ex
1596 1438 1648 1458 non
1666 1432 1729 1459 sub-

943 1470 1059 1498 sistente
1087 1470 1259 1504 subsistens,
1291 1472 1362 1506 quod
1391 1472 1537 1500 absurdum
1565 1479 1616 1502 est.
1642 1475 1730 1504 Patris

100 1522 241 1548 veraciter
256 1519 380 1554 procedit
401 1527 433 1547 ex
453 1519 533 1546 Patre
554 1518 672 1553 Spiritus
699 1524 820 1552 sanctus,
841 1526 890 1554 per
906 1525 927 1555 ο
944 1515 1016 1547 enim
1046 1515 1309 1549 Supersubslanliale
1333 1523 1431 1544 nomen
1447 1521 1475 1545 et
1503 1525 1559 1546 rem
1585 1519 1729 1554 signiﬁcat,

101 1566 202 1595 Filium
225 1567 308 1594 etiam
326 1566 473 1601 procedere
485 1564 558 1600 quod
572 1565 673 1592 dicitur
688 1569 834 1592 asserctur.
851 1564 891 1591 Ita

99 1614 173 1641 enim
193 1613 282 1641 sancti
304 1612 402 1640 l'atres
423 1612 584 1648 procedendi
605 1612 776 1646 complexam
796 1611 892 1639 deﬁni-

101 1659 203 1686 tionem
222 1658 381 1686 substantize
405 1657 523 1693 Spiritus
551 1657 758 1692 cxplieueruut,
777 1662 805 1685 et
831 1665 892 1692 quae

100 1705 173 1732 dicta
193 1710 271 1738 sunt,
292 1705 356 1732 vera
380 1712 442 1732 esse
461 1709 659 1732 monstrarunt.
680 1704 768 1738 Atque
782 1712 848 1736 una,
862 1709 892 1731 ut

101 1751 205 1778 dictum
218 1755 259 1778 est
270 1771 278 1783 ,
294 1749 442 1784 producere
461 1749 640 1777 substantiale
658 1748 748 1777 Patris
765 1756 825 1777 esse
838 1757 891 1777 non

102 1801 190 1831 potest
203 1817 212 1828 ,
232 1795 324 1830 idque,
345 1803 406 1823 eum
431 1803 464 1822 ex
490 1794 678 1830 superioribus
697 1797 815 1826 conStal,
835 1799 891 1821 tum

102 1843 182 1870 etiam
194 1850 229 1870 ex
247 1842 301 1873 his,
321 1848 382 1877 qua
396 1840 555 1872 subiicimus
572 1848 580 1873 ;
596 1840 659 1875 quia
672 1841 744 1867 enim
758 1839 891 1868 unitatem

103 1895 135 1916 ac
163 1888 328 1916 Trinitatem
358 1886 464 1914 Domini
484 1885 551 1914 ﬁdes
576 1893 641 1913 vera
667 1886 851 1919 commendat,
864 1885 890 1912 id

103 1935 214 1969 quidem
227 1934 355 1967 essentia,
366 1933 393 1961 id
407 1937 498 1961 autem
515 1933 651 1967 personis,
666 1939 697 1959 ac
714 1936 813 1966 praeter
827 1940 891 1967 pro-

104 1981 244 2014 prietates,
278 1979 378 2014 quibus
407 1985 529 2013 personae
567 1977 715 2006 secundum
745 1984 891 2012 processus

106 2025 237 2052 rationem
255 2023 482 2058 distinguuntur:
508 2022 580 2048 nulla
600 2021 653 2049 alia
673 2027 714 2049 est
734 2021 890 2049 divinarum

107 2077 283 2104 personarum
294 2069 460 2102 differentia,
484 2069 595 2103 solaque
621 2067 711 2095 divina
738 2068 890 2095 substantia

107 2116 270 2152 relinquitur
292 2115 527 2149 :inspiciendum,
558 2113 636 2147 juxta
668 2113 730 2141 ﬁdei
760 2119 890 2140 concessa

110 2162 249 2198 principia,
264 2168 389 2196 quaenam
406 2161 440 2188 sit
454 2160 609 2195 proprietas
625 2159 725 2191 Putris,
746 2159 891 2194 ipsumque

109 2193 221 2242 speciale
235 2193 386 2243 proprium.
408 2193 478 2241 quod
489 2193 626 2242 praecipue
641 2205 731 2233 Patris
748 2193 888 2232 commen-
905 2193 930 2223 θ

111 2254 152 2282 dat
165 2261 321 2290 personam,
333 2257 359 2280 et
374 2253 482 2280 Patrem
511 2252 589 2283 facit,
607 2260 638 2279 ac
655 2251 801 2279 secundum
819 2250 891 2286 quod

111 2299 140 2326 ad
152 2300 303 2335 coaequales
318 2298 369 2327 sibi
385 2305 515 2333 personas
528 2296 592 2325 Filii
611 2297 781 2331 Spiritusque
796 2296 892 2324 distin-

113 2345 204 2378 guitur.
387 2341 393 2346 ’

144 2391 207 2418 Cum
224 2391 308 2425 igitur
325 2390 376 2417 tria
393 2390 574 2417 communiter
594 2389 626 2416 de
648 2388 728 2416 Patre
744 2389 889 2418 dicantur:

114 2437 177 2468 quod
203 2437 337 2472 ingenitus
362 2437 414 2469 sit;
434 2437 506 2471 quod
532 2436 630 2469 Pater,
647 2435 719 2471 quod
735 2436 826 2469 apiret,
844 2442 891 2461 seu

114 2483 234 2514 producat
247 2491 257 2515 ;
272 2483 417 2516 ingenitum
431 2483 550 2517 quidem,
570 2482 640 2517 quod
657 2489 766 2509 causam
781 2481 870 2516 signat
883 2489 890 2514 ;

116 2532 140 2553 et
154 2529 174 2555 si
187 2529 336 2556 secundum
348 2529 400 2555 hoc
411 2528 492 2555 Pater
512 2536 526 2555 a
538 2528 608 2555 Filio
629 2528 785 2563 Spirituque
800 2533 891 2554 secer-

117 2571 190 2605 nitur,
207 2572 298 2600 Patris
309 2578 396 2600 tamen
412 2580 556 2607 personam
573 2580 626 2600 non
644 2571 833 2603 commendat,
849 2579 893 2598 so-

117 2615 217 2653 lumque
234 2618 395 2653 designatio,
408 2623 435 2646 et
451 2618 525 2645 notio
546 2618 629 2653 ipsius
654 2623 714 2649 est,
727 2617 783 2651 jam
804 2617 892 2644 subsi—

118 2668 222 2692 stentem
241 2671 367 2699 sequens,
382 2669 410 2691 ut
438 2663 600 2698 simplietter
622 2664 774 2698 proprium.
789 2663 891 2697 Duplex

117 2710 177 2737 enim
198 2710 337 2745 proprium
353 2715 404 2737 est.
421 2710 500 2737 Aliud
514 2709 587 2736 enim
611 2714 652 2736 est
670 2710 808 2744 proprium
820 2709 891 2743 quod

118 2755 312 2783 substantialem
324 2756 442 2790 speciem
458 2755 590 2790 cujusque
604 2755 777 2783 commendat
789 2774 796 2787 ,
811 2759 891 2788 atque

120 2798 147 2825 ab
164 2800 225 2827 aliis
254 2805 386 2834 separat:
415 2805 444 2826 ut
463 2799 538 2826 Verbi
569 2799 668 2834 gratia,
694 2798 807 2826 Paulum
831 2805 891 2826 esse

120 2845 208 2873 animal
226 2855 234 2880 ;
254 2846 326 2873 aliud
340 2853 413 2878 vero,
432 2846 589 2881 magistrum
602 2844 684 2874 fuisse
700 2846 830 2881 gentium,
845 2850 890 2873 aut

943 1561 981 1588 ait
999 1561 1076 1589 divus
1096 1561 1254 1597 Dionysius.

980 1606 1056 1639 Quod
1072 1608 1094 1633 si
1111 1614 1167 1634 rem
1193 1607 1310 1641 aliquam
1337 1607 1474 1643 signiﬁcat
1495 1616 1576 1637 causa
1605 1610 1632 1637 in
1646 1610 1728 1639 Patre

943 1651 1148 1681 Suhstantialem
1160 1671 1168 1684 ,
1185 1653 1208 1679 si
1232 1653 1342 1687 quidem
1360 1653 1433 1680 aliud
1450 1654 1600 1689 quidpiam,
1615 1661 1729 1690 praeter-

943 1706 1024 1733 quam
1042 1699 1246 1733 patcruitatem.
1271 1706 1302 1726 ac
1325 1700 1529 1733 productionem
1546 1702 1728 1737 signiﬁcabit;

942 1751 970 1773 et
987 1745 1158 1780 perspicuum
1169 1748 1220 1777 est.
1235 1745 1305 1779 quod
1319 1745 1378 1773 alia:
1390 1746 1448 1774 ista;
1463 1754 1507 1775 res
1525 1749 1673 1782 paternitas
1688 1750 1729 1777 vi-

943 1791 1049 1823 delicet,
1075 1795 1104 1818 et
1125 1799 1220 1823 causa,
1236 1790 1263 1817 in
1289 1791 1371 1819 Patre
1400 1792 1466 1819 sint.
1484 1792 1577 1828 Itaque
1599 1798 1627 1821 et
1655 1794 1728 1822 aliud

942 1837 1044 1872 aliquid
1070 1845 1161 1869 causa,
1187 1841 1284 1872 praeter
1323 1836 1453 1871 Patrem,
1485 1840 1729 1875 productorcmque

942 1883 1081 1919 signabit:
1110 1889 1190 1917 atque
1206 1883 1241 1910 ita
1253 1903 1260 1915 ,
1285 1883 1447 1918 compositio
1470 1884 1496 1911 in
1516 1885 1570 1911 Deo
1582 1885 1632 1913 erit
1648 1886 1728 1914 din‘e-

942 1930 1060 1957 rentintn
1090 1929 1298 1964 inlelligihilium
1326 1936 1416 1956 rerum
1436 1939 1444 1957 :
1474 1931 1608 1966 simulque
1631 1933 1656 1960 in
1673 1933 1729 1961 Deo

942 1973 1098 2010 perfectius,
1114 1979 1194 2009 atque
1210 1974 1397 2009 imperfectius
1414 1976 1476 2010 erit,
1494 1984 1581 2012 neque
1597 1977 1650 2005 erit
1661 1978 1729 2006 alte-

941 2028 1012 2051 rum,
1027 2020 1098 2055 quod
1110 2020 1235 2048 alterum.

976 2066 1053 2100 Quod
1078 2066 1099 2093 si
1119 2065 1189 2094 idem
1216 2071 1258 2094 est
1284 2075 1364 2095 causa
1388 2067 1460 2102 quod
1488 2068 1636 2102 pateruitas
1649 2073 1730 2104 atque

942 2112 1096 2148 productio.
1112 2112 1198 2139 satius
1217 2117 1258 2139 est
1274 2120 1321 2147 pro
1335 2120 1418 2140 causa
1433 2113 1502 2147 qttod
1520 2120 1663 2141 commune
1674 2120 1728 2148 est,

943 2165 1003 2191 quas
1021 2157 1106 2192 magis
1122 2158 1229 2192 propria
1251 2164 1313 2186 sunt
1337 2159 1525 2186 substantialis
1543 2166 1613 2190 esse.
1627 2160 1727 2191 dicere.
1760 2184 1765 2189 .

944 2203 1134 2238 paternitatetn
1153 2204 1265 2236 scilicm.
1277 2212 1324 2232 seu
1342 2206 1557 2239 productionem,
1579 2206 1641 2240 quia
1657 2211 1682 2234 et
1696 2207 1728 2234 de

943 2249 1029 2284 magis
1049 2249 1165 2284 propriis
1192 2250 1416 2277 substantialibus
1441 2258 1530 2277 sermo
1550 2256 1608 2284 est,
1635 2253 1729 2280 docto.

942 2302 1040 2330 resque
1049 2296 1233 2330 paternitatem
1249 2303 1296 2331 pro
1310 2296 1468 2331 proprietate
1482 2297 1585 2329 dicunt,
1596 2299 1724 2332 quoniam

942 2347 970 2369 et
984 2341 1091 2369 Patretn
1110 2342 1224 2376 primum
1246 2343 1420 2369 conﬁtentur.

981 2388 1058 2421 Quod
1087 2388 1168 2423 igitur
1194 2389 1302 2415 tertium
1321 2389 1386 2416 illud
1409 2388 1535 2422 quiddam
1549 2396 1632 2416 causa
1659 2390 1728 2417 sub-

943 2433 1078 2461 stantialis
1104 2434 1152 2466 sit,
1176 2438 1284 2461 constat
1311 2443 1344 2461 ex
1363 2435 1416 2466 Itis,
1448 2435 1494 2462 sed
1524 2440 1612 2462 tamen
1640 2443 1729 2470 neqtte

942 2485 1087 2515 utrumque
1109 2481 1189 2508 simul
1221 2482 1412 2515 paternitatcm
1438 2481 1528 2508 dicere
1553 2480 1593 2508 fas
1607 2485 1660 2509 est.
1673 2482 1728 2509 Aut

941 2526 1014 2553 enim
1031 2526 1066 2553 ita
1085 2527 1165 2554 ambo
1190 2532 1268 2553 erunt
1292 2527 1498 2560 substantialis,
1513 2527 1590 2562 quasi
1613 2529 1726 2556 seorsim

942 2577 1087 2606 utrumque
1098 2572 1151 2598 erit
1172 2572 1251 2599 Pater
1266 2572 1412 2599 secundum
1432 2573 1502 2599 hanc
1526 2573 1657 2600 rationem
1669 2574 1728 2600 duas

941 2617 1110 2645 substantiae.
1134 2618 1268 2645 Possihile
1287 2618 1360 2645 cnim
1381 2625 1434 2646 non
1450 2623 1513 2652 est,
1536 2619 1588 2646 duo
1601 2621 1727 2647 substan-

942 2664 1016 2691 tialia
1035 2664 1150 2698 cuipiam
1161 2664 1253 2691 inesse
1261 2664 1361 2692 dicere.

983 2708 1068 2737 Porro
1099 2710 1150 2737 hoc
1179 2710 1276 2744 ipsum,
1294 2717 1347 2737 non
1377 2713 1444 2739 duas
1463 2717 1524 2737 esse
1549 2711 1725 2741 substantias,

942 2756 1011 2783 idem
1038 2756 1094 2782 fere
1116 2760 1168 2788 est,
1196 2763 1228 2782 ac
1243 2756 1265 2782 si
1283 2756 1364 2783 homo
1387 2756 1521 2791 quispiam
1533 2756 1602 2782 duas
1628 2755 1726 2782 habeat

942 2801 1057 2839 animas.
1073 2801 1131 2829 Non
1151 2801 1224 2829 enim
1253 2802 1408 2830 dicerentur
1428 2802 1483 2829 duo
1507 2809 1567 2829 eSse
1591 2801 1724 2828 homines.

944 2848 1093 2883 Utrumque
1112 2849 1182 2875 cnim
1210 2848 1388 2877 subslantiale
1413 2848 1524 2875 insitum
1537 2867 1543 2879 ,
1562 2847 1632 2882 quod
1646 2854 1725 2874 suum
