1934 3063
197 140 229 173 1³]
236 139 248 171 ι

823 141 1022 171 MANUELlS
1042 143 1062 171 C
1072 141 1195 172 \LECt'E

1767 139 1829 172 13?.

195 201 247 227 est.
267 195 356 226 faciet,
387 199 414 222 et
441 195 657 228 connucndabit;
678 196 720 224 sin
744 204 809 223 vero
833 197 867 223 ita
895 197 1010 228 atnboA
1027 199 1205 232 proprietates
1233 199 1397 233 personaies,
1428 199 1509 226 etiam
1535 205 1587 224 una
1616 197 1827 226 substantiales

195 240 382 268 substantiaiia
410 245 482 272 sunt,
510 245 539 267 ut
567 241 698 272 alterum,
724 241 809 268 solum
841 249 900 268 esse
924 249 975 268 non

194 288 301 321 possit;
333 293 477 320 utrtttnque
506 286 692 320 imperfectum
726 287 796 319 erit;
825 291 863 318 ct,
890 295 977 321 neque

195 333 301 359 Patrem
316 333 401 360 solum
414 333 507 360 dit-ens
525 332 670 366 quispiam,
681 340 766 367 neque
777 334 975 367 produclorcm,

194 379 373 404 substantiam
391 378 510 410 perfecte
522 398 529 411 ,
547 378 703 412 integreque
723 377 857 412 signabit:
875 379 910 405 ita
929 386 977 406 nec

194 424 282 451 Putris
302 432 442 457 personam
470 425 608 451 discernet
625 433 638 450 a
663 424 793 458 reliquis:
815 429 840 451 et
867 425 975 451 tertium

193 469 265 495 alzud
280 470 416 503 quidpiam
439 470 531 497 dicere
555 478 664 497 necesse
686 471 748 501 erit,
761 471 833 504 quod
861 470 895 497 sit
910 471 975 498 sub-

193 515 297 542 stantia:
318 523 426 543 nomen.
452 516 483 543 Et
508 515 621 543 fortasse
639 523 750 543 causam
767 517 839 544 Ilicet
864 517 974 552 aliquis,

192 561 264 587 aliud
278 561 350 588 enim
370 561 497 595 pmsibile
515 570 566 588 non
586 568 635 589 est.
656 563 689 588 At
705 563 774 589 istud
793 571 853 590 esse
873 564 975 598 impos-

193 607 281 639 sibile,
298 615 378 641 supra
406 608 620 636 demonstratum
649 615 701 636 est.
728 609 780 636 Sed
805 611 971 636 contrarium

192 662 240 680 nsn
254 655 389 687 cernitur;
415 656 459 690 qui
474 655 545 682 cnim
563 655 671 683 Patrem
688 656 753 683 dicit
777 656 863 684 solum
880 664 974 690 perso-

193 708 253 726 nam
271 700 400 733 aliquam,
418 701 552 728 veraciter
565 707 646 736 atque
662 701 781 736 perfecte
799 709 828 729 se
846 707 974 736 putat,ac

191 747 370 772 substantiam
397 748 498 773 dicere.
523 747 554 774 Et
577 747 602 774 hi
632 749 726 780 etiam,
757 748 801 782 qui
826 749 975 782 producere

192 790 282 817 Patris
306 793 482 819 snbsmntiale
506 798 610 826 ponunt
635 794 824 828 produclorcm
842 795 974 828 dicentes,

191 836 300 863 Patrem
313 846 342 864 se
353 838 506 871 signiﬁcare
517 843 622 873 putant.

227 882 285 909 Non
314 884 404 917 itaque
431 884 466 910 ita
490 885 653 918 prolut'tio,
672 894 702 912 ac
722 887 870 919 palernitas
896 887 974 914 ambo

191 928 272 956 simul
289 929 477 956 substantiaiia
499 935 570 961 sunt,
581 936 609 957 ttt
622 931 735 957 alterum
751 931 837 958 solum
853 940 973 959 essetnon

192 975 276 1008 possit
291 983 298 1007 ;
317 975 448 1009 reliquum
465 984 529 1010 ergo
543 981 593 1009 est,
604 977 645 1003 vel
659 976 847 1011 productorem
865 978 974 1012 quidem

191 1020 370 1048 substantiaie
390 1029 461 1054 esse,
476 1023 665 1056 paternitatem
681 1027 769 1050 autem
787 1023 876 1058 sequi,
893 1024 970 1057 quasi

192 1067 328 1100 proprimn
347 1067 506 1101 simpliciter
523 1072 603 1102 atque
623 1069 787 1102 agnitionem
802 1077 809 1096 ε
826 1074 872 1096 aut
884 1074 974 1103 pater-

192 1112 303 1138 nitatem
329 1112 436 1146 quidem
467 1112 647 1139 substantiaie
671 1119 741 1144 esse,
767 1113 972 1147 productionem

191 1164 265 1187 vero,
285 1161 312 1183 ιιι
326 1157 491 1190 agnitionem
506 1157 592 1191 sequi.
609 1156 662 1184 Sed
682 1157 705 1184 si
722 1157 830 1191 quidem
849 1157 974 1184 substan-

190 1203 253 1229 tiaie
266 1202 407 1236 productio
424 1207 480 1232 est,
496 1203 644 1238 paternitas
665 1208 755 1230 autem
781 1210 897 1237 sequens
912 1210 974 1238 pro-

192 1249 289 1284 prium,
305 1253 332 1276 et
345 1248 525 1276 substantiam
545 1248 719 1283 significans;
735 1249 838 1282 primus
853 1256 928 1283 ergo,
943 1254 972 1277 et

190 1295 249 1322 sine
265 1294 352 1322 medio
368 1295 533 1329 productivas
552 1295 711 1322 substantia:
731 1302 889 1328 processus.
910 1303 974 1330 pro-

191 1343 301 1373 ducere,
318 1341 359 1369 vel
371 1341 476 1376 spirare
488 1341 550 1372 erit.
569 1341 647 1375 quasi
663 1341 722 1368 sine
739 1340 827 1368 medio
844 1341 973 1369 substan-

193 1386 281 1412 tialent
310 1386 426 1420 speciem
453 1392 579 1419 sequens.
600 1385 817 1420 Unumquodque
830 1386 903 1412 enim
929 1394 973 1414 se-

191 1433 308 1458 cundum
337 1439 413 1458 suam
452 1430 672 1463 subsistentem,
713 1430 973 1466 substantialcmque

192 1476 396 1511 proprietatem,
414 1476 489 1511 prius
506 1481 635 1510 operatur
651 1484 658 1502 :
673 1484 720 1510 per
736 1476 850 1513 primum
872 1482 971 1509 autent,

1028 244 1182 270 divinartttn
1209 251 1384 278 personarum
1413 251 1473 270 esse
1502 242 1637 270 conﬁteri.
1670 241 1826 276 Propterea

1029 289 1160 317 Dominus
1187 294 1279 317 noster
1295 298 1355 316 cum
1378 289 1520 317 Trinitatis
1545 288 1705 323 mysterium
1728 288 1826 314 trade-

1029 340 1079 366 ret,
1095 336 1122 361 in
1142 335 1251 362 nomine
1277 335 1377 366 Patris,
1396 340 1423 362 et
1438 334 1517 367 Filii,
1536 339 1560 360 el
1587 333 1702 367 Spirilus
1717 335 1824 364 sancti.

1027 380 1175 412 disci,nlos
1194 380 1331 414 baptizare
1346 380 1429 413 jussit
1447 380 1468 406 ί.
1485 379 1537 406 Per
1557 379 1583 406 id
1603 379 1724 413 quidem,
1742 379 1824 413 quod

1028 425 1105 458 dixit,
1120 426 1146 452 in
1176 426 1289 458 rtontine,
1304 433 1382 452 unam
1403 425 1547 451 essentiam
1573 424 1699 458 signans;
1716 431 1764 458 per
1792 424 1822 450 id

1028 479 1102 503 vero,
1115 472 1185 505 quod
1198 477 1306 498 srcutus
1325 470 1458 504 adjunxit,
1480 469 1570 496 Patris
1590 475 1614 496 et
1635 469 1710 500 Filii,
1722 474 1748 496 et
1759 469 1824 503 Spi-

1027 519 1096 544 ritus
1112 518 1196 544 sancti
1211 537 1219 548 ,
1236 517 1413 551 proprietates
1433 516 1566 547 indicans,
1584 517 1730 542 secundum
1745 522 1822 548 quas

1027 562 1124 589 divinae
1139 562 1293 588 subsistunt
1318 569 1460 596 personze,
1479 561 1625 588 secundum
1645 561 1820 587 substantias

1026 615 1101 640 suas,
1124 608 1149 634 in
1166 607 1222 634 suis
1238 607 1353 641 propriis
1375 614 1461 641 neque
1487 607 1703 634 communionem
1727 606 1817 633 ullam

1026 653 1241 686 admittentibus,
1269 654 1375 681 essendi
1406 654 1503 680 modis.
1529 653 1560 680 Et
1589 652 1715 687 quoniam
1743 654 1819 680 ratio

1025 700 1133 734 quidem
1149 700 1318 734 patet-uitatis
1337 704 1376 726 est
1400 699 1538 733 generatio
1558 699 1703 726 secundum
1719 706 1819 725 essen-

1025 747 1103 777 tiam,
1125 744 1288 780 Filiumquc,
1309 745 1395 779 primo
1412 751 1443 770 ac
1460 744 1519 772 sine
1535 743 1588 770 ullo
1605 743 1693 770 medio
1710 743 1817 779 produ-

1025 799 1104 824 cere;
1120 797 1247 826 operatur
1264 792 1363 826 quippe
1379 797 1477 818 natura
1495 791 1520 818 in
1545 791 1626 818 Patre
1637 810 1644 820 ,
1660 789 1814 817 secundum

1025 838 1216 873 proprietatem
1234 844 1364 872 personat,
1382 837 1408 863 in
1424 845 1474 870 qua
1491 841 1546 869 est;
1562 836 1643 870 geniti
1661 842 1725 862 vero
1737 834 1813 862 ratio

1025 889 1076 916 cst,
1093 883 1152 910 sine
1168 883 1221 909 ullo
1237 882 1325 909 medio
1336 889 1368 908 ex
1385 882 1466 907 Patre
1478 889 1557 914 esse;
1573 881 1691 914 Spiritus
1709 886 1813 912 autem,

1025 930 1081 956 sive
1094 929 1264 963 procedentis
1278 935 1292 954 a
1313 927 1392 954 Patre
1408 935 1455 961 per
1469 927 1586 961 genitum
1616 933 1675 953 esse
1686 919 1814 958 {idcirco

1025 973 1132 1001 Patrem
1161 974 1255 1000 ordine
1282 980 1453 1008 praeponens,
1482 972 1580 999 Filium
1611 972 1759 1006 subjunxit,
1783 976 1814 998 ut

1024 1020 1070 1055 qui
1086 1021 1121 1047 sit
1136 1027 1168 1047 ex
1188 1019 1266 1047 Patre
1278 1019 1335 1047 sine
1352 1019 1406 1046 ullo
1423 1019 1509 1045 medio
1521 1026 1529 1050 ς
1542 1018 1650 1045 tertium
1672 1025 1736 1045 vero
1749 1017 1813 1052 Spi-

1024 1066 1107 1093 ritum
1137 1071 1260 1093 sanctum
1286 1064 1400 1096 addidit,
1425 1069 1454 1091 ut
1471 1072 1502 1091 ex
1519 1064 1598 1091 Patre
1617 1064 1809 1098 procedentem

1024 1119 1072 1146 per
1087 1111 1196 1138 Filium.

1060 1157 1086 1183 In
1104 1156 1217 1187 singulis
1231 1155 1302 1182 enim
1323 1155 1432 1189 propria
1459 1154 1501 1181 sui
1523 1153 1619 1188 ipsius,
1635 1158 1662 1180 et
1680 1153 1810 1181 substan-

1025 1203 1105 1236 tialis,
1119 1207 1145 1230 ct
1159 1207 1289 1230 constans
1301 1205 1329 1228 et
1340 1201 1508 1229 substantiva
1526 1201 1641 1234 species,
1656 1201 1808 1227 secundum

1023 1257 1105 1284 quant
1122 1247 1250 1276 subsistit
1274 1247 1412 1282 prima,et
1427 1247 1485 1274 sine
1496 1246 1595 1278 medio,
1612 1246 1671 1281 ejus
1688 1245 1809 1280 operatio

1023 1300 1076 1327 est,
1091 1300 1139 1329 per
1149 1301 1229 1328 quam
1246 1293 1446 1327 prtecogitatam
1461 1292 1512 1318 alia
1526 1299 1634 1327 quoque
1648 1297 1776 1326 operatur
1797 1299 1806 1318 :

1023 1340 1096 1367 sicut
1128 1338 1202 1366 verbi
1228 1339 1324 1373 gratia,
1342 1337 1368 1364 in
1394 1337 1512 1370 homine,
1530 1337 1660 1364 rationale
1680 1337 1807 1365 substan-

1024 1385 1088 1413 tiale
1114 1392 1177 1413 cum
1203 1385 1238 1412 sit
1256 1383 1359 1420 speciei
1384 1383 1453 1419 ejus,
1471 1385 1619 1411 secundum
1644 1390 1726 1418 quant
1744 1390 1806 1410 esse

1025 1432 1078 1459 hoc
1093 1430 1222 1465 quiddam
1240 1431 1309 1457 idem
1327 1430 1464 1457 hominem
1482 1429 1574 1462 habet,
1592 1429 1649 1464 ipsa
1662 1433 1704 1456 est
1718 1429 1804 1463 prima

1023 1477 1081 1510 ejus
1095 1476 1247 1503 itnmediata
1263 1475 1395 1510 operatio,
1407 1482 1454 1509 per
1476 1482 1557 1509 quam
1572 1479 1598 1501 et
1612 1474 1664 1501 alia
1680 1479 1806 1509 operatur

189 1528 217 1550 et
233 1523 292 1550 sine
304 1522 401 1555 medio,
416 1522 496 1550 etiam
512 1522 563 1549 alia
581 1523 714 1556 producit.
739 1523 808 1549 Hinc
823 1522 906 1556 igitur
925 1530 972 1558 per
985 1528 1007 1557 ο
1023 1531 1083 1558 qua:
1090 1527 1256 1550 constantem
1266 1522 1323 1556 ejus
1337 1522 1453 1556 speciem
1470 1525 1735 1556 sequuntur;utputa
1744 1521 1806 1548 visi—

192 1569 342 1602 producerc
368 1567 439 1602 quod
462 1567 572 1599 dicilttr,
585 1568 637 1594 erit
652 1568 774 1602 gignere,
797 1570 971 1603 genitumque

192 1619 240 1644 per
266 1611 416 1645 producens
441 1615 593 1638 nascetur:
618 1617 643 1638 et
660 1611 743 1639 Filius
767 1620 800 1640 ex
822 1612 903 1640 Patre
924 1621 972 1647 per

191 1655 320 1689 Spiritum
335 1655 397 1687 erit,
421 1663 507 1690 neque
522 1656 574 1682 erit
597 1656 681 1683 Filius
697 1665 728 1684 ex
746 1656 825 1684 Patre
839 1658 897 1685 sine
915 1665 972 1685 me-

192 1701 244 1732 dio,
262 1708 347 1734 neque
363 1700 458 1727 tertius
473 1708 487 1727 a
502 1699 582 1728 Patre
609 1701 725 1736 Spiritus
741 1703 888 1729 secundum
909 1710 970 1737 per-

191 1744 312 1771 sonalem
342 1744 480 1776 ordinem;
518 1743 689 1778 Spiritusque
724 1747 868 1780 conjunget
899 1745 972 1772 Patri

191 1790 330 1822 Verbum,
360 1789 530 1824 plurintaque
557 1792 712 1818 necessario
745 1796 893 1826 sequentur
925 1792 971 1819 ah-

186 1835 282 1862 surda.

226 1881 341 1914 Quibus,
367 1884 395 1908 ut
419 1880 575 1915 praedictum
591 1883 642 1912 est,
659 1885 686 1907 et
699 1881 832 1908 catholica
852 1882 918 1910 ﬁdes
945 1889 973 1909 et

181 1931 344 1954 'sanciorutn
360 1926 470 1954 Patrum
489 1926 677 1954 Ecclesiastica
696 1927 821 1954 doctrina
835 1928 971 1955 contraria

180 1973 282 2005 sentit,
300 1981 331 2000 ac
350 1972 490 2007 praedicat.
512 1971 614 2007 Nempe
629 1973 787 2007 enimjuxta
805 1974 874 2005 hanc
889 1974 969 2001 ratio«

182 2027 251 2045 nem
275 2019 464 2053 productorent
487 2027 520 2046 ex
539 2019 730 2051 substantiali,
758 2020 846 2054 potius
875 2027 972 2047 vocare

180 2063 341 2094 conveniet,
359 2070 439 2096 quam
460 2070 492 2090 ex
509 2071 541 2090 eo
555 2063 625 2097 quod
641 2064 819 2091 substantiam
831 2065 970 2099 sequitur;

180 2107 260 2140 quod
274 2114 288 2132 a
305 2107 453 2141 Scriptura:
476 2108 538 2140 tide,
568 2113 648 2144 atque
670 2116 684 2136 a
699 2110 897 2137 consuetudine
912 2117 971 2137 orn-

190 2153 255 2178 nino
271 2152 386 2179 alienum
401 2158 452 2179 est.

225 2198 357 2229 Quoniam
374 2198 455 2232 igitur
470 2199 535 2226 nihil
559 2206 652 2226 eorum
678 2207 737 2234 qua:
754 2201 882 2234 praedicta
897 2206 971 2235 sunt,

189 2243 365 2270 substantiale
383 2250 528 2277 est,ncque
543 2245 702 2279 ingenitum,
719 2253 804 2279 neque
821 2254 913 2279 causa,
925 2255 972 2274 ne-

187 2296 242 2321 que
259 2288 398 2321 productio
413 2293 440 2314 et
466 2289 615 2322 paternitas
631 2290 721 2322 simul,
751 2292 828 2324 quasi
858 2291 971 2318 alterum

185 2341 250 2359 esse
266 2341 318 2359 non
336 2336 439 2367 possit:
455 2342 539 2368 neque
555 2335 705 2369 producere
721 2341 823 2363 tantum
836 2339 908 2371 quod
925 2339 968 2366 di-

187 2379 271 2411 citur,
290 2379 466 2407 substantiale
490 2380 579 2408 Patris
601 2390 661 2409 esse
689 2390 799 2418 potest:
818 2390 912 2417 restat,
942 2390 972 2412 ut

189 2426 380 2458 paternitatem
407 2426 495 2452 solam
519 2425 609 2454 Patris
624 2435 684 2456 esse
699 2430 877 2458 subslantiale
901 2432 973 2458 dica-

188 2478 260 2503 taus,
277 2471 352 2504 quasi
377 2472 610 2500 commendantem
635 2475 660 2501 in
675 2477 804 2511 proprio,
821 2481 849 2504 et
870 2478 970 2505 nemini

189 2525 333 2544 commune
347 2525 408 2545 csse
424 2517 512 2545 Patris
525 2527 680 2554 personam,
701 2523 758 2550 sive
778 2523 971 2557 substantiam,

189 2563 394 2598 productionem
413 2571 476 2590 vero
492 2572 634 2598 personam
650 2568 745 2601 sequi,
763 2573 792 2595 ut
807 2571 970 2605 agnitionem

188 2608 358 2642 slmpliciter,
387 2617 419 2636 ac
445 2610 669 2645 significationem
699 2614 858 2642 substantiae
885 2616 970 2649 ipsius

187 2654 244 2688 jam
261 2653 440 2682 subsistentis.
455 2655 488 2682 Et
508 2662 708 2692 consequenter
726 2658 897 2686 nativitatem
910 2662 969 2695 qui-

189 2700 252 2726 dem
277 2698 337 2726 Filii
363 2707 505 2735 personam
537 2704 748 2736 commcndare,
767 2705 968 2738 processiouem

191 2751 255 2770 vero
279 2745 365 2772 sancti
394 2746 511 2780 Spiritus
537 2755 678 2783 personam
695 2757 701 2776 :
721 2755 802 2784 atque
825 2746 890 2778 istas
910 2757 967 2779 tres

204 2836 212 2850 '
229 2829 321 2865 Mattif.
339 2845 432 2872 χλι-ιιι,
449 2838 488 2870 l9,
501 2839 544 2866 ‘20.

1024 1569 1096 1600 bile;
1112 1569 1176 1596 solis
1192 1576 1300 1603 quoque
1324 1568 1430 1602 species
1453 1574 1574 1600 unacum
1594 1567 1640 1598 sit,
1657 1566 1805 1593 secundum

1023 1622 1103 1650 quam
1120 1615 1159 1642 sol
1178 1614 1311 1644 subsistit,
1324 1613 1485 1648 pnncipium
1504 1616 1546 1640 est
1556 1612 1650 1645 prima;
1667 1617 1694 1639 et
1712 1613 1806 1640 imme-

1023 1660 1101 1687 diatae
1114 1659 1315 1693 operationisin
1328 1658 1385 1685 sole
1395 1658 1512 1689 lucendi,
1525 1665 1584 1692 quae
1605 1658 1704 1684 nullam
1725 1658 1804 1685 aliam

1024 1705 1274 1738 antesecogitatam
1288 1705 1475 1737 operationem
1491 1703 1520 1730 in
1537 1705 1595 1730 sole
1608 1703 1700 1730 habet.
1708 1703 1745 1730 Ac
1757 1711 1805 1738 per

1024 1751 1092 1778 hanc
1100 1750 1207 1777 lucendi
1220 1750 1415 1783 operationem,
1424 1751 1551 1784 qttwiattte
1558 1757 1651 1777 omnes
1659 1750 1724 1777 alias
1734 1750 1804 1784 cogi-

1024 1800 1107 1828 tatur,
1123 1799 1203 1830 atque
1217 1795 1277 1823 sine
1297 1795 1387 1822 medio
1403 1795 1429 1821 in
1447 1795 1504 1822 soic
1521 1800 1573 1828 est,
1592 1795 1738 1826 illustrare,
1750 1796 1805 1823 sic-

1023 1850 1097 1874 care,
1119 1841 1270 1869 calefacere
1293 1842 1331 1869 sol
1350 1847 1379 1869 ut
1392 1843 1489 1876 possit,
1511 1842 1602 1869 habet.
1635 1841 1805 1877 Rursumque

1023 1896 1156 1916 numanus
1170 1889 1276 1916 animus
1290 1895 1350 1915 cum
1368 1896 1416 1922 per
1432 1888 1638 1923 intelligentiam
1654 1889 1740 1923 prima
1754 1889 1804 1915 sibi

1023 1937 1049 1960 et
1061 1932 1217 1959 itntnediata
1234 1933 1270 1959 sit
1281 1932 1361 1965 actio,
1372 1939 1419 1966 per
1433 1932 1503 1959 hanc
1514 1933 1714 1968 praecogitatatn
1723 1933 1803 1960 etiam

1023 1982 1179 2012 sequentem
1191 1979 1388 2013 operationem,
1405 1978 1474 2006 velle
1487 1979 1594 2006 scilicet
1608 1978 1723 2013 perlicit.
1736 1979 1805 2012 Ope-

1023 2024 1142 2050 rationes
1165 2024 1237 2050 enim
1261 2024 1311 2050 ista
1336 2023 1462 2050 dicuntur
1477 2024 1626 2057 ,quoniam
1653 2029 1681 2051 et
1708 2024 1805 2051 intelli-

1022 2075 1095 2102 gere,
1114 2072 1142 2095 et
1157 2069 1289 2103 cogitare,
1309 2073 1337 2095 et
1354 2069 1583 2101 animadvertere,
1599 2075 1627 2097 et
1645 2069 1721 2102 velle,
1736 2071 1804 2098 sicut

1022 2114 1103 2139 etiam
1124 2114 1246 2148 gignere,
1260 2115 1366 2148 operari
1386 2114 1486 2149 aliquid
1503 2120 1554 2142 est.

1057 2160 1202 2192 Quocirca,
1219 2160 1346 2194 quoniam
1367 2161 1516 2188 secundum
1529 2161 1656 2196 gignendi
1671 2164 1801 2192 rationem

987 2194 1009 2222 Π
1023 2205 1112 2233 Patris
1134 2213 1248 2240 persona
1261 2207 1385 2234 subsistit
1405 2215 1413 2239 ;
1439 2215 1487 2242 per
1503 2194 1590 2242 ipsum
1605 2209 1716 2243 gignere
1734 2211 1801 2245 quod

1022 2252 1130 2283 dicitur,
1147 2253 1229 2279 etiam
1246 2253 1393 2287 productor
1411 2253 1493 2280 Pater
1516 2255 1579 2282 erit.
1609 2254 1670 2283 ideo
1694 2261 1802 2289 etcen-

1022 2305 1085 2332 grne
1100 2305 1165 2325 sane
1178 2299 1324 2331 productor
1354 2306 1401 2333 per
1421 2300 1539 2326 Verbum
1556 2301 1646 2328 dictus
1662 2307 1703 2328 est
1720 2311 1728 2334 ;
1745 2302 1802 2336 Spi-

1021 2343 1142 2378 ritusqne
1153 2351 1184 2370 ex
1204 2344 1283 2371 Patre
1295 2346 1453 2380 procedere.
1468 2345 1560 2380 Neque
1575 2346 1628 2373 hoc
1641 2347 1740 2381 solum,
1757 2350 1800 2376 sed

1020 2391 1047 2413 et
1063 2394 1111 2421 per
1127 2386 1225 2414 Filium
1238 2388 1307 2416 facta
1323 2397 1384 2416 esse
1398 2390 1500 2423 omnia,
1515 2391 1685 2425 accepimus.

1057 2432 1118 2460 Hinc
1144 2438 1232 2460 autem
1248 2434 1378 2468 praedicta
1401 2435 1492 2462 omnia
1517 2435 1666 2470 roborant;
1691 2444 1802 2472 namque

1020 2483 1047 2505 et
1061 2479 1187 2505 traditum
1216 2480 1408 2507 commendant
1435 2481 1569 2514 ordinem,
1586 2481 1740 2518 Filiumque
1758 2492 1800 2511 ne-

1021 2525 1140 2552 cessario
1154 2526 1229 2560 prius
1245 2533 1336 2554 mente
1352 2527 1471 2562 concipi,
1487 2535 1567 2561 quam
1586 2528 1727 2563 Spiritum,
1744 2534 1768 2556 et
1788 2539 1801 2557 :t

1021 2570 1101 2597 Patre
1114 2572 1222 2598 tertium
1251 2573 1398 2600 secundum
1413 2574 1583 2608 personalem
1611 2576 1733 2603 ordinem
1747 2584 1802 2603 ϐεδε

1024 2615 1152 2650 Spiritum
1164 2625 1170 2643 :
1187 2621 1267 2651 atque
1275 2626 1335 2645 cum
1347 2620 1442 2646 ordine
1453 2627 1626 2653 personarum
1638 2621 1671 2647 ad
1681 2621 1800 2659 invicem.

1022 2662 1067 2694 qui
1077 2670 1108 2689 cx
1124 2665 1298 2696 processibus
1308 2666 1389 2691 sttuul
1405 2665 1569 2699 declaratur,
1587 2667 1713 2694 essentia:
1740 2675 1799 2701 quo-

1022 2715 1075 2742 que
1089 2709 1233 2736 roboratur
1247 2710 1384 2742 identitas,
1400 2719 1462 2738 cmn
1474 2713 1569 2740 tertius
1590 2713 1676 2747 primo
1688 2720 1736 2747 per
1750 2720 1800 2739 me

1021 2754 1093 2780 dium
1106 2753 1238 2789 jungitur,
1255 2755 1331 2790 juxta
1347 2755 1506 2791 Gregorium
1520 2757 1681 2792 Nysscnum,
1697 2762 1799 2784 natura-
