1934 3063
96 124 153 156 133

95 229 286 263 Unigenitum
300 227 332 254 ad
349 226 480 261 Spiritum
495 231 621 253 sanctum
639 234 672 254 es
705 226 786 254 Patre
805 234 901 262 proce-

92 275 174 306 dere,
196 281 254 302 non
266 277 356 301 tamen
368 280 402 300 es
415 273 581 308 produclore
594 272 682 306 .Nam,
697 273 847 301 secundum
857 281 904 308 pa-

94 326 212 347 ternam
244 319 438 354 proprietatem
458 317 549 346 Patris
584 326 702 353 persona
739 320 902 352 subsistens,

91 367 258 394 secundum
271 366 340 393 hanc
355 365 493 400 primitus,
504 373 535 392 ac
545 366 604 393 sine
617 367 706 393 medio
717 374 750 393 ex
764 374 792 394 se
806 367 902 394 Filium

92 413 190 447 gignit
206 424 212 439 ;
227 412 365 448 gignendo
381 416 472 439 autem
486 411 644 445 producitet
659 411 790 446 Spiritum
805 421 811 438 ε
827 413 901 439 illum

92 459 218 494 quidem
233 458 407 486 continenter
430 465 462 485 es
475 458 575 493 primo;
595 459 666 484 ltuuc
678 464 766 485 autem
780 466 828 492 per
839 466 900 485 eum

93 505 142 539 qui
161 509 209 531 est
227 504 402 531 continenter
414 511 447 531 ex
463 504 562 538 primo.
578 503 632 530 Nisi
643 511 707 538 ergo
721 504 800 531 Pater
819 509 901 537 esset,

95 549 228 585 profecto
239 557 326 584 neque
337 550 485 584 productor
501 554 585 577 esset.

134 595 220 623 Unde
239 596 321 622 etiam
337 595 441 623 dictum
458 601 511 629 est,
538 597 642 624 idcirco
670 597 744 624 illum
770 605 801 624 ex
820 597 901 625 Patre

96 641 267 676 procedere,
284 643 414 676 quoniam
439 642 572 677 eli‘ulgeta
601 643 680 676 F'Jio,
710 648 737 672 et
752 645 899 678 peripsum

96 693 147 714 est.
159 687 222 715 Nisi
237 689 309 715 enini
331 696 378 724 per
390 688 488 716 Filium
499 694 582 721 essm,
594 698 680 724 neque
695 699 708 717 a
728 690 808 718 Patre
816 696 898 719 esset.

99 735 195 768 Itaque
213 735 394 769 praecogilalo
413 735 521 770 quidem
534 735 604 762 Filio
622 741 732 771 propter
759 741 899 772 paternam

97 781 323 814 generationem,
339 783 489 818 secundum
502 790 582 817 quam
596 782 684 809 Patris
702 791 817 816 persona
838 784 901 811 sub-

99 828 170 854 sistit
188 837 195 854 :
217 836 268 862 per
285 827 381 854 Filium
399 836 463 855 vero
484 829 648 862 procedente
664 829 767 863 Spiritu
787 835 898 861 sancto,

100 875 213 908 proprie
231 874 381 900 admodum
395 874 513 907 Spiritus
531 879 643 903 sanctus
660 883 691 902 ex
706 876 788 903 Patre
804 884 900 911 prece-

102 922 164 945 dere
181 927 195 946 a
209 920 347 954 theologis
362 921 492 947 asseritur
508 929 514 952 ;
532 925 562 948 ut
588 921 633 955 qui
658 929 711 948 non
726 921 805 948 aliter
820 929 899 955 quam

102 973 134 992 cs
160 965 245 992 Patre
259 974 308 1000 per
325 967 527 999 generationem
555 967 722 1001 producatur
748 975 755 994 :
772 967 806 995 ob
818 975 898 1001 quam

103 1011 227 1045 proiecto
244 1019 371 1044 causam,
389 1018 416 1039 ct
433 1012 520 1039 sancti
533 1011 628 1040 Patres
653 1013 826 1047 eonjunctam
839 1021 901 1048 pro~

102 1057 213 1083 cedendi
236 1057 437 1090 delinitionem,
455 1065 488 1085 es
517 1058 597 1085 Patre
616 1059 687 1094 quod
718 1059 828 1092 dicitur,
851 1067 900 1094 pro

102 1109 132 1128 eu
147 1103 222 1136 quod
243 1107 289 1129 est
306 1110 340 1128 cx
357 1101 436 1129 Patre
450 1109 499 1137 per
515 1102 614 1131 Filium
632 1104 825 1138 suscipientes,
843 1112 899 1130 ma-

104 1147 228 1174 tnlestius
248 1148 440 1182 explicucrunt
468 1149 542 1176 :ltoc
565 1149 654 1184 ipsum
683 1157 744 1177 esse
773 1158 806 1177 ex
820 1150 899 1178 Patre

105 1193 263 1226 procedere,
298 1193 397 1220 divinis
435 1194 590 1221 rationibus
619 1200 818 1223 asseverantes.
838 1195 896 1224 Nisi

105 1238 172 1264 cuitu
189 1239 344 1266 secundum
372 1241 544 1272 paternitatis
571 1241 773 1275 deﬁnitionem,
793 1250 893 1270 secuti-

104 1284 163 1310 dntn
175 1292 259 1319 quam
276 1284 366 1312 Patris
377 1294 492 1319 persona
509 1287 644 1319 subsistit,
669 1288 796 1315 ttativitas
824 1287 898 1320 Filii.

107 1331 264 1365 priusquam
283 1332 423 1365 processio
450 1331 570 1366 Spiritus
588 1334 764 1367 cogitaretur,
792 1342 895 1368 nequa-

106 1385 181 1410 quam
196 1386 227 1404 es
246 1378 330 1405 Patre
344 1379 502 1412 procedere,
520 1379 568 1406 sed
581 1386 615 1406 ex
637 1379 803 1414 productore
821 1382 896 1409 dice—

109 1428 185 1455 retur,
211 1429 298 1457 atque
317 1432 354 1455 eo
369 1425 463 1459 magis,
483 1432 516 1452 ne
530 1430 558 1452 et
584 1425 702 1460 Spiritus
722 1425 807 1455 Filius
836 1436 898 1455 csse

109 1470 266 1502 quibusdam
303 1471 419 1498 fortasse
442 1471 589 1503 videretur,
610 1479 671 1499 cum
693 1473 841 1506 procedere
857 1474 897 1500 di-

110 1523 207 1543 oeretur
218 1525 253 1543 ex
268 1516 361 1544 Patre.
377 1518 502 1552 Congrue
521 1518 602 1551 igitur
630 1518 769 1545 innovatio
793 1519 897 1547 ordinis

111 1568 181 1595 quem
202 1562 338 1589 Dominus
353 1563 473 1594 tradidit.
494 1564 577 1597 ipsius
598 1563 757 1592 substantiae
773 1565 899 1592 abolitio-

113 1615 165 1634 ιιι-ιιι
192 1608 309 1641 habere,
337 1609 453 1643 lideique
473 1609 555 1637 totius
581 1609 724 1645 abnegatio
738 1617 797 1638 esue
824 1612 895 1639 dicta

113 1658 155 1680 εει.
176 1654 320 1689 Abneganl
337 1654 416 1681 ﬁdem
431 1655 548 1685 Scilicet,
563 1656 608 1690 qui
620 1656 773 1690 producere
788 1657 895 1690 quidem

113 1704 138 1725 nt
152 1699 334 1727 substantiale
349 1705 480 1734 ponentes
494 1701 592 1734 Patris,
607 1709 640 1729 es
658 1702 718 1737 ipso
734 1702 794 1730 sine
808 1703 897 1730 medio

115 1746 250 1776 procedere
266 1745 402 1780 Spiritum
416 1746 521 1773 dicunt.

145 1790 314 1818 Attestantur
325 1795 414 1817 autem
433 1792 474 1819 bis
489 1800 549 1827 quae
564 1792 635 1819 dicta
652 1798 726 1826 sunt,
751 1793 815 1821 ltinc
832 1795 896 1830 qui-

117 1836 168 1861 dem
184 1836 327 1871 Scriptura
339 1836 429 1864 divina
449 1837 560 1871 ubiqtte,
576 1846 637 1865 cum
655 1838 688 1865 de
700 1839 785 1866 tribus
801 1847 895 1874 perso-

118 1880 152 1906 uis
160 1881 282 1916 loquitur,
294 1882 415 1914 Patrem,
428 1882 569 1915 etFilium,
585 1889 612 1910 et
624 1883 754 1919 Spiritum
771 1891 894 1913 sanctunt

120 1927 259 1960 enuntians,
276 1927 356 1962 quasi
372 1929 422 1954 ista
451 1928 596 1961 suliiciant,
611 1929 716 1958 divinas
743 1930 803 1958 illas
832 1931 897 1958 sub-

120 1971 243 2001 sistentias
267 1974 491 2009 substantiasque
516 1976 794 2004 commendarmﬂinc
814 1978 894 2004 etiam

122 2016 237 2047 Ductores
264 2023 366 2052 sancti,
381 2028 441 2048 cum
460 2021 494 2048 de
508 2021 734 2049 substantialibus
743 2023 895 2058 disserunt,

122 2063 238 2092 sulaslias
248 2066 426 2093 discretionis
437 2067 547 2093 tradunt
567 2075 674 2094 causas.
688 2067 732 2094 Ait
745 2068 816 2094 enim
833 2076 896 2095 san.

123 2113 173 2136 ctus
185 2110 301 2139 Joannes
316 2113 511 2139 Damasceuus:
527 2111 613 2139 Unum
632 2112 716 2140 Deum
728 2115 894 2149 agnouimus

124 2154 145 2180 in
154 2157 209 2182 talis
223 2158 426 2193 proprietatibus
438 2153 618 2190 paternitntis,
630 2160 786 2192 nativitatis,
798 2166 821 2187 et
835 2169 896 2195 pro-

125 2201 240 2232 msiout‘s.
256 2207 279 2228 et
297 2201 441 2228 secundum
458 2209 577 2234 causam,
591 2209 614 2229 et
627 2204 742 2235 causale,
755 2204 891 2239 pcrfectio-
909 2206 931 2233 D

127 2251 218 2278 Itemque
227 2248 381 2274 substantia:
393 2249 445 2274 sive
459 2249 632 2275 subsistentia:
649 2249 753 2275 modum
766 2250 893 2284 (li/[ereu-

126 2291 176 2316 tium
195 2294 370 2328 intelligimus.
389 2294 464 2326 Quod
490 2295 512 2321 si
536 2295 562 2321 in
581 2294 647 2322 solis
681 2295 894 2330 proprietatibus

128 2335 286 2366 tltﬂerrtttinm
302 2340 478 2375 intelligimus
493 2345 520 2368 el
533 2342 597 2375 ipsae
612 2341 676 2368 sola:
699 2341 804 2369 scilicet
829 2349 892 2376 per-

128 2387 193 2408 sonas
207 2385 395 2412 commendant
407 2395 416 2419 ;
429 2385 450 2412 si
463 2386 546 2421 igitur
560 2386 619 2413 haec
632 2393 694 2412 vera
709 2391 782 2418 sunt,
795 2388 894 2422 produ-

129 2432 178 2451 cere
188 2435 290 2461 prorsus
303 2431 478 2459 substantiale
494 2441 546 2459 non
557 2437 609 2460 est.
626 2431 776 2459 Conficitur
789 2438 891 2466 autem,

131 2472 188 2501 quod
211 2475 253 2507 qui
279 2475 367 2503 Patris
389 2476 590 2507 substantialia,
606 2477 683 2511 plura
702 2484 783 2511 quam
808 2485 890 2504 unum

132 2521 226 2549 Ponuut.
244 2522 486 2556 paternitatetnque
498 2526 525 2549 et
539 2522 759 2556 productiottem,
786 2522 894 2558 ingeni—

133 2564 224 2596 quue
239 2571 265 2592 et
275 2574 395 2598 causata,
421 2567 533 2594 veritate
545 2567 676 2594 excidunt
691 2575 698 2600 ;
716 2567 893 2602 plurimisque

134 2607 322 2640 absutditatibus
346 2618 469 2640 tenentur
487 2613 592 2640 astricti
616 2621 623 2646 ;
640 2613 703 2640 dum
719 2618 744 2640 et
768 2613 895 2641 substan-~

136 2651 186 2679 tiam
202 2654 282 2684 Patris
293 2659 467 2693 compositam
489 2659 580 2687 dicere
601 2665 745 2694 coguntur,
764 2659 892 2687 traditos-

136 2704 176 2728 ‘iltt:
189 2701 330 2731 divinarum
346 2713 523 2740 personarum
552 2714 694 2740 processus
718 2707 836 2738 auferre,
861 2714 894 2733 ac

138 2741 217 2777 milies.
225 2755 299 2782 quam
311 2752 363 2778 sint
375 2751 476 2782 traditi,
489 2750 600 2783 inferre,
612 2756 637 2778 et
647 2758 706 2785 quae
715 2751 831 2778 absurda
843 2753 893 2779 hoc

139 2793 180 2814 uno
188 2797 304 2823 concesso
321 2798 382 2824 hinc
405 2806 542 2834 emergere
554 2799 639 2827 cuivis
647 2798 821 2833 conspicuum
832 2806 892 2827 eSstt

141 2837 221 2862 l'0lest.

356 165 358 168 Ι
660 123 858 154 ADVERSUS
875 123 1034 154 GRAECOS
1050 125 1120 155 LIB.
1135 126 1192 158 IlI.

91 182 174 216 lique
207 179 330 207 bonitate
353 186 386 208 ac
415 179 547 215 dignitate
581 179 654 214 regia
690 188 722 207 es
753 180 834 207 Patre
860 187 908 214 per
923 181 946 209 Α
996 180 1034 208 Ex
1049 181 1149 216 quibus
1166 182 1192 209 id
1207 181 1288 209 etiam
1302 182 1429 210 admirari
1454 182 1528 217 licet,
1544 185 1690 220 quomodo,
1701 188 1747 221 qui

1695 129 1744 161 131

958 226 1086 262 Spiritum
1106 234 1231 256 sanctutn
1259 236 1294 256 ex
1309 229 1368 256 solo
1398 229 1477 258 Patre
1490 237 1549 261 esse
1565 231 1668 265 volunt,
1681 232 1746 259 duttt

957 273 1008 301 sibi
1026 274 1089 308 ipsis
1106 275 1218 301 nimimn
1234 275 1380 310 indulgent,
1397 276 1573 304 substantiale
1583 277 1671 306 Patris
1685 285 1748 313 pro-

958 319 1058 347 ducere
1084 325 1198 354 ponunt,
1214 322 1324 356 etquod
1350 323 1491 357 quaeritur,
1521 323 1547 350 iit
1564 332 1618 358 quo
1631 325 1745 352 multum

957 364 1056 393 laboris
1083 370 1112 393 ut
1133 367 1238 394 ostendi
1261 374 1362 402 posset,
1394 370 1510 403 primum
1535 370 1679 405 oportebat
1701 378 1746 398 as-

956 411 1039 443 sumi,
1056 411 1133 445 quasi
1152 419 1311 440 concessum
1323 414 1462 449 accipiunt
1475 423 1482 446 ;
1493 422 1555 442 cum
1572 423 1658 450 neque
1672 423 1748 442 com-

956 463 1052 484 munes
1067 458 1099 484 tle
1115 457 1250 486 Trinitate
1269 459 1455 493 intelligentia:
1469 461 1642 494 permittant;
1659 469 1746 495 nequc

955 503 981 529 id
993 509 1077 530 sacra'
1092 503 1202 531 Littera:
1219 504 1336 532 habeant
1355 514 1468 541 :neque
1494 507 1562 534 ullus
1588 513 1745 534 sanctorum

956 547 1065 574 Patrum
1092 549 1208 582 dixerit,
1224 550 1258 576 ab
1281 550 1433 585 lmjusmodi
1452 552 1629 586 intelligentia
1650 552 1747 578 adver-

957 595 1047 621 terint.
1064 594 1127 626 Sed,
1147 602 1208 621 cutn
1227 603 1313 629 neque
1328 604 1342 622 a
1358 597 1559 631 disputantibus
1572 597 1597 624 id
1613 597 1745 623 conceda-

956 645 1008 672 tur,
1027 639 1080 674 ipsi
1096 645 1184 668 tatnen
1201 643 1279 675 quasi
1299 650 1347 676 pro
1361 650 1500 676 concesso,
1519 644 1589 677 quod
1601 642 1744 677 quan-itur,

955 690 1053 720 prmter
1077 694 1183 714 omnem
1215 688 1348 716 rationem
1380 695 1576 724 supponentes,
1604 693 1699 724 putant
1715 696 1745 716 so

955 732 1055 767 aliquid
1077 733 1252 766 concludere.
1278 735 1448 770 plurimaque
1473 736 1562 770 inepta
1577 740 1672 762 c0ntra
1697 741 1744 762 eos

955 779 999 812 qui
1011 787 1058 813 per
1069 778 1166 806 Filium
1187 786 1268 815 atque
1289 789 1301 806 a
1315 780 1384 807 Filio
1401 789 1462 809 esse
1474 782 1603 816 Spiritum
1618 786 1743 808 sanetum

954 826 1130 858 cnntitentur,
1145 827 1284 860 colligltttl.
1296 827 1371 859 Quod
1384 827 1405 854 si
1422 829 1471 854 tria
1483 827 1651 854 solummodo
1663 828 1742 854 triutu

919 862 938 888 Β
955 879 1128 906 personarum
1148 873 1335 900 substantialia
1354 881 1414 900 esse
1432 881 1545 901 necesse
1559 878 1609 906 est,
1631 881 1663 900 ne
1681 873 1744 906 plu-

953 917 1020 953 rima
1037 918 1151 945 absurda
1175 927 1206 946 ac
1224 919 1331 953 indigna
1356 925 1516 953 sequantur,
1532 919 1652 953 solisipte
1678 927 1742 954 pro-

952 964 1115 997 prietatibus
1141 965 1324 998 paternitatis,
1350 970 1377 991 et
1400 965 1559 995 nativitatis.
1573 973 1606 992 ac
1633 972 1745 1000 proces-

951 1010 1047 1040 sionis,
1074 1010 1255 1045 subsistentia:
1283 1011 1392 1037 modutn
1421 1011 1654 1045 dill‘erentiamque
1678 1012 1742 1038 sub-

951 1055 1115 1083 stantiarum
1131 1054 1320 1090 intelligimus,
1336 1055 1412 1090 juxta
1442 1060 1596 1083 sanctorum
1629 1056 1739 1083 Patrum

951 1100 1125 1128 traditionem
1141 1109 1148 1127 :
1164 1102 1260 1136 liquet,
1274 1106 1373 1136 praeter
1389 1101 1533 1136 prmdictas
1549 1102 1739 1138 proprietates.

950 1146 1055 1173 nullum
1072 1146 1144 1174 aliud
1156 1146 1336 1174 substantiale
1360 1153 1432 1179 esse,
1448 1147 1633 1181 cujuscunque
1658 1148 1740 1174 trium

949 1191 976 1219 in
1001 1197 1095 1219 sancta
1124 1191 1260 1219 Triuitate
1278 1199 1456 1227 personarum
1472 1200 1480 1225 ;
1498 1191 1649 1227 falsumque
1664 1199 1737 1224 esse.

949 1238 1019 1273 quod
1038 1238 1074 1265 illi
1085 1245 1134 1272 pro
1146 1245 1276 1266 concesso
1292 1244 1406 1272 ponunt,
1420 1237 1540 1274 falsaque
1551 1239 1654 1271 omnia,
1664 1246 1739 1273 que-

950 1291 1002 1319 que
1032 1284 1085 1312 ltoc
1099 1284 1195 1320 iposito
1222 1283 1394 1318 concludere,
1420 1289 1501 1320 atque
1516 1292 1630 1320 arguere
1643 1292 1673 1312 se
1689 1292 1739 1319 pu-

949 1335 1028 1357 tant:
1054 1336 1221 1365 externaque
1251 1337 1283 1358 ac
1297 1331 1401 1365 putida.
1428 1339 1488 1366 qua;
1499 1335 1594 1358 contr.-
1616 1331 1739 1363 Latinos,

951 1376 1008 1404 imo
1025 1383 1088 1403 vero
1109 1381 1203 1404 contra
1219 1383 1328 1404 sanctos
1344 1377 1439 1404 Patres
1458 1377 1623 1412 longissimis
1639 1382 1741 1404 tracta-

948 1421 1021 1449 tibtts
1036 1422 1282 1457 conscribunt.per
1299 1430 1359 1457 quae
1377 1423 1552 1455 concludunt,
1576 1423 1613 1450 illi
1625 1423 1737 1458 quidem

949 1467 1027 1500 nihil,
1041 1475 1147 1503 semper
1162 1473 1251 1495 autent
1268 1469 1294 1495 in
1311 1468 1450 1503 principiis
1464 1474 1618 1496 versantur.

984 1514 1133 1542 Conficitur
1147 1519 1236 1541 autem
1253 1519 1280 1541 et
1294 1521 1328 1541 ex
1345 1515 1389 1541 his
1411 1522 1470 1548 quae
1483 1515 1554 1542 dicta
1577 1519 1651 1547 sunt,
1666 1515 1738 1550 qttod

948 1567 1041 1588 eorum
1057 1568 1116 1594 quae
1129 1559 1256 1588 dicuntur
1270 1560 1296 1587 in
1307 1560 1363 1588 Deo
1373 1561 1424 1587 alia
1437 1561 1544 1595 quidem
1563 1561 1664 1588 nullam
1679 1561 1736 1589 tliS<

948 1607 1095 1634 cretionem
1121 1607 1248 1642 signant;
1265 1607 1312 1635 sed
1329 1607 1354 1634 iu
1368 1612 1421 1634 tota
1438 1608 1577 1635 divinitate
1593 1608 1741 1635 indiscrete

949 1653 1092 1680 dicuntur:
1118 1653 1176 1680 sive
1204 1653 1339 1685 absoluta,
1356 1654 1503 1680 secundum
1532 1661 1562 1681 se
1577 1654 1634 1688 ipsa
1663 1653 1736 1680 dicat

947 1698 1092 1732 quispiam,
1109 1704 1137 1724 ut
1149 1701 1269 1734 sapiens,
1285 1699 1382 1730 bonus,
1396 1700 1461 1731 vita,
1474 1700 1584 1732 veritas,
1595 1701 1712 1728 essentia
1726 1709 1734 1728 :

948 1746 1015 1777 sive,
1034 1752 1094 1779 quas
1105 1752 1154 1779 per
1167 1751 1308 1772 excessum
1326 1745 1476 1780 negationis
1489 1745 1629 1779 dicuntur,
1647 1751 1676 1779 u_t
1693 1746 1734 1773 in-

948 1790 1071 1819 visibilis.
1085 1789 1376 1825 incomprehcnsibilis.
1388 1791 1667 1824 supersubstantialis:
1678 1792 1736 1819 sive

947 1841 1007 1868 qua:
1031 1833 1150 1860 habitum
1181 1836 1214 1860 ad
1233 1840 1386 1862 creaturam
1413 1836 1543 1869 indicant,
1573 1841 1601 1863 ut
1616 1841 1735 1870 creator,

947 1887 1006 1912 rex,
1023 1881 1206 1915 onmipotens.
1225 1881 1284 1908 Alia
1317 1889 1380 1909 vero
1408 1883 1516 1917 propria
1546 1883 1572 1910 in
1602 1883 1736 1910 Trinitate

948 1931 1024 1953 Sulll.

982 1971 1014 1998 Et
1030 1971 1200 2006 propriorum
1218 1971 1269 1998 alia
1286 1971 1393 2006 quidem
1421 1972 1527 2001 duobus
1553 1974 1736 2002 communiter

946 2023 1019 2050 sunt,
1037 2017 1146 2052 propria
1162 2024 1236 2048 vero,
1256 2017 1289 2043 ad
1306 2017 1448 2052 reliquaut.
1459 2018 1508 2045 Est
1519 2019 1591 2046 enim
1613 2024 1641 2046 et
1655 2020 1736 2054 quid-

945 2065 1008 2092 dam
1031 2064 1084 2090 tale
1107 2063 1257 2098 proprium,
1281 2063 1316 2089 ad
1330 2063 1404 2090 aliud
1427 2063 1539 2098 aliquid,
1561 2069 1589 2091 et
1604 2064 1677 2099 quod
1701 2065 1735 2092 ad

946 2110 1055 2145 aliquod
1078 2110 1177 2136 dicitur
1195 2109 1344 2144 proprium,
1362 2113 1514 2137 nontamen
1531 2110 1681 2138 secundum
1693 2118 1735 2138 se-

947 2156 1032 2190 ipsum
1059 2155 1208 2190 proprium,
1232 2154 1311 2187 quasi
1337 2154 1528 2182 commendare
1555 2155 1605 2182 hoc
1632 2156 1735 2190 aliquid

945 2202 1049 2237 possit;
1079 2206 1106 2228 ut
1137 2201 1210 2228 verbi
1235 2202 1322 2236 gratia
1350 2201 1473 2236 bipedem
1489 2208 1561 2235 esse,
1579 2201 1680 2228 homini
1701 2203 1734 2228 ad

947 2255 1060 2282 equum,
1075 2253 1099 2274 ct
1115 2254 1222 2278 canem,
1239 2247 1377 2282 proprium
1395 2247 1523 2281 est.fQu:e
1537 2248 1618 2282 igitur
1630 2247 1737 2274 duobus

946 2295 1128 2321 cotmnuniter
1145 2299 1209 2321 sunt
1222 2294 1320 2322 divinis
1348 2295 1471 2328 personis
1484 2295 1604 2330 propria,
1622 2295 1678 2322 haec
1694 2301 1735 2322 ta-

948 2348 1008 2366 tnen
1027 2340 1060 2376 ad
1091 2339 1222 2374 reliquam
1247 2340 1356 2375 propria
1375 2345 1425 2368 :ut
1443 2341 1562 2373 causale,
1595 2341 1735 2376 proprium

945 2391 986 2414 est
1002 2385 1062 2413 Filii
1079 2390 1106 2414 et
1120 2386 1206 2413 sancti
1226 2386 1343 2421 Spiritus
1353 2387 1385 2413 ad
1403 2387 1512 2414 Patrem
1529 2395 1537 2413 :
1555 2387 1662 2414 mittere
1686 2395 1736 2414 att-

947 2437 1012 2465 tem,
1023 2434 1062 2459 vel
1076 2432 1153 2465 dare,
1169 2432 1209 2460 rei
1223 2440 1349 2459 emanare
1362 2431 1492 2467 Spiritum
1509 2438 1644 2466 sanctum,
1660 2441 1734 2460 cetu-

947 2487 1028 2506 mune
1045 2484 1086 2506 est
1101 2478 1172 2505 Patri
1190 2485 1215 2506 et
1231 2479 1300 2506 Filio
1316 2480 1349 2506 ad
1366 2479 1496 2514 Spiritum
1512 2487 1519 2505 :
1541 2480 1667 2507 similiter
1684 2487 1733 2506 att-

947 2529 1001 2551 tcm
1025 2529 1052 2551 et
1080 2524 1200 2559 ipsorum
1227 2531 1298 2556 esse,
1313 2533 1344 2552 ac
1362 2525 1414 2552 dici
1443 2525 1574 2560 Spirituut
1596 2530 1732 2552 sanctum.

946 2570 1035 2597 Patris
1048 2570 1120 2597 enim
1139 2575 1165 2597 et
1179 2570 1240 2597 Filii
1258 2571 1301 2597 ille
1321 2570 1437 2606 Spiritus
1450 2572 1571 2604 dicitur;
1590 2571 1626 2598 illi
1642 2577 1734 2598 autem

947 2614 1026 2648 hujus
1040 2623 1092 2642 tton
1108 2615 1247 2647 dicuntur,
1265 2624 1353 2650 neque
1367 2614 1458 2648 Pater,
1473 2623 1559 2650 neque
1573 2615 1668 2646 Filius.
1687 2623 1731 2642 tte-

945 2668 998 2695 que
1016 2661 1145 2695 Spiritus,
1160 2661 1206 2688 sed
1222 2668 1308 2695 neque
1320 2662 1361 2688 sui
1379 2661 1466 2696 ipsius
1477 2668 1519 2689 est
1532 2662 1660 2696 Spiritus,
1671 2662 1720 2695 Spi

948 2707 1016 2733 ritus
1043 2711 1163 2734 sanctus.
1188 2706 1291 2733 lloruut
1323 2713 1414 2734 autent
1439 2707 1548 2734 causale
1558 2708 1664 2740 quidem
1682 2715 1734 2734 no-

947 2753 1020 2780 tnine
1037 2757 1141 2780 tantu
1155 2772 1162 2784 ,
1189 2754 1235 2780 sed
1250 2761 1303 2780 non
1330 2761 1370 2783 re.
1387 2761 1530 2781 commune
1547 2754 1638 2781 habet.
1661 2753 1732 2780 I‘rue-

946 2798 1064 2824 diealtnn
1081 2798 1154 2824 cuitu
1165 2804 1207 2825 est
1218 2800 1304 2825 solum
1317 2799 1350 2826 de
1367 2804 1481 2834 utroque
1493 2800 1591 2826 dictum
1607 2800 1732 2832 gidcirt-o

950 2843 1031 2869 etiam
1046 2850 1099 2869 non
1115 2843 1260 2876 unum,scd
1270 2844 1323 2871 duo
1336 2845 1454 2871 causalta
1469 2845 1612 2876 dicuntur;
1626 2844 1729 2871 sieuim
