1934 3063
666 76 682 86 ε

182 120 233 152 135

806 119 1006 149 MANUELIS
1024 118 1177 149 CALECzE

1753 119 1803 152 136

180 181 251 204 esset
268 175 376 203 causale
404 183 446 203 res
462 175 488 202 in
503 175 582 207 Filio,
597 180 624 203 et
641 180 735 204 sancto
748 176 860 211 Spiritu.
879 182 961 203 unum
979 178 1001 206 Α
1017 184 1078 204 men
1094 177 1118 204 id
1139 181 1257 209 constat,
1277 176 1376 204 nullam
1391 183 1439 211 per
1452 176 1495 204 illa
1507 184 1649 212 personam
1663 185 1805 206 commen-

181 225 272 249 esseut
291 220 398 248 causale
426 222 517 248 ambo.
536 221 642 249 Mittere
665 226 766 254 autem,
784 227 811 249 et
827 227 965 254 emanare,

182 272 262 302 atque
273 267 494 301 aliabujusmodi.
507 276 558 294 una
567 275 610 295 res
619 272 682 295 sunt
694 268 720 294 in
735 268 823 298 Patre.
838 275 869 295 ac
884 267 964 300 Filio,

187 313 309 346 utrisque
326 312 501 345 mittentibus,
517 317 543 338 et
555 313 753 346 emanantibus,
763 321 833 340 unus
847 313 892 348 qui
906 315 967 341 mit-

185 357 226 388 tit,
250 362 303 390 est,
319 363 346 384 et
363 361 432 384 unus
453 358 522 385 fons.
538 357 680 385 Ostensnm
694 363 734 386 est
746 359 828 391 enim,
844 360 964 392 Patrem,

183 409 210 430 et
227 403 333 435 Filium,
347 403 447 430 fontem
467 411 529 430 esse
545 404 630 431 sancti
661 405 790 439 Spiritus,
810 409 891 440 atque
907 413 967 433 om-

183 449 226 475 nia
246 448 333 476 Patris
364 449 463 475 habere
479 448 575 476 Filium
593 450 740 478 secundum
763 451 888 478 eumdem
907 459 966 479 mo-

181 494 258 525 dum,
275 499 373 528 preter
383 501 474 528 quam,
488 493 595 529 Patrem
608 502 678 522 esse.
690 495 728 523 Ac
744 495 824 523 Patre
843 496 966 525 mittente

183 539 326 573 Spiritum,
342 539 424 566 mittit
437 540 507 566 hunc
521 543 548 566 et
565 540 651 567 Filius
662 549 716 567 una
733 541 853 573 datione,
869 546 896 568 et
910 549 963 569 una

180 585 335 619 largitione,
359 590 388 610 ιιι
400 585 436 611 ait
455 592 568 619 magnus
583 584 708 613 Basilius.
728 585 790 613 Haec
806 586 887 621 igitur
900 587 966 614 dua-

182 638 240 656 rum
270 637 445 663 personarum
466 630 498 657 ad
516 630 646 664 reliquam
675 636 738 657 sunt
772 633 890 666 propria.
906 632 964 658 Alia

181 683 257 707 vero,
269 675 349 701 unitts
364 679 480 702 tantmn.
492 676 578 710 Atque
592 677 686 702 borum
701 676 772 703 aliud
783 677 889 710 quidem
905 685 967 711 per-

184 728 258 746 sonm
268 720 446 747 substantiale
463 725 515 754 est,
533 725 560 748 ut
575 721 722 756 paternitas
736 727 763 748 et
783 721 925 753 nativitas,
939 726 966 748 et

182 765 328 798 processio.
347 764 424 790 Aliud
441 769 529 793 autem
546 773 686 800 personant
701 765 756 798 jam
773 766 965 793 subsistentem

183 802 315 848 seq-Liter,
343 812 388 840 sed
405 821 458 840 non
485 812 561 839 illam
588 812 703 843 statuit;
722 816 761 843 ut,
778 812 923 846 ingenitum
939 811 963 838 in

182 859 271 890 Patre,
285 861 341 886 sive
353 860 434 886 etiam
448 859 593 891 producens
611 858 636 884 in
655 858 711 891 ipso
727 857 797 889 solo,
813 858 961 884 secundum

182 913 242 936 eos,
270 905 313 938 qui
327 913 358 931 ex
383 904 439 930 snio
454 905 532 931 Patre
551 904 697 938 procedere
715 898 845 937 Spiritum
860 903 962 929 dicunt.

183 950 277 983 Neque
295 949 388 981 igitur,
406 956 465 982 quae
478 948 659 975 communiter
673 947 862 981 praatlicantur,
881 947 963 974 totius

180 996 287 1022 deitatis
299 994 483 1022 substantialia
501 997 582 1024 sunt;
602 993 672 1019 nulla
687 991 757 1018 enim
776 999 822 1026 per
837 992 880 1019 illa
897 992 963 1019 sub-

181 1042 279 1069 stantia
310 1041 473 1072 insinuatur,
501 1046 659 1073 nequequae
675 1039 780 1065 duobus
804 1038 912 1072 propria
931 1038 963 1065 ad

181 1094 262 1114 unum
281 1090 362 1117 sunt;
380 1085 450 1112 nulla
467 1084 538 1111 enim
556 1091 670 1118 persona
694 1088 734 1110 est
753 1083 859 1118 proprie
869 1090 965 1110 causa-

180 1133 225 1164 lis,
241 1139 326 1166 neque
350 1139 418 1158 unus
433 1135 485 1161 est,
501 1130 545 1164 qui
566 1130 646 1156 mittit
674 1128 807 1162 Spiritum
826 1133 961 1156 sanctum.

182 1178 260 1204 Pater
274 1178 357 1208 enim,
369 1181 396 1204 et
408 1175 492 1202 Filius
511 1174 592 1202 simul
606 1181 675 1201 unus
692 1179 744 1206 est,
762 1174 807 1208 qui
831 1175 962 1209 Spiritum

181 1227 303 1249 sanctum
316 1221 406 1247 mittil.
421 1219 582 1247 Communia
592 1219 675 1250 cuitu,
692 1226 750 1252 qua:
765 1226 819 1245 rem
834 1219 964 1250 indicant,

178 1266 351 1301 singulariter
362 1265 471 1300 quidem
491 1265 516 1290 in
534 1264 633 1291 divinis
646 1265 786 1295 dicuntur,
802 1270 854 1290 non
873 1268 963 1290 tamen

179 1320 231 1339 una
248 1319 361 1346 persona
375 1311 521 1338 secundum
537 1310 610 1336 illam
628 1310 799 1344 intelligitur.

217 1357 269 1384 Sed
285 1364 371 1391 neque
388 1357 456 1390 quod
472 1357 551 1383 unius
565 1355 672 1389 quidem
685 1355 768 1381 solius
778 1362 898 1389 personat
912 1360 966 1386 est.

179 1410 321 1437 personam
334 1406 427 1428 autem
443 1402 574 1435 sequitur,
586 1400 810 1432 sicutingeultum
827 1402 853 1427 in
869 1400 964 1427 Patre:

180 1449 232 1475 hoc
246 1447 316 1474 enim
333 1454 502 1481 nequaquam
518 1446 599 1477 sis'it,
610 1446 716 1480 negatio
730 1453 790 1472 cum
806 1446 852 1475 sit.
869 1452 966 1480 sequa-

179 1499 275 1527 turque
293 1493 484 1524 substantiam,
497 1499 578 1525 quant
594 1490 736 1519 atIirmatio
763 1491 890 1517 insinuat.
909 1483 975 1517 Ali-ﬂ

179 1544 284 1573 terque,
301 1539 323 1564 si
339 1537 455 1572 genitum
469 1543 523 1563 non
537 1543 596 1563 esse
608 1536 754 1570 ingenitum
766 1536 875 1567 dicitur,
888 1543 961 1563 com-

179 1591 259 1611 mune
286 1584 402 1616 erit,boo
417 1587 444 1609 et
463 1581 575 1616 Spiritui
591 1586 694 1608 sancto.
719 1580 751 1608 Et
764 1581 821 1616 ipse
838 1581 908 1608 enim
924 1585 965 1608 est

177 1630 429 1664 ingenitus;ueque
459 1628 530 1655 enim
560 1627 667 1662 genitus
683 1632 745 1659 est;
773 1626 963 1654 substantialia

178 1677 251 1703 enim
272 1681 445 1709 personarum
463 1673 574 1700 omnino
605 1674 777 1700 consortium
796 1674 962 1707 reliquarum

178 1729 231 1748 non
247 1721 409 1748 admittunt:
425 1720 471 1747 sed
500 1726 587 1753 neque
608 1720 758 1754 producere
785 1719 964 1747 substantiale

177 1774 239 1794 esse
256 1771 434 1793 monstratum
450 1770 491 1792 est
511 1774 519 1792 ζ
538 1765 727 1800 paternitatem
750 1769 840 1792 autem
875 1765 962 1800 sequi,

178 1813 440 1848 signiticativumque
455 1811 625 1838 solummodo
636 1817 696 1838 esse
709 1815 828 1845 paterna:
841 1810 965 1838 substan-

180 1858 235 1886 tias.

213 1916 252 1943 lta
268 1916 350 1950 igitur
368 1919 423 1942 tres
437 1914 497 1942 illas
508 1913 700 1949 proprietates,
713 1911 794 1944 solas,
808 1912 960 1939 divinarum

178 1967 354 1996 personarum
370 1959 561 1987 substantiales
573 1965 634 1986 esse
644 1957 786 1985 dicendum
802 1962 857 1985 est.
873 1957 962 1984 Patris

177 2008 285 2043 quidem
297 2007 501 2042 paternitatem,
523 2009 603 2039 atque
615 2005 700 2039 ipsmn
717 2003 836 2037 gignere,
848 2003 900 2031 hoc
909 2009 961 2036 est,

177 2061 208 2082 se
225 2055 312 2089 ipsum
331 2054 396 2080 dare
406 2052 482 2080 alteri
497 2058 618 2086 personae
640 2050 786 2077 secundum
813 2049 961 2077 nativitatis

177 2109 348 2138 processum.
377 2100 440 2128 Filii
471 2106 536 2127 vero
559 2098 740 2129 nativitatem,
756 2097 897 2132 ipsumque
911 2105 960 2124 na-

177 2149 227 2180 sci,
240 2149 292 2175 hoc
317 2150 369 2178 est,
382 2147 504 2181 accipere
532 2144 559 2172 in
579 2144 670 2178 sripso
688 2142 794 2170 Patrem
817 2142 893 2176 juxta
910 2150 960 2169 na-

1018 222 1074 249 dari
1089 230 1097 256 ;
1113 222 1169 250 sola
1184 222 1255 249 enim
1273 222 1463 250 substantialia
1478 223 1549 251 hanc
1560 224 1660 251 habent
1691 225 1757 257 vim,
1776 230 1806 252 et

1016 275 1075 302 quae
1091 268 1136 294 uni
1152 267 1321 295 substantiali
1337 270 1551 302 communicant,
1566 270 1588 298 si
1603 270 1712 305 quidem
1725 274 1802 298 esset

1016 313 1154 346 possibile,
1171 320 1280 341 necesse
1292 319 1364 341 esset
1373 322 1453 341 unam
1466 315 1546 341 etiam
1562 322 1624 342 esse
1638 322 1780 349 personam
1792 323 1802 348 ς

1016 357 1068 384 alia
1079 358 1315 390 vero,'nullatenus
1326 367 1333 386 :
1343 359 1432 394 itaque
1442 360 1506 387 solis
1519 359 1570 388 illis
1585 360 1671 387 tribus
1680 360 1801 395 proprie-

1023 402 1123 430 tatibus
1146 402 1244 429 dirinrc
1258 410 1380 438 persona:
1392 403 1618 431 t-tdiscernuntur
1628 409 1654 430 et
1666 412 1806 431 commcn-

1016 448 1244 480 dantur;caateris
1252 455 1316 474 vero
1333 453 1483 475 noscuntur
1496 448 1594 476 solum.
1611 448 1727 484 Ideoque
1743 450 1797 477 Da-

1016 499 1162 520 mascenus
1179 492 1205 519 in
1219 493 1285 521 solis
1297 492 1383 519 tribus
1398 493 1439 520 bis
1449 494 1662 528 proprietatibus
1676 496 1805 522 substan-

1016 538 1114 564 tiarum
1126 538 1305 565 ditl‘erentiam
1319 537 1441 565 deﬁnivit
1462 537 1587 573 intelligi,
1612 539 1690 572 quasi
1708 547 1805 573 perso-

1017 591 1066 611 nas
1088 585 1354 617 commendantibus,
1387 591 1441 610 non
1461 584 1678 619 signiﬁcantibus
1704 585 1805 617 solum,

1017 635 1046 656 ut
1060 630 1105 657 illa
1120 634 1161 657 est
1188 629 1310 664 ingeniti,
1328 637 1388 664 quae
1401 629 1491 656 Patris
1508 630 1610 664 agnitio
1619 635 1670 663 est,
1687 630 1734 658 sed
1749 638 1803 657 non

1017 675 1090 702 illum
1109 675 1279 702 commendat
1301 675 1481 709 personaliter
1505 683 1512 708 ;
1530 681 1628 710 praeter
1650 676 1721 703 enim
1748 682 1806 703 tres

1017 721 1158 757 [medietas
1170 720 1336 749 differentias
1362 721 1568 752 substantiales,
1590 721 1695 748 caeteris
1712 726 1741 748 ιιι
1756 729 1807 748 no-

1017 767 1136 794 tionibus
1162 766 1228 794 solis
1253 767 1350 793 divinae
1383 773 1505 801 personat
1528 766 1731 799 discernuntur,
1750 774 1804 793 non

1018 818 1106 840 tamen
1128 817 1157 839 ut
1180 812 1352 840 discretionis
1379 811 1481 844 causis,
1498 812 1544 839 sed
1579 817 1608 839 ut
1634 813 1807 840 discretionis

1019 865 1122 885 tantum
1136 859 1232 893 signis.

1050 905 1088 931 Ex
1103 905 1202 938 quibus
1221 908 1337 936 constat,
1351 905 1422 938 quod
1438 905 1461 932 si
1488 905 1549 940 quis
1574 909 1729 932 sanctorum
1754 904 1806 930 Pa-

1015 953 1086 975 trttm
1113 948 1185 975 Patri
1211 949 1354 983 ingenitum
1375 950 1502 984 reddidit,
1532 951 1556 977 id
1571 959 1622 977 non
1638 954 1667 977 ιιι
1681 950 1807 977 substan-

1015 995 1089 1026 tialc,
1110 995 1156 1022 sed
1183 999 1212 1021 ιιι
1238 995 1412 1029 agnitionem,
1436 1000 1463 1022 et
1478 997 1615 1031 proprium
1647 995 1806 1031 simpliciter

1015 1042 1150 1068 attribuit.
1172 1041 1200 1068 Si
1215 1041 1275 1075 quis
1292 1046 1382 1068 autem
1400 1041 1672 1076 Patrem'genitorem
1689 1050 1720 1070 ac
1738 1050 1801 1078 pro-

1014 1087 1152 1115 ductorem
1176 1087 1330 1122 appellavit,
1359 1093 1389 1114 ut
1415 1087 1562 1122 Gregorius
1587 1089 1740 1123 Theologus
1775 1090 1802 1116 iu

1014 1134 1101 1168 primo
1116 1141 1239 1160 sermone
1277 1134 1308 1161 de
1330 1133 1409 1166 Filio,
1427 1135 1556 1168 genitoris
1569 1135 1676 1168 quidem
1694 1142 1803 1167 nomen,

1015 1180 1232 1208 utsubstantiale
1250 1180 1325 1207 Patri
1342 1181 1488 1214 separavit.
1519 1181 1636 1215 Aiquale
1666 1182 1738 1208 enim
1760 1186 1804 1208 est

1015 1226 1121 1254 Patrem
1139 1233 1170 1254 ac
1186 1226 1340 1261 genitorem
1359 1226 1468 1256 dicere:
1484 1227 1584 1260 quippe
1599 1231 1625 1253 el
1643 1226 1802 1260 paternitas,

1015 1277 1042 1299 et
1071 1272 1197 1298 nativitas
1214 1271 1382 1298 tantumdem
1415 1271 1498 1299 valet.
1536 1270 1712 1298 Productoris
1737 1278 1802 1298 vero

1016 1325 1125 1350 nomen,
1144 1322 1174 1344 ut
1198 1325 1314 1352 sequens
1342 1322 1483 1352 paternam
1516 1317 1571 1350 jam
1607 1317 1800 1344 subsistentem

1015 1363 1204 1394 substantiam,
1235 1362 1408 1390 substantiali
1433 1362 1608 1397 paternitatis
1619 1362 1729 1398 proprio
1752 1363 1800 1389 aul-

1013 1408 1090 1444 jecit.

1052 1455 1090 1480 Ac
1106 1461 1212 1486 rursus,
1228 1453 1249 1481 si
1265 1454 1327 1489 quis
1357 1454 1519 1489 principium
1545 1454 1653 1481 Patrem
1681 1453 1800 1488 appella-

1016 1500 1065 1532 vit,
1082 1507 1135 1526 non
1152 1506 1217 1527 sane
1229 1500 1310 1527 etiam
1322 1500 1500 1527 substantiale
1517 1500 1576 1534 ejus
1596 1500 1735 1535 proprium
1761 1500 1799 1526 si.

1015 1544 1163 1579 gnificavit,
1198 1545 1245 1572 sed
1260 1545 1439 1572 substantiam
1458 1545 1667 1579 illiusrindicare
1695 1545 1791 1573 voluit.

1020 1590 1080 1625 Ipse
1096 1591 1167 1617 enim
1181 1598 1214 1619 ex
1228 1591 1321 1625 nullo;
1339 1590 1425 1618 Filius
1447 1596 1547 1622 autem,
1563 1596 1591 1618 et
1607 1591 1724 1625 Spiritus
1736 1598 1799 1618 san-

1015 1641 1084 1667 ctus.
1099 1640 1126 1663 et
1145 1636 1235 1663 omnia
1248 1635 1320 1670 Filii,
1335 1641 1364 1664 et
1377 1636 1464 1664 sancti
1481 1636 1599 1671 Spiritus
1612 1637 1646 1663 ad
1672 1644 1732 1663 eum
1755 1644 1799 1664 re-

1013 1681 1147 1709 feruntur.
1163 1682 1241 1715 Nam,
1255 1685 1283 1709 et
1305 1682 1352 1717 qui
1368 1681 1497 1717 majorem
1510 1682 1578 1709 Filio
1588 1681 1695 1710 Patrem
1710 1690 1800 1710 causa

1014 1727 1118 1754 ratione
1131 1728 1265 1761 dixerunt,
1282 1736 1336 1755 non
1352 1732 1381 1755 ut
1392 1728 1572 1756 substantiale
1606 1729 1696 1762 majus
1722 1729 1797 1760 illud.

1013 1773 1060 1800 sed
1080 1778 1109 1799 ut
1123 1774 1259 1801 notionem
1277 1773 1365 1801 Patris
1392 1774 1424 1800 ad
1447 1773 1545 1801 Filium
1574 1779 1677 1801 tantum
1706 1774 1797 1801 reddi-

1013 1819 1128 1851 derunt;
1145 1819 1269 1846 similiter
1279 1823 1306 1846 et
1319 1820 1351 1846 de
1361 1826 1405 1851 eo,
1421 1819 1492 1855 quod
1520 1819 1578 1846 sine
1589 1819 1720 1854 principio
1732 1820 1800 1847 dici-

1015 1868 1069 1896 tur,
1084 1865 1346 1898 philosophandum.

1050 1909 1126 1942 Quod
1142 1911 1225 1946 igitur
1248 1911 1400 1939 divinarum
1430 1919 1605 1944 personarum
1622 1913 1655 1939 ad
1683 1913 1796 1941 invicem

1012 1955 1121 1982 habitus
1158 1963 1219 1983 cum
1248 1964 1340 1984 eorum
1374 1957 1533 1985 substantia:
1565 1956 1726 1990 dim-rentia.
1752 1966 1797 1986 se-

1011 2001 1128 2028 cundum
1155 2001 1261 2029 divinos
1290 2009 1455 2038 arcanosque
1484 2011 1626 2037 processus
1659 2009 1798 2039 appareat,

1011 2047 1145 2082 simulque
1157 2055 1217 2075 cum
1244 2048 1303 2083 ipso
1339 2049 1479 2076 relationis
1511 2049 1617 2081 habitu,
1647 2057 1737 2082 causa,
1771 2055 1798 2077 et

1011 2093 1120 2121 causaie
1134 2093 1212 2121 simul
1228 2094 1424 2126 introdncatur,
1446 2099 1524 2121 antea
1560 2094 1684 2130 plurimis
1715 2096 1796 2123 ratio-

1012 2141 1092 2168 nibus
1107 2142 1238 2168 constitit.
1255 2140 1334 2169 Nunc
1356 2146 1444 2168 autem
1465 2142 1620 2174 dicendum,
1661 2144 1797 2177 quomodo

177 2193 268 2221 scandi
299 2192 510 2227 processionem.
534 2189 626 2216 Sancti
655 2193 743 2216 autem
761 2187 879 2222 Spiritus
897 2195 959 2222 pro—
973 2187 999 2217 D
1013 2186 1159 2212 secundum
1177 2193 1299 2220 causam,
1313 2192 1340 2213 et
1357 2187 1466 2214 causale
1487 2187 1585 2220 solum,
1607 2191 1635 2214 et
1649 2188 1796 2215 secundum

157 2256 159 2258 τ
176 2239 338 2269 cessionem,
349 2238 490 2271 ipsumqtte
499 2235 655 2270 procedere,
672 2234 696 2260 id
708 2238 760 2265 est,
775 2235 801 2260 in
817 2234 960 2268 semetipso

180 2285 286 2310 Patrem
305 2290 337 2308 ac
368 2281 463 2308 Filium
480 2280 601 2314 accipere
614 2299 622 2311 ,
646 2279 791 2306 secundum
813 2279 961 2306 naturalem

177 2328 401 2362 essentialemque
427 2333 582 2361 processum
607 2332 640 2352 ex
672 2325 755 2352 Patre
769 2332 816 2359 per
848 2325 958 2352 Filium.

178 2375 300 2408 ιμιιιείιιιε
318 2381 370 2399 ιιοιι
382 2372 467 2399 solum
479 2370 681 2402 substantiales,
693 2371 739 2397 sed
761 2375 787 2397 et
806 2371 960 2405 personales

177 2422 258 2448 etiam
278 2419 395 2454 proprie,
413 2424 439 2445 et
455 2417 583 2447 maxime.
599 2420 625 2443 ct
641 2415 854 2450 peculiarissime
870 2416 961 2443 dicen-

179 2469 253 2497 dum,
272 2471 364 2500 utpote
380 2471 508 2499 personas
518 2462 749 2490 commendantes.
782 2490 786 2494 _

213 2511 309 2542 Porro,
327 2518 387 2545 qua»,
399 2510 533 2544 proprium
552 2508 652 2542 aliquid
663 2509 773 2534 dnarutn
783 2514 960 2541 personarum

178 2557 211 2584 ad
227 2557 358 2591 reliquam
389 2555 538 2586 insinuant,
553 2553 741 2587 proprietates.
763 2560 811 2580 seu
826 2553 959 2584 notiones,

176 2610 223 2630 seu
239 2604 314 2636 signa
328 2602 442 2628 duarum
463 2600 614 2634 aliquarum
629 2606 805 2633 personarum
831 2598 958 2625 vocanda:

178 2653 251 2674 sunt.
282 2646 358 2678 Quod
370 2647 391 2673 si
412 2645 452 2673 cui
469 2645 572 2680 placeat
590 2648 616 2670 et
633 2651 664 2670 ea
681 2642 830 2678 personalia
857 2642 957 2674 dicere,

176 2699 208 2718 eo
221 2692 289 2724 quod
306 2690 428 2724 personis
453 2688 594 2719 attributa,
626 2694 679 2714 non
696 2692 784 2713 tamen
799 2686 954 2713 communia

179 2736 298 2763 omnium
311 2739 395 2767 sunt;
426 2734 505 2761 liceat
530 2733 620 2759 dicere
631 2731 656 2758 id
680 2731 800 2767 quidem,
820 2731 883 2757 dum
916 2737 958 2758 ta-

217 2792 273 2820 t37t
299 2792 336 2820 De
353 2791 508 2818 notionibus
530 2788 683 2817 divinatum
702 2795 881 2824 personarum
898 2787 958 2815 vide
979 2786 1009 2812 Li.
1027 2786 1158 2814 Thomam
1174 2795 1181 2814 l
1207 2796 1233 2822 q.
1250 2788 1267 2815 d
1280 2788 1334 2819 .25,

180 2827 313 2855 Valentia.

1011 2229 1069 2263 ipsa
1099 2232 1175 2265 prius
1207 2231 1305 2258 divina:
1329 2238 1452 2266 persona:
1482 2231 1685 2266 discernuntur,
1716 2238 1798 2266 atque

1011 2275 1070 2309 ipsa
1085 2276 1256 2304 disrretiouis
1275 2284 1356 2304 causa
1372 2282 1454 2309 sunt,;
1481 2285 1540 2311 qua:
1565 2285 1658 2309 causa.
1676 2281 1704 2305 et
1732 2285 1798 2305 catt-

1011 2323 1078 2354 sale,
1094 2323 1284 2351 substantiales
1300 2323 1478 2358 proprietates
1492 2343 1499 2356 ,
1535 2325 1619 2358 ipsum
1633 2325 1719 2352 Patris
1752 2333 1797 2352 su-

1010 2368 1238 2402 persubstantiale
1252 2376 1360 2402 nomen,
1384 2373 1411 2396 et
1429 2376 1484 2395 rem
1499 2368 1570 2399 Filii.
1586 2375 1612 2396 et
1624 2370 1711 2397 sancti
1735 2370 1796 2405 Spi-

1011 2413 1077 2440 ritus
1097 2414 1298 2442 commendant.

1045 2459 1244 2494 Pnesupposito
1270 2461 1352 2495 igitur
1382 2462 1512 2489 unitatem
1543 2462 1571 2489 in
1602 2461 1744 2494 Trinitate,
1769 2467 1797 2489 et

1010 2503 1167 2531 Trinitatem
1185 2505 1211 2531 in
1238 2505 1341 2533 unitate
1355 2513 1417 2533 esse
1459 2506 1612 2538 colendam,
1644 2509 1792 2534 secundum

1011 2549 1069 2576 ildei
1081 2550 1254 2584 positionem,
1271 2556 1298 2578 et
1319 2551 1352 2578 ab
1367 2551 1408 2578 bis
1419 2559 1479 2586 Quae.
1492 2560 1506 2586 ξι
1523 2553 1625 2580 sanctis
1639 2553 1709 2580 dicta
1720 2558 1792 2584 sunt.

1009 2602 1062 2622 non
1094 2596 1274 2629 discedentes,
1299 2595 1469 2625 Damasceno
1494 2597 1614 2631 quidem,
1647 2598 1793 2626 secundum

1011 2647 1119 2667 causam
1145 2645 1172 2667 et
1185 2641 1293 2667 eausale
1306 2640 1485 2668 diﬂ‘erentiam
1510 2642 1536 2668 in
1551 2642 1649 2668 divinis
1671 2642 1794 2676 personis

1010 2685 1191 2720 intelligente;
1217 2685 1337 2720 Nysseuo
1368 2692 1457 2714 autem
1487 2687 1619 2722 Gregorio
1653 2687 1791 2714 dicente:

1013 2730 1232 2757 Incommntubile
1249 2738 1351 2759 "antra:
1377 2733 1458 2766 ipsius
1487 2734 1690 2763 cottsidemnles,
1719 2733 1792 2766 αἰθε-

1382 2794 1409 2816 et
1454 2789 1518 2817 ibid.
1560 2789 1721 2824 Gregorium
1763 2789 1795 2815 de
