1934 3063
147 129 196 160 137

681 119 880 151 ADVERSUS
901 116 1058 147 Gii/ECOS
1072 116 1144 145 LIB.
1170 115 1227 145 ili.

1706 108 1757 138 138

144 184 257 211 rentium
270 182 410 208 secundum
429 187 545 211 causam,
563 185 584 205 εἰ
597 178 711 210 causata,
729 185 778 204 non
794 181 928 209 negamus;
942 173 968 202 Α
981 171 1076 202 Filius,
1094 175 1120 196 et
1135 170 1252 204 Spiritus
1267 169 1298 195 ad
1322 168 1427 195 Patrem
1446 167 1587 197 uniuntur,
1610 169 1638 191 et
1658 165 1761 191 discer"

144 229 173 254 in
189 235 240 261 quo
257 227 325 258 solo.
340 226 452 252 alterunt
467 225 498 251 ab
514 223 597 250 nltm
628 221 757 256 distingui
785 219 929 251 deprehen-

144 275 254 306 dimus;
269 272 340 306 quod
354 270 552 306 proposuimus,
585 267 762 296 habebimus;
784 265 844 300 quia
860 264 931 291 enim

145 319 198 346 tria
215 319 260 346 illa
275 326 358 345 unum
373 324 433 344 cuttt
450 315 503 343 sint
523 314 672 343 secundum
690 311 846 342 essentiam,
872 309 933 337 sine

146 372 231 392 causa
248 363 356 398 quidem
374 369 434 390 esse
445 362 547 394 omnia,
562 359 688 394 possibile
708 366 761 385 non
777 361 837 389 esti;
853 356 933 383 aliam

149 418 216 437 vero
230 416 340 437 causam
353 416 383 436 se
395 408 574 442 antiquiorem
596 406 710 443 habere,
739 404 819 438 longe
834 403 937 436 impos-

149 455 278 481 sibilius:
295 457 391 485 restat,
403 457 433 479 ut
445 453 524 479 trium
535 451 649 478 istorum
660 456 753 480 ttnum,
770 447 934 482 reliquorum

149 507 234 527 causa
250 500 296 527 sit.
313 497 489 525 Procedentia
505 495 659 532 igiturinde
677 493 806 529 possibile
828 500 882 519 tton
894 496 937 519 est

152 545 317 581 producendi
336 551 458 579 personat
473 543 589 574 ratione,
617 548 677 568 esse
692 540 797 571 eadem;
819 538 936 572 seipsutn

152 592 225 619 enim
245 591 345 625 aliquid
359 590 516 624 producere,
533 595 565 615 ac
583 588 623 614 sui
639 586 724 620 ipsius
740 592 849 612 causam
865 590 936 615 esse,

153 637 283 673 possibile
301 642 354 663 non
378 639 431 662 est.

188 683 281 716 itaque
301 679 477 716 procedentia
491 685 601 706 necesse
625 681 665 704 cst
685 675 863 711 personaliter
886 672 937 701 dis-

156 729 262 764 tingui;
279 728 354 755 unita
369 727 477 761 quidem
508 724 656 753 secundum
685 723 829 750 essentiam
844 731 851 755 ;
868 720 940 748 nulla

156 775 230 801 enim
249 774 276 800 in
302 780 333 800 ea
378 771 507 799 discretio
536 770 704 797 conceditur:
726 769 839 795 discreta
867 775 940 800 vero,

155 819 304 847 secundum
327 817 502 849 substantias,
542 824 590 843 seu
623 822 769 850 personas;
808 818 942 847 ettteque

155 871 269 900 propter
285 865 411 891 unionem
426 870 555 898 personas
571 862 700 889 confundi
718 868 822 895 ;neque
831 863 941 895 propter

103 919 110 924 -
157 908 518 940 discretionem,essentiatn
529 907 624 935 dividi.
656 905 775 934 Perfecta
790 905 860 932 enint
876 903 941 938 illic,

156 960 184 982 et
202 960 308 982 summa
324 954 400 987 unio,
422 958 502 987 atque
530 952 670 980 discretio.
698 951 784 984 Atque
815 950 942 976 unionem

157 1000 267 1034 quidem
280 999 370 1026 unitas
383 998 517 1030 essettlizc,
533 1002 561 1024 ut
576 997 678 1024 dictum
706 1000 757 1028 est,
784 995 867 1027 facit;
887 994 943 1021 dis-

159 1046 309 1072 cretionem
339 1051 415 1075 vero,
441 1042 590 1070 secundum
620 1049 741 1073 causam,
771 1045 797 1067 et
825 1039 943 1071 causalc,

160 1089 228 1115 ﬁdes
249 1087 406 1115 conﬁtetur.
425 1088 512 1122 Atque
526 1094 557 1114 ea
572 1091 614 1114 est
636 1094 694 1120 quae
730 1086 876 1113 secundum
903 1091 943 1117 se,

160 1141 249 1168 neque
262 1138 368 1168 propter
380 1132 451 1160 aliud
471 1141 514 1161 res
527 1133 642 1159 maxime
657 1137 682 1158 et
699 1132 767 1164 unit,
790 1137 817 1158 et
841 1130 944 1158 discer-

161 1179 216 1205 nit.
246 1178 381 1206 Discrelio
404 1178 506 1205 scilicet
539 1176 688 1204 secundum
721 1183 841 1208 causam,
865 1179 946 1209 atque

159 1225 282 1252 causale.
297 1224 388 1258 Neque
401 1226 472 1252 enim
487 1224 678 1251 discretionem
702 1221 787 1256 magis
825 1220 946 1248 conl‘ttsi-

159 1277 213 1296 one
232 1270 345 1297 liberam
361 1269 481 1303 cogitare
492 1275 635 1302 possumus
649 1275 656 1299 ;
678 1273 764 1300 neque
781 1265 946 1292 consortium

160 1315 280 1341 duorum
296 1314 448 1347 aliquorunt
465 1313 563 1346 majus,
578 1318 658 1345 quant
686 1317 745 1336 cum
775 1309 887 1336 alterum
915 1315 947 1335 ex

160 1360 250 1386 altero
266 1366 328 1386 esse
355 1358 463 1385 habeat.
493 1357 616 1391 Namque
655 1355 803 1382 secundum
826 1361 946 1386 causam,

160 1409 189 1432 et
205 1400 315 1432 causale
335 1404 470 1432 invenitur
489 1403 592 1438 aliquid
605 1401 753 1429 secundum
781 1400 947 1434 :cquivoeant

162 1458 288 1482 causam,
304 1450 355 1478 sibi
373 1449 460 1477 simile
476 1450 628 1484 producens
640 1448 666 1474 in
684 1446 778 1474 eadem
796 1446 905 1480 specie:
922 1449 950 1472 et

985 222 1087 244 nuntur
1118 216 1265 244 secundum
1296 214 1399 242 Scilicet
1429 213 1545 248 spccient
1583 211 1762 246 appositionis

984 270 1082 295 causas,
1099 266 1179 296 atqttc
1196 261 1323 287 causalis.

1020 308 1135 335 Necesse
1148 312 1188 334 cst
1200 307 1290 340 igitur.
1306 306 1328 333 si
1342 304 1510 332 discernendi
1523 308 1596 336 sunt,
1610 303 1650 330 vel
1664 303 1762 330 Filium

987 354 1106 388 Spiritus
1133 353 1220 380 sancti
1240 359 1300 378 esse
1329 358 1452 381 cauSam,
1478 350 1518 376 rei
1540 350 1670 382 Spiritum
1692 349 1764 375 Filii.

987 399 1039 426 Sed
1057 406 1167 426 cattsam
1192 398 1299 431 quidem
1322 403 1383 423 esse
1402 394 1462 422 Filii
1488 394 1618 429 Spiritunt
1639 399 1766 421 constare

987 452 1040 471 non
1057 447 1161 478 potest;
1176 442 1240 477 quia
1257 441 1352 468 tertius
1368 449 1381 467 a
1403 440 1482 468 Patre
1497 440 1611 467 traditus
1624 443 1674 471 est,
1689 439 1764 472 juxta

988 488 1158 524 personalem
1185 487 1319 518 ordinem,
1343 487 1405 519 quia
1424 485 1552 512 naturalis
1570 490 1596 512 et
1613 485 1766 511 essctttialis

989 533 1110 567 operatio
1138 536 1165 559 ct
1183 532 1269 558 virtus
1292 531 1351 558 Filii
1369 530 1486 565 Spiritus
1506 535 1565 562 cst;
1590 530 1652 564 quia
1681 530 1769 564 imago

990 578 1048 612 ejus
1061 585 1122 605 esse
1134 578 1250 610 dicitur;
1262 577 1388 612 quoniam
1402 577 1518 611 Spiritus
1531 577 1589 603 Filii
1604 584 1618 602 a
1635 576 1767 611 theologia

991 624 1128 650 traditur:
1144 623 1189 656 qui
1215 622 1336 656 profecto
1361 622 1447 649 sancti
1466 621 1581 655 Spirittts
1599 620 1683 648 Filius
1709 629 1770 648 esse

993 678 1044 697 non
1074 670 1182 696 dicitur.
1210 668 1302 703 Neque
1327 669 1397 695 enim
1428 672 1633 700 convertuntur,
1663 673 1771 702 propter

993 717 1159 751 pcrsonalem
1175 717 1309 748 ordinem,
1324 720 1406 750 atque
1421 715 1447 742 id
1465 715 1580 742 maxime
1594 715 1720 750 quoniam
1738 722 1771 741 ex

994 762 1072 789 Patre
1083 769 1130 797 per
1144 761 1240 789 Filium
1257 769 1317 789 esse
1333 761 1450 796 Spiritus
1467 761 1592 792 traditur,
1609 768 1660 786 tton
1683 765 1771 786 tamen

994 815 1009 835 e
1029 812 1133 835 contra.
1152 807 1303 835 Tolleretur
1319 812 1409 833 autem
1426 812 1451 834 et
1467 806 1505 840 id,
1521 806 1592 841 quod
1611 813 1771 833 concessum

993 857 1045 885 est,
1069 853 1166 880 Filium
1185 860 1245 880 esse
1262 860 1295 879 ex
1324 852 1403 879 Patre
1421 853 1478 879 sine
1503 852 1591 879 tttedio
1615 860 1622 878 :
1646 851 1684 878 sic
1700 851 1773 878 enim

992 903 1065 926 esset
1081 898 1164 926 Filius
1178 907 1210 926 ex
1225 898 1304 926 Patre
1317 906 1365 933 per
1378 898 1518 933 Spiritum,
1532 903 1558 925 et
1574 902 1774 932 consequenter

995 945 1113 979 Spiritus
1126 944 1216 977 Pater,
1237 945 1442 972 contmuttieans
1458 945 1493 978 ei,
1517 945 1664 972 secundum
1684 948 1773 979 pater-

995 989 1087 1017 nitatis
1101 991 1244 1018 rationem.

1030 1036 1124 1064 Restat
1157 1037 1248 1071 itaque
1269 1036 1386 1071 _Filium
1420 1044 1528 1065 causam
1563 1045 1623 1066 esse
1657 1037 1776 1071 Spiritus

995 1083 1106 1116 sancti,
1127 1083 1311 1118 Spiritumque
1335 1091 1382 1118 per
1406 1083 1505 1118 ipsum,
1522 1088 1549 1111 et
1574 1085 1607 1111 ait
1624 1084 1683 1117 ipso
1704 1091 1775 1110 esse.

997 1127 1052 1156 Hac
1068 1136 1132 1163 ergo
1145 1129 1258 1161 ratione,
1270 1133 1297 1156 et
1312 1128 1440 1156 unietttur
1454 1129 1486 1156 ad
1501 1129 1615 1156 invicem
1633 1134 1659 1157 et
1673 1129 1777 1156 discer-

997 1178 1105 1206 nentur,
1129 1173 1200 1208 quod
1227 1173 1307 1201 etiam
1333 1173 1470 1208 Nysscnus
1485 1173 1623 1207 indicavit,
1640 1174 1736 1201 dicens
1750 1175 1776 1201 in

997 1220 1054 1247 sola
1085 1221 1234 1247 secundum
1268 1227 1390 1252 causam,
1421 1225 1448 1247 et
1480 1221 1590 1249 causale
1622 1221 1778 1248 dilIerentia

997 1265 1103 1293 divinas
1119 1272 1249 1298 personas
1264 1265 1297 1292 ad
1313 1265 1428 1293 invicem
1443 1266 1582 1301 distingui.
1600 1266 1693 1300 Neque
1705 1267 1778 1294 enim

998 1310 1031 1338 de
1044 1310 1102 1337 solo
1118 1310 1197 1337 Patre
1210 1310 1243 1337 ad
1256 1308 1364 1341 Filium,
1380 1315 1408 1338 et
1420 1310 1550 1345 Spiritum
1568 1316 1692 1338 sanctum
1709 1311 1780 1338 dixit

998 1356 1057 1383 haec
1078 1364 1084 1382 :
1103 1356 1138 1382 ita
1166 1355 1236 1382 enirn
1267 1355 1351 1383 solius
1366 1356 1398 1383 ad
1428 1364 1459 1383 ea
1484 1364 1544 1391 quae
1568 1363 1600 1384 ex
1629 1357 1689 1392 ipso
1706 1361 1778 1387 sunt,

1001 1401 1194 1429 discretionem
1221 1401 1386 1434 tradidisset,
1413 1409 1499 1436 neque
1524 1402 1669 1438 adjecisset
1689 1413 1694 1430 :
1714 1402 1780 1437 Ejus

1000 1453 1110 1481 quoque,
1128 1446 1197 1480 quod
1211 1453 1243 1473 ea;
1262 1454 1345 1473 causa
1366 1451 1417 1479 est,
1438 1447 1517 1473 aliam
1533 1455 1638 1474 rursum
1660 1448 1781 1482 differen-

162 1494 314 1520 secnndutn
331 1494 441 1528 quidem
469 1492 541 1528 quod
571 1499 662 1523 cattsa,
693 1495 720 1518 et
744 1491 857 1518 ‘causale
882 1494 946 1517 sunt
962 1501 984 1531 ο
1001 1491 1066 1518 (iam
1088 1491 1270 1526 intelligimus.
1287 1491 1348 1519 Haec
1365 1495 1455 1519 autem
1471 1498 1498 1519 et
1514 1492 1556 1519 ltis
1574 1499 1632 1526 quae
1656 1494 1781 1527 superius

162 1541 301 1573 opposita.
328 1540 362 1566 ad
376 1539 489 1566 invicem
514 1538 660 1565 habebttnt.
676 1537 737 1564 ideo
754 1537 835 1564 etiam
855 1542 949 1563 neces-

162 1587 241 1614 sario
271 1586 476 1612 discernentur:
508 1584 656 1611 secundum
686 1587 775 1610 autent
790 1582 861 1617 quod
884 1588 950 1609 cau-

162 1631 232 1662 sale,
248 1637 281 1657 ex
294 1637 376 1658 causa
391 1637 456 1662 esse,
472 1634 554 1664 atque
570 1629 716 1656 essentiam
742 1627 852 1662 accipit,
877 1634 952 1654 com-

164 1677 345 1703 atunicabttnt
361 1675 486 1706 invicem,
502 1674 619 1701 maxime
633 1681 695 1701 cutn
716 1673 824 1707 proprie
838 1671 871 1699 ad
884 1671 952 1698 invi-

164 1730 225 1749 cem
241 1729 290 1755 per
304 1725 430 1748 naturam
447 1720 574 1748 habeant.
592 1719 692 1747 Filium
713 1719 794 1752 igitur
815 1725 847 1744 ex
872 1716 953 1744 Patre

166 1767 334 1798 nasci,iidcs
358 1766 438 1793 nobis
472 1773 504 1793 ae
532 1765 627 1799 religio
653 1765 746 1791 tradit.
773 1763 806 1791 Et
821 1763 949 1798 quoniam

166 1812 319 1839 secundum
337 1811 363 1838 id
382 1811 451 1845 quod
465 1811 574 1845 gignere
587 1816 614 1836 et
630 1810 704 1837 nasci
729 1809 839 1840 dicitur,
868 1814 952 1842 oppo«

167 1857 232 1882 sitio
249 1863 351 1887 causae,
386 1861 413 1882 et
440 1855 568 1887 causalis,
600 1854 749 1882 secundum
775 1861 806 1880 ea
833 1859 893 1887 quae
918 1854 952 1880 ad

169 1901 272 1935 aliquid
293 1900 429 1932 dicuntur,
458 1899 603 1933 inspicitur
619 1898 768 1927 secundum
795 1897 821 1924 id
835 1896 954 1931 quidem,

168 1947 241 1980 quod
256 1945 329 1972 aliud
349 1946 406 1977 dat,
444 1945 515 1972 aliud
559 1945 621 1972 inde
652 1944 778 1979 prodiens
807 1943 953 1971 essentiam

170 1991 280 2024 accipit,
302 1990 361 2017 duae
374 1989 529 2027 necessario
545 1997 668 2024 personae
681 1988 871 2023 intelliguntur
883 1987 954 2022 ejus-
986 1985 988 1987 ’

171 2036 231 2062 dem
255 2040 369 2062 naturae.

208 2080 338 2112 Rursum,
353 2079 460 2107 dicente
482 2079 623 2114 Scriptura
639 2079 720 2106 Deum
738 2086 771 2105 ex
789 2078 844 2106 Deo
860 2083 956 2114 proce-

173 2126 254 2158 dere;
274 2126 423 2152 secundum
436 2126 556 2152 eamdem
569 2125 699 2151 rationem
716 2123 850 2158 Oppositio
860 2131 958 2151 secun-

1001 1536 1131 1569 diximus,
1156 1542 1317 1565 consonant.
1333 1537 1403 1565 Ante
1420 1538 1492 1565 enim
1509 1538 1639 1573 Spiritum
1657 1544 1780 1566 sanetum

1002 1580 1101 1609 Filium
1123 1579 1234 1616 intelligi
1255 1589 1366 1610 necesse
1381 1587 1439 1615 est;
1462 1583 1637 1618 habitumque
1652 1585 1683 1611 ad
1703 1585 1782 1612 alter-

1002 1630 1094 1653 utrttm
1122 1627 1224 1654 habere
1249 1626 1348 1654 Filium
1374 1631 1401 1654 et
1431 1627 1574 1661 Spiritum,
1598 1628 1782 1663 tnajoremquc

1003 1670 1105 1708 Spiritu
1126 1673 1223 1701 Filium
1244 1680 1333 1701 causa:
1352 1674 1459 1702 ratione
1480 1674 1553 1706 dici;
1570 1680 1649 1710 atque
1671 1683 1685 1702 a
1702 1676 1781 1707 Filio,

1003 1718 1103 1746 habere
1129 1726 1200 1752 esse,
1227 1723 1256 1746 ut
1273 1719 1319 1754 qui
1346 1719 1379 1746 ab
1394 1719 1453 1753 ipso
1466 1720 1592 1755 accipiat,
1608 1725 1635 1749 et
1652 1729 1712 1756 quae
1731 1723 1782 1750 alia

1003 1766 1129 1800 prtedicta
1145 1771 1218 1794 sunt.

1039 1810 1067 1838 Si
1087 1811 1146 1846 quis
1172 1815 1263 1838 autem
1280 1811 1401 1846 obiiciat,
1427 1813 1582 1848 Nyssettnm-
1600 1814 1678 1842 aliam
1701 1816 1785 1850 proii-

1005 1861 1107 1884 tcntem
1124 1856 1303 1884 diﬂ'erentiam
1318 1864 1411 1892 aperte
1426 1859 1512 1886 videri
1538 1860 1606 1887 velle
1632 1868 1684 1888 non
1713 1862 1785 1896 ejns-
1812 1881 1818 1887 .

1005 1902 1076 1929 modi
1094 1907 1118 1929 et
1137 1902 1179 1929 ltic
1194 1903 1218 1929 itt
1237 1902 1317 1935 Filio,
1339 1907 1366 1930 et
1382 1903 1494 1938 Spiritu,
1510 1905 1614 1938 qualem
1638 1908 1784 1932 secundum

1006 1954 1127 1978 causam,
1146 1951 1174 1974 et
1188 1947 1297 1974 causale
1314 1947 1432 1975 reddidit
1450 1957 1457 1975 :
1474 1949 1543 1976 Scire
1562 1951 1696 1981 convenit,
1713 1951 1784 1977 illaut

1006 1992 1087 2019 aliam
1105 1993 1253 2019 secundum
1271 2000 1424 2025 numerum,
1441 2001 1493 2020 tton
1519 1996 1665 2021 secundum
1686 1996 1787 2022 disert-.-

1008 2036 1088 2063 tionis
1102 2036 1218 2071 speciem
1234 2044 1323 2064 causa:
1342 2042 1368 2064 et
1383 2038 1500 2065 causalis
1511 2039 1620 2071 dicere;
1638 2044 1666 2065 ut
1683 2041 1787 2066 discur-

1008 2087 1106 2109 nantur
1119 2081 1227 2116 quidem
1241 2082 1356 2115 scilicet,
1373 2090 1425 2109 non
1449 2087 1537 2110 tamen
1555 2085 1703 2112 secundum
1722 2093 1787 2112 can-

1009 2134 1078 2159 sam,
1093 2131 1120 2154 et
1135 2127 1244 2155 causale
1262 2136 1269 2154 :
1286 2128 1433 2154 secundum
1459 2129 1566 2156 modum
1593 2137 1655 2157 vero
1672 2130 1787 2158 alterum

174 2171 236 2198 dum
257 2178 379 2202 causam.
407 2175 435 2197 et
467 2170 576 2197 cattsale
600 2170 683 2197 etiam
714 2169 758 2196 ltic
787 2169 954 2203 intelligitur,
973 2169 994 2196 D
1009 2180 1070 2200 cum
1085 2173 1284 2205 discerttantur,
1301 2179 1374 2207 pttla,
1394 2174 1464 2201 sicut
1478 2175 1613 2202 contraria
1630 2177 1789 2204 discernun-

175 2217 322 2243 sornuduttt
339 2223 418 2250 quant
436 2215 646 2250 oppositionettt,
661 2218 687 2242 et
709 2214 830 2242 discerni
855 2214 898 2240 illa
923 2214 956 2240 ab

176 2262 291 2289 invicem
308 2266 335 2288 et
348 2261 417 2287 uttiri
438 2261 509 2288 licet.
534 2260 571 2287 ita
588 2260 669 2294 igitur
682 2259 777 2292 Filius,
795 2263 822 2286 et
839 2259 957 2293 Spiritus

176 2313 287 2334 sanctus
306 2314 339 2334 ex
366 2306 447 2333 Patre
470 2313 531 2333 cum
554 2305 619 2338 sint',
647 2310 672 2332 et
689 2305 768 2337 uniti,
792 2310 819 2332 et
846 2304 956 2332 discreti

176 2358 247 2380 sunt.

210 2399 346 2426 Caeterum
362 2399 423 2433 quia
441 2402 550 2432 propter
573 2397 716 2424 Trinitatis
732 2397 853 2424 ordinent
878 2402 958 2431 atque

178 2444 387 2476 confessionem,
411 2451 464 2471 non
480 2443 566 2478 magis
579 2443 706 2470 convenit
728 2443 776 2469 ista
796 2443 828 2469 ad
852 2442 957 2468 Patrem

178 2495 204 2515 ct
221 2490 338 2517 discreta
361 2494 394 2524 et,
408 2489 485 2516 unita
504 2495 573 2520 esse,
595 2495 675 2523 quam
699 2488 755 2514 sint
784 2487 817 2514 ad
844 2487 958 2514 invicetn

180 2534 261 2561 Filius
274 2540 301 2561 et
316 2534 433 2569 Spiritus
448 2539 577 2566 sanctus;
593 2534 661 2561 alias
674 2533 771 2567 quippe
789 2533 960 2566 inaequalitas

181 2580 206 2606 in
224 2580 355 2607 'l'rinitate
370 2585 454 2612 esset,
472 2586 559 2614 tteqtte
581 2578 613 2605 ad
636 2579 753 2606 invicem
771 2577 960 2605 discerneren-

181 2629 232 2650 tur.
249 2625 277 2651 Si
295 2629 384 2651 autent
401 2631 453 2651 non
471 2624 704 2654 discernerentur,
729 2630 781 2649 una
803 2622 882 2649 etiam
899 2628 960 2655 per-

182 2678 247 2697 sona
273 2676 363 2702 esset;
387 2671 487 2705 quippe
517 2669 622 2697 sublata
649 2669 781 2696 relatione
809 2668 960 2695 secundum

182 2722 302 2746 causam,
321 2720 401 2748 atque
420 2715 540 2747 causalc,
558 2715 614 2742 sola
636 2713 757 2741 essentia
785 2713 959 2746 relinquitur.

183 2761 302 2794 llottstat,
313 2763 441 2796 quoniant
457 2768 483 2789 et
499 2762 593 2794 Ftlius,
610 2766 636 2788 et
654 2761 773 2796 Spiritus
790 2765 909 2790 sanctus.
928 2761 961 2786 ad

185 2813 214 2832 se
231 2807 343 2833 invicem
358 2811 385 2833 et
401 2807 466 2833 ttniti
481 2812 507 2834 et
521 2807 630 2833 discreti
647 2811 720 2839 sunt,
735 2806 960 2841 quemadmodum

305 2855 435 2883 i'arttuc.
456 2855 510 2884 Gtt.
535 2855 620 2885 CLII.

1010 2224 1052 2245 tttr
1065 2218 1096 2245 ad
1124 2219 1249 2252 invicem,
1276 2220 1316 2246 rei
1341 2228 1400 2254 qua:
1414 2222 1560 2248 secundum
1578 2223 1746 2256 negationem
1764 2230 1791 2250 et

1009 2263 1213 2291 aﬂirtttationem
1227 2269 1302 2297 sunt,
1320 2265 1358 2292 vel
1376 2272 1435 2299 qum
1449 2267 1597 2292 secundum
1613 2268 1789 2300 privationem

1008 2314 1035 2336 et
1046 2309 1185 2341 habitum;
1200 2310 1241 2336 vel
1259 2311 1407 2337 secundum
1422 2311 1524 2345 aliquid
1540 2312 1611 2339 aliud
1625 2313 1789 2347 ltujustnodi.

1011 2355 1121 2381 Constat
1140 2359 1229 2394 autem
1249 2359 1277 2382 ct
1299 2356 1361 2390 quia
1390 2357 1481 2390 aliam,
1507 2366 1557 2385 tton
1583 2359 1693 2386 alterunt
1713 2361 1789 2388 dixit.

1010 2399 1085 2426 Alius
1113 2400 1185 2426 enim
1203 2401 1274 2434 quod
1300 2402 1408 2434 dicitur,
1435 2403 1460 2429 in
1486 2404 1527 2430 ltis
1544 2413 1603 2438 tunc
1626 2406 1676 2432 sub
1696 2408 1790 2433 eadem

1011 2445 1101 2479 specie
1126 2450 1189 2472 sunt
1211 2450 1237 2472 et
1262 2446 1444 2481 adducuntur,
1457 2448 1555 2476 ﬁrmem
1569 2451 1710 2477 locutionis
1727 2459 1790 2478 usus

1011 2489 1132 2524 proferre
1150 2491 1304 2524 consuevit;
1322 2492 1407 2519 altera
1424 2501 1486 2520 vero
1504 2499 1530 2522 et
1553 2495 1682 2528 alterilns,
1706 2497 1730 2523 itt
1748 2498 1790 2523 itis

1011 2543 1070 2569 qua:
1086 2536 1126 2562 vcl
1152 2537 1252 2570 specie,
1275 2537 1315 2563 vel
1337 2545 1435 2571 genere
1451 2539 1588 2572 differunt,
1604 2541 1721 2574 dicitur;
1739 2543 1788 2568 nisi

1011 2580 1081 2608 forte
1103 2581 1215 2608 abusive
1229 2582 1352 2616 dicatur;
1370 2584 1441 2617 quod
1456 2584 1576 2618 profecto
1592 2586 1697 2613 abusive
1725 2595 1790 2613 nun-

1011 2632 1093 2659 quam
1130 2625 1258 2654 Ecclesia:
1291 2628 1418 2662 magister
1450 2629 1475 2654 itt
1511 2630 1609 2656 divinis
1639 2632 1788 2665 νημιιίδδυη

1013 2677 1118 2702 verum,
1132 2671 1181 2698 etsi
1199 2673 1288 2705 specie
1313 2672 1447 2704 eamdem,
1464 2673 1491 2699 in
1503 2679 1633 2708 quantum:
1652 2675 1702 2701 sub
1716 2683 1790 2699 ρηιιι-

1013 2715 1072 2741 dem
1090 2715 1205 2748 speciem
1221 2716 1376 2748 adducitur,
1391 2723 1480 2744 causae
1495 2721 1521 2744 et
1536 2719 1654 2745 can-alis
1667 2719 1767 2745 scilim-t
1784 2727 1788 2744 :

1013 2761 1075 2794 quia
1097 2765 1183 2788 tattten
1200 2762 1291 2794 etiam,
1308 2764 1380 2796 quod
1402 2766 1460 2790 sine
1477 2763 1565 2790 medio
1579 2771 1611 2790 cx
1634 2764 1732 2798 aliquo,
1753 2765 1791 2790 ut

1014 2806 1083 2841 quod
1111 2814 1157 2841 per
1179 2808 1287 2842 aliquod
1309 2810 1408 2843 prodit,
1436 2809 1543 2836 causale
1563 2817 1650 2836 causa:
1675 2815 1725 2837 est.
1744 2818 1790 2844 per

1579 2866 1597 2884 υ
