1934 3063
166 146 216 178 129

158 209 238 236 quant
255 200 355 236 prodit,
368 204 394 228 et
411 199 526 227 maxime
540 207 601 226 cum
619 207 763 234 processus
779 199 935 234 nequit-“cus
950 201 971 229 Α

157 247 249 277 fuerit.
268 246 327 273 Filii
355 254 419 273 vero
436 246 472 273 sit
498 245 651 272 itntttetliata
668 247 804 278 nativitas,
818 245 934 279 Spiritus

156 297 244 318 autem
278 292 393 318 ntetliata
423 292 562 326 processio
589 298 637 326 per
663 290 760 317 Filium
789 290 848 324 eius
876 294 933 323 est,

155 338 290 371 simulque
323 337 431 364 causale
459 336 582 370 utrisque
611 335 744 367 reddidit,
772 340 799 362 et
826 334 935 362 eausalc

156 384 300 410 insinuans
334 383 452 410 Verbum
483 390 516 410 ex
545 390 626 409 causa
659 389 730 414 esse,
760 381 935 409 subdividens

155 433 236 456 etiam
254 431 286 456 ad
305 429 432 461 invicem,
457 428 607 455 secundum
632 435 739 454 causam
765 432 792 454 et
815 426 934 459 causale,

155 475 284 503 discrevit
314 475 415 509 aliquid
441 474 551 509 quidem
576 473 747 500 continenter
764 479 796 499 ex
820 473 934 507 primo:

157 521 227 547 aliud
241 528 304 546 vero
320 528 367 554 per
386 519 411 546 id
427 519 498 553 quod
514 523 586 545 esset
598 518 768 544 continenter
780 524 811 544 ex
828 517 935 550 primo;

159 568 184 592 in
199 566 254 593 sola
279 573 394 599 namque
411 572 491 591 causa
514 569 541 591 et
557 563 657 590 causali
682 563 788 589 divinas
807 568 937 596 personas

157 611 274 638 discerni
292 609 529 644 deprcltcttdiutus.
547 607 579 634 Et
596 607 723 641 quoniam
735 605 816 633 Pater
827 607 935 640 quidem

157 659 229 691 quod
257 656 368 687 dicitur,
404 656 557 689 gigttentetn
589 652 702 685 indicat,
733 651 817 679 Filius
846 656 937 679 autent

157 707 332 733 mscentem,
360 705 472 728 sanctus
495 706 560 726 vero
587 698 706 733 Spiritus
734 694 936 732 procedentem,

156 756 203 774 seu
229 741 400 781 inspiratam,
416 752 505 772 causa:
520 752 584 778 ergo
601 749 627 770 ct
642 743 772 776 causalis,
789 743 847 770 sive
863 743 939 777 prin-

158 794 234 828 cipii,
247 799 274 820 ct
288 800 383 819 eoruut
399 799 458 826 quae
476 796 538 818 sunt
552 798 583 817 es
601 789 734 824 principio
751 789 859 815 nomina
876 793 939 815 sunt

156 844 256 866 sancta:
286 842 314 865 et
345 835 614 871 supersubstantialis
641 834 782 861 Trinitatis
815 834 936 865 nomina.

790 145 986 175 MANUELIS
1007 146 1158 176 CALECA;

1718 143 1780 176 140

1023 199 1160 235 Nyssenus
1175 199 1272 234 quippe
1287 200 1434 234 Gregorius
1445 200 1603 228 discernens
1614 199 1668 226 ait:
1688 199 1780 226 Aliud

988 245 1055 271 enim
1070 251 1107 272 est
1137 246 1297 272 continenter
1311 253 1342 272 ea:
1368 246 1467 280 primo;
1486 246 1560 273 aliud
1579 253 1625 280 per
1639 246 1678 278 id,
1700 247 1781 280 quod

986 295 1022 316 es!
1047 291 1213 317 continenter
1232 299 1264 318 ea:
1279 291 1382 325 primo;
1411 292 1482 326 quod
1508 291 1581 318 enim
1601 295 1665 318 ante
1687 291 1780 319 etiam

988 334 1115 367 diximus,
1132 342 1241 362 causam
1265 340 1293 363 el.
1307 336 1416 364 causale
1440 342 1585 370 processus
1609 336 1771 371 hujusmodi

989 381 1200 414 commendant;
1216 381 1267 408 nisi
1284 381 1355 408 enim
1371 388 1517 415 processus
1528 381 1555 409 in
1570 381 1669 409 divinis
1685 386 1777 413 esset.

987 425 1107 459 proiecto
1133 433 1222 461 neque
1240 427 1381 459 discretio,
1407 434 1496 462 neque
1520 435 1650 455 numerus
1675 435 1778 462 perso—

988 478 1082 498 llal'lllll
1101 476 1191 509 9659.,“
1208 479 1384 506 personarum
1399 479 1465 500 vero
1475 479 1606 500 numerus
1616 473 1775 500 secundttm

986 524 1108 549 causam,
1125 522 1153 544 et
1172 517 1280 545 eausale
1300 517 1395 545 divinae
1415 525 1538 552 personae
1557 517 1744 552 distinguitur.

1023 562 1109 589 Simul
1132 568 1221 589 autem
1237 568 1357 595 constat,
1369 563 1451 591 etiam
1468 563 1615 591 secundum
1629 563 1772 590 contraria

988 608 1119 640 possibile
1137 615 1190 634 non
1208 615 1269 634 esse
1283 608 1388 636 divinas
1405 609 1522 637 discerni
1536 615 1683 643 personas;
1702 615 1776 636 con—

989 652 1073 678 traria
1101 653 1173 679 enim
1203 652 1357 680 dill'erentes
1379 653 1484 688 species
1512 653 1712 685 commendant,
1741 658 1776 680 ut

988 697 1080 725 album
1102 703 1128 725 et
1145 698 1265 734 nigrum,
1285 704 1312 726 et
1330 699 1463 727 rationale
1485 704 1514 727 et
1526 699 1694 731 irrationale,
1708 706 1774 726 cor-

988 751 1092 778 pusque
1107 748 1133 771 et
1147 743 1326 779 incorporale.
1341 744 1413 773 Deus
1426 749 1515 772 autem
1531 752 1584 772 una
1598 744 1702 779 species
1714 748 1773 774 est.

987 796 1155 823 quaecunque
1172 791 1277 817 tandem
1294 790 1340 823 sit,
1353 790 1374 817 si
1390 790 1442 817 dici
1465 789 1556 822 liccat,
1569 795 1597 818 et
1612 797 1665 817 una
1687 789 1772 815 trium

988 834 1107 861 essentia
1124 839 1151 862 et
1165 835 1255 862 uttitas
1271 840 1322 863 est.

158 883 246 911 Patris
262 883 376 913 scilicet,
392 887 417 908 et
446 880 518 912 Filii,
542 884 568 907 ct
584 879 671 906 sancti
687 878 816 913 Spiritus.
833 878 865 906 Et
878 878 941 912 quia
958 883 978 910 Β
1026 877 1119 912 Neque
1129 880 1277 906 secundum
1290 880 1467 914 privationem
1480 880 1587 915 quidem
1599 886 1626 909 et
1635 881 1772 914 habitum,

158 929 319 964 paternitas,
343 933 369 954 et
386 927 525 953 ttativitas.
541 929 621 959 atque
640 924 777 959 processio
799 923 862 950 solae
877 927 939 950 sunt

164 973 356 1001 substantiales
384 973 564 1007 proprietates
588 977 764 1004 personarum
784 977 791 996 :
819 968 939 1003 proprie-

164 1025 235 1047 tates
250 1027 313 1046 vero
335 1019 405 1046 idem
430 1025 499 1049 esse,
513 1016 583 1051 quod
608 1016 786 1047 substantias,
800 1019 939 1042 ostensum

159 1071 202 1092 cst
225 1065 372 1093 secundum
397 1063 551 1097 theologum
575 1061 734 1094 Gregorium
758 1059 937 1087 :substantia

159 1118 235 1142 vero,
257 1110 313 1137 sive
328 1115 440 1143 persona
458 1107 578 1138 Patrem,
597 1110 624 1132 et
644 1105 752 1137 Filium,
765 1110 792 1132 et
807 1104 938 1140 Spiritum

159 1160 283 1183 sanctum
316 1155 414 1190 signat.
443 1153 482 1180 ita
503 1152 576 1179 enim
604 1151 787 1178 Damascenus
815 1149 939 1177 dciinivit

158 1202 251 1229 dicens
265 1209 271 1227 :
288 1200 379 1228 Deitas
401 1204 523 1226 naturam
539 1198 655 1229 indicat;
671 1198 752 1225 Pater
769 1202 856 1223 autem
870 1196 938 1230 quod

158 1249 265 1278 dicitur,
290 1246 487 1276 substantiam;
512 1245 575 1279 quia
601 1244 679 1270 etiam
704 1242 851 1270 substantia
867 1250 939 1268 cont-

157 1301 233 1320 mune
253 1300 311 1319 cum
330 1293 436 1327 proprio
452 1295 501 1317 est.
526 1289 639 1317 Constat
660 1289 718 1316 haec
733 1288 842 1316 nomitta
860 1287 938 1314 induo

156 1346 220 1366 cere
248 1338 439 1364 discretionem
458 1335 640 1371 persottalem,
666 1341 700 1361 ac
723 1333 876 1361 necessario
896 1332 936 1359 di-

156 1387 246 1410 screta
265 1381 381 1415 signare.

191 1427 325 1460 Quocirca
358 1430 387 1452 et
420 1425 477 1451 haec
505 1423 562 1450 sola
587 1422 697 1457 proprie
727 1422 881 1457 personalia
910 1427 938 1449 et

155 1471 344 1500 substantialia
362 1474 437 1501 sunt,
450 1476 510 1504 qua:
521 1476 621 1501 causae,
635 1468 804 1503 causalisque
816 1469 936 1495 habitum

157 1520 277 1553 signant,
306 1515 468 1549 singulaque
494 1514 608 1549 singulis
635 1514 745 1549 proprie
776 1514 936 1544 redduntur,

157 1545 228 1591 milia
250 1562 453 1589 communitatis
472 1561 577 1588 ratione
600 1559 770 1590 introducta:
787 1559 939 1587 suﬂiciunt-
951 1545 973 1574 θ

160 1617 214 1644 quc
240 1616 289 1642 per
313 1614 343 1634 se
359 1607 417 1641 ipsa
442 1606 616 1633 discretionis
638 1605 828 1633 commendare
855 1605 937 1632 ratio-

158 1663 230 1682 nem.
252 1654 339 1681 Patrts
354 1657 426 1681 enim
443 1659 524 1686 super
539 1652 716 1679 substantiale
734 1659 832 1679 nomen
855 1656 882 1678 et
896 1651 954 1678 res"

157 1707 267 1727 causam
298 1699 400 1726 indicat
426 1698 500 1728 Filii,
529 1702 556 1724 et
584 1697 646 1724 Filii
671 1697 765 1729 etiam,
793 1700 820 1723 et
851 1695 938 1723 sancti

158 1746 277 1780 Spiritus
297 1744 435 1772 similiter.
457 1743 576 1776 Quorum
591 1742 676 1769 Filius
693 1742 801 1777 quidem
816 1741 937 1769 habitutn

159 1791 192 1818 :td
222 1790 332 1817 Patrem
362 1790 462 1823 signat,
494 1793 605 1815 sanctus
638 1792 728 1814 autem
756 1787 873 1822 Spiritus
905 1786 938 1814 ad

160 1837 360 1872 productorem,
376 1835 433 1862 sive
449 1834 596 1869 spirantem
609 1833 727 1860 causalis
739 1833 840 1860 habere
855 1833 938 1859 ratio-

161 1890 221 1910 nem
240 1882 367 1914 traditur,
393 1880 512 1907 maxime
536 1887 596 1906 cum
618 1879 707 1907 dictus
725 1879 760 1907 sit
774 1878 937 1914 spiraculum

161 1928 370 1964 omnipotentis;
397 1926 513 1961 Filiique
538 1925 703 1960 spiraculum
729 1932 791 1953 esse
818 1924 939 1960 Spiritus

160 1979 282 2005 sanctus,
299 1970 464 2006 spiraculum
482 1978 545 1997 vero
562 1970 691 2005 spirantis
701 1973 759 2004 est;
777 1974 804 1997 et
821 1969 939 2004 Spiritus

161 2029 175 2047 a
191 2019 317 2054 spirando
338 2017 528 2045 denominatus
551 2021 603 2043 est.
629 2015 661 2043 Et
679 2016 749 2043 sicut
763 2015 801 2043 ait
827 2023 939 2050 magnas

160 2065 334 2097 Athanasius,
351 2063 469 2098 Spiritus
488 2061 638 2097 processio,
651 2061 787 2096 spiracttlo
803 2061 937 2088 assimila-

162 2117 215 2138 tur.
232 2109 349 2145 Spiritus
363 2113 452 2136 autent
468 2108 603 2143 processio
615 2114 757 2142 processus
772 2112 815 2135 est
828 2117 834 2134 :
847 2107 939 2142 itaque

163 2163 190 2183 ct
212 2155 365 2190 inspiratio.
391 2153 460 2181 Nam
489 2159 515 2181 et
538 2153 656 2188 Spiritus
672 2154 820 2187 procedens
840 2154 939 2182 dicitur

162 2207 273 2237 propter
296 2207 454 2236 processum
479 2199 594 2232 scilicet,
619 2200 768 2226 secundum
798 2207 878 2234 quem
905 2208 937 2227 ex

162 2249 242 2276 Patre
256 2255 303 2282 per
318 2247 415 2274 Filium
432 2245 565 2280 procedit.

195 2295 309 2322 Constat
325 2293 418 2326 itaque
433 2290 626 2319 substantiales
646 2290 835 2325 proprietates,
850 2295 941 2325 pater-

162 2340 275 2366 nitatem
289 2342 317 2365 et
331 2337 512 2368 nativitatem,
526 2341 552 2363 et
566 2335 777 2369 processionem,
793 2337 938 2364 secundum

163 2390 286 2414 causam.
303 2381 422 2412 causale,
441 2381 547 2407 divinas
568 2381 676 2414 signare
691 2388 838 2415 personas;
862 2386 943 2416 atque

163 2428 225 2456 ideo
251 2425 444 2455 substantiales
467 2430 494 2451 et
522 2425 648 2460 proprias
675 2426 823 2452 secundum
849 2433 889 2458 se,
911 2433 943 2453 ac

165 2474 273 2510 proprie
294 2472 357 2505 diei,
373 2471 494 2505 solisque
508 2471 549 2497 Itis
564 2469 775 2504 proprietatibus
790 2470 941 2497 divinarum

165 2528 344 2559 personarqu
372 2519 552 2547 dilleretttiam
579 2517 701 2552 intelligi.
731 2516 762 2544 Et
791 2516 855 2544 illud
880 2517 943 2544 item

165 2572 284 2600 constat,
305 2565 484 2600 proprietates
500 2563 608 2598 quidem
623 2562 770 2590 secundum
784 2570 903 2594 causam,
919 2568 945 2590 et

164 2613 273 2641 causale
289 2609 469 2639 subsistentes
484 2608 638 2644 cogitatio..i
657 2615 802 2643 processus
813 2609 940 2643 ingerere,

164 2664 324 2692 rursumque
337 2661 480 2690 processus
498 2661 619 2685 causam,
635 2658 663 2680 et
678 2654 796 2684 causale,
809 2653 942 2687 simulque

165 2703 354 2732 discretionem
373 2699 537 2728 subinierre.
559 2699 610 2726 lsta
623 2699 695 2726 enim
719 2706 766 2733 per
783 2699 941 2726 alterutrum

166 2751 339 2784 colliguntur.

201 2842 212 2857 ’
227 2841 318 2868 l'l‘itn.
335 2848 366 2872 ll,
381 2839 422 2867 l3.
461 2838 471 2854 '
482 2837 560 2866 Joatt.
577 2846 603 2871 tt,
617 2837 662 2866 50.

990 930 1050 957 quae
1081 924 1154 951 enim
1185 925 1344 959 itnperleete
1373 925 1494 958 habent,
1521 926 1667 954 secundum
1699 927 1774 953 hanc

990 969 1190 1003 oppositionent
1221 970 1436 1003 discernuntur,
1470 971 1552 999 veluti
1579 972 1613 999 ab
1645 977 1772 1006 aspectu,

990 1013 1099 1042 ctecitas
1116 1019 1144 1042 et
1168 1022 1182 1041 a
1207 1022 1279 1042 caeco
1299 1016 1402 1044 videns.
1423 1015 1499 1044 Nulla
1517 1024 1581 1044 vero
1604 1017 1718 1052 privatio
1742 1017 1771 1044 in

989 1059 1046 1087 Deo
1072 1060 1170 1086 summi
1189 1060 1252 1087 boni
1268 1065 1325 1094 est;
1352 1062 1451 1096 quippe
1478 1063 1692 1097 perfectissimus
1709 1067 1769 1095 est;

989 1108 1016 1130 et
1042 1104 1257 1131 substantiarunt
1282 1105 1408 1139 quaelibet
1433 1106 1551 1140 perlecta
1568 1111 1623 1140 est;
1644 1106 1770 1141 Deusque

989 1154 1064 1178 totus
1083 1158 1115 1177 ex
1142 1155 1197 1177 toto
1221 1158 1312 1183 verus,
1330 1159 1362 1179 ac
1390 1152 1527 1187 perfectus
1553 1157 1594 1180 est
1620 1153 1769 1180 secundum

989 1195 1051 1223 ﬁdei
1067 1196 1229 1230 positiones,
1246 1196 1294 1224 sed
1309 1204 1396 1232 neque
1406 1201 1435 1224 ut
1449 1197 1594 1225 aftirtnatio
1608 1203 1635 1226 et
1650 1198 1769 1232 negatio.

989 1241 1068 1275 Nam,
1085 1242 1235 1270 secundum
1257 1242 1328 1269 hanc
1351 1243 1548 1277 oppositiouem
1563 1251 1624 1278 qua:
1649 1248 1711 1270 sttnt
1735 1242 1770 1270 ab

990 1288 1033 1316 his
1047 1295 1108 1324 qua
1124 1296 1177 1315 non
1193 1292 1268 1321 sunt,
1284 1288 1486 1319 discernttntur,
1503 1292 1532 1316 ut
1550 1295 1565 1315 a
1581 1287 1648 1315 falso
1661 1296 1768 1315 verum.

993 1333 1077 1362 Porro
1092 1334 1118 1361 itt
1143 1334 1198 1362 Deo
1221 1333 1310 1362 nullus
1326 1341 1378 1362 non
1396 1334 1505 1362 essendi
1530 1334 1605 1361 locus
1628 1338 1680 1361 est.
1699 1333 1769 1360 Deus

988 1380 1060 1407 enim
1095 1380 1211 1407 essentia
1242 1379 1510 1414 supersubstantialis
1540 1385 1593 1412 est,
1625 1379 1770 1413 virtusque

988 1425 1062 1453 omni
1078 1426 1178 1453 virtute
1191 1426 1317 1460 superior
1329 1429 1356 1453 et
1371 1425 1558 1457 exselaentior,
1570 1429 1651 1459 atqtte
1665 1425 1768 1451 incom-

988 1471 1126 1498 mutabilis
1139 1471 1253 1498 vcritas.
1279 1470 1349 1498 Deus
1365 1470 1434 1498 enim
1454 1478 1482 1497 se
1507 1470 1592 1505 ipsum
1608 1477 1701 1504 negare
1717 1477 1769 1496 non

988 1521 1083 1549 potest,
1100 1520 1128 1543 ul
1147 1517 1184 1543 ait
1196 1516 1296 1544 Paulus
1307 1517 1327 1543 ι.

1026 1560 1159 1589 Praeterea
1179 1568 1232 1588 non
1250 1565 1291 1589 est
1308 1561 1426 1596 negatio,
1447 1561 1517 1595 quod
1535 1560 1683 1587 affirmatio
1702 1559 1766 1586 siut-

991 1607 1108 1640 pliciter.
1132 1607 1250 1634 Persona
1273 1612 1366 1634 autem
1388 1614 1442 1633 una
1457 1611 1498 1633 est
1512 1605 1681 1640 simpliciter,
1698 1606 1768 1639 qttod

991 1653 1092 1685 altera;
1110 1653 1257 1680 secundum
1271 1653 1415 1681 relationes
1432 1652 1540 1687 quidem
1557 1650 1626 1682 dum,
1640 1650 1770 1684 simplici-

991 1703 1032 1726 ter
1046 1704 1136 1726 autem
1153 1707 1216 1726 una.
1231 1698 1297 1726 Nam
1317 1698 1465 1727 secundum
1489 1697 1647 1730 essentiam,
1661 1702 1687 1724 et
1710 1703 1769 1723 esse

991 1745 1082 1772 unitas
1096 1746 1135 1773 eis
1149 1751 1189 1773 est
1211 1755 1217 1773 :
1243 1745 1300 1781 Ego
1326 1745 1396 1772 enim
1419 1750 1443 1772 et
1467 1744 1558 1777 Pater,
1575 1743 1673 1778 inquit,
1689 1749 1767 1769 unum

990 1798 1080 1817 sumus
1093 1791 1104 1806 ³
1118 1800 1125 1818 :
1141 1795 1167 1818 et
1191 1792 1297 1825 negatio
1309 1791 1418 1825 quidem
1443 1790 1565 1825 sequitur
1590 1796 1620 1816 ea
1638 1795 1697 1822 qua:
1723 1794 1768 1821 per

992 1836 1044 1863 alia
1061 1838 1206 1865 indiscreta
1222 1841 1304 1870 sunt;
1318 1837 1424 1872 signum
1439 1837 1510 1864 enitn
1522 1835 1705 1865 discretionis,
1716 1841 1766 1860 nou

991 1888 1081 1911 autent
1110 1883 1302 1911 discretionem
1331 1883 1406 1911 facit.
1432 1883 1518 1911 l-lomo
1544 1882 1616 1910 enim
1643 1887 1669 1909 et
1697 1881 1767 1907 aliud

992 1928 1129 1964 quodlibet
1159 1928 1258 1956 animal
1285 1929 1391 1956 ratione
1418 1933 1445 1956 et
1478 1927 1627 1963 privatione
1658 1926 1768 1954 rationis

992 1975 1202 2006 discernuntur;
1224 1982 1286 2002 cum
1303 1975 1472 2005 irrationale,
1490 1978 1519 2001 ut
1535 1973 1640 2008 species
1657 1973 1685 2000 in
1701 1972 1767 2000 divi-

991 2019 1115 2047 sionibus
1130 2019 1291 2053 accipiatur.
1309 2018 1443 2046 Caeterum
1471 2026 1524 2045 non
1542 2014 1578 2046 eo
1598 2018 1670 2053 quod
1690 2018 1768 2045 homo

990 2069 1044 2097 est,
1061 2069 1088 2092 et
1111 2065 1193 2092 homo
1213 2071 1265 2092 non
1286 2069 1337 2092 est.
1359 2063 1416 2091 Non
1441 2065 1512 2091 enim
1530 2064 1582 2092 hoc
1599 2068 1650 2096 est,
1672 2070 1767 2098 equum

991 2119 1062 2144 esse,
1086 2111 1158 2146 quod
1176 2111 1312 2138 hominem
1341 2118 1395 2138 non
1418 2118 1490 2139 esse.
1504 2110 1637 2144 Quoniam
1659 2117 1724 2137 vero
1743 2109 1767 2136 in

992 2157 1035 2185 his
1052 2164 1111 2192 quae
1131 2155 1164 2184 ad
1190 2156 1303 2191 aliquid,
1328 2164 1389 2192 quae
1403 2157 1430 2185 in
1446 2157 1564 2184 essrntia
1591 2155 1767 2190 inspiciuntur

955 2203 1139 2240 pst-cundum
1164 2203 1270 2230 scilicet
1297 2209 1409 2230 causam
1436 2207 1463 2230 et
1486 2201 1606 2234 causale,
1635 2201 1766 2236 reperitur

992 2248 1093 2283 aliquid
1118 2248 1206 2275 simile
1232 2248 1282 2276 Sibi
1305 2248 1468 2282 producens,
1494 2249 1521 2275 itt
1548 2248 1641 2276 eadem
1669 2248 1766 2282 specie,

992 2293 1141 2320 secundum
1159 2293 1301 2320 univocam
1327 2297 1454 2327 causam:
1474 2294 1544 2321 Deus
1572 2298 1660 2321 autem
1689 2300 1765 2320 unum

991 2342 1034 2365 est
1059 2339 1192 2370 essentia:
1218 2339 1280 2370 tria.
1306 2339 1532 2366 substantialibus
1559 2337 1766 2373 proprietatibus

993 2385 1141 2412 secundum
1155 2392 1266 2412 causam
1283 2389 1310 2412 et
1328 2384 1453 2417 causale;
1469 2384 1603 2419 opposillo
1625 2383 1766 2411 secundum

992 2436 1101 2457 causam
1118 2435 1145 2457 et
1161 2429 1269 2457 causale
1284 2430 1310 2456 in
1326 2430 1376 2461 his,
1388 2437 1448 2465 qua:
1465 2431 1499 2458 ad
1514 2429 1616 2464 aliquid
1632 2430 1765 2461 dicuntur,

991 2475 1080 2504 locutu
1097 2475 1178 2503 habet
1193 2475 1220 2502 in
1232 2480 1325 2503 sancta
1342 2474 1484 2503 Trinitate.
1502 2475 1564 2502 Ideo
1580 2480 1607 2502 et
1619 2475 1763 2502 secundttnt

992 2520 1075 2547 solam
1092 2527 1202 2547 causam
1226 2525 1253 2547 et
1269 2521 1388 2551 causale,
1410 2526 1437 2547 et
1459 2528 1473 2548 a
1500 2519 1638 2555 Scriptura
1665 2519 1766 2551 sancta,

992 2571 1019 2593 et
1039 2573 1054 2593 a
1079 2566 1182 2593 sanctis
1206 2565 1342 2597 Patribus,
1365 2566 1470 2593 divinas
1486 2574 1617 2601 personas
1644 2566 1767 2597 discerni,

993 2611 1121 2638 traditum
1138 2614 1189 2638 est.
1206 2610 1294 2638 Patris
1309 2611 1379 2638 enim
1396 2611 1430 2638 ad
1444 2611 1541 2638 Filium
1559 2612 1656 2638 tradita
1672 2611 1767 2638 discre-

997 2658 1042 2687 tio,
1055 2663 1142 2683 causte
1158 2660 1186 2683 et
1209 2655 1325 2683 causalis
1342 2660 1398 2689 est;
1415 2656 1506 2684 itident
1523 2657 1645 2691 producti
1668 2662 1694 2683 et
1711 2664 1768 2690 pro.

996 2701 1128 2729 ducentis.

1031 2745 1143 2774 Constat
1158 2751 1246 2774 autem
1263 2753 1294 2775 ex
1311 2747 1469 2782 puemissis,
1487 2747 1550 2782 quia
1566 2747 1689 2783 ingeniti,
1702 2747 1769 2782 geni-
