1934 3063
135 166 182 198 Ml

683 165 885 196 ADVERSUS
905 166 1064 196 GRAECOS
1084 166 1155 196 LIB.
1181 166 1237 195 Ill.

1714 163 1763 194 142

134 225 211 257 tique
227 222 335 249 ratione
345 221 426 249 Pater
441 228 457 249 a
473 220 541 249 Filio
552 228 605 249 non
620 223 730 257 proprie
752 222 926 250 discernitur.
943 224 966 252 Α
1016 222 1148 254 Quoniam
1178 223 1260 256 igitur
1292 222 1427 254 accidens,
1456 222 1677 257 consortiumque
1710 231 1762 250 non

131 269 231 302 Νιιψιε
250 275 284 294 co
307 266 379 301 quod
396 271 437 294 est
460 266 536 293 nasci
552 270 647 294 etnon
666 265 752 294 nasci.
769 266 831 293 Haec
853 266 925 293 enim

132 315 215 346 quasi
249 312 432 340 eontradielio
464 311 516 339 sibi
549 312 665 339 invicem
694 312 818 347 opposita
851 317 924 338 sttttt.

134 359 245 385 Dictum
272 362 315 385 cst
338 361 429 385 autem
456 357 663 384 aliirmationem
691 362 718 384 et
742 357 924 391 negationem,

133 405 212 430 nulla
240 410 322 437 posse
338 402 443 430 ratione
458 402 628 434 discernere,
653 402 699 430 sed
725 402 802 437 sequi
820 409 852 429 ea
867 409 928 436 qua:

132 451 194 484 jam
217 457 265 484 per
289 450 342 476 alia
371 448 488 475 discreta
513 452 586 480 sunt,
604 455 665 474 cttm
693 447 728 474 sil
754 448 927 475 discretionis

133 497 246 530 signum
264 503 272 522 :
289 494 370 522 sicuti
389 493 538 529 ingenitum
552 492 624 528 quod
646 492 755 525 dicitur,
766 493 821 527 jam
837 493 926 520 subsi-

134 547 255 568 stentem
287 540 395 567 Patrem
425 538 595 571 alﬁrntativa,
625 538 652 565 id
678 542 720 566 est
754 538 927 566 substantiali

136 587 318 620 proprietate,
347 584 510 619 paternitate
529 584 648 616 scilicet,
673 585 808 618 sequitur.
836 583 928 618 Itaque

136 632 288 665 ingenitum
312 634 340 657 et
363 630 481 665 genitum
498 628 599 662 Patris,
623 633 651 656 et
668 628 729 656 Filii
753 629 786 656 ad
811 629 927 657 invicem

135 676 332 703 discretionem
366 683 420 703 non
452 675 530 708 facit,
561 675 610 702 sed
643 676 827 704 subsistentes
859 676 927 711 jam,

135 728 220 757 atque
254 721 390 749 discretos
420 721 646 749 substantialihus
676 728 772 761 eorum
806 723 930 757 proprie-

136 768 239 794 tatibus
266 768 417 795 secundum
443 773 553 794 causam
572 772 600 794 et
619 767 737 800 causale,
764 768 929 801 paternitate

135 822 169 841 ac
186 814 330 840 nativitate
346 813 466 841 discerni
484 813 631 848 signiﬁcat.
651 812 782 841 Similiter
800 817 828 841 et
849 813 882 840 de
896 821 928 840 eo

135 859 210 894 quod
230 863 271 885 est
288 858 362 886 nasci
377 862 405 886 et
421 866 475 886 non
490 860 577 892 nasci,
595 858 751 886 dicendum.

173 903 289 932 Constat
304 908 394 931 autent
413 911 445 931 ex
463 903 518 937 his,
531 907 558 930 et
576 910 624 930 eos
636 904 681 938 qui
695 903 788 931 dicunt
801 908 928 940 oportere

136 950 258 984 primum
274 956 336 977 esse
356 948 465 977 Patrem
483 953 509 977 et
523 948 635 982 Filium,
656 948 759 976 deinde
771 949 854 976 alium
869 949 928 984 qni-

136 994 200 1021 deni
228 995 350 1029 gignere,
368 994 446 1029 longe
466 1001 481 1022 a
507 995 613 1022 decenti
640 995 810 1023 confessione
828 1002 929 1023 sanctae

137 1039 289 1067 Trinitatis
305 1039 445 1067 aberrare.
459 1039 537 1067 Nulla
553 1041 624 1068 enim
638 1040 692 1068 illic
705 1045 747 1069 est
759 1041 811 1068 alia
827 1041 928 1069 discre-

136 1085 223 1111 tionis
243 1084 406 1117 ditl‘erentia,
423 1088 522 1119 praeter
541 1092 599 1113 eam
617 1092 676 1120 quae
694 1085 843 1113 secundum
867 1093 929 1113 cau—

137 1138 198 1157 sant
215 1134 243 1157 et
258 1129 369 1157 causale
384 1137 416 1157 ex
434 1130 609 1166 processibus
628 1134 750 1165 apparet.
770 1129 827 1158 [ioc
840 1131 927 1165 ipsum

136 1176 224 1208 enim,
240 1176 312 1210 quod
328 1175 397 1203 alius
414 1175 450 1202 sit
466 1182 558 1209 causa,
576 1175 646 1204 alius
671 1176 794 1209 eausale;
822 1177 873 1203 hoc
886 1180 928 1203 est

138 1221 211 1248 alius
236 1221 346 1253 quidem
365 1220 400 1247 sit
422 1220 515 1254 Pater,
529 1220 600 1248 alius
615 1220 710 1254 Filius,
736 1228 867 1255 personas
891 1223 928 1250 si-

140 1267 198 1293 ntul
213 1271 239 1294 et
253 1265 444 1293 discretionem
461 1266 561 1300 signat.
577 1265 681 1300 itaque,
701 1267 723 1293 si
739 1267 847 1301 quidem
869 1275 930 1302 pro-

139 1320 237 1340 cessus
262 1319 319 1340 non
345 1316 429 1344 esset,
452 1315 481 1338 ul.
504 1311 605 1339 dictum
623 1316 665 1339 est
686 1311 819 1347 proiecto,
842 1320 929 1347 neque

138 1365 272 1386 numerus
290 1364 469 1391 personarum
484 1361 567 1391 esset,
584 1362 785 1393 consequenter
802 1366 866 1386 γει-ο
879 1366 929 1387 nec

139 1404 274 1431 Trinitas.

175 1451 229 1477 Alii
247 1451 329 1478 etiam
354 1450 412 1477 sine
426 1449 610 1484 processibus,
631 1450 676 1485 qui
693 1456 756 1478 sunt
779 1453 927 1479 secuttdum

140 1504 253 1523 causam
270 1502 296 1523 et
310 1496 426 1528 causale,
442 1496 492 1522 tria
513 1500 617 1530 ponunt
634 1503 694 1524 esse
716 1496 801 1524 Deum
818 1505 825 1523 :
848 1501 875 1524 et
892 1498 927 1524 ita

140 1542 210 1569 nihil
229 1541 384 1576 prohibebit
398 1549 456 1574 eos,
483 1542 534 1569 tria
552 1549 613 1570 cum
631 1543 696 1575 sint,
721 1544 747 1570 in
766 1543 820 1571 Deo
844 1543 929 1571 conii-
941 1551 963 1580 ς

139 1588 205 1621 teri,
228 1588 377 1615 secundum
404 1595 434 1615 se
461 1588 522 1616 sine
549 1587 681 1616 relatione
705 1589 738 1616 ad
756 1588 925 1621 alterutrum,

137 1634 213 1667 quod
241 1641 303 1660 cum
331 1633 458 1661 essentia;
485 1633 616 1661 unitatem
648 1633 737 1668 tollat,
762 1633 926 1662 Arianorum

138 1678 292 1712 propositio
306 1683 358 1705 est.

176 1723 236 1751 Non
249 1724 336 1751 soluttt
350 1731 415 1759 ergo
424 1731 476 1751 non
489 1729 597 1760 oportet
609 1724 726 1759 primum
737 1732 797 1752 esse
807 1724 926 1757 Patrem,

139 1769 239 1797 deinde
257 1769 418 1803 genitorem,
437 1777 542 1802 verum,
565 1777 599 1797 ne
625 1771 739 1805 cogitari
766 1771 792 1798 id
818 1771 926 1805 quidem

140 1817 279 1843 convenit.
297 1815 365 1842 Nam
389 1816 412 1843 si
435 1816 520 1851 ipsum
536 1816 647 1851 gignere
670 1816 758 1844 Patris
783 1824 925 1851 personant

140 1862 242 1896 signat,
260 1861 395 1895 quomodo
412 1861 522 1889 sublato
536 1869 570 1889 eo
595 1862 654 1896 ipso
669 1864 789 1898 gignere,
802 1863 857 1897 jam
876 1863 927 1890 erit

141 1906 244 1933 Pater?
259 1907 312 1932 Aut
334 1906 407 1932 enim
425 1913 512 1941 neque
539 1906 621 1934 Pater
641 1908 705 1937 erit.
730 1909 752 1935 si
769 1909 860 1936 dicere
885 1908 927 1935 fas

141 1955 194 1982 est.
221 1957 267 1978 aut
286 1957 359 1979 certe
383 1952 519 1985 confusio,
545 1957 591 1980 aut
616 1954 727 1981 tertium
753 1955 805 1981 erit
825 1955 927 1989 aliquid

142 1998 289 2024 secundum
316 2005 345 2025 se
370 2002 398 2024 et
421 1999 586 2032 absolutum,
615 1999 730 2027 divisunt
755 2000 788 2028 ab
810 2001 926 2028 essentia

143 2043 203 2070 Filii
229 2049 256 2070 et
282 2043 410 2078 Spiritus.
434 2044 462 2071 ld
490 2046 578 2079 ipsum
603 2050 694 2073 autem
721 2050 749 2073 et
774 2046 807 2074 de
833 2052 928 2074 sancto

143 2090 246 2122 Spiritu
260 2090 413 2117 dicendutn.
427 2091 479 2118 Sed
492 2091 543 2118 ista
555 2099 622 2118 sane
632 2092 775 2126 phantasia
786 2092 926 2119 hominum

142 2142 236 2161 eorum
253 2140 307 2166 est,
322 2135 367 2169 qui
383 2141 503 2162 sanetam
528 2136 691 2166 Trinitatem
705 2137 783 2171 quasi
805 2141 859 2164 tres
877 2137 927 2163 ho-

144 2179 230 2204 mines
252 2181 284 2204 ad
310 2179 425 2212 seipsam
452 2179 553 2206 trahere
581 2185 694 2213 ponunt,
719 2180 799 2214 eique
819 2179 927 2215 indigne

979 266 1121 293 admittere
1143 266 1212 294 divit
1228 274 1259 294 ea
1285 274 1332 301 per
1347 275 1406 301 quae
1432 267 1561 301 cujusque
1584 275 1762 301 personarum

978 311 1129 344 proprietas
1146 312 1364 343 commendatur,
1384 317 1411 339 et
1434 319 1481 345 per
1498 319 1558 346 qua:
1574 312 1687 345 singulm
1706 312 1764 339 illa-

981 363 1040 382 rum
1057 356 1174 383 discrete
1186 356 1365 390 accipiuntur,
1387 356 1420 383 de
1432 356 1550 391 propriis
1561 357 1708 384 secundum
1724 364 1763 390 se,

980 400 1261 435 substantialibusque
1278 401 1433 428 notionibus
1449 402 1557 436 proprie
1573 403 1692 429 disserit.
1709 403 1764 429 lta-

978 451 1031 479 que
1050 445 1178 479 possibile
1203 450 1322 478 nonest,
1347 446 1372 472 itt
1395 446 1489 474 eadem
1509 454 1636 481 persona,
1655 447 1764 475 alterius

979 489 1059 516 etiam
1092 490 1286 524 proprietatem
1319 491 1425 525 inspici.
1460 491 1537 518 Nulla
1563 492 1636 519 cttim
1665 493 1693 519 in
1721 493 1765 521 his

979 535 1172 568 communitas,
1190 540 1237 562 aut
1255 537 1396 564 conversio
1425 537 1572 564 inducitur.
1598 537 1654 565 Hoc
1680 539 1762 566 etiam

979 580 1128 608 secundum
1152 582 1295 615 quamdam
1322 583 1519 616 oppositionem
1544 584 1689 619 contingit,
1716 592 1764 619 per

980 633 1059 659 quant
1078 634 1130 654 non
1144 631 1186 654 est
1201 635 1295 662 unum,
1310 629 1381 663 quod
1401 634 1442 656 est
1460 629 1586 661 alterum,
1613 631 1762 658 secundum

980 671 1085 698 scilicet
1117 672 1297 707 oppositionis
1331 673 1473 706 rationem,
1508 675 1656 702 secundum
1681 682 1762 710 quattt

980 723 1067 749 neque
1082 718 1115 742 ad
1130 717 1246 745 invicem
1261 723 1437 746 convertunt.

1014 760 1146 794 Quoniam
1168 763 1251 797 igitur
1274 763 1300 790 in
1319 763 1374 791 sola
1390 771 1472 791 causa
1490 770 1516 791 et
1536 765 1639 792 causali
1663 765 1762 792 divinae

980 813 1101 839 personae
1134 807 1338 839 discernuntur,
1366 809 1491 843 istudque
1523 809 1713 837 universaliter
1735 816 1764 837 et

980 850 1092 879 diiiinite
1104 852 1204 880 dictum
1217 857 1268 887 cst,
1278 858 1305 880 et
1316 854 1372 888 ipsa
1384 861 1512 889 prmlerea
1526 861 1620 883 natura
1632 856 1762 889 dictante;

981 903 1069 930 neque
1081 897 1155 924 enim
1170 905 1232 926 esse
1246 903 1338 934 posset
1350 900 1409 927 sine
1422 900 1517 928 ordine
1533 900 1661 932 Trinitas.
1675 902 1761 929 maxi-

980 948 1024 968 me
1046 950 1107 970 cum
1135 943 1218 970 etiam
1248 944 1344 972 tertius
1366 952 1398 972 ex
1424 947 1511 980 primo
1529 947 1689 975 naturaliter
1715 955 1764 982 per

980 988 1097 1015 medium
1129 991 1276 1023 procedere
1303 998 1352 1025 pro
1380 991 1507 1019 confesso
1537 991 1683 1026 habeatur;
1710 993 1763 1021 tria

981 1036 1069 1059 tamen
1081 1040 1142 1061 esse
1165 1034 1224 1062 sine
1237 1042 1369 1069 processu
1387 1040 1414 1063 et
1435 1036 1542 1069 ordine,
1559 1038 1689 1071 possibile
1703 1043 1762 1071 est:

981 1085 1098 1113 cumque
1112 1083 1141 1106 et
1162 1080 1228 1107 ﬂdes
1243 1087 1421 1115 personarum
1439 1082 1541 1110 indicet
1557 1083 1763 1118 discretionem,

981 1129 1086 1151 constat
1107 1125 1238 1158 profecto,
1266 1127 1288 1154 si
1313 1127 1483 1156 discernendi
1512 1130 1565 1156 sint
1593 1131 1624 1157 ad
1646 1131 1761 1158 invicem

981 1168 1065 1197 Filius
1080 1175 1105 1197 et
1118 1169 1246 1204 Spiritus,
1259 1180 1311 1199 non
1328 1172 1378 1199 alia
1394 1174 1557 1201 discretione
1570 1182 1649 1209 quam
1662 1183 1762 1203 secun-

980 1214 1043 1242 dutn
1067 1223 1178 1243 causam
1204 1221 1230 1244 et
1248 1217 1358 1245 causale
1385 1219 1539 1247 necessario
1566 1220 1761 1248 discernendos

981 1267 1051 1293 esse,
1073 1261 1180 1296 qualem
1203 1262 1228 1289 in
1250 1263 1342 1290 eodem
1360 1271 1471 1298 genere,
1489 1267 1570 1293 etiam
1589 1267 1615 1294 in
1633 1267 1712 1295 Patre
1727 1269 1761 1295 ad

980 1306 1079 1335 Filium
1095 1311 1122 1334 et
1136 1307 1268 1342 Spiritum
1283 1315 1406 1338 sanctum
1422 1313 1647 1345 deprehendimus
1666 1323 1672 1340 :
1690 1314 1762 1341 illam

981 1353 1087 1386 quidem
1104 1354 1298 1389 generationis,
1320 1355 1389 1383 ltanc
1403 1364 1465 1384 vero
1483 1359 1666 1392 processionis
1683 1361 1764 1387 ratio-

981 1405 1024 1431 ne,
1050 1399 1196 1427 secuntlum
1217 1408 1308 1434 quam,
1336 1409 1422 1437 neque
1452 1403 1535 1430 Filius
1559 1405 1678 1439 Spiritus
1706 1411 1760 1439 est,

981 1452 1069 1480 neque
1083 1445 1201 1480 Spiritus
1214 1446 1300 1475 Filius
1314 1457 1321 1474 :
1334 1449 1569 1482 quemadmodum,
1584 1459 1671 1486 neque
1683 1452 1763 1480 Prner

980 1490 1066 1518 Filius
1083 1496 1135 1525 est,
1151 1499 1238 1526 neque
1260 1492 1345 1521 Filius
1362 1494 1451 1526 Pater,
1471 1503 1557 1530 neque
1580 1496 1659 1524 Pater
1677 1499 1764 1532 Spiri-

980 1541 1023 1564 tus
1046 1542 1156 1566 sanetns
1179 1546 1186 1565 :
1209 1546 1296 1572 neque
1322 1539 1441 1574 Spiritus
1470 1542 1550 1569 Pater
1576 1549 1628 1576 est,
1654 1550 1765 1580 propter

980 1584 1165 1612 necessariam
1193 1585 1299 1613 scilicet
1315 1594 1404 1614 causae
1425 1589 1595 1625 causalisque
1617 1592 1766 1624 oppositio-

970 1636 1051 1671 Inem,
1070 1630 1142 1657 nulla
1169 1630 1195 1658 in
1220 1631 1263 1659 his
1275 1633 1465 1667 conversione,
1482 1635 1538 1662 sive
1550 1637 1623 1663 otnni
1638 1644 1764 1666 comunt-

980 1674 1061 1702 nione
1085 1675 1258 1710 subrepenle.
1274 1677 1341 1705 Nam
1373 1679 1395 1706 si
1422 1681 1521 1707 nullam
1539 1682 1762 1710 communitatem

979 1721 1128 1748 secundum
1161 1721 1353 1751 discretionem
1386 1727 1572 1754 eonvertendo
1607 1727 1762 1763 intelligere

979 1765 1115 1797 convenit,
1133 1772 1246 1794 necesse
1265 1771 1306 1794 est
1322 1768 1388 1795 duas
1404 1771 1571 1798 substantias
1594 1773 1626 1798 ad
1646 1773 1760 1800 invicem

979 1810 1063 1837 verbo
1084 1810 1165 1839 simul
1183 1812 1282 1847 accipi,
1308 1815 1552 1848 conversionisqne
1577 1824 1688 1844 servare
1717 1818 1760 1844 di-

980 1855 1125 1890 gnitatem;
1140 1857 1261 1884 converti
1280 1859 1351 1885 enim
1377 1859 1402 1886 in
1424 1860 1530 1888 duolnts
1543 1861 1659 1895 dicitur;
1676 1870 1764 1897 neque

980 1901 1050 1929 enitn
1069 1901 1177 1930 Patrem
1202 1904 1309 1937 quidem
1334 1910 1360 1931 et
1375 1905 1484 1937 Filium,
1507 1904 1641 1940 quomodo
1663 1907 1763 1934 hnlwut

979 1947 1012 1974 ad
1039 1947 1166 1981 invicem,
1185 1949 1320 1982 inspicere
1335 1953 1452 1984 oportet,
1466 1951 1561 1978 Filium
1576 1959 1639 1978 vero
1655 1958 1681 1978 et
1698 1953 1761 1985 Spi-

981 1994 1062 2020 ritum
1081 2001 1133 2020 non
1158 1998 1276 2028 oportet.
1292 1993 1330 2022 Ita
1349 1996 1421 2022 enim
1438 1997 1624 2025 conversionis
1645 1999 1763 2032 dignitas

981 2041 1105 2074 personis
1119 2040 1300 2068 communiter
1315 2049 1366 2068 tton
1384 2043 1550 2068 redderetur.

1015 2085 1148 2119 Quoniam
1165 2093 1230 2114 vero
1246 2089 1430 2115 communiter
1447 2089 1559 2116 reddere
1585 2097 1693 2118 necesse
1710 2096 1762 2122 cst,

979 2132 1027 2159 sed
1045 2136 1073 2158 et
1087 2132 1216 2160 discretio
1231 2133 1385 2162 necessaria
1406 2138 1457 2166 est,
1473 2135 1525 2161 nisi
1544 2135 1615 2162 dicat
1628 2137 1761 2171 quispiam

979 2177 1127 2204 secundttm
1157 2185 1268 2205 causam
1298 2183 1326 2206 et
1353 2179 1461 2207 causale
1490 2187 1505 2207 a
1534 2180 1601 2208 Fdio
1630 2181 1761 2216 Spiritum

144 2222 289 2255 applicant,
302 2229 361 2256 quae
376 2223 401 2249 in
416 2223 529 2250 materia
546 2223 718 2258 contingunt,
729 2231 844 2258 eamque
857 2223 925 2250 ttiltil
941 2226 965 2255 D
979 2224 1109 2257 discerni,
1126 2231 1213 2258 neque
1232 2224 1447 2256 conversionem,
1465 2233 1553 2261 neque
1570 2227 1762 2255 discretionem

143 2266 346 2294 insensibilibus
361 2272 490 2301 pra-stare
505 2269 636 2296 sentiunt.
663 2268 748 2296 Porro
762 2269 819 2296 haee
832 2269 925 2303 opinio

143 2314 174 2338 de
189 2313 243 2340 Deo
259 2317 351 2340 nostro
371 2313 570 2349 ittdiguissittte,
585 2322 618 2342 ac
633 2315 837 2342 dementissime
860 2323 928 2349 pne-

144 2358 267 2384 sumitur.

178 2403 290 2437 Magnus
310 2409 440 2438 praeterea
460 2404 603 2440 Dionysius
615 2406 731 2433 discreta
749 2406 818 2433 dixit
838 2406 926 2433 Patris

144 2449 404 2482 supersubstatttiale
425 2457 523 2477 nomen
541 2457 568 2477 et
591 2459 657 2485 rent,
678 2457 706 2478 et
719 2451 778 2478 Filii
796 2457 823 2479 et
838 2453 925 2479 sancti

144 2493 272 2526 Spiritus,
287 2502 346 2521 cunt
368 2495 441 2522 nulla
463 2495 489 2522 itt
511 2496 553 2523 his
570 2497 723 2529 conversio,
743 2498 799 2524 sive
814 2497 926 2523 omnino

143 2543 321 2570 communitas
335 2543 537 2572 introducatur.
554 2544 671 2571 Basilius
683 2545 757 2577 item,
772 2543 799 2571 in
814 2544 924 2579 cpistola

143 2589 174 2615 ad
199 2587 360 2622 Gregorium
391 2588 513 2620 fratrem,
546 2591 579 2616 de
605 2589 756 2617 dilTerentia
786 2590 922 2622 essentia;

143 2639 220 2666 atque
235 2634 392 2662 substantia:
407 2635 444 2662 ait
463 2644 468 2662 :
489 2635 621 2668 Quocirca
633 2637 660 2662 in
675 2637 795 2663 essentia
807 2644 924 2662 commu-

144 2680 236 2712 nitate,
254 2680 372 2707 notiones
388 2689 447 2714 qua'
461 2682 487 2707 in
509 2687 599 2708 sancta
617 2681 746 2709 Trinitatc
758 2682 924 2716 conspiciun-

143 2729 193 2756 tur,
210 2725 314 2752 nullum
330 2728 460 2759 accidens,
479 2727 632 2761 nullumque
651 2730 810 2755 consortium
825 2729 923 2754 admit-

143 2775 192 2797 lcrc
222 2771 344 2804 dicimus,
378 2779 423 2805 per
450 2781 516 2807 quas
548 2775 692 2806 pmprictas
721 2775 921 2801 commendatur

142 2825 325 2850 personarum,
347 2826 404 2852 quo:
419 2819 446 2845 in
475 2819 525 2852 ﬁde
552 2821 704 2858 traduntur,
727 2829 785 2849 cum
811 2824 921 2858 singula:

143 2863 255 2895 propriis
271 2863 418 2890 tto-:iombua
438 2865 550 2890 diacrcle
570 2865 759 2899 intelligantur.

979 2270 1019 2297 eis
1045 2270 1151 2302 reddet,
1180 2271 1333 2305 peribitque
1359 2271 1395 2298 illi
1414 2272 1473 2300 l-‘ilii
1499 2274 1764 2308 supersubswntiale

979 2323 1078 2342 nomen
1095 2321 1122 2343 et
1137 2322 1191 2349 res,
1214 2317 1332 2344 discreto
1354 2324 1368 2343 a
1392 2317 1460 2345 Filio
1475 2323 1502 2346 et
1527 2324 1622 2347 sancto
1640 2319 1758 2354 Spiritu;

980 2360 1052 2387 nulla
1072 2361 1182 2395 quidem
1200 2363 1390 2394 conversione,
1413 2364 1469 2390 sola
1492 2371 1556 2391 vero
1571 2368 1765 2393 communitate

979 2406 1170 2440 subintrante;
1187 2413 1268 2441 atque
1290 2408 1326 2436 ita
1342 2416 1394 2436 una
1416 2417 1533 2444 persona
1553 2412 1605 2438 erit
1631 2411 1714 2440 Filius
1737 2419 1764 2439 ct

981 2454 1110 2489 Spiritus,
1133 2463 1186 2482 tton
1210 2457 1243 2483 ad
1259 2456 1374 2483 invicem
1396 2458 1519 2491 discreti,
1537 2460 1585 2487 sed
1602 2460 1652 2487 hoc
1668 2461 1764 2488 absur-

979 2500 1043 2526 dum
1059 2506 1109 2528 est.
1135 2501 1228 2534 Neque
1242 2501 1313 2528 cnim
1337 2509 1411 2529 esset
1425 2502 1544 2532 Trinitas
1564 2505 1646 2537 Deus,
1667 2507 1764 2534 coniu-

978 2545 1073 2579 sioque
1094 2553 1270 2579 personarum
1294 2551 1473 2580 sequeretur;
1498 2552 1524 2575 et
1538 2550 1560 2576 si
1575 2550 1639 2584 quid
1658 2557 1699 2578 est
1717 2553 1765 2578 Itu-

974 2591 1107 2623 jusmodi.
1126 2590 1208 2617 Filius
1224 2591 1313 2626 itaque
1334 2600 1347 2618 a
1366 2593 1468 2627 Spiritu
1483 2602 1571 2621 causae
1589 2598 1763 2631 cumulisque

980 2636 1083 2662 ratione
1098 2637 1271 2664 discernitur.
1293 2638 1355 2670 Sed,
1372 2639 1394 2666 si
1410 2639 1462 2666 ltoc
1480 2645 1531 2672 est,
1549 2642 1628 2668 etiam
1648 2652 1680 2670 cx
1695 2644 1762 2670 Filio

978 2688 1030 2709 est.
1047 2681 1144 2708 Filium
1161 2682 1233 2709 ettittt
1247 2684 1279 2710 de
1296 2683 1397 2717 Spiritu
1414 2692 1485 2716 esse,
1501 2687 1526 2713 id
1543 2688 1674 2721 prohibet,
1689 2692 1760 2724 quod

978 2730 1034 2764 ipse
1051 2737 1098 2764 per
1113 2730 1209 2757 Filium
1229 2735 1281 2758 est.
1297 2731 1394 2759 Verum
1410 2732 1527 2768 Spiritus
1542 2736 1662 2768 profecto
1675 2737 1760 2770 Spiri-

978 2782 1020 2804 tus
1034 2785 1087 2804 non
1105 2781 1186 2809 esset,
1202 2778 1367 2811 proprietate
1383 2779 1463 2812 illius,
1480 2788 1539 2815 qua:
1554 2787 1595 2808 cst
1611 2784 1757 2810 secundum

977 2830 1119 2857 processus
1144 2823 1290 2854 rationem,
1311 2829 1380 2851 mola
1406 2832 1414 2852 :
1437 2828 1574 2860 quomodo
1591 2828 1662 2854 enim
1687 2834 1759 2856 eSset

976 2869 1137 2901 substantia,
1162 2871 1335 2897 sultstantiall
1364 2871 1450 2905 ipsius
1480 2874 1645 2907 proprietate
1669 2875 1759 2901 mota?
