1934 3063
156 177 208 209 143

780 167 978 198 MANUEIJS
991 167 1033 196 CA
1040 166 1143 196 LECE

1716 159 1782 192 1U:

153 231 296 266 Quomodo
312 234 408 258 autem.
418 231 489 256 esset
508 226 671 262 proprietas,
684 232 742 259 qua!
757 229 892 254 movetur,
906 230 935 249 ac
952 224 973 252 Δ
990 221 1023 249 ab
1036 222 1088 249 hoc
1100 221 1191 253 Pater;
1210 227 1261 247 non
1280 225 1368 246 tamen
1385 219 1411 245 in
1440 222 1572 252 quantum
1598 216 1716 250 Spiritus
1735 219 1789 243 est.

153 277 263 308 decidii,
281 281 308 302 ut
324 276 362 301 ait
375 274 515 307 theologus
531 271 687 306 Gregorius.

191 320 277 348 Simul
286 320 366 346 etiam
375 322 486 351 apparet
497 317 643 343 secundum
653 314 838 342 conversionis
854 313 938 340 ratio~

158 374 219 393 nem
230 365 315 398 ipsius
328 364 417 397 magni
429 361 550 397 Dionysii
567 360 680 387 intentio
694 367 700 386 :
717 359 775 394 qui,
797 357 939 392 principali

155 416 253 442 deitate
267 411 372 438 Patrem
388 409 419 434 ad
427 407 522 435 Filium
532 411 558 433 et
570 405 697 440 Spiritum
708 408 829 431 sanctum
842 403 942 430 discer-

155 468 219 486 nere
232 453 646 487 videtur,utquidamasscrunt.
673 449 770 476 Namsi
801 448 943 476 conversio

155 505 260 539 quidem
272 505 297 529 in
310 501 412 528 duobus
425 499 545 527 terminis
573 496 831 531 inspirilundictnm
845 501 884 522 est
894 503 943 522 au-

156 557 220 581 tem,
248 550 283 575 ita
311 548 417 574 divinas
445 553 574 580 personas
607 544 639 569 ad
663 543 778 570 invicem
815 541 944 574 discerni,

156 603 186 622 ut
215 595 285 622 nulla
313 599 402 620 t:nnen
436 590 575 618 eonvertio
615 589 769 622 subrepat;
797 595 850 613 nou
868 586 946 613 aliter

156 640 343 669 conversiOnis
383 638 452 664 ratio
499 639 644 666 servatur,
686 633 738 660 nisi
772 633 830 659 dum
864 632 947 659 simul

157 694 280 722 pet-sonte
293 685 325 712 ad
350 684 465 710 invicem
492 681 679 714 inspiciuntur.
696 679 788 712 Itaque
808 677 949 712 principali

157 735 257 759 deitate
272 731 378 757 Patrem
395 729 426 755 ad
438 727 524 754 solum
551 725 645 752 Filium
655 724 806 754 conferens,
836 715 921 757 ipsum
935 730 949 748 a

158 778 228 804 Filio
241 776 393 809 distinguit.
406 774 470 800 Nam
490 772 512 799 si
530 773 608 798 Pater
625 776 651 797 et
675 769 771 801 Filius,
795 774 823 795 nt
860 776 889 795 se
917 767 950 794 ad

159 820 275 850 imicem
297 821 423 851 habeant,
435 818 633 852 inspiciuntur;
660 815 739 841 Pater
757 814 865 848 quidem
891 813 951 840 Filii

991 268 1103 303 proprie
1115 267 1190 300 juxta
1209 265 1415 293 substantialcm
1428 264 1619 298 proprietatem
1635 262 1787 293 snam,seil

991 314 1017 340 in
1039 317 1179 348 quamtum
1204 310 1373 338 solummodo
1383 317 1414 336 ex
1423 309 1514 340 Patre,
1531 313 1612 342 atque
1630 308 1665 333 ita
1684 306 1789 333 Solum

992 363 1020 386 ut
1030 358 1138 386 causale
1149 357 1317 384 discernctur
1327 364 1342 382 a
1354 355 1501 388 Patre,non
1514 358 1604 381 tamen
1628 352 1788 380 secundum

992 404 1182 439 proprietatem
1209 410 1296 430 suam.
1311 401 1357 429 Sic
1386 405 1475 428 autem
1485 399 1607 426 eumdem
1623 398 1732 425 habebit
1746 398 1787 424 atl

996 450 1105 477 Patrem
1121 449 1255 482 habitum,
1270 447 1438 483 quemeliam
1453 446 1548 473 Filius.
1564 446 1652 478 Atque
1663 445 1713 475 ita,
1727 451 1788 469 non

994 495 1057 527 erit,
1073 501 1153 528 quam
1182 493 1328 528 quatrimus
1357 497 1530 526 personarum
1540 488 1645 524 propria
1655 487 1792 514 discretio

996 539 1145 567 secundum
1162 546 1243 573 quam
1274 537 1348 564 nulla
1387 534 1569 563 communitas
1600 531 1728 563 infertur,
1757 534 1791 556 et

997 593 1077 620 quam
1094 585 1233 614 accidens,
1249 582 1470 615 consortiumque
1481 587 1533 607 non
1557 579 1699 606 admittere
1723 584 1791 604 ma—

998 639 1068 667 gnus
1085 630 1174 658 voluit
1184 629 1301 657 Basilius
1315 628 1415 656 dicere.

1034 695 1085 723 Sed
1103 701 1201 729 neque,
1214 698 1244 720 ut
1255 692 1364 728 quidam
1378 691 1403 717 id
1428 690 1530 716 dictum
1558 692 1707 722 exponunt,
1721 686 1789 712 Filii

1001 743 1033 768 al
1042 741 1172 776 Spiritum
1181 738 1369 767 discretionem
1382 736 1458 764 nobis
1467 735 1585 762 tradidit.
1598 733 1630 760 Et
1641 740 1713 760 certe
1721 739 1789 759 cum

1002 792 1075 815 esset
1098 786 1247 821 pollicitus,
1281 782 1463 810 oninimodam
1495 779 1684 808 sedivinarum
1721 784 1790 811 per-

1004 838 1132 859 sonarum
1160 828 1349 856 discretionem
1399 827 1580 853 traditurum:
1608 827 1635 850 et
1662 821 1788 849 addidit:

159 864 231 899 [ηις.
268 868 351 894 Filius
369 874 444 896 vero,
463 872 513 890 non
533 864 621 890 Patris
637 862 696 888 l'ons
708 866 759 893 est,
776 860 852 887 sicuti
867 867 953 894 neque
1008 877 1019 899 1
1152 877 1157 881 .
1179 875 1184 880 .
1321 874 1327 879 .
1555 869 1560 875 .

971 888 990 899 η
1022 882 1047 899 ια
1066 885 1113 899 nm
1131 875 1219 899 dmum
1239 879 1264 899 ιι
1282 881 1356 899 untre
1370 871 1464 899 Verbo.
1493 876 1515 897 et
1533 870 1559 895 di

971 888 991 914 ῃ
1006 877 1047 903 Ita
1066 885 1113 902 nos
1131 875 1219 902 divina
1239 879 1264 900 ιι
1282 874 1356 900 unire
1370 871 1464 903 Verbo,
1493 876 1515 897 et
1533 869 1680 896 discernere
1691 867 1787 894 stude—

161 917 240 942 l’ater
271 913 464 947 Filius,,nequc
485 909 569 936 Filius
594 909 683 935 Pater.
702 907 740 933 Ex
768 906 849 933 Patre
876 906 948 932 enim

161 958 257 989 Filius,
274 964 327 982 non
345 962 432 981 tamen
450 962 482 981 ex
513 953 582 980 Filio
607 951 705 978 Pater:
734 951 862 980 maxime,
887 958 947 977 cum

162 1003 286 1029 eldivina
302 1000 440 1036 generatio
472 996 606 1033 gignendo
629 995 711 1026 adid,
729 997 798 1029 quod
817 995 947 1028 gignitur,

167 1049 288 1075 habitum
311 1046 421 1075 haheat,
446 1044 491 1070 seu!
511 1049 561 1068 non
587 1040 620 1067 ad
655 1041 692 1072 id,
707 1040 778 1073 quod
814 1039 945 1073 procedit.

165 1095 314 1129 Atqnehoe
328 1092 429 1120 indicat
440 1091 532 1121 etiam,
547 1089 617 1120 quod
633 1087 765 1120 sequitur,
789 1093 845 1111 cum
863 1084 949 1111 Filius

164 1143 244 1170 Pater
259 1149 307 1168 non
321 1140 364 1169 sit,
377 1145 458 1172 neque
470 1134 637 1163 PaterFitius
654 1133 740 1167 ;quod
756 1131 864 1166 quidem
882 1131 936 1157 indi

164 1192 208 1215 eat
224 1182 512 1220 supersubstantialem
542 1181 614 1207 illiilli
649 1179 766 1205 divinam
797 1177 950 1212 generatio-

165 1240 226 1259 nem
247 1239 298 1258 non
319 1228 440 1257 converti
453 1228 485 1254 ad
508 1226 633 1258 invicem,
658 1224 764 1250 Patrem
793 1222 905 1254 scilicet,
920 1229 951 1248 ac

166 1278 274 1305 Filium.
291 1277 322 1303 Et
335 1275 459 1310 quoniam
469 1270 656 1300 conversionis
669 1268 785 1302 dignitas
811 1267 953 1295 discretio-

167 1325 210 1353 nis
220 1330 302 1351 causa
311 1319 490 1349 communiter
505 1317 626 1352 personis
649 1314 802 1341 necessario
817 1314 949 1340 reddenda

167 1375 220 1404 est;
246 1370 339 1396 eadem
369 1365 490 1401 profecto
516 1361 707 1390 conversionis
730 1360 834 1386 ratione
860 1359 950 1386 dicere

169 1421 326 1451 pOssumns,
337 1421 397 1439 eum
427 1419 480 1438 non
495 1409 529 1437 sit
544 1408 622 1435 Pater
638 1406 766 1440 Spiritus,
785 1412 871 1439 neque
891 1404 952 1439 Spi-

170 1450 237 1490 ritus
254 1461 343 1487 Pater:
360 1457 489 1493 quoniam
507 1455 551 1481 ille
567 1454 673 1488 quidem
699 1451 759 1479 fons
781 1457 808 1478 et
823 1450 898 1477 radix
912 1454 953 1477 est

170 1506 244 1538 Filii,
261 1513 292 1532 ac
308 1503 434 1538 Spiritus.
449 1500 515 1533 Quae
528 1499 599 1526 enim
614 1497 687 1530 Filii,
705 1506 737 1523 ac
760 1496 876 1530 Spiritus
890 1499 954 1521 sunt

173 1555 206 1581 ad
227 1553 302 1586 illum
324 1551 488 1577 referuntur.
509 1546 626 1580 Spiritus
647 1550 736 1571 autent
765 1541 854 1570 Patris
874 1547 954 1568 causa
969 1547 989 1576 ο

174 1608 226 1627 non
242 1603 292 1626 est.
309 1597 439 1623 Similiter
449 1599 476 1621 et
498 1595 524 1619 in
538 1593 617 1622 Filio,
640 1595 667 1618 et
678 1589 780 1624 Spiritu
803 1587 957 1615 dicendum.

173 1647 268 1680 Neque
283 1644 355 1671 enim
370 1641 456 1668 Filius
468 1639 596 1674 Spirittts,
612 1644 699 1669 neque
716 1635 833 1670 Spiritus
870 1633 956 1660 Filius

174 1697 226 1719 est.
261 1690 352 1724 Neque
365 1688 432 1715 enim
448 1685 583 1715 convertit,
602 1683 689 1717 inquit
705 1681 842 1717 Nyssenus
872 1680 958 1714 ,habi.

176 1746 217 1769 tu:
235 1740 288 1767 ista
300 1733 496 1769 consequentia.
515 1730 570 1758 lloc
579 1734 668 1755 autem
681 1727 827 1755 secundum
840 1727 955 1761 aliquam

175 1787 286 1814 omnino
300 1779 495 1817 oppositionem
512 1774 652 1810 contingit;
694 1777 774 1807 atque
793 1781 824 1799 ea
843 1777 885 1800 est
899 1779 959 1806 qua:
975 1781 980 1784 ·

177 1839 266 1860 causa:
280 1827 452 1860 causaiisque
475 1823 577 1850 ratione
589 1819 710 1847 redditur
718 1819 864 1846 secundum
877 1826 958 1854 quam

177 1879 280 1905 dictum
309 1878 361 1905 est,
388 1870 461 1898 aliud
492 1868 599 1904 quidem
645 1865 815 1892 continenter
842 1871 874 1890 ex
905 1862 962 1897 pri-

178 1932 233 1955 mo,
259 1921 331 1948 aliud
355 1926 402 1954 per
416 1918 453 1948 id,
469 1915 541 1950 quod
558 1918 600 1942 est
612 1913 784 1940 continenter
807 1918 839 1936 ex
858 1909 956 1944 primo.

211 1969 345 1996 Pizeterea
375 1970 402 1990 et
419 1962 500 1990 Filius
518 1961 577 1988 fons
590 1959 674 1987 sancti
698 1957 815 1993 Spiritus
830 1964 844 1983 a
860 1955 963 1983 sanctis

178 2014 304 2042 Patribus
320 2010 471 2046 appellatus
483 2012 524 2034 est
539 2013 645 2040 :neque
657 2005 718 2033 hoc.
738 2003 838 2034 solum,
866 2009 959 2028 verum

178 2061 259 2089 etiam
275 2056 347 2086 solus
363 2056 449 2083 Filius
469 2054 528 2081 I'Ons
538 2061 598 2080 esse
626 2050 713 2078 sancti
739 2049 857 2082 Spiritus
888 2054 962 2075 asse-

179 2108 258 2136 ritur,
272 2105 341 2132 sicut
355 2103 381 2129 in
392 2099 620 2133 consequentibus
652 2096 848 2124 monstrabitur
864 2103 871 2121 :
888 2095 961 2129 quod

181 2152 262 2179 etiam
279 2149 337 2184 plus
346 2152 401 2178 est,
414 2153 494 2180 quam
514 2143 666 2177 requiratur
684 2141 717 2167 ad
739 2141 764 2167 id
778 2140 850 2174 quod
866 2146 965 2174 propo-

181 2199 296 2227 suimus.
311 2195 344 2222 Et
358 2199 432 2221 certe
443 2191 571 2226 possibile
581 2198 634 2216 non
652 2187 779 2222 estjnxta
799 2194 859 2213 eum
884 2193 963 2220 quem

181 2244 289 2280 quidam
305 2240 490 2268 introducunt,
514 2234 661 2263 secundum
674 2232 760 2260 sancti
773 2231 892 2266 Spiritus
901 2237 964 2264 pro—

182 2275 303 2318 cessum,
321 2285 418 2312 Filium
436 2283 537 2310 fontem
567 2286 629 2307 esse
645 2278 732 2306 sancti
759 2277 886 2311 Spiritus.
912 2275 964 2302 Eos

183 2336 268 2366 enim,
281 2332 328 2369 qui
349 2332 384 2358 ita
396 2333 510 2365 ponunt,
541 2326 657 2361 plurima
673 2324 829 2352 necessario
847 2322 965 2350 absurda

182 2367 367 2416 sequi.supra
401 2377 581 2402 monstratum
595 2375 647 2398 est.
677 2369 735 2396 Non
749 2369 830 2403 igitur
847 2376 881 2395 ex
910 2367 966 2394 sola

185 2414 374 2455 conversionis
394 2420 501 2448 ratione
517 2417 604 2445 sancti
616 2415 667 2442 viri
683 2415 766 2442 claret
779 2414 967 2446 intentio;sed

185 2473 268 2501 etiam
281 2477 313 2497 ex
325 2476 357 2495 eo
367 2467 438 2502 quod
451 2459 868 2499 supersubstantialemdivinam
885 2467 968 2493 gene-

185 2517 319 2546 rationem
334 2514 440 2541 Patrem
452 2507 637 2544 appellaverit.
650 2506 743 2532 Divina
766 2505 838 2532 enim
854 2511 968 2538 genera-

186 2565 232 2596 tio,
252 2564 287 2590 ita
306 2559 392 2590 Patri,
409 2557 481 2585 sicut
491 2554 608 2590 genitori
626 2559 791 2588 congruens,
804 2552 836 2577 ad
855 2558 970 2577 nasccn-

188 2616 240 2638 tem
252 2609 349 2636 Filium
365 2614 385 2633 ri
394 2604 495 2631 dditur.
914 2631 917 2634 .

221 2656 317 2686 Porro,
333 2653 355 2679 si
372 2650 433 2685 quis
464 2647 528 2674 illud
555 2646 636 2673 etiam
669 2644 701 2670 ad
714 2641 841 2677 Spiritum
860 2641 972 2668 reddere

189 2685 315 2730 conetur,
346 2695 460 2729 primum
486 2691 594 2726 quidem
615 2688 697 2715 etiam
727 2686 857 2721 Spiritum
873 2685 970 2712 Filium

186 2752 246 2772 esse
262 2745 352 2770 dicere
368 2744 489 2774 cogetur.
526 2736 619 2762 Divina
653 2733 753 2768 quippe
778 2734 928 2768 generatio,
945 2737 973 2758 nt

189 2790 318 2819 diximus,
335 2785 450 2821 genitori
473 2779 600 2814 congruit
628 2778 788 2813 genitorque
816 2777 848 2802 ad
874 2775 971 2803 Filium

187 2834 316 2862 reiertur.
337 2829 496 2859 Dcindcctsi
517 2826 633 2860 Spiritus
648 2832 662 2850 ιι
679 2823 758 2850 Patre
774 2824 870 2849 divinat
894 2829 974 2856 gene-

190 2879 302 2909 rationis
319 2879 424 2906 ratione
438 2873 599 2902 disCernitur
613 2879 620 2899 ς
637 2869 801 2897 discernitur
825 2868 932 2902 quidem
946 2872 971 2894 et

1003 930 1073 953 mus,
1087 922 1154 948 sicut
1172 921 1261 947 divina
1274 919 1332 953 ipsa
1347 923 1370 945 et
1385 917 1470 947 unita,
1480 921 1503 943 ει
1514 915 1628 941 discreta
1657 912 1790 940 suntJta-

1004 976 1057 1003 que
1082 968 1158 1001 jufta
1193 964 1381 992 conversionis
1397 963 1540 993 rationem,
1558 965 1585 987 et
1601 966 1647 994 per
1660 959 1697 990 id,
1713 957 1790 991 quod

1003 1001 1117 1045 addidit,
1135 1011 1284 1047 perfectum
1300 1007 1471 1036 discretionis
1496 1006 1656 1040 conjunctae,
1673 1007 1702 1030 ut
1727 1001 1791 1028 die-

1004 1065 1059 1086 tum
1073 1062 1124 1089 est,
1136 1045 1257 1083 -tradidit
1274 1055 1392 1085 modum;
1411 1059 1499 1079 causm
1525 1053 1551 1076 ct
1571 1047 1688 1075 causalis
1709 1045 1789 1073 scili-

1002 1109 1055 1135 eet.
1072 1102 1222 1130 secundum
1244 1106 1324 1134 quem
1345 1106 1376 1125 ex
1405 1097 1484 1124 Patre
1513 1102 1559 1129 per
1572 1093 1668 1120 Filium
1690 1098 1790 1127 proce-

1004 1151 1066 1177 dere
1078 1157 1092 1176 a
1113 1148 1218 1176 caeteris
1233 1144 1391 1174 doctoribus
1414 1142 1512 1170 divinis
1529 1139 1682 1168 rationibus
1706 1144 1789 1164 mon-

1008 1201 1108 1224 sratur.

1041 1254 1171 1280 Praeterea
1199 1249 1326 1284 quoniam
1348 1247 1438 1275 omnia
1461 1253 1521 1280 quae
1539 1246 1574 1283 in.
1591 1245 1644 1272 Deo
1659 1244 1790 1272 dicuntur

1005 1299 1195 1335 connnuniter,
1212 1301 1239 1324 et
1251 1293 1510 1323 incommutabiliter
1525 1292 1650 1327 personis
1669 1290 1789 1318 reddun-

1006 1353 1049 1374 tnr
1081 1346 1124 1372 ubi
1154 1342 1293 1372 relationis
1321 1340 1456 1376 oppositio
1484 1346 1538 1366 non
1563 1338 1663 1369 obstat,
1689 1337 1790 1364 dicitur

1007 1396 1094 1418 autem
1111 1391 1178 1417 Deus
1190 1396 1222 1416 ex
1231 1387 1286 1415 Deo
1301 1393 1371 1418 esse,
1385 1384 1582 1420 inspiciendum
1594 1383 1617 1410 si
1630 1390 1683 1410 non
1698 1382 1790 1409 omni.

1007 1439 1056 1466 bus
1071 1435 1207 1472 personis,
1226 1441 1272 1469 per
1295 1433 1414 1467 aliquam
1437 1429 1632 1467 oppositionem
1653 1428 1789 1462 congruit.

1007 1484 1141 1519 Quoniam
1161 1482 1242 1517 igitur
1257 1481 1326 1508 Deus
1339 1486 1372 1507 ex
1386 1480 1452 1511 Deo,
1469 1478 1540 1513 quod
1559 1477 1667 1508 dicitur.
1683 1484 1791 1511 proces-

1006 1539 1064 1560 sum
1079 1537 1112 1558 οι
1128 1529 1217 1564 aliquo
1229 1528 1370 1560 designat:
1387 1525 1466 1566 Pater
1478 1531 1541 1551 vero
1553 1531 1608 1551 non
1623 1523 1744 1557 procedit
1756 1529 1789 1549 ex

1007 1578 1114 1612 aliquo;
1131 1582 1220 1610 neque
1247 1575 1319 1601 enim
1349 1572 1465 1600 causalis
1488 1575 1546 1603 est;
1571 1574 1695 1597 caterum
1721 1569 1791 1596 Deus

1008 1624 1116 1659 quidem
1130 1626 1180 1654 est,
1203 1629 1234 1648 ex
1266 1621 1319 1647 Deo
1336 1625 1424 1646 autem
1438 1624 1491 1644 non
1508 1621 1560 1649 est,
1586 1617 1666 1643 aliter
1692 1615 1790 1650 quippe

1007 1671 1067 1698 sine
1081 1667 1213 1704 principio
1225 1674 1278 1694 non
1292 1669 1364 1692 esset
1380 1672 1387 1691 :
1406 1663 1568 1698 principium
1581 1661 1622 1688 sui
1632 1661 1791 1696 pracogita-

1011 1722 1078 1749 tum,
1089 1715 1202 1746 habens,
1214 1709 1440 1748 quemadmodum
1456 1713 1483 1736 et
1497 1707 1591 1739 Filius,
1608 1714 1696 1741 neque
1714 1705 1789 1733 radix

1009 1769 1036 1792 et
1051 1763 1110 1790 fons
1124 1761 1192 1794 Filii,
1207 1759 1378 1793 Spiritusquc
1393 1756 1540 1782 diceretur.
1555 1753 1606 1780 Sed
1615 1751 1710 1784 Filius,
1722 1752 1790 1779 Deus

1010 1816 1071 1838 cum
1097 1807 1144 1838 sit,
1159 1813 1192 1833 ex
1221 1804 1276 1832 Deo
1303 1803 1384 1830 Patre
1405 1807 1465 1828 esse
1480 1800 1598 1832 dicitur;
1625 1803 1652 1826 et
1673 1799 1790 1833 Spiritus

1009 1859 1121 1883 sanctus
1136 1854 1207 1880 Deus
1227 1858 1288 1878 cum
1304 1849 1350 1881 sit,
1363 1855 1395 1876 ex
1415 1847 1472 1874 Deo
1489 1845 1581 1873 itidem
1598 1845 1678 1872 Patre
1696 1843 1791 1878 praedis

1011 1907 1103 1933 eatur;
1119 1902 1315 1931 attestaturque
1329 1895 1372 1922 his
1386 1894 1467 1920 etiam
1487 1892 1548 1919 tidei
1564 1891 1660 1926 positio
1673 1898 1790 1918 commu-

1011 1948 1108 1981 nisque
1122 1943 1249 1972 Ecelesiae
1267 1941 1358 1976 opinio
1374 1948 1381 1966 :
1397 1939 1432 1966 ita
1451 1937 1578 1972 quoniam
1595 1937 1663 1963 Deus
1679 1943 1711 1962 ex
1729 1934 1788 1966 Deo,

1012 1980 1083 2029 quod
1115 1991 1223 2021 dicitur,
1240 1987 1308 2015 Filio
1337 1990 1365 2013 et
1397 1983 1509 2019 Spiritui
1534 1986 1629 2009 sancto
1650 1980 1788 2013 convenit;

1012 2025 1094 2072 atque
1113 2036 1176 2063 hinc
1197 2040 1286 2061 causa:
1302 2029 1471 2064 causalisque
1489 2027 1594 2055 ratione
1611 2034 1625 2052 a
1646 2025 1724 2052 Patre
1738 2025 1790 2052 dis-

1013 2071 1173 2114 cernuntur,
1205 2079 1255 2107 sub
1288 2076 1435 2105 intellectis
1467 2073 1571 2101 scilicet
1607 2071 1789 2099 diﬂ'erentibns

1014 2126 1172 2156 substantiae
1202 2122 1394 2158 processibus,
1423 2120 1493 2147 Deus
1519 2123 1609 2145 autem
1634 2121 1676 2144 est
1699 2117 1788 2148 Filius,

1017 2173 1087 2200 Deus
1098 2171 1175 2203 item,
1187 2174 1215 2197 et
1227 2168 1344 2202 Spiritus
1356 2170 1465 2193 sanctus
1482 2173 1489 2192 :
1506 2170 1616 2192 necesse
1634 2167 1686 2193 est.
1699 2162 1720 2188 si
1735 2162 1790 2188 lldei

980 2222 1001 2250 D
1018 2216 1150 2253 principia
1176 2221 1285 2242 servare
1306 2212 1435 2240 inviolate
1463 2210 1605 2241 volumus,
1633 2212 1678 2234 aut
1700 2207 1790 2234 Filium

1019 2265 1100 2291 Deum
1117 2270 1149 2289 ex
1162 2261 1217 2288 Deo
1234 2258 1336 2294 Spiritu
1352 2264 1420 2287 esse,
1437 2261 1483 2282 aut
1499 2255 1627 2290 Spiritum
1645 2254 1726 2280 Deum
1738 2260 1791 2278 esse

1016 2317 1049 2337 ex
1068 2308 1122 2334 Deo
1145 2307 1228 2339 Filio;
1254 2311 1305 2332 non
1325 2303 1396 2331 enim
1421 2302 1506 2336 magis
1539 2300 1623 2327 Dettm
1644 2299 1677 2325 de
1691 2298 1744 2324 Deo
1762 2297 1791 2323 ad

1017 2355 1124 2383 Patrem
1163 2357 1323 2385 utrumque,
1357 2355 1436 2384 quam
1466 2347 1499 2373 ad
1531 2345 1645 2373 invicem
1675 2342 1792 2371 convenit

1018 2400 1080 2428 dici.

1055 2458 1122 2485 Nam
1135 2454 1274 2484 relationis
1296 2451 1430 2487 oppesitio
1446 2457 1497 2477 non
1517 2449 1567 2476 hoc
1584 2447 1717 2481 prohibet.
1736 2446 1791 2473 Ete-

1021 2504 1075 2531 nim
1093 2501 1242 2537 pateruitas
1257 2499 1364 2534 quidem
1380 2495 1592 2536 ad‘nativitatem
1604 2491 1756 2527 opponitur,
1767 2497 1792 2519 ιιι

1020 2549 1141 2584 gignere,
1162 2546 1232 2581 quod
1260 2544 1372 2575 dicitur,
1393 2542 1426 2569 ad
1454 2541 1492 2572 id,
1508 2538 1581 2574 quod
1602 2542 1645 2565 est
1669 2537 1756 2568 nasci,
1770 2541 1794 2563 et

1022 2583 1186 2628 producere,
1208 2591 1240 2617 ad
1266 2590 1291 2616 id
1313 2589 1383 2623 quod
1399 2590 1441 2614 est
1461 2585 1584 2620 produci.
1598 2583 1677 2611 Nasci
1693 2590 1753 2610 vero
1770 2586 1793 2609 et

1023 2627 1177 2674 procedere,
1206 2636 1239 2662 ad
1266 2633 1380 2660 invicem
1412 2639 1464 2658 non
1489 2633 1671 2664 opponentur.
1687 2627 1716 2655 Si
1731 2627 1792 2654 enim

1022 2672 1194 2717 opponuntur
1206 2685 1232 2706 et
1248 2678 1450 2707 discernuntur.
1460 2675 1571 2702 omnino
1584 2674 1666 2700 etiam
1684 2672 1792 2706 gignere,

1022 2734 1046 2756 et
1059 2728 1216 2762 producere,
1233 2724 1265 2751 ad
1278 2723 1391 2750 invicem
1407 2725 1587 2756 opponentur;
1603 2719 1689 2753 Atque
1702 2718 1736 2745 ita
1751 2717 1794 2744 erit

1023 2774 1102 2800 Pater
1130 2772 1189 2797 dua:
1228 2776 1368 2805 personae,
1405 2767 1607 2801 compositaque
1642 2764 1792 2793 substantia.

1024 2819 1193 2851 maximeque
1208 2818 1282 2851 juxta
1297 2822 1343 2842 eos
1361 2814 1419 2849 qui,
1437 2818 1467 2840 ut.
1481 2813 1581 2840 dictum
1596 2814 1647 2842 est,
1659 2810 1795 2844 produci-re

1023 2863 1202 2893 suhstantiale
1228 2865 1340 2896 ponunt.
1370 2859 1423 2886 Aut
1455 2858 1536 2893 igitur
1565 2857 1624 2883 dua:
1649 2855 1795 2882 substantia:
