1934 3063
162 115 226 146 155

714 110 912 141 ADVERSUS
933 110 1088 140 GRAECOS
1108 110 1179 142 LIB.
1199 110 1256 140 ΙΙΙ.

1737 99 1787 132 liti

157 169 248 195 I‘arer
261 166 324 200 erit,
337 173 403 201 quas
419 165 521 193 scilicet
537 165 646 200 gignere
658 169 683 192 et
699 166 848 199 [traducere
865 165 951 197 signa-
968 166 990 194 Α
1005 170 1116 192 sanctus
1132 173 1138 192 :
1154 164 1293 199 quoniam.
1307 167 1336 190 ut
1351 162 1478 195 diximus,
1493 162 1564 189 nulla
1583 161 1722 190 relationis
1736 163 1786 190 ob-

159 215 221 245 bit,
237 217 265 240 ut
290 213 322 240 ad
352 213 404 239 duo
426 212 518 243 etiam,
543 216 570 238 et
592 211 660 244 quod
683 211 814 242 nascitur,
837 215 863 237 et
881 211 952 244 quod

161 259 332 292 ιη-ςηιιιείιιιι·
345 258 452 293 proprie
462 257 554 285 referri
568 257 662 291 possit,
675 262 720 284 aut
733 257 805 291 quod
824 257 953 292 gignitur,

162 310 195 330 ct
220 305 290 339 quod
316 304 483 339 producitur,
504 312 555 331 una
572 311 686 338 persona
708 304 778 336 erit;
804 303 911 337 quippe,
928 307 954 329 ct

166 350 255 376 l'ater
273 349 396 384 gignens,
412 356 442 376 ac
457 349 617 383 producens,
629 356 681 376 una
693 355 805 385 persona
816 352 866 377 est.
880 349 956 376 Sicut

164 397 245 423 enim
275 403 361 431 neque
385 396 466 423 Pater
490 397 523 423 ad
546 404 576 423 se
592 396 689 431 ipsum,
711 399 856 424 secundum
883 397 954 432 quod

165 442 286 476 gignere
313 444 340 468 et
368 441 516 475 producere
545 442 656 474 dicitur,
679 442 842 469 discernitur
867 450 873 469 :
898 444 954 474 ita,

169 493 266 520 neque
281 485 352 520 quod
374 486 503 520 gignitur,
517 490 598 520 atque
623 486 790 521 producitur,
807 488 839 513 ad
855 494 886 514 ea
902 487 956 514 dis-

168 535 313 562 cemetnr,
334 531 367 557 ad
393 538 453 565 quae
475 531 585 566 gignere
609 538 640 558 ac
654 532 804 566 producere
826 531 956 559 redditur.

171 574 248 602 Nihil
263 575 354 610 itaque
364 575 487 609 prohibet
503 576 642 605 relationis
664 577 805 611 oppositio.
824 577 906 603 Deum
924 583 958 603 ex

172 619 233 646 Deo
248 627 309 647 esse
322 621 385 654 dici,
396 621 429 647 ad
448 621 561 648 invicem
582 621 677 648 Filium
697 626 723 649 et
739 620 881 656 Spiritum.
901 620 958 649 Nisi

171 671 266 692 autem
293 665 351 693 hac
376 667 433 699 sit,
459 667 610 694 communis
640 667 757 694 essentia
784 667 958 701 relinquitur,

171 711 324 738 secundum
352 719 434 746 quam
465 711 535 738 nulla
560 712 688 739 discretio
708 711 780 745 Filii,
797 715 825 739 et
842 712 960 746 Spiritus

172 756 328 790 inspicitur.
346 756 408 785 ideo
423 757 504 784 etiam
522 758 676 785 necessario
697 758 831 792 sequitur,
849 757 958 789 Filium,

173 806 204 829 et
228 801 359 836 Spiritum
386 810 466 830 unam
493 811 634 838 personam
656 811 726 837 esse,
743 803 817 831 nulla
848 803 960 832 relativa

172 847 348 880 oppositione
368 848 540 878 obsistente:
563 849 709 884 neutrique
734 849 842 882 horum,
871 855 901 876 ut
928 850 962 877 ad

175 891 294 919 invicem
313 892 383 920 Deus
398 900 429 920 ex
448 893 502 920 Deo
515 894 620 921 dicatur
632 902 708 927 esse,
726 895 899 922 concedetur.

213 936 282 964 Nam
305 938 328 965 si
350 938 411 972 quis
435 939 486 966 hoc
504 943 597 974 neget,
616 947 725 967 necesse
751 939 804 968 erit
827 945 857 967 ut
883 941 963 968 simul

175 986 260 1016 neget
286 983 329 1010 vel
358 982 442 1010 Deum
468 991 500 1011 ex
521 984 578 1012 Deo
602 992 661 1013 esse
682 985 792 1019 Filium,
812 986 854 1013 vel
879 986 962 1014 Deum

174 1033 261 1062 atque
286 1035 318 1055 ex
344 1028 399 1057 Deo
419 1036 480 1057 esse
507 1029 637 1065 Spiritum
661 1035 783 1058 sanctum
814 1035 860 1058 aut
881 1031 962 1059 alium

176 1072 265 1100 Deum
287 1081 346 1102 esse
374 1074 484 1109 Filium,
508 1076 592 1103 alium
624 1075 753 1109 Spiritum
781 1080 916 1104 sanctum.
934 1076 964 1104 Si

174 1118 253 1146 enim
265 1124 410 1155 utrumque
422 1120 519 1149 Filium
531 1126 558 1149 et
572 1121 703 1156 Spiritum
720 1126 844 1150 sanctum
860 1122 965 1149 scilicet

176 1165 214 1191 ad
233 1164 340 1192 Patrem
357 1166 476 1200 quidem,
505 1166 588 1194 Deum
603 1174 635 1195 ex
659 1167 712 1195 Deo
739 1167 792 1195 dici
821 1168 964 1200 concedet,

178 1217 235 1236 non
251 1214 341 1238 autem
356 1211 437 1238 etiam
449 1212 482 1238 ad
497 1212 620 1244 invicem,
631 1220 663 1239 ex
684 1212 795 1240 dimidio
811 1212 864 1239 illis
880 1212 964 1239 Deum

177 1261 218 1281 ex
243 1255 299 1282 Deo
323 1262 393 1289 esse,
420 1257 521 1284 reddet.
541 1256 630 1284 Veluti
659 1257 692 1285 ad
718 1257 827 1284 Patrem
858 1257 965 1292 quidem

179 1300 280 1333 tilium,
302 1305 330 1328 et
355 1301 486 1336 Spiritum
511 1305 636 1329 sanctum
665 1302 787 1330 ordinem
811 1302 912 1330 habere
933 1310 966 1330 ac

180 1345 302 1373 discerni
314 1347 475 1379 concedens,
490 1354 543 1374 non
555 1346 637 1374 etiam
651 1347 685 1374 ad
702 1347 821 1375 invicem
841 1347 966 1375 ordinem

180 1390 296 1424 habere,
311 1396 392 1426 atque
410 1392 525 1419 discerni
545 1393 720 1426 concederet,
736 1400 823 1428 neque
845 1394 879 1421 ad
895 1393 966 1421 invi-

181 1442 244 1463 cem
267 1436 404 1470 perfectas
422 1444 483 1464 esse
499 1438 674 1475 [substantias
704 1437 891 1466 conﬁteretur.
914 1438 966 1466 Sed

1006 215 1059 237 stat
1084 211 1228 245 oppositio,
1243 213 1288 236 aut
1309 208 1407 236 Filium
1424 213 1508 236 totum
1524 215 1556 234 ex
1570 207 1638 235 Filio
1655 211 1711 234 toto
1724 208 1788 234 sub-

1006 256 1120 287 sistere;
1137 256 1181 289 qni
1193 254 1264 281 enim
1280 255 1329 282 hoc
1342 258 1432 287 negat,
1445 257 1491 280 aut
1506 259 1588 281 totam
1604 259 1682 279 unam
1696 260 1788 287 perso-

1008 309 1080 332 nam,
1099 301 1193 328 Filium
1214 306 1238 328 et
1255 302 1384 335 Spiritum
1401 306 1522 330 sanctum
1539 303 1722 335 conﬁtebitur,
1740 306 1788 329 aut

1008 354 1061 373 non
1077 351 1160 373 totum
1174 354 1205 372 ex
1219 350 1274 373 toto
1288 354 1347 374 esse
1363 346 1471 380 Filium,
1482 355 1569 381 neque
1586 353 1668 374 totum
1685 357 1717 376 ex
1732 352 1788 375 toto

1009 398 1068 418 esse
1094 389 1223 425 Spiritum
1253 395 1386 423 sanctum,
1404 396 1459 425 aut,
1474 399 1561 426 neque
1591 392 1688 420 Filium
1705 393 1788 420 Deum

1011 441 1096 464 totum
1110 444 1180 467 esse,
1198 443 1284 470 neque
1303 437 1431 471 Spiritum
1446 438 1529 465 Deum
1544 442 1641 470 totum,
1659 443 1704 465 aut
1718 438 1790 464 aliud

1012 487 1096 509 totum
1112 489 1172 509 esse
1191 482 1303 515 Filium,
1319 487 1346 509 et
1364 483 1435 509 aliud
1462 487 1546 510 totum
1569 483 1699 518 Spiritum
1727 491 1792 510 san-

1012 534 1096 561 ctum,
1112 529 1159 556 sed
1189 529 1240 556 ista
1270 528 1390 563 profecto
1417 530 1506 564 inepta
1528 534 1554 557 et
1571 530 1688 558 absurda
1719 535 1791 557 sunt.

1012 574 1104 610 Neque
1125 574 1197 601 enim
1223 573 1354 607 Trinitas,
1380 582 1468 610 neque
1497 576 1621 603 essentia:
1644 575 1734 602 unitas
1756 575 1792 602 ita

1014 626 1178 649 servaretur.

1049 667 1193 696 Enimvero
1215 668 1340 703 quoniam
1357 671 1466 702 propter
1482 667 1524 694 illa
1546 674 1606 702 qua;
1626 667 1696 695 dicta
1720 672 1793 700 sunt,

1014 710 1097 739 Filius
1128 717 1200 740 totus
1227 720 1258 739 ex
1287 716 1344 739 toto
1368 712 1402 738 sit
1423 711 1501 739 Filio.
1529 712 1563 738 At
1579 712 1640 739 Filii
1657 715 1752 744 totum,
1768 717 1795 739 et

1014 757 1103 786 Patris
1121 761 1218 790 totum,
1240 766 1321 785 unum
1344 762 1428 785 totum
1450 765 1510 785 esse
1532 760 1679 785 secundum
1698 765 1795 786 essen-

1014 803 1090 833 tiam.
1111 808 1217 830 servata
1241 803 1346 830 scilicet
1364 802 1532 837 oppositione
1556 803 1695 838 gignendi,
1713 807 1795 838 atquc

1013 847 1152 875 nascendi.
1171 847 1263 882 Itaque
1280 852 1352 875 totus
1369 855 1402 875 ex
1414 848 1493 875 Patre
1506 853 1570 881 toto,
1588 853 1615 876 et
1630 848 1794 883 Filio,quasi

1011 899 1045 919 ex
1064 899 1117 919 uno
1130 896 1185 919 toto
1200 892 1316 927 Spiritus
1327 897 1379 926 est,
1393 893 1474 920 veluti
1484 901 1515 920 ex
1532 893 1624 926 Patre,
1640 898 1666 921 et
1680 893 1759 925 Filio,
1767 898 1795 919 nt

1013 944 1046 964 ex
1074 943 1127 964 uno
1147 936 1201 963 Deo
1225 945 1231 964 :
1252 937 1402 964 secundum
1431 937 1539 971 quidem
1569 938 1794 972 signiﬁcationem

1013 985 1082 1019 ejus,
1098 988 1170 1020 quod
1191 990 1232 1013 est
1246 990 1319 1013 totus
1336 990 1364 1013 et
1380 985 1451 1012 Deus
1468 993 1473 1010 :
1495 988 1532 1016 et,
1545 983 1567 1010 si
1582 983 1645 1017 quid
1667 982 1739 1009 aliud
1757 983 1796 1009 eis

1014 1032 1047 1058 ad
1061 1031 1177 1059 invicem
1195 1038 1338 1059 commune
1356 1034 1408 1063 est,
1423 1029 1554 1057 relatione
1569 1036 1620 1055 non
1637 1028 1795 1059 obsistente,

1014 1085 1074 1104 cum
1100 1085 1182 1104 unum
1207 1077 1272 1109 sint,
1288 1076 1436 1104 secundum
1461 1082 1536 1107 rem;
1557 1073 1705 1101 secundum
1732 1080 1796 1101 vero

1014 1123 1215 1157 paternitatem.
1232 1125 1259 1149 et
1286 1121 1469 1152 nativitatem.
1485 1119 1642 1147 substantiis
1654 1118 1794 1154 [hyposta-

1015 1167 1109 1204 tibus],
1122 1172 1152 1195 ut
1166 1167 1268 1195 dictum
1282 1170 1334 1200 est,
1342 1166 1529 1194 discernantur
1542 1173 1550 1192 :
1566 1165 1695 1200 quoniam
1709 1164 1735 1191 in
1750 1164 1794 1191 his

1015 1213 1125 1248 quidem
1135 1212 1268 1248 oppositio
1282 1213 1422 1247 inspicitur
1441 1221 1447 1240 :
1467 1211 1494 1238 in
1510 1211 1553 1238 his
1568 1215 1657 1238 autem
1675 1210 1796 1237 nomini-

1015 1259 1078 1290 bus.
1093 1258 1164 1286 Deus
1191 1264 1218 1286 et
1241 1263 1324 1291 totus,
1351 1257 1456 1286 scilicet
1471 1257 1569 1285 unitas.
1582 1258 1667 1292 igitur
1690 1263 1704 1283 a
1729 1256 1798 1283 Filio

1015 1305 1163 1332 secundum
1184 1312 1274 1332 causa:
1291 1304 1459 1338 causalisque
1479 1304 1611 1331 rationem
1634 1303 1800 1330 discernitur

1017 1348 1136 1383 Spiritus
1149 1354 1271 1377 sanctus.
1285 1349 1360 1382 Quod
1372 1347 1394 1376 si
1407 1353 1479 1375 totus
1490 1354 1521 1374 ex
1536 1346 1678 1375 totoPatre
1689 1347 1798 1379 dicitur,

1016 1395 1062 1422 sed
1073 1401 1106 1422 ex
1117 1394 1197 1422 Patre
1220 1402 1267 1429 per
1283 1394 1382 1421 Filium
1399 1401 1459 1422 esse
1480 1401 1494 1420 a
1511 1393 1645 1427 theologis
1660 1400 1800 1421 assevera-

1017 1443 1071 1471 tur,
1089 1439 1129 1466 sic
1139 1438 1212 1466 enim
1231 1437 1358 1466 Ecclesiae
1374 1437 1493 1472 magistri
1512 1437 1678 1471 complexam
1689 1444 1801 1472 proces-

181 1481 256 1507 enim
274 1480 358 1509 Filius
376 1481 446 1509 Deus
458 1489 519 1509 cum
532 1482 610 1510 sitex
622 1483 687 1516 Deo,
701 1478 735 1510 de
753 1486 848 1510 sancto
864 1483 965 1518 Spiritu
980 1483 1001 1513 C
1018 1485 1101 1512 sionis
1122 1485 1209 1512 sancti
1232 1484 1350 1519 Spiritus
1369 1483 1551 1510 deﬁnitionem
1575 1481 1646 1510 illius
1668 1483 1798 1510 substan-

182 1533 238 1554 non
258 1530 310 1558 estI
326 1531 437 1563 propter
453 1527 498 1556 illa
515 1535 575 1563 quae
589 1533 739 1561 sequuntur
753 1529 884 1556 absurda.

222 1569 378 1608 Est'igitur
401 1573 474 1601 Deus
498 1581 530 1601 ex
558 1574 611 1601 Deo
628 1574 697 1602 Filio
716 1574 835 1610 Spiritus
848 1579 968 1607 sanctus,

184 1617 406 1652 quandoquidem
434 1619 514 1650 etiam
540 1626 589 1653 per
615 1619 702 1654 ipsum
724 1620 871 1655 procedere
893 1626 970 1648 asse-

184 1664 282 1690 ritur:
302 1664 412 1699 solaque
440 1672 520 1693 causa
549 1669 576 1693 et
593 1666 693 1694 causali
721 1666 828 1694 divinas
853 1665 969 1694 discerni

186 1715 328 1742 personas,
341 1717 392 1743 pro
406 1710 529 1738 confesso
543 1710 667 1738 habetur.
679 1710 713 1739 Et
726 1711 853 1746 quoniam
871 1718 972 1739 secun-

187 1754 252 1781 dum
270 1755 307 1787 id,
319 1756 391 1790 quod
418 1757 487 1789 Deus
508 1762 560 1789 est,
587 1764 640 1785 non
672 1757 838 1786 discernitur
860 1765 875 1785 a
901 1757 972 1785 Filio

191 1799 289 1833 Pater;
311 1808 371 1827 nam
399 1801 422 1828 si
442 1805 556 1836 uterque
580 1802 662 1836 Deus,
673 1810 726 1831 non
743 1807 832 1831 tamen
847 1803 899 1831 duo
915 1803 971 1836 dii,

191 1853 260 1872 unus
285 1846 356 1873 enim
384 1847 455 1874 Deos
483 1853 525 1875 est
541 1857 547 1875 :
563 1854 670 1876 constat
689 1856 723 1879 ex
743 1849 823 1877 Patre
842 1855 869 1878 et
891 1850 971 1882 Filio,

192 1891 276 1918 veluti
301 1899 333 1919 ex
362 1900 416 1920 uno
442 1894 507 1926 Deo,
522 1901 582 1921 esse
606 1894 736 1930 Spiritum
755 1900 881 1923 sanctum
897 1904 972 1924 :nou

193 1936 340 1964 secundum
354 1938 426 1972 quod
440 1940 503 1970 duo,
512 1940 557 1966 sed
572 1939 718 1967 secundum
728 1941 800 1975 quod
809 1948 890 1967 unum
899 1945 972 1974 sunt,

194 1982 357 2015 producendi
381 1984 486 2011 ratione
507 1984 611 2012 scilicet
626 1985 741 2013 servatis
763 1986 974 2020 proprietatibus

193 2026 331 2060 gignendi,
346 2034 379 2055 ac
394 2029 520 2065 nascendi
543 2037 551 2056 :
578 2028 648 2057 Deus
674 2036 737 2057 vero
753 2033 794 2057 cst
810 2034 837 2057 et
856 2030 975 2065 Spiritus

194 2077 305 2101 sanctus
320 2074 476 2108 productus,
491 2075 548 2102 sive
567 2075 717 2110 procedens
734 2077 881 2104 secundum
895 2084 973 2104 suam

194 2119 398 2148 substantialem
425 2121 630 2155 proprietatem.
653 2121 714 2148 Non
736 2126 825 2149 autem
845 2114 973 2156 possibile

1020 1531 1063 1558 tite
1078 1531 1276 1566 explicuerunt,
1295 1534 1322 1557 et
1345 1529 1492 1557 secundum
1505 1529 1565 1556 illos
1582 1536 1643 1556 cum
1661 1536 1693 1556 ex
1709 1527 1799 1560 Patre,

1020 1575 1134 1608 dicatur,
1159 1580 1206 1602 aut
1221 1582 1253 1602 ex
1278 1574 1357 1601 Patre
1373 1578 1428 1601 toto
1452 1574 1604 1609 intelligere
1624 1573 1761 1605 convenit,
1775 1573 1799 1599 si

1020 1629 1091 1649 cura:
1111 1620 1189 1648 nobis
1203 1624 1244 1647 est
1262 1620 1338 1655 juxta
1359 1619 1464 1647 illorum
1478 1620 1663 1652 traditionem,
1681 1623 1707 1646 et
1720 1619 1800 1646 simul

1021 1666 1095 1694 initia
1112 1667 1173 1694 ﬁdei
1197 1667 1346 1699 servando,
1362 1666 1509 1693 secundum
1530 1666 1652 1693 ordinem
1677 1665 1802 1693 differen-

1020 1712 1087 1740 tium
1099 1720 1291 1747 processuum,
1305 1717 1387 1748 atque
1411 1712 1573 1739 coorientem
1599 1712 1632 1739 ab
1653 1711 1696 1738 his
1713 1718 1801 1739 causm

1021 1758 1175 1791 causalique
1195 1758 1403 1790 discretionem,
1422 1757 1526 1785 divinas
1554 1757 1719 1791 distinguere
1738 1764 1801 1790 per-

1021 1811 1111 1838 sonas,
1127 1805 1244 1831 maxime
1266 1812 1326 1832 cum
1359 1804 1447 1831 Patris
1473 1808 1557 1831 totum
1585 1811 1638 1830 non
1665 1802 1736 1829 aliud
1765 1803 1802 1829 sit
1835 1820 1839 1823 -

1021 1858 1101 1886 quam
1126 1854 1208 1878 totum
1229 1851 1307 1885 Filii};
1330 1858 1414 1879 unum
1429 1850 1499 1877 enim
1516 1854 1555 1877 est
1573 1854 1656 1877 totum
1668 1870 1675 1882 ,
1691 1849 1760 1876 sicut
1774 1853 1802 1875 ct

1022 1895 1128 1923 illorum
1150 1902 1202 1922 una
1221 1895 1338 1922 essentia
1354 1899 1396 1921 est
1412 1903 1419 1921 :
1437 1894 1481 1921 ubi
1503 1894 1606 1921 scilicet
1632 1901 1684 1920 non
1714 1893 1802 1920 obstat

1022 1940 1160 1967 relationis
1184 1940 1327 1974 oppositio.
1348 1939 1466 1974 Spiritus
1491 1943 1579 1966 antem
1604 1943 1675 1965 totus
1692 1938 1800 1973 quidem
1847 1964 1855 1968 κ

1022 1988 1073 2017 est,
1089 1984 1264 2019 ejusdemque
1281 1984 1405 2011 essentiae
1418 1990 1477 2010 cum
1496 1983 1574 2010 Patre
1590 1987 1617 2010 et
1633 1983 1712 2015 Filio,
1729 1987 1801 2010 totus

1022 2038 1086 2058 vero
1098 2031 1257 2065 productus,
1273 2030 1329 2056 sive
1341 2029 1489 2063 procedens
1499 2033 1549 2061 est,
1565 2029 1712 2056 secundum
1723 2036 1801 2054 suam

1023 2074 1226 2102 substantialem
1239 2075 1442 2108 proprietatem.
1455 2073 1511 2101 Non
1527 2078 1613 2106 potest
1627 2079 1715 2100 autem
1731 2074 1800 2099 idem

1023 2127 1083 2147 esse
1111 2119 1182 2154 quod
1211 2119 1344 2153 producit,
1360 2122 1386 2146 et
1407 2119 1477 2153 quod
1496 2119 1668 2153 producitur;
1683 2119 1749 2146 nihil
1763 2123 1804 2144 cst

194 2168 246 2197 est,
261 2164 331 2192 idem
350 2152 505 2200 essm-quod
518 2165 652 2200 producit,
667 2171 693 2194 et
714 2167 785 2202 quod
802 2152 971 2202 producitur,
985 2152 1010 2181 Β
1024 2165 1094 2192 εηίιη
1113 2152 1184 2200 quod
1206 2152 1245 2192 sui
1264 2165 1349 2200 ipsius
1366 2152 1449 2192 causa
1462 2152 1521 2192 siti:
1543 2168 1570 2192 et
1583 2165 1663 2192 simul
1678 2165 1803 2191 immobi-

195 2215 305 2245 propter
322 2210 485 2239 immobilem
503 2214 711 2247 proprietatem.

214 2251 216 2253 ’
231 2255 376 2289 Ρι-εειεηιι,
392 2257 539 2284 secundum
558 2258 678 2285 eamdem
692 2259 836 2291 rationem,
846 2259 973 2293 quoniam

198 2300 266 2328 Deus
283 2305 364 2334 totus,
379 2309 411 2328 ex
437 2307 495 2330 toto
513 2302 539 2330 in
556 2303 653 2331 divinis
669 2305 792 2338 personis
805 2312 819 2331 a
838 2304 973 2339 theologis

196 2346 334 2378 asseritur,
362 2346 433 2375 Deus
455 2347 528 2375 enim
547 2354 650 2381 partem
678 2357 731 2376 non
760 2350 840 2377 habet
858 2358 865 2378 :
880 2355 906 2377 et
922 2358 973 2377 non

197 2391 281 2426 magis
298 2400 466 2428 quascunque
481 2393 632 2420 substantia
647 2393 736 2421 minus
753 2399 794 2422 est
810 2394 880 2422 Dens
892 2399 973 2427 totus,

197 2443 278 2471 atque
300 2437 447 2472 perfectus,
464 2445 543 2472 quam
568 2443 623 2466 tota
639 2439 721 2467 simul
736 2445 828 2467 sancta
845 2439 974 2473 Trinitas,

197 2482 343 2510 secundum
369 2483 432 2511 ﬁdei
454 2484 634 2518 positionem;
649 2485 728 2511 aliter
739 2485 812 2512 enim
828 2493 862 2512 ει
878 2485 976 2520 imper-

198 2527 275 2556 fectis
285 2532 355 2556 esset
369 2529 447 2560 Deus,
462 2533 542 2563 atque
553 2536 586 2556 ex
602 2530 892 2563 partibus'constaret:
905 2531 976 2565 quod

198 2579 288 2601 autem
305 2574 403 2601 dicitur
419 2579 490 2602 tctus
506 2582 539 2602 ex
555 2579 621 2607 toto,
632 2575 646 2602 ὲ
657 2583 736 2603 causa
753 2583 815 2603 esse
829 2576 974 2610 signiﬁcat.

199 2620 367 2654 Quapropter
388 2620 467 2648 Pater
482 2621 591 2655 quidem
613 2625 685 2648 totus
698 2625 749 2653 est,
761 2629 794 2648 ex
811 2626 866 2648 toto
885 2626 974 2648 autem

199 2672 252 2692 n0n
269 2670 318 2697 est,
333 2673 348 2693 a
362 2665 435 2693 nullo
458 2667 527 2693 enim
545 2670 597 2694 est.
620 2666 703 2694 Filius
723 2672 814 2694 autem
839 2672 921 2699 totus,
943 2675 976 2694 cx

201 2710 281 2738 Patre
293 2717 347 2739 toto
358 2717 408 2745 est,
422 2717 449 2739 et
462 2711 579 2746 Spiritus
589 2717 668 2745 totus,
681 2720 714 2740 ex
726 2717 781 2740 toto
789 2713 868 2740 Patre
880 2713 976 2742 simili-

203 2760 259 2786 ter._
266 2757 380 2785 Necesse
391 2763 432 2785 est
439 2766 513 2793 ergo.
525 2758 547 2786 si
563 2758 638 2785 initia
648 2758 707 2785 tidci
722 2766 832 2786 servare
841 2759 975 2791 volumus.

204 2807 275 2830 tctus
288 2810 348 2831 cum
362 2804 397 2832 sit
409 2803 492 2831 Filius
505 2803 575 2831 Deus
592 2807 717 2840 totusque
727 2805 760 2832 sit
777 2804 845 2832 Dens
861 2805 976 2840 Spiritus

1027 2209 1078 2236 lem
1100 2210 1289 2244 proprietatem
1314 2210 1414 2236 servari
1431 2211 1542 2237 necesse
1560 2212 1601 2236 est
1623 2213 1731 2243 propter
1753 2209 1804 2235 im-

1027 2253 1154 2281 mobilem
1173 2253 1335 2282 beatissimae
1351 2253 1492 2282 Trinitatis
1509 2253 1643 2280 ordinem.

1062 2299 1206 2331 Praeterea,
1224 2299 1343 2327 omnium
1359 2299 1496 2327 nominum
1512 2306 1572 2333 qua:
1584 2299 1637 2327 Deo
1662 2300 1804 2334 assignau-

1029 2348 1082 2376 tur,
1104 2351 1135 2371 ea
1153 2344 1259 2378 quidem
1285 2351 1345 2379 quas
1370 2344 1571 2378 quomodolibet
1589 2345 1702 2372 relative
1724 2346 1751 2371 in
1773 2354 1805 2371 eo

1028 2389 1079 2416 dici
1106 2394 1235 2423 possunt,
1261 2396 1391 2424 personas
1419 2389 1546 2424 signant;
1571 2389 1692 2423 quaedam
1724 2398 1805 2422 vero,

1029 2442 1111 2461 unum
1127 2435 1208 2461 Deum
1225 2434 1378 2467 indiscrete,
1387 2434 1585 2461 ccimnendant.
1601 2434 1716 2461 Prorsus
1732 2442 1807 2465 vero,

1029 2481 1073 2508 ubi
1091 2488 1142 2507 non
1160 2480 1269 2508 obsistit
1284 2480 1421 2508 relationis
1444 2479 1597 2514 oppositio.
1622 2487 1674 2506 non
1695 2480 1807 2506 reddere

1028 2526 1212 2561 qualecunque
1247 2532 1343 2552 nomen
1374 2525 1399 2552 in
1428 2524 1482 2551 Deo
1519 2525 1631 2557 dicitur,
1662 2532 1805 2559 person-nm

1029 2573 1176 2601 secundum
1205 2573 1348 2599 essentiam
1383 2571 1541 2598 imminuere
1574 2576 1634 2604 est,
1662 2572 1704 2599 cui
1741 2571 1805 2598 illud

1030 2626 1127 2646 nomen
1141 2617 1280 2653 aptissime
1291 2625 1450 2652 congruum,
1465 2617 1612 2644 secundum
1638 2618 1676 2644 rei
1702 2617 1806 2651 signiti-

1025 2657 1162 2691 cationem
1175 2671 1228 2691 non
1243 2663 1373 2690 redditur.
1385 2663 1462 2695 Puta,
1477 2662 1556 2690 Pater
1569 2663 1677 2696 quidem
1697 2670 1794 2689 nomen

1029 2715 1056 2738 et
1066 2709 1149 2737 Filius
1162 2715 1190 2737 et
1199 2710 1315 2744 Spiritus
1325 2713 1445 2741 sanctus,
1453 2709 1665 2743 paternitasquc,
1675 2713 1701 2736 et
1712 2709 1808 2735 nativi-

1029 2763 1080 2790 tas,
1098 2761 1124 2783 et
1152 2756 1299 2792 processio,
1312 2762 1457 2789 causaque,
1469 2760 1495 2782 et
1509 2755 1626 2786 causale,
1644 2759 1669 2782 et
1687 2755 1806 2789 gignere.

1030 2808 1055 2831 ct
1070 2802 1156 2838 gigni,
1182 2801 1257 2829 relati
1284 2802 1316 2828 ad
1344 2800 1456 2829 invicem
1481 2799 1531 2827 dici
1553 2807 1612 2826 cum
1633 2800 1753 2834 possint,
1781 2799 1807 2824 in
