1934 3063
147 90 198 122 147

767 90 960 121 MANUELIS
978 90 1128 121 CALECE

1703 89 1754 122 148

145 149 278 178 Trinitate
312 156 441 185 personas
473 149 634 183 indicantia,
667 152 790 185 personis
814 150 919 184 proprie
936 151 957 179 Δ
1006 151 1150 182 Caeterum.
1161 150 1298 185 sieutquaa
1310 149 1461 177 communia
1475 153 1536 176 sunt
1554 147 1638 180 Patri,
1653 153 1679 175 et
1696 148 1735 175 Fit
1749 153 1770 171 η

148 195 305 222 redduntur.
333 194 387 222 Aut
401 194 473 221 enim
500 201 678 230 personarum
706 195 926 228 substantia,aut

146 241 264 275 ipsarum
300 239 476 274 signiﬁcatlva
506 244 589 268 sunt.
618 240 732 276 Sapiens
772 245 871 272 autem,
899 245 927 267 et

146 287 243 319 bonus,
253 287 387 322 etjustus,
414 290 441 313 et
457 293 574 319 creator,
595 291 622 314 et
636 294 750 321 quicque
761 286 824 314 talia
844 293 926 313 unum

146 331 248 366 aliquid
266 331 409 361 indiscrete
433 334 516 361 Deum
533 334 652 368 signant.
666 332 703 360 Ex
716 332 759 360 his
778 331 850 359 enim
865 331 927 358 nul-

147 376 200 403 lam
215 377 340 412 cogimur
362 379 552 406 discretionem
581 378 733 414 intelligere
757 378 784 405 in
811 377 867 405 Deo
892 377 927 404 ad

146 421 263 455 seipaum
280 423 458 456 personalem,
468 423 518 451 nisi
525 423 672 451 secundum
685 423 805 458 quaedam
819 423 927 450 nomina

146 467 179 494 ad
190 472 340 496 creaturam
348 468 432 496 solum
440 469 496 496 sive
509 468 597 503 potius
623 473 756 496 creaturae
770 468 803 496 ad
832 468 926 500 Deum;

143 511 231 546 justus
263 513 335 540 enim
368 513 402 540 ad
427 518 579 542 creaturam
609 517 637 542 et
665 518 782 547 creator,
803 518 831 542 et
842 514 929 542 omni-

146 561 241 590 potens
249 558 359 586 dicitur.
576 578 582 584 .

179 602 402 630 Substantialium
416 610 489 636 vero,
504 602 771 637 substantiarumque
792 603 928 638 signiﬁca-

146 647 259 675 tivorum
274 648 423 678 nominum:
442 648 493 675 alia
509 649 616 683 quidem
633 656 807 683 personarum
828 649 922 684 singu-

144 691 177 719 lis
191 699 274 719 unum
289 693 334 720 uni
352 693 460 728 proprie
477 687 616 726 redditur;
651 700 765 728 qumque
801 693 929 722 substan-

145 736 220 764 tialia
248 737 369 772 ipsorum
384 742 457 771 sunt,
470 738 550 765 sicuti
575 738 734 773 paternitas,
749 743 778 766 et
803 738 930 767 nativitas

143 785 223 817 atque
241 783 390 817 processio,
407 783 488 810 Pater
502 787 528 811 et
541 782 635 816 Filius,
651 788 677 811 et
688 784 844 818 procedens.
869 784 928 812 Alia

143 834 207 855 vero
221 828 339 861 duobus,
355 834 385 856 ut
399 830 517 861 causale.
531 834 557 856 et
572 829 653 861 mitti,
679 834 706 857 et
723 829 806 857 Deum
821 837 855 858 ex
874 830 927 858 Deo

142 879 211 905 esse,
225 872 408 908 Spiritumque
439 873 564 902 etPatris
593 878 620 901 et
635 873 694 901 Filii
721 874 851 909 Spiritum
862 875 924 902 dici.

142 918 248 946 Mittere
259 924 366 954 quoque
377 923 405 946 et
418 926 556 949 emanare.
566 922 593 946 et
619 919 783 953 profundere
807 918 925 950 Patrem,

141 968 168 991 et
179 961 276 992 Filium
296 963 436 999 Spiritum.
466 964 596 991 Aliavero
607 963 693 991 tribus
719 963 926 991 incommutabi-

141 1008 370 1042 lituredduntur;
386 1013 413 1037 et
426 1016 507 1036 unum
530 1008 611 1035 Deum
620 1008 677 1036 sine
690 1007 744 1035 ulla
765 1008 924 1039 diderentia,

141 1057 172 1080 ut
190 1053 291 1081 dictum
307 1057 358 1086 est,
375 1054 491 1088 signant.
508 1052 608 1080 Verum
647 1054 794 1087 producere
815 1053 924 1088 quidem

140 1097 227 1125 sancti
237 1096 415 1132 Spiritusnon
431 1103 493 1130 est;
521 1098 572 1125 hoc
585 1098 655 1125 enim
682 1099 822 1126 relationis
852 1103 925 1126 vetat

140 1143 284 1177 oppositio,
303 1143 452 1177 quodenim
482 1143 608 1178 producit
619 1143 663 1175 ,ad
689 1143 716 1170 id
731 1145 801 1178 quod
824 1145 924 1178 produ-

142 1188 223 1222 citur,
236 1189 390 1224 oppositum
415 1194 473 1222 est;
490 1190 561 1223 quod
577 1195 666 1216 autem
680 1189 848 1224 producitur,
862 1189 924 1225 Spi-

141 1234 210 1263 rltus
243 1238 356 1263 sanctus
382 1238 448 1264 est:
477 1233 636 1268 dictumque
660 1239 773 1262 estesse
797 1235 922 1269 impossi-

141 1280 204 1312 bile,
217 1280 289 1308 idem
304 1288 363 1308 esse
375 1280 447 1315 quod
464 1280 601 1314 producit,
626 1284 653 1307 et
664 1280 733 1315 quod
746 1280 923 1315 producitur;

141 1325 207 1353 nihil
226 1326 298 1354 enim
323 1331 364 1354 est
380 1328 451 1361 qttod
477 1327 563 1360 ipsum
583 1327 625 1355 siti
641 1333 721 1354 causa
738 1326 786 1359 sit;
813 1331 840 1353 et
853 1326 923 1353 nulla

140 1377 254 1404 persona
286 1371 401 1405 seipsam
424 1372 558 1405 producit.
575 1373 646 1399 sicut
668 1377 694 1399 et
712 1371 738 1397 in
769 1370 924 1398 hominibus

140 1415 255 1450 exempli
279 1423 369 1448 causa,
387 1417 441 1444 ﬁeri
452 1418 599 1449 cernimus,
610 1424 727 1451 namque
754 1421 782 1444 et
795 1416 865 1450 apud
877 1423 925 1443 nos

141 1460 288 1495 cuiuspiam
314 1461 394 1493 titius,
412 1469 464 1488 non
492 1467 534 1490 est
569 1463 626 1496 ipse
666 1463 765 1496 seipso,
781 1454 867 1496 neque
883 1461 923 1488 sui

141 1506 226 1541 ipsius
237 1506 346 1539 dicitur,
357 1506 402 1534 sed
417 1507 518 1541 patris:
530 1512 556 1535 et
571 1515 656 1542 neque
666 1507 736 1534 (ilius
751 1513 829 1542 pater
838 1507 924 1541 patris

141 1551 184 1580 sui
196 1556 248 1585 est,
263 1557 432 1586 nequepater
451 1552 523 1581 illius
553 1553 660 1584 ﬁliisui,
688 1558 797 1588 propter
818 1553 926 1588 opposi-

142 1597 222 1625 tionis
235 1597 374 1630 rationem,
385 1598 531 1626 secundum
556 1605 674 1631 causam,
691 1604 717 1626 et
729 1598 846 1630 causale,
866 1605 926 1632 qua:

141 1643 196 1669 non
207 1642 351 1670 convertit.

176 1687 208 1715 Et
220 1692 293 1715 certe
301 1687 430 1723 possibile
438 1691 479 1715 est
491 1687 614 1714 eumdem
626 1691 653 1714 et
677 1691 781 1721 patrem
811 1693 882 1719 esse,
895 1691 922 1713 et

140 1732 286 1766 tilium,sed
304 1739 355 1759 non
372 1732 520 1759 secundum
534 1732 614 1763 idem,
635 1731 692 1759 sive
719 1731 752 1758 ad
785 1731 854 1758 idem
872 1731 923 1757 .Ad

140 1778 212 1806 aliud
229 1785 304 1810 vero.
326 1778 635 1813 atquealiud,utraque.
660 1776 713 1804 Sed
739 1776 790 1803 hoc
818 1777 844 1803 in
870 1776 924 1803 Deo

140 1823 227 1850 locum
242 1830 295 1850 non
312 1822 479 1850 habet.Tres
496 1822 567 1849 enim
592 1818 721 1856 personas
750 1821 821 1848 solas
838 1821 922 1848 Deum

138 1876 208 1902 esse,
227 1867 293 1895 tich
310 1868 391 1895 tradit
404 1877 411 1895 :
426 1868 525 1903 quibus
541 1868 722 1903 proprietates
754 1875 810 1895 sum
824 1867 922 1894 immo-

139 1915 205 1942 biles
217 1934 226 1945 ,
241 1919 268 1941 et
279 1918 343 1942 ratae
363 1919 481 1941 manent.
503 1913 562 1941 Non
574 1922 639 1950 ergo
671 1915 832 1950 producere,
863 1921 925 1949 pro-

138 1960 211 1986 ducti
227 1959 343 1994 Spiritus
369 1964 420 1992 est,
435 1959 481 1987 sed
511 1959 591 1987 Pater
615 1960 764 1995 producere
792 1959 922 1994 Spiritum

137 2007 276 2033 asseritur.
289 2005 444 2033 Secundum
458 2006 510 2034 hoc
521 2006 593 2033 enim
618 2013 634 2033 a
651 2006 765 2041 Spiritu,
790 2010 820 2033 ut
837 2013 920 2033 causa

137 2059 152 2078 τι
169 2052 271 2079 causali
287 2052 461 2080 discernitur.

171 2098 305 2132 Quirritur
320 2103 432 2132 autem],
447 2106 481 2125 an
506 2103 533 2126 et
544 2098 611 2126 Filio
625 2099 772 2133 producere
782 2104 923 2125 commune

979 201 1054 232 puta,
1087 197 1177 228 bonus,
1192 196 1305 229 sapient,
1332 200 1442 227 creator,
1459 200 1513 222 etc.
1529 202 1590 222 eum
1624 202 1675 222 non
1689 203 1768 229 aequa

979 243 1030 270 iter
1042 247 1070 270 et
1085 241 1291 269 immutabiliter
1304 241 1371 268 Filio
1387 240 1535 272 reddimus,
1553 240 1684 267 minorem
1701 240 1754 266 Pa-

985 288 1036 316 tris
1047 287 1166 315 essentia
1179 286 1241 313 Filii
1256 286 1399 313 essentiam
1433 285 1547 313 facimus
1578 295 1584 312 :
1599 285 1635 312 ita
1663 286 1766 320 quippe

982 341 1035 360 nou
1057 333 1111 360 erit
1125 332 1244 366 sapiens,
1259 336 1289 359 et
1304 335 1412 359 creator
1428 338 1498 359 unus
1513 331 1603 363 Pater,
1619 335 1646 358 et
1668 330 1761 358 Filius.

980 379 1080 406 Eodem
1098 379 1188 410 modo,
1204 378 1250 413 qui
1267 378 1418 412 producere
1434 376 1503 405 Filio
1520 377 1672 410 abstulerit,
1689 377 1765 404 nulla

978 424 1156 460 appositionis
1174 423 1336 451 necessitate
1349 423 1401 451 hoc
1432 423 1484 458 ipsi
1512 423 1626 450 reddere
1644 423 1764 454 valente,

977 470 1038 498 Filii
1053 469 1169 498 essentia
1186 468 1274 496 Patris
1281 469 1425 496 essentiam
1433 468 1563 496 minorem
1579 472 1689 503 cogetur
1697 475 1767 495 con-

980 515 1064 543 iiteri.

1015 561 1111 594 Porro,
1125 561 1147 588 si
1158 560 1219 595 quis
1227 559 1383 594 Dionysium
1400 558 1531 593 allegatis,
1550 557 1587 584 i-ta
1604 557 1761 592 illumloqui

979 611 1092 640 asserat,
1107 607 1272 637 communia,
1288 609 1316 633 et
1332 606 1406 632 unita
1428 604 1503 633 Patri
1530 609 1557 632 et
1573 603 1653 635 Filio,
1670 606 1763 630 sancto

978 652 1059 679 etiam
1090 651 1202 686 Spiritui
1219 652 1385 685 communia,
1407 652 1498 679 divina
1515 651 1583 679 ratio
1611 649 1731 682 assignat
1749 656 1757 675 :

978 697 1029 724 hoc
1042 697 1116 724 illum
1132 697 1165 724 de
1177 697 1219 724 his
1234 704 1294 732 quae
1306 697 1393 726 tribus
1417 697 1603 725 indiﬂ‘erenter
1638 694 1757 722 reddun—

979 747 1033 774 tur.
1049 742 1149 770 dixisse
1162 743 1278 776 noverit,
1297 750 1328 771 ac
1339 743 1373 771 de
1386 743 1428 771 his
1440 750 1500 778 qua:
1523 741 1652 769 dicuntur
1676 743 1758 766 natu-

978 787 1056 818 ralia,
1075 787 1100 814 in
1114 787 1212 821 quibus
1226 795 1311 823 neque
1332 789 1461 816 discretio
1476 788 1539 820 ulla,
1557 794 1643 822 neque
1660 786 1757 813 relatio

981 832 1131 866 inspicitur.
1149 832 1251 861 Idcirco
1262 834 1344 860 etiam
1359 833 1507 860 communia
1540 837 1564 859 et
1580 831 1654 858 unita
1670 831 1754 861 dixit;

981 877 1132 912 producere
1147 882 1236 905 autem
1252 879 1284 905 ad
1301 878 1326 905 id
1351 878 1424 913 quod
1449 877 1618 911 producitur,
1648 875 1759 902 relative

979 921 1131 954 opponitur.
1149 920 1179 947 Et
1188 925 1240 953 est,
1259 922 1330 956 quod
1366 921 1533 955 producitur,
1549 919 1665 954 Spiritus
1681 926 1760 945 sanc-

980 967 1032 990 tus.
1043 962 1174 992 Possibile
1190 971 1254 992 vero
1267 971 1320 991 non
1338 964 1462 997 est,idem
1486 962 1637 998 esse,quod
1655 963 1757 995 prmiu-

979 1010 1024 1036 cit.
1041 1009 1132 1044 Neque
1146 1010 1264 1045 seipsum
1285 1010 1410 1044 producit
1440 1009 1566 1044 Spiritus;
1595 1008 1661 1035 nihil
1687 1008 1758 1035 enim

979 1055 1020 1080 sui
1033 1055 1118 1088 ipsius
1133 1061 1215 1081 causa
1232 1062 1293 1082 esse
1303 1060 1389 1089 potest
1407 1064 1414 1082 :
1433 1061 1519 1090 neque
1533 1054 1659 1086 alterum,
1675 1060 1758 1088 prop-

979 1104 1019 1126 ter
1035 1100 1159 1127 traditam
1174 1100 1252 1128 hobis
1260 1101 1429 1128 Trinitatem.

1012 1144 1158 1173 Commune
1181 1145 1261 1180 igitur
1279 1150 1320 1173 est
1334 1145 1417 1179 Patri,
1434 1151 1459 1173 et
1473 1146 1541 1173 Filio
1562 1146 1719 1181 producsrc;
1732 1149 1759 1172 et

978 1193 1018 1215 est
1042 1189 1131 1223 Pater,
1153 1196 1180 1218 et
1194 1191 1276 1220 Filius
1297 1199 1365 1219 unus
1378 1193 1463 1219 sancti
1480 1192 1594 1226 Spiritus
1603 1192 1757 1226 productor,

977 1235 1047 1261 sicut
1064 1239 1175 1268 etsunus
1187 1240 1267 1268 totus,
1277 1241 1303 1263 et
1320 1244 1389 1263 unus
1402 1237 1520 1268 mittens,
1530 1240 1632 1263 servata
1657 1235 1759 1263 scilicat

978 1280 1161 1314 generationis
1182 1281 1382 1316 nativitatisque
1407 1281 1575 1308 discretione.
1609 1280 1695 1314 Atque
1722 1280 1758 1306 ita

980 1327 1063 1355 Filius
1081 1335 1096 1354 a
1113 1331 1209 1354 sancto
1227 1326 1328 1361 Spiritu
1360 1333 1465 1358 causae,
1480 1326 1651 1360 causalisquc
1677 1325 1759 1352 ratio-

978 1381 1012 1400 ne
1042 1372 1324 1407 disceriiitur;quia,
1357 1377 1384 1399 et
1420 1379 1467 1405 per
1483 1371 1580 1398 Filium
1612 1369 1758 1404 procedere

977 1417 1076 1444 dicitttr
1094 1427 1101 1450 ;
1122 1417 1255 1451 Paterquc
1286 1416 1428 1450 productor
1455 1423 1502 1450 per
1547 1414 1671 1441 Verbum
1694 1420 1758 1440 esse

977 1468 1003 1490 et
1013 1470 1045 1489 ex
1064 1462 1131 1489 Filio
1142 1469 1202 1489 esse
1216 1462 1324 1493 habere,
1350 1469 1411 1488 cum
1426 1460 1460 1488 ab
1475 1461 1532 1494 ipso
1544 1458 1658 1493 accipiat
1669 1458 1756 1492 Spiri-

979 1513 1032 1540 tus,
1042 1515 1055 1534 a
1064 1507 1209 1541 Theolngis
1218 1507 1357 1534 asseritur.

1013 1553 1050 1579 Ex
1067 1552 1162 1586 quibus
1181 1545 1282 1579 etillud
1308 1556 1425 1584 constat,
1450 1551 1598 1585 producere
1616 1549 1686 1584 quod
1711 1549 1753 1575 di-

977 1597 1058 1629 citur,
1074 1596 1160 1623 Patris
1177 1596 1354 1624 substantiale
1368 1603 1419 1623 nou
1434 1603 1511 1629 esse;
1541 1595 1591 1622 hoc
1618 1598 1706 1621 autem
1727 1598 1755 1620 et

976 1649 1056 1676 supra
1072 1646 1250 1669 monstratunt
1265 1646 1318 1668 est.
1331 1641 1555 1675 Attestanturque
1570 1640 1612 1666 his
1627 1647 1640 1665 a
1655 1639 1756 1666 sanctis

977 1687 1100 1714 Patribus
1115 1687 1193 1714 dictae
1222 1687 1373 1718 sententiae,
1395 1686 1494 1721 quibus
1511 1690 1636 1713 asserunt
1659 1684 1756 1711 Filium

976 1733 1094 1760 omnium
1107 1736 1280 1767 paternorum
1293 1733 1422 1760 bonorum
1438 1732 1572 1759 hatredem
1590 1739 1662 1764 esse,
1677 1733 1756 1764 atque

975 1779 1065 1806 omnia
1080 1779 1170 1806 Patris
1189 1779 1288 1806 habere
1317 1778 1397 1812 bona,
1417 1779 1533 1813 propria,
1559 1782 1638 1812 atque
1663 1777 1757 1810 pracci-

975 1831 1037 1857 pua,
1054 1825 1197 1858 omniaque
1227 1825 1412 1858 liabere,lqu:e
1433 1823 1521 1850 Patris
1551 1827 1624 1855 sunt,
1649 1822 1700 1849 nisi
1727 1822 1751 1847 id

975 1871 1072 1903 solum,
1090 1870 1161 1904 quod
1177 1869 1256 1897 Pater
1273 1877 1325 1897 non
1349 1873 1411 1902 est;
1447 1868 1668 1904 generatorisque
1696 1866 1756 1900 Spi-

976 1917 1057 1944 ritum
1071 1917 1172 1944 Itabere
1198 1915 1294 1943 Filium
1318 1915 1433 1950 propriae
1453 1919 1555 1941 naturze
1582 1914 1692 1944 bonum,
1715 1914 1756 1938 vi-

977 1968 1104 1995 vensque.
1122 1965 1149 1988 ct
1163 1959 1376 1988 substantialiter
1388 1959 1498 1986 insitum
1512 1967 1520 1991 ;
1541 1957 1611 1985 sicut
1624 1962 1651 1985 et
1666 1956 1754 1984 Pater.

977 2007 1055 2034 Libet
1067 2013 1154 2033 tamen
1171 2011 1199 2032 et
1212 2005 1263 2032 ista
1278 2005 1385 2032 addere.

1012 2052 1129 2079 Sanetus
1150 2051 1231 2087 igitur
1246 2051 1361 2086 Cyrillus
1388 2050 1413 2077 in
1435 2049 1576 2076 Thesauri:
1594 2049 1649 2077 ait:
1682 2048 1755 2076 Sicut

977 2100 1056 2126 arbor
1071 2097 1209 2132 prodeuntt'
1221 2104 1253 2123 ex
1263 2105 1290 2123 se
1304 2096 1414 2130 fructui,
1429 2095 1585 2129 qualitatem
1610 2102 1684 2120 suam
1707 2102 1755 2120 na-

136 2150 196 2170 cum
210 2143 291 2171 Patre
305 2143 351 2171 sit.
363 2143 395 2170 Et
409 2143 534 2178 quoniam
548 2143 637 2171 Patris
647 2144 680 2171 ad
702 2142 798 2170 Filium
830 2150 927 2170 secuu-
941 2146 965 2175 ι)
979 2146 1088 2172 (ur-atem
1103 2145 1170 2179 ferre
1188 2144 1234 2170 dat
1245 2151 1255 2175 ,-
1268 2143 1305 2169 ita
1323 2147 1347 2169 cl
1362 2141 1460 2173 Filius,
1478 2150 1494 2168 a
1522 2140 1604 2168 Patre
1628 2140 1756 2174 accepisse

134 2188 197 2216 dum
210 2189 396 2223 paternitatem
405 2193 432 2216 et
442 2189 620 2219 nativitatem.
634 2197 736 2220 eausrc,
754 2188 927 2222 causalisque

135 2234 266 2268 oppositio
289 2242 342 2261 non
369 2233 493 2269 prohibet
508 2234 567 2267 hoc,
586 2241 673 2268 neque
702 2234 754 2260 ulla
777 2234 840 2261 hinc
862 2239 928 2261 con‘

136 2279 205 2307 fusio
220 2280 341 2314 sequitur
353 2288 361 2312 ;
373 2280 446 2307 nasci
467 2280 536 2306 enim
553 2279 586 2306 ad
600 2279 709 2313 gignere
720 2279 791 2313 quod
815 2277 924 2306 dicitur.

136 2333 189 2353 non
207 2326 239 2352 ad
256 2325 406 2360 producere
418 2325 532 2352 relative
545 2324 700 2358 opponitur,
721 2328 749 2350 et
782 2322 864 2350 Filius
891 2324 924 2350 ad

134 2369 253 2402 Patrem,
281 2369 328 2396 sed
362 2376 414 2396 non
448 2370 480 2396 ad
509 2370 708 2403 productorein,
739 2369 764 2395 in
796 2375 922 2403 quantum

134 2415 227 2447 Filius,
241 2414 366 2448 refertur;
379 2415 488 2448 idcirco,
504 2415 569 2442 nihil
593 2416 675 2448 cogit,
697 2416 844 2449 producere
853 2417 924 2451 qttod

133 2462 243 2493 dicilttr,
257 2470 269 2487 :t
286 2460 356 2488 Filio
369 2461 486 2491 auferre,
518 2461 589 2488 sicut
619 2462 739 2495 cogimur
752 2469 766 2488 a
798 2461 866 2489 Filio
881 2461 921 2496 gi-

132 2515 215 2541 gnere
231 2507 342 2534 omnino
369 2506 482 2539 tollere;
498 2514 550 2533 non
581 2506 606 2533 id
626 2507 795 2540 permittente
828 2507 913 2541 ipsius

131 2553 164 2580 ad
180 2553 285 2580 Patrem
296 2552 474 2587 oppositione.
493 2553 663 2586 paternitatis
690 2553 802 2585 scilicet,
817 2557 844 2579 et
854 2553 924 2579 nati-

133 2599 246 2631 vitatis;
264 2599 350 2630 ne,Vcl
366 2606 417 2625 una
431 2606 548 2634 persona
565 2599 652 2630 Pater,
663 2607 693 2626 ac
716 2598 799 2626 Filius
814 2599 851 2627 sit
879 2597 920 2626 vel

133 2644 204 2671 idem
219 2645 309 2677 simul,
343 2644 462 2672 Patet-et
483 2644 576 2676 Filius,
601 2650 627 2672 et
653 2650 774 2672 neutrum
803 2645 920 2680 proprie.

130 2690 266 2723 Quoniam
282 2692 375 2725 itaque
388 2691 529 2718 relationis
538 2690 598 2718 Filii
613 2691 645 2717 :id
670 2690 776 2718 Patrem
788 2691 921 2725 oppositio

131 2741 184 2760 non
200 2735 296 2769 cogita
310 2735 387 2767 Filio,
404 2736 552 2769 producere
568 2736 638 2769 quod
657 2737 765 2769 dicitur,
795 2736 918 2767 auferre,

130 2787 274 2808 commune
287 2782 392 2816 penitus
408 2787 449 2810 est
463 2782 545 2815 Patri,
563 2789 593 2809 ac
626 2782 703 2815 Filio,
719 2782 875 2817 producere.

981 2191 1144 2225 intelligitur,
1163 2196 1221 2224 qua:
1237 2188 1287 2214 tibi
1304 2192 1365 2215 sunt
1383 2188 1480 2219 omnia,
1503 2195 1563 2213 cum
1580 2187 1612 2213 sit
1631 2187 1684 2220 ipse
1699 2194 1755 2212 om~

980 2239 1024 2264 nia
1041 2244 1099 2271 qua:
1112 2235 1193 2263 Pater
1207 2238 1244 2261 est
1260 2239 1354 2268 pra’ter
1367 2234 1449 2260 solum
1459 2233 1564 2259 Patrem
1583 2241 1647 2260 esse.

1015 2283 1048 2309 Et
1067 2289 1160 2309 rursus
1180 2282 1206 2307 in
1222 2279 1325 2308 eisdem
1352 2287 1359 2306 :
1382 2279 1443 2306 Non
1459 2285 1486 2306 ut
1509 2279 1627 2314 indigens
1642 2287 1657 2305 ti
1677 2278 1755 2305 Patre

979 2328 1108 2361 accepisse
1133 2325 1220 2353 Filius
1239 2326 1357 2357 dicitur;
1374 2324 1452 2351 habet
1475 2325 1568 2358 quippe
1584 2324 1753 2353 naturaliter,

976 2373 1109 2407 proprium
1127 2380 1185 2398 cum
1203 2372 1236 2398 ait
1255 2371 1335 2405 ipsius
1353 2369 1464 2397 Verbum
1486 2374 1510 2395 et
1527 2369 1658 2401 splendor,
1669 2369 1755 2394 omnia

975 2425 1033 2452 qua:
1049 2417 1105 2451 ejus
1122 2420 1193 2450 sunt,
1210 2420 1304 2448 printer
1330 2415 1416 2441 solum
1438 2422 1492 2440 esse
1518 2419 1540 2439 et
1560 2414 1613 2439 dici
1638 2411 1752 2438 Patrem.

978 2463 1044 2490 Dicit
1058 2468 1144 2489 autem
1167 2469 1194 2488 se
1212 2470 1227 2488 a
1249 2461 1332 2488 Patre
1351 2461 1489 2494 accepisse,
1508 2459 1686 2485 Itmt'eticorum
1700 2457 1755 2492 opi-

975 2510 1075 2541 niones,
1101 2515 1128 2535 ut
1148 2508 1217 2535 Deus
1240 2509 1408 2543 prwveniens,
1431 2514 1461 2532 ac
1481 2505 1620 2540 jugulans.
1641 2504 1681 2530 Nc
1696 2503 1752 2537 quia

974 2556 1041 2581 enim
1060 2554 1158 2581 Filium
1183 2555 1322 2585 inspiciens
1341 2552 1430 2579 Putris
1448 2552 1536 2577 omnia
1552 2551 1699 2578 habentem.
1722 2556 1753 2575 ex

974 2599 1056 2624 multa
1070 2598 1143 2624 ualde
1157 2598 1338 2627 “militudine,
1359 2601 1383 2623 et
1414 2595 1600 2622 indemntabili
1618 2595 1754 2620 t'dentitale

973 2648 1076 2676 putaret
1095 2643 1212 2670 eumdem
1227 2651 1282 2668 esse
1297 2642 1401 2668 Patrem
1413 2647 1436 2667 et
1453 2641 1562 2671 Filium,
1573 2640 1630 2666 etin
1644 2639 1752 2666 Sabellii

972 2698 1085 2717 errorem
1101 2690 1248 2721 laberetur,-
1275 2689 1422 2715 necessario
1436 2696 1461 2714 ac
1487 2696 1502 2714 a
1519 2687 1597 2713 Patre
1624 2685 1752 2718 accepisse

972 2737 1020 2767 ait,
1053 2740 1080 2761 ut
1112 2743 1196 2761 sermo
1230 2735 1356 2768 inferens,
1389 2741 1469 2760 unum
1500 2733 1603 2767 quidem
1637 2732 1751 2759 dantem,

972 2782 1110 2807 secundum
1135 2788 1193 2807 ttt‘ro
1217 2781 1394 2811 accipientem,
1411 2778 1566 2805 dualitatcm
1591 2777 1617 2803 iu
1637 2776 1751 2808 propriis
