1934 3063
166 110 234 146 149

724 118 926 148 ADVERSUJ‘
941 117 1100 148 GRAECOS
1120 117 1197 149 LIB.
1216 118 1276 149 ΙΙΙ.

1756 117 1806 148 ῐ5ἷὶ

161 171 332 200 substantiis
360 172 508 200 ostenderet
526 181 578 201 non
602 174 666 202 solis
691 175 841 202 nominibus
868 175 1000 204 distin-A
1015 181 1102 210 neque
1128 175 1208 202 Pater
1231 181 1273 204 est
1295 175 1467 211 pateruitatis
1493 175 1597 204 ratione
1614 175 1673 203 sine
1701 176 1802 203 medio.

162 222 258 244 ctam.

212 262 290 289 Idem
318 262 345 289 in
373 270 392 290 ιι
417 264 451 291 ad
477 263 614 292 Hermiam
642 275 648 292 :
675 265 916 294 Consubstantialis
941 272 966 294 et

163 313 325 335 cocternus
339 308 416 336 Patri
427 308 526 343 Filius,
537 311 625 337 omnia
638 313 741 345 penitus
751 321 827 347 (equa
844 321 967 340 mensura

163 352 268 385 habet,
282 357 381 387 preter
395 354 480 380 solum
506 355 620 390 gignere.
638 357 695 384 Hoc
710 358 780 384 enim
796 358 880 384 solum
903 366 966 392 pro-

164 399 235 431 prie
260 398 315 426 Deo
340 404 366 426 et
389 399 468 427 Patri
490 402 620 429 convenit.
645 401 716 429 Idem
743 403 771 430 in
793 402 966 431 Thesauris:

166 443 274 478 Itaque
287 445 462 480 quodcunque
476 448 508 473 de
532 446 612 474 Patre
635 448 746 481 dixeris,
771 449 819 475 ltoc
839 449 919 476 etiam
935 449 966 475 de

166 488 258 521 Filio,
270 495 367 521 praeter
379 490 408 517 id
421 491 508 518 solum
522 493 592 526 quod
609 492 689 520 Pater
707 494 761 527 ipse
773 498 830 526 est;
844 499 869 522 et
881 495 965 529 quod-

167 543 281 569 cunque
297 535 371 563 Filio
392 537 506 569 dederis,
522 537 571 564 hoc
591 543 615 565 et
630 538 657 565 in
682 538 762 567 Patre
775 544 814 567 est
828 546 926 575 praeter
940 541 966 567 id

166 579 277 612 solum,
292 581 355 614 quia
374 579 461 609 Filius
476 582 531 617 ipse
543 588 593 610 est.

214 624 426 658 Chrysostomus
443 627 470 654 in
488 635 570 655 sutx
588 628 698 657 hotnilla
713 636 795 665 super
808 630 941 659 Joannem
957 639 965 659 :

172 678 183 694 ε
213 669 301 703 Dedit,
333 677 419 698 autem
443 673 542 701 idcirco
568 675 666 703 dictum
690 681 741 709 est,
771 684 802 703 ne
823 677 968 712 ingenitum

169 715 266 745 ipsum
293 717 445 750 suspiceris,
475 727 555 755 neque
582 721 650 748 duos
676 720 770 749 Patres
799 729 854 749 esse
879 727 967 757 putes.

172 760 277 789 Omnia
296 763 365 789 enim
388 772 447 798 qua:
462 764 544 792 Pater
560 771 608 799 est,
625 767 681 794 hare
698 772 722 794 et
745 766 833 794 Filius
856 773 906 796 est.
934 767 968 796 Et

170 812 240 839 post
255 815 342 842 pauca
359 817 366 836 :
386 808 462 837 Vides
477 811 701 845 incommutabile,
721 818 746 839 et
761 813 830 848 quod
843 821 895 840 uno
910 813 967 841 solo

1021 220 1060 247 Ita
1074 221 1145 248 enim
1167 221 1250 249 Filius
1261 226 1333 249 esset
1347 221 1464 256 Spiritus
1480 226 1602 255 sanctus,
1617 228 1703 256 neque
1717 227 1802 255 oppo-

1021 266 1095 293 nitur
1111 267 1263 295 nativitatis
1281 267 1397 301 rationi;
1413 268 1477 296 huic
1493 268 1565 295 enint
1580 267 1637 295 sola
1652 265 1802 301 paternita-

1022 311 1056 339 tis
1070 311 1140 339 ratio
1155 313 1312 347 opponitur.
1332 313 1426 348 itaque
1439 312 1588 341 secundum
1605 313 1631 340 id
1647 311 1719 347 quod
1742 318 1803 338 esse

1020 357 1120 385 dicitur
1133 358 1295 393 principium
1311 357 1429 393 Spiritus
1441 357 1538 391 sancti,
1554 365 1606 384 non
1619 361 1661 384 est
1675 356 1803 384 discretio

1020 401 1110 430 Patris
1126 410 1157 430 ac
1174 403 1254 436 Filii,
1270 408 1297 431 et
1322 409 1520 438 consequenter
1545 403 1683 439 proprium
1713 401 1804 429 Patris

1021 446 1055 473 ad
1079 446 1188 480 Filium,
1206 447 1328 481 utrisque
1352 447 1430 477 enim.
1455 447 1563 474 itmatus
1584 449 1627 474 est
1648 450 1803 480 congruos;

1020 491 1091 525 quod
1119 491 1143 518 si
1169 492 1279 519 innatus
1300 496 1342 519 est
1367 492 1462 525 etiam,
1490 491 1561 519 nulla
1588 491 1660 518 enim
1686 489 1742 517 illic
1764 489 1805 516 in-

1020 537 1076 564 nati
1106 537 1221 572 privatio
1245 542 1306 570 est,
1333 538 1487 565 communis
1509 541 1552 565 est
1575 537 1656 572 igitur
1679 535 1752 563 Patri
1777 538 1804 562 et

1019 580 1099 608 Filio.

1055 626 1189 660 Quoniam
1219 627 1302 662 igitur
1329 628 1479 663 producere
1505 627 1607 657 Patris.
1623 622 1804 654 substantiale

1020 678 1073 698 non
1106 675 1158 705 est,
1190 678 1335 699 commune
1362 677 1451 700 autem
1479 676 1522 699 est
1555 671 1628 698 Patri
1664 674 1692 698 et
1722 669 1802 701 Filio,

1020 722 1218 752 consequenter
1229 721 1255 745 et
1268 716 1354 745 Filius
1374 725 1388 744 a
1411 722 1506 745 sancto
1529 716 1631 751 Spiritu
1654 714 1802 743 secundum

1021 771 1130 793 causam
1149 768 1178 792 et
1199 765 1309 792 causale
1322 764 1511 799 distinguitur.
1530 763 1560 791 In
1575 763 1632 790 sola
1648 762 1719 790 enim
1736 768 1802 789 cau-

1021 818 1051 838 sa
1071 815 1099 837 et
1119 809 1231 843 causali,
1256 810 1361 838 divinas
1385 817 1516 844 personas
1539 809 1670 841 discerni,
1687 812 1714 834 et
1736 808 1803 835 tides

169 852 358 886 differentiam
388 856 513 890 insinuet,
530 857 600 890 quod
624 858 672 885 ista
697 859 798 886 scilicet
814 861 848 887 ιίι
874 859 967 893 pater,
985 849 1007 877 Β
1022 854 1116 887 tradit,
1138 858 1165 881 et
1190 855 1276 882 sancti
1301 854 1477 887 conﬁtentur,
1506 858 1535 882 ut
1558 861 1591 882 ex
1618 852 1805 888 superioribus

170 897 223 924 ille
254 898 351 926 Filius.
378 908 389 926 ι
413 900 503 934 Dedit,
529 911 539 928 ›
566 902 636 930 enim
664 905 734 942 quod
761 904 869 938 dicitur,
899 904 968 932 lianc

170 941 373 969 distinctionem
406 944 493 971 solam
529 947 678 973 necessario
713 947 839 980 inducit;
873 954 968 976 ctetera

172 988 270 1014 omnia
294 989 474 1023 aqualitatem
500 996 580 1027 atque
595 992 657 1020 inde
670 993 875 1021 mutabilitatem
899 994 969 1022 indi-

171 1039 251 1060 ταιιι.

217 1079 330 1114 Magnus
352 1081 517 1111 Athanasius
533 1084 561 1111 in
586 1091 616 1111 ιιι
636 1083 736 1112 Contra
760 1084 885 1117 Arianos,
906 1084 966 1111 ait:

173 1124 226 1151 Ita
247 1126 330 1160 igitur
355 1127 408 1161 ipsi
432 1136 492 1156 cum
516 1137 599 1156 unum
622 1130 676 1157 sint
699 1129 791 1163 Pater,
816 1131 917 1158 scilicet
942 1136 968 1158 et

172 1171 278 1204 Filius,
313 1180 419 1208 unaque
447 1175 481 1201 sit
514 1174 616 1207 Deitas,
647 1177 739 1204 eadem
771 1177 804 1204 de
828 1176 901 1204 Filio
926 1177 968 1204 di-

171 1224 286 1249 cuntur,
301 1225 360 1252 quas
386 1220 419 1246 de
441 1219 535 1254 Patre,
555 1222 606 1249 nisi
628 1222 697 1257 quod
718 1222 803 1250 solum
818 1222 900 1250 Pater
916 1231 969 1251 non

172 1263 289 1291 dicitur.

217 1309 290 1337 Idem
307 1311 333 1338 in
345 1317 484 1344 sermone,
500 1311 527 1338 in
543 1319 599 1347 quo
613 1314 724 1348 exponit
738 1314 915 1349 compositam
933 1313 968 1341 ab

173 1355 290 1383 Arianis
317 1356 408 1388 ﬁdem,
426 1356 454 1383 itt
472 1357 555 1384 variis
576 1352 683 1385 illorum
713 1359 833 1394 synodis,
861 1359 887 1386 itt
915 1359 968 1386 line

175 1401 332 1435 longissimi
345 1402 478 1430 sermonis
497 1403 534 1430 ait
547 1411 554 1430 :
569 1403 676 1431 Idcirco
694 1405 765 1431 enim
788 1405 966 1440 tequalitatem

175 1447 259 1473 Imbet
299 1447 334 1474 ad
365 1446 473 1475 Patrem
507 1448 619 1482 Filius,
660 1450 836 1484 uniformibus
867 1451 966 1478 scilicet

175 1493 301 1526 roribus,
330 1497 355 1520 et
381 1501 440 1528 quae
472 1494 498 1521 in
525 1494 608 1522 Patre
632 1496 765 1528 dicuntur,
798 1497 854 1524 lucc
884 1501 909 1523 et
938 1497 1002 1542 inc

176 1538 254 1565 Filio
268 1538 416 1573 Scriptura
436 1540 537 1574 dicunt,
560 1546 657 1575 printer
675 1542 762 1569 solum
780 1540 890 1570 Patrem
906 1551 965 1571 eum

174 1585 243 1612 dici.

216 1630 330 1667 Magnus
355 1631 471 1659 Basilius
494 1631 521 1659 in
536 1632 608 1661 libro
624 1640 674 1661 suo
691 1633 729 1661 De
744 1633 795 1669 ﬁde
813 1642 822 1662 :
842 1635 967 1670 Accipere

174 1677 250 1703 enim
274 1677 344 1712 quod
358 1677 458 1704 dicitur
479 1686 627 1712 commune,
649 1683 674 1706 et
696 1679 731 1706 ad
747 1685 894 1707 creaturam
908 1685 967 1712 est;

175 1721 275 1749 habere
294 1726 387 1759 autem
409 1730 442 1750 ea:
469 1728 576 1758 natura,
594 1724 732 1758 proprium
756 1729 795 1751 est
820 1725 912 1759 geniti.
931 1725 966 1753 Ut

175 1777 241 1803 ergo
266 1768 354 1796 Filius
380 1769 541 1797 naturaliter
563 1770 690 1804 possidet,
711 1778 770 1806 quae
786 1770 877 1798 Patris
892 1778 966 1805 sunt,

178 1819 208 1840 ut
224 1819 311 1841 autem
326 1815 487 1850 unigenitus,
503 1815 592 1842 omnia
607 1815 685 1843 habet
707 1816 735 1843 in
750 1818 834 1851 seipso
847 1825 965 1851 compre-

177 1860 272 1887 Isensa.
298 1859 331 1887 Et
354 1868 450 1889 rursus
477 1861 504 1888 in
523 1863 641 1889 eodem:
665 1861 774 1890 Patrem
799 1863 855 1890 dixi
874 1867 898 1891 et
919 1862 967 1890 Fi-

179 1907 268 1938 lium;
292 1906 339 1934 ltus
363 1908 428 1934 mihi
447 1908 620 1942 proprietates
640 1916 725 1935 serva.
753 1908 863 1936 Moriens
885 1909 968 1944 igitur

180 1952 268 1980 Filius
294 1954 322 1980 in
349 1961 389 1986 eo,
418 1953 487 1988 quod
517 1953 688 1987 Filius~est,
720 1955 810 1982 omnia
839 1960 877 1982 est
908 1963 967 1990 quae

178 1999 269 2030 Pater,
294 2000 438 2027 secundum
464 1999 548 2033 ipsius
576 2008 664 2027 vocem
691 2000 797 2029 Domini
826 2001 939 2028 dicentis
956 2008 967 2028 :

182 2053 192 2070 ι
211 2044 308 2071 Omnia
336 2052 394 2079 qute
427 2045 504 2072 habet
538 2045 637 2078 Pater,
663 2054 721 2074 mea
748 2053 809 2074 sunt
823 2047 844 2074 ³.
872 2056 882 2073 ι
913 2046 966 2074 Re-

179 2098 240 2118 rera
251 2091 320 2118 enim
335 2090 458 2126 imaginis
469 2095 531 2118 sunt
543 2091 634 2119 omnia
645 2100 703 2127 quo:
715 2092 859 2127 primitiuae
872 2092 967 2126 [crime

178 2141 251 2163 sunt.

1019 900 1113 935 liquet.

1055 945 1154 974 Verum
1174 947 1282 982 quidam
1299 946 1492 975 discretionem
1514 945 1576 972 Filii
1593 949 1619 972 et
1635 945 1721 973 sancti
1742 944 1804 979 Spi-

1019 991 1098 1024 ritus,
1113 992 1263 1019 secundum
1279 999 1388 1019 causam
1408 996 1435 1019 et
1449 991 1557 1019 causale
1575 997 1628 1018 non
1654 990 1806 1024 suscipien-

1020 1040 1071 1070 tes,
1082 1043 1144 1064 cum
1157 1041 1247 1064 tamen
1260 1036 1315 1064 illis
1330 1036 1521 1064 discretionem
1536 1036 1649 1063 reddere
1661 1042 1803 1071 cogantur,

1019 1082 1095 1109 aiunt
1115 1082 1232 1109 discerni
1250 1089 1297 1110 eos
1314 1081 1502 1109 ditl'erentihus
1517 1089 1550 1109 ex
1568 1081 1649 1108 Patre
1671 1082 1804 1116 processi-

1018 1127 1080 1160 bus,
1097 1128 1291 1162 adducuntque
1317 1132 1412 1155 testem
1438 1126 1586 1160 Justinum,
1612 1127 1802 1161 philosophum

1018 1175 1046 1200 et
1073 1177 1230 1209 martyrem,
1248 1173 1382 1201 dicentem
1406 1181 1414 1199 :
1431 1173 1493 1206 quia
1509 1172 1576 1199 sicut
1596 1171 1684 1200 Filius
1698 1181 1731 1199 ex
1751 1171 1805 1199 Pa-

1020 1222 1069 1250 tre,
1081 1218 1118 1245 ita
1128 1222 1153 1245 et
1170 1218 1285 1252 Spiritus
1296 1225 1329 1245 ea:
1341 1217 1423 1245 Patre
1433 1222 1482 1250 est,
1494 1221 1671 1252 praeterquam
1682 1218 1803 1244 substan-

1019 1264 1063 1291 tia:
1073 1263 1160 1291 modo.
1180 1263 1340 1298 Gregorium
1365 1263 1429 1291 item
1446 1263 1599 1297 theologum
1618 1263 1763 1295 dicentem,
1777 1267 1804 1290 et

1018 1309 1107 1344 ipsum
1131 1309 1158 1337 in
1181 1317 1306 1344 sermone
1321 1310 1354 1337 de
1380 1309 1523 1337 nativitate
1540 1309 1640 1337 Christi
1658 1318 1665 1336 :
1687 1309 1803 1344 Spiritus

1017 1360 1125 1383 sanctus
1152 1355 1294 1389 procedens
1326 1356 1430 1391 quidem
1455 1363 1489 1383 ea:
1513 1355 1610 1388 Patre,
1639 1364 1691 1382 non
1716 1362 1803 1383 autem

1017 1401 1105 1428 instar
1133 1401 1222 1433 Filii;
1255 1409 1338 1437 neque
1368 1402 1438 1429 enim
1470 1402 1631 1435 natiuitatis,
1662 1402 1708 1429 sed
1742 1411 1803 1437 pro-

1017 1449 1143 1477 cessionis
1166 1449 1279 1477 ratione.
1296 1449 1329 1477 Et
1350 1455 1445 1478 contra
1471 1449 1628 1477 Heronem:
1654 1449 1719 1477 Filii
1743 1451 1804 1485 qui-

1017 1495 1077 1522 dem
1100 1495 1246 1530 proprium,
1271 1496 1395 1523 nativitas
1418 1503 1429 1523 :
1452 1496 1538 1523 sancti
1564 1500 1651 1523 autem
1675 1495 1802 1531 Spiritus,

1019 1541 1160 1576 processio.

1052 1585 1150 1620 Porro,
1165 1587 1210 1622 qui
1227 1587 1279 1616 ista
1293 1587 1399 1621 dicunt,
1415 1592 1442 1616 et
1459 1596 1550 1621 suam,
1566 1593 1592 1617 et
1609 1590 1800 1625 magistrorum

1017 1638 1110 1659 vocem
1124 1632 1229 1667 penitus
1245 1633 1381 1669 ignorant.
1400 1634 1466 1662 Nam
1480 1635 1634 1670 quicunque
1646 1640 1800 1663 sanctorum

1018 1679 1205 1707 diderentibus
1227 1679 1400 1714 processibus
1413 1680 1532 1708 discerni
1550 1681 1677 1709 dixerunt
1697 1681 1795 1710 Filium

1017 1729 1046 1752 et
1065 1724 1197 1760 Spiritum
1217 1730 1354 1758 sanctum,
1367 1725 1510 1753 uatlvitate
1532 1725 1636 1754 scilicet
1651 1731 1677 1755 et
1693 1734 1803 1762 proces-

1018 1772 1096 1799 sione
1124 1771 1184 1799 sive
1215 1771 1406 1806 personalibus
1437 1771 1648 1806 proprietatibus
1677 1773 1800 1802 ordinem

1018 1817 1162 1844 reddentcs
1184 1821 1212 1845 ct
1229 1817 1416 1852 processibus,
1439 1822 1467 1845 et
1487 1817 1674 1851 relationibus,
1697 1824 1724 1847 et
1741 1827 1804 1854 pro-

1017 1862 1192 1896 prietatibus,
1213 1862 1287 1890 istud
1311 1863 1449 1896 dixerunt,
1475 1863 1551 1897 quasi
1570 1863 1649 1891 aliter
1674 1865 1803 1899 possibile

1018 1915 1073 1935 non
1099 1907 1135 1935 sit
1162 1915 1340 1942 personarum
1363 1908 1523 1937 discretivas
1548 1917 1618 1943 esse,
1647 1910 1699 1938 nisi
1718 1911 1800 1938 etiam

1018 1954 1132 1982 relative
1147 1954 1278 1989 oppositae
1293 1954 1482 1990 intelligantur
1495 1955 1529 1983 ad
1551 1955 1677 1984 invicem.
1700 1956 1803 1984 Nativi-

1019 2006 1059 2028 tas
1077 2000 1170 2035 itaque
1194 2000 1370 2028 immediatus
1392 2005 1482 2029 estex
1505 2001 1758 2036 Patre'processus,
1775 2008 1804 2030 et

1017 2047 1068 2074 hoc
1086 2050 1128 2074 est
1148 2045 1234 2081 ipsius
1251 2045 1391 2079 deﬁnitio;
1410 2046 1550 2081 processio
1562 2051 1651 2073 autem
1667 2053 1714 2080 per
1732 2047 1802 2073 nali-

1017 2091 1126 2118 vitatem
1153 2090 1337 2125 intelligitur:
1365 2090 1426 2117 ideo
1450 2096 1478 2117 et
1501 2090 1587 2118 Filius
1605 2092 1714 2126 quidem
1743 2092 1802 2119 sine

1018 2135 1107 2163 medio
1129 2142 1164 2163 ex
1189 2135 1281 2176 Patre,
1299 2134 1418 2170 Spiritus
1442 2139 1534 2162 autem
1557 2143 1605 2170 per
1626 2135 1724 2163 Filium
1748 2142 1801 2164 est.

214 2182 242 2209 Si
257 2182 341 2217 igitur
356 2182 448 2210 omnia
465 2190 526 2218 qum
544 2183 627 2211 Pater
640 2188 691 2216 est,
709 2183 766 2211 btec
779 2184 861 2211 etiam
880 2183 964 2211 Filius
979 2173 1004 2205 ι)
1019 2182 1121 2211 Praeter
1150 2181 1222 2209 illam
1235 2173 1339 2219 lautem
1366 2181 1540 2213 relationem.
1569 2189 1629 2216 quae
1651 2183 1801 2210 secutulum

179 2232 221 2255 est
235 2229 343 2263 genitus
358 2233 388 2258 et
411 2236 526 2257 manens
543 2229 638 2262 Filius,
653 2234 680 2258 et
694 2231 785 2258 omnia
799 2237 859 2264 qua:
882 2230 967 2258 habet

181 2275 269 2306 Pater.
299 2276 355 2304 hac
379 2280 406 2304 et
432 2275 517 2304 Filius
533 2277 730 2311 comprehensa
764 2277 843 2304 habet
866 2280 965 2312 praeter

181 2322 370 2354 paternitatent
391 2321 488 2354 solam,
503 2326 656 2357 prmterqne
675 2321 702 2349 id
716 2322 813 2356 solum,
831 2323 902 2357 quod
919 2322 963 2350 hic

182 2367 260 2395 Pater
274 2373 327 2400 est,
346 2367 391 2396 ille
411 2367 506 2401 Filius,
522 2367 614 2396 omnia
637 2369 789 2395 communia
816 2373 890 2396 sunt.
906 2368 965 2397 Una

181 2415 253 2441 cnim
268 2414 297 2442 in
314 2421 344 2442 re
359 2418 462 2442 tantum
478 2414 618 2443 diderunt.
630 2415 735 2443 Cattera
749 2415 838 2443 omnia
856 2417 967 2451 aequali-

183 2466 281 2494 tatem,
308 2460 637 2496 indemutabilitatemque
663 2461 796 2489 indicant.
827 2461 967 2495 Quomodo

183 2514 234 2535 non
248 2507 397 2542 paternitas
407 2506 528 2543 quidem,
538 2511 620 2541 atque
633 2507 762 2535 nativitas
773 2508 968 2536 substantiales

183 2555 245 2578 sunt
261 2551 326 2578 solm
342 2551 431 2578 Patris
443 2558 476 2579 ac
496 2550 557 2579 Filii
573 2551 755 2588 proprietates
773 2551 825 2580 sibi
847 2552 964 2581 invicem

183 2595 295 2623 minime
306 2603 482 2630 communes;
496 2597 646 2632 producere
656 2603 759 2631 autem,
771 2597 845 2626 Patri
859 2602 886 2626 et
896 2597 965 2626 Filio

183 2648 329 2669 commune
345 2646 396 2674 est,
421 2643 484 2678 quia
499 2644 527 2671 et
545 2643 663 2679 Spiritus
677 2649 800 2676 sanctus,
811 2643 965 2671 communis

181 2691 234 2719 ost,
260 2692 287 2715 et
317 2688 457 2716 amborum
482 2689 581 2717 dicitur
611 2689 738 2725 Spiritus,
769 2690 965 2724 amborumque

183 2732 369 2767 spiraculum?
384 2734 453 2762 Nam
477 2734 596 2771 Spiritus
617 2736 703 2764 sancti
719 2743 781 2765 esse
801 2736 962 2771 principium

215 2820 225 2836 ³
242 2822 318 2851 Joan.
335 2831 389 2857 nt,
405 2824 446 2851 l5.

1018 2235 1129 2257 causam
1146 2232 1199 2261 est,
1218 2227 1318 2255 nullatn
1341 2227 1368 2254 in
1392 2227 1495 2254 divinis
1513 2227 1635 2260 personis
1652 2228 1801 2256 discretio-

1018 2282 1079 2303 nem
1096 2274 1247 2310 intelligere
1262 2273 1303 2301 ias
1318 2277 1371 2301 est.
1386 2272 1453 2300 Nam
1470 2274 1497 2300 in
1516 2272 1573 2300 sola
1589 2280 1671 2300 causa
1696 2277 1723 2301 et
1736 2281 1802 2301 cau-

1017 2321 1067 2348 sali
1083 2320 1188 2349 divinas
1206 2326 1338 2354 personas
1361 2318 1482 2346 discerni
1500 2318 1604 2345 dictum
1628 2322 1671 2346 est
1686 2327 1694 2352 ;
1723 2318 1802 2346 aliter

1015 2366 1088 2395 enim
1108 2365 1182 2393 omni
1200 2364 1371 2399 appositione
1392 2368 1420 2391 et
1445 2363 1541 2391 ordine
1567 2371 1743 2399 processuum
1767 2365 1800 2392 ad

1015 2412 1131 2441 invicem
1149 2410 1264 2443 sublato,
1283 2409 1350 2437 nihil
1371 2409 1544 2444 prohibebit,
1565 2417 1661 2437 earum
1681 2410 1815 2445 proprior

1017 2463 1085 2486 tates
1105 2457 1132 2484 in
1159 2456 1232 2484 idem
1258 2462 1422 2483 concurrere
1441 2455 1604 2489 subiectum.
1632 2455 1724 2490 itaque
1740 2463 1801 2483 cum

1016 2503 1114 2531 Filium
1137 2510 1151 2530 a
1171 2502 1274 2537 Spiritu
1289 2501 1430 2529 nativitate
1450 2500 1620 2533 discernunt,
1641 2500 1708 2528 nihil
1730 2501 1803 2528 aliud

1018 2551 1122 2582 dicunt,
1139 2555 1221 2583 quam
1244 2546 1377 2582 Spiritum
1393 2553 1455 2574 esse
1468 2554 1516 2582 per
1532 2546 1631 2573 Filium
1647 2555 1654 2574 :
1674 2553 1721 2580 per
1733 2546 1804 2573 nati-

1018 2597 1127 2623 vitatem
1140 2594 1212 2622 enim
1227 2593 1387 2629 procedere,
1398 2593 1470 2627 quod
1484 2592 1592 2625 dicitur,
1607 2597 1659 2620 est.
1671 2592 1804 2620 Similiter

1018 2650 1077 2670 cum
1109 2640 1240 2676 Spiritum
1269 2647 1284 2667 a
1314 2639 1384 2667 Filio
1415 2639 1592 2675 processione
1619 2639 1801 2673 distinguunt,

1018 2694 1146 2724 processu
1173 2686 1220 2714 illo
1246 2693 1261 2713 a
1281 2685 1351 2713 Filio
1375 2685 1494 2714 discerni
1523 2686 1699 2717 conﬁtentur.
1721 2684 1802 2720 cujus

1018 2740 1058 2763 cst
1075 2733 1206 2766 deﬁnitio,
1224 2741 1272 2769 pcr
1289 2732 1454 2761 nativitatem
1470 2739 1541 2761 esse.
