  <div class='ocr_page' id='page_1' title='image "/cluster/home/n/w/nwhite01/storage/ocr_20150623/152/njp.32101077773206/079.png"; bbox 0 0 1934 3063; ppageno 0'>
   <div class='ocr_carea' id='block_1_1' title="bbox 138 100 185 133">
    <p class='ocr_par' dir='ltr' id='par_1_1' title="bbox 138 100 185 133">
     <span class='ocr_line' id='line_1_1' title="bbox 138 100 185 133; baseline -0.021 0"><span class='ocrx_word' id='word_1_1' title='bbox 138 100 185 133; x_wconf 80' lang='lat'><strong>151</strong></span> 
     </span>
    </p>
   </div>
   <div class='ocr_carea' id='block_1_2' title="bbox 172 159 951 202">
    <p class='ocr_par' dir='ltr' id='par_1_2' title="bbox 172 159 951 202">
     <span class='ocr_line' id='line_1_2' title="bbox 172 159 951 202; baseline 0.014 -17"><span class='ocrx_word' id='word_1_2' title='bbox 172 159 303 192; x_wconf 55' lang='lat' dir='ltr'><strong>Quoniam</strong></span> <span class='ocrx_word' id='word_1_3' title='bbox 322 160 404 196; x_wconf 83' lang='lat' dir='ltr'><strong>igitur</strong></span> <span class='ocrx_word' id='word_1_4' title='bbox 427 164 573 192; x_wconf 89' lang='lat' dir='ltr'><strong>secundum</strong></span> <span class='ocrx_word' id='word_1_5' title='bbox 593 165 786 195; x_wconf 68' lang='lat' dir='ltr'><strong>substantiales</strong></span> <span class='ocrx_word' id='word_1_6' title='bbox 805 175 915 202; x_wconf 90' lang='lat' dir='ltr'><strong>proces-</strong></span> <span class='ocrx_word' id='word_1_7' title='bbox 931 171 951 199; x_wconf 78' lang='grc' dir='ltr'>Α</span> 
     </span>
    </p>
   </div>
   <div class='ocr_carea' id='block_1_3' title="bbox 137 209 915 248">
    <p class='ocr_par' dir='ltr' id='par_1_3' title="bbox 137 209 915 248">
     <span class='ocr_line' id='line_1_3' title="bbox 137 209 915 248; baseline 0.013 -17"><span class='ocrx_word' id='word_1_8' title='bbox 137 212 185 231; x_wconf 87' lang='lat' dir='ltr'><strong>sus</strong></span> <span class='ocrx_word' id='word_1_9' title='bbox 199 213 375 239; x_wconf 81' lang='lat' dir='ltr'><strong>personarum</strong></span> <span class='ocrx_word' id='word_1_10' title='bbox 393 209 551 237; x_wconf 74' lang='lat' dir='ltr'><strong>substantia:</strong></span> <span class='ocrx_word' id='word_1_11' title='bbox 570 211 765 245; x_wconf 86' lang='lat' dir='ltr'><strong>significantur,</strong></span> <span class='ocrx_word' id='word_1_12' title='bbox 779 214 915 248; x_wconf 82' lang='lat' dir='ltr'><strong>simulque</strong></span> 
     </span>
    </p>
   </div>
   <div class='ocr_carea' id='block_1_4' title="bbox 136 251 915 290">
    <p class='ocr_par' dir='ltr' id='par_1_4' title="bbox 136 251 915 290">
     <span class='ocr_line' id='line_1_4' title="bbox 136 251 915 290; baseline 0.013 -14"><span class='ocrx_word' id='word_1_13' title='bbox 136 257 197 277; x_wconf 87' lang='lat' dir='ltr'><strong>cum</strong></span> <span class='ocrx_word' id='word_1_14' title='bbox 222 251 317 279; x_wconf 87' lang='lat' dir='ltr'><strong>ordine</strong></span> <span class='ocrx_word' id='word_1_15' title='bbox 344 260 424 281; x_wconf 88' lang='lat' dir='ltr'><strong>causa</strong></span> <span class='ocrx_word' id='word_1_16' title='bbox 451 259 478 281; x_wconf 83' lang='lat' dir='ltr'><strong>et</strong></span> <span class='ocrx_word' id='word_1_17' title='bbox 502 257 611 283; x_wconf 84' lang='lat' dir='ltr'><strong>eausale</strong></span> <span class='ocrx_word' id='word_1_18' title='bbox 637 256 762 290; x_wconf 76' lang='lat' dir='ltr'><strong>infertur,</strong></span> <span class='ocrx_word' id='word_1_19' title='bbox 786 262 814 285; x_wconf 88' lang='lat' dir='ltr'><strong>et</strong></span> <span class='ocrx_word' id='word_1_20' title='bbox 829 259 915 287; x_wconf 86' lang='lat' dir='ltr'><strong>Filius</strong></span> 
     </span>
    </p>
   </div>
   <div class='ocr_carea' id='block_1_5' title="bbox 136 296 914 335">
    <p class='ocr_par' dir='ltr' id='par_1_5' title="bbox 136 296 914 335">
     <span class='ocr_line' id='line_1_5' title="bbox 136 296 914 335; baseline 0.012 -13"><span class='ocrx_word' id='word_1_21' title='bbox 136 296 243 330; x_wconf 84' lang='lat' dir='ltr'><strong>quidem</strong></span> <span class='ocrx_word' id='word_1_22' title='bbox 271 299 419 326; x_wconf 88' lang='lat' dir='ltr'><strong>secttndnm</strong></span> <span class='ocrx_word' id='word_1_23' title='bbox 447 307 607 334; x_wconf 79' lang='lat' dir='ltr'><strong>processum</strong></span> <span class='ocrx_word' id='word_1_24' title='bbox 631 310 720 335; x_wconf 81' lang='lat' dir='ltr'><strong>suum.</strong></span> <span class='ocrx_word' id='word_1_25' title='bbox 749 304 808 331; x_wconf 86' lang='lat' dir='ltr'><strong>sine</strong></span> <span class='ocrx_word' id='word_1_26' title='bbox 827 305 914 332; x_wconf 86' lang='lat' dir='ltr'><strong>medio</strong></span> 
     </span>
    </p>
   </div>
   <div class='ocr_carea' id='block_1_6' title="bbox 137 340 914 383">
    <p class='ocr_par' dir='ltr' id='par_1_6' title="bbox 137 340 914 383">
     <span class='ocr_line' id='line_1_6' title="bbox 137 340 914 383; baseline 0.012 -16"><span class='ocrx_word' id='word_1_27' title='bbox 137 348 168 367; x_wconf 85' lang='lat' dir='ltr'><strong>ex</strong></span> <span class='ocrx_word' id='word_1_28' title='bbox 189 340 266 369; x_wconf 83' lang='lat' dir='ltr'><strong>Patre</strong></span> <span class='ocrx_word' id='word_1_29' title='bbox 277 343 412 378; x_wconf 77' lang='lat' dir='ltr'><strong>gignitur;</strong></span> <span class='ocrx_word' id='word_1_30' title='bbox 432 345 549 380; x_wconf 87' lang='lat' dir='ltr'><strong>Spiritus</strong></span> <span class='ocrx_word' id='word_1_31' title='bbox 563 352 654 374; x_wconf 89' lang='lat' dir='ltr'><strong>autem</strong></span> <span class='ocrx_word' id='word_1_32' title='bbox 666 348 742 382; x_wconf 83' lang='lat' dir='ltr'><strong>juxta</strong></span> <span class='ocrx_word' id='word_1_33' title='bbox 759 357 914 383; x_wconf 78' lang='lat' dir='ltr'><strong>processum</strong></span> 
     </span>
    </p>
   </div>
   <div class='ocr_carea' id='block_1_7' title="bbox 136 389 915 429">
    <p class='ocr_par' dir='ltr' id='par_1_7' title="bbox 136 389 915 429">
     <span class='ocr_line' id='line_1_7' title="bbox 136 389 915 429; baseline 0.012 -17"><span class='ocrx_word' id='word_1_34' title='bbox 136 395 214 413; x_wconf 88' lang='lat' dir='ltr'><strong>smun</strong></span> <span class='ocrx_word' id='word_1_35' title='bbox 234 395 266 415; x_wconf 82' lang='lat' dir='ltr'><strong>ex</strong></span> <span class='ocrx_word' id='word_1_36' title='bbox 297 389 376 417; x_wconf 87' lang='lat' dir='ltr'><strong>Patre</strong></span> <span class='ocrx_word' id='word_1_37' title='bbox 401 392 524 425; x_wconf 83' lang='lat' dir='ltr'><strong>procedit</strong></span> <span class='ocrx_word' id='word_1_38' title='bbox 550 401 557 419; x_wconf 84' lang='lat'><strong>:</strong></span> <span class='ocrx_word' id='word_1_39' title='bbox 582 393 653 426; x_wconf 89' lang='lat' dir='ltr'><strong>ideo,</strong></span> <span class='ocrx_word' id='word_1_40' title='bbox 677 393 722 421; x_wconf 93' lang='lat' dir='ltr'><strong>ille</strong></span> <span class='ocrx_word' id='word_1_41' title='bbox 740 394 848 428; x_wconf 86' lang='lat' dir='ltr'><strong>quidem</strong></span> <span class='ocrx_word' id='word_1_42' title='bbox 867 402 915 429; x_wconf 88' lang='lat' dir='ltr'><strong>per</strong></span> 
     </span>
    </p>
   </div>
   <div class='ocr_carea' id='block_1_8' title="bbox 137 433 913 474">
    <p class='ocr_par' dir='ltr' id='par_1_8' title="bbox 137 433 913 474">
     <span class='ocr_line' id='line_1_8' title="bbox 137 433 913 474; baseline 0.013 -16"><span class='ocrx_word' id='word_1_43' title='bbox 137 433 305 461; x_wconf 84' lang='lat' dir='ltr'><strong>nativitatem</strong></span> <span class='ocrx_word' id='word_1_44' title='bbox 335 442 406 468; x_wconf 88' lang='lat' dir='ltr'><strong>esse,</strong></span> <span class='ocrx_word' id='word_1_45' title='bbox 433 437 477 463; x_wconf 83' lang='lat' dir='ltr'><strong>hic</strong></span> <span class='ocrx_word' id='word_1_46' title='bbox 504 442 597 465; x_wconf 85' lang='lat' dir='ltr'><strong>autem</strong></span> <span class='ocrx_word' id='word_1_47' title='bbox 631 446 679 472; x_wconf 90' lang='lat' dir='ltr'><strong>per</strong></span> <span class='ocrx_word' id='word_1_48' title='bbox 711 441 913 474; x_wconf 88' lang='lat' dir='ltr'><strong>processionem</strong></span> 
     </span>
    </p>
   </div>
   <div class='ocr_carea' id='block_1_9' title="bbox 136 478 915 514">
    <p class='ocr_par' dir='ltr' id='par_1_9' title="bbox 136 478 915 514">
     <span class='ocr_line' id='line_1_9' title="bbox 136 478 915 514; baseline 0.012 -10"><span class='ocrx_word' id='word_1_49' title='bbox 136 478 235 507; x_wconf 80' lang='lat' dir='ltr'><strong>habere</strong></span> <span class='ocrx_word' id='word_1_50' title='bbox 261 487 322 511; x_wconf 83' lang='lat' dir='ltr'><strong>esse</strong></span> <span class='ocrx_word' id='word_1_51' title='bbox 344 487 527 514; x_wconf 80' lang='lat' dir='ltr'><strong>asseveratur,</strong></span> <span class='ocrx_word' id='word_1_52' title='bbox 546 484 642 511; x_wconf 88' lang='lat' dir='ltr'><strong>merito</strong></span> <span class='ocrx_word' id='word_1_53' title='bbox 656 484 750 512; x_wconf 90' lang='lat' dir='ltr'><strong>ambos</strong></span> <span class='ocrx_word' id='word_1_54' title='bbox 774 492 807 512; x_wconf 84' lang='lat' dir='ltr'><strong>ex</strong></span> <span class='ocrx_word' id='word_1_55' title='bbox 834 486 915 513; x_wconf 80' lang='lat' dir='ltr'><strong>Patre</strong></span> 
     </span>
    </p>
   </div>
   <div class='ocr_carea' id='block_1_10' title="bbox 135 524 914 559">
    <p class='ocr_par' dir='ltr' id='par_1_10' title="bbox 135 524 914 559">
     <span class='ocr_line' id='line_1_10' title="bbox 135 524 914 559; baseline 0.012 -10"><span class='ocrx_word' id='word_1_56' title='bbox 135 524 244 557; x_wconf 87' lang='lat' dir='ltr'><strong>quidem</strong></span> <span class='ocrx_word' id='word_1_57' title='bbox 278 525 354 552; x_wconf 87' lang='lat' dir='ltr'><strong>aiuut</strong></span> <span class='ocrx_word' id='word_1_58' title='bbox 383 533 454 559; x_wconf 89' lang='lat' dir='ltr'><strong>esse,</strong></span> <span class='ocrx_word' id='word_1_59' title='bbox 483 535 577 555; x_wconf 91' lang='lat' dir='ltr'><strong>verum</strong></span> <span class='ocrx_word' id='word_1_60' title='bbox 615 529 774 558; x_wconf 74' lang='lat' dir='ltr'><strong>substantia:</strong></span> <span class='ocrx_word' id='word_1_61' title='bbox 805 530 914 558; x_wconf 70' lang='lat' dir='ltr'><strong>differre</strong></span> 
     </span>
    </p>
   </div>
   <div class='ocr_carea' id='block_1_11' title="bbox 135 569 225 597">
    <p class='ocr_par' dir='ltr' id='par_1_11' title="bbox 135 569 225 597">
     <span class='ocr_line' id='line_1_11' title="bbox 135 569 225 597; baseline 0.022 -2"><span class='ocrx_word' id='word_1_62' title='bbox 135 569 225 597; x_wconf 90' lang='lat' dir='ltr'><strong>modo.</strong></span> 
     </span>
    </p>
   </div>
   <div class='ocr_carea' id='block_1_12' title="bbox 170 638 915 672">
    <p class='ocr_par' dir='ltr' id='par_1_12' title="bbox 170 638 915 672">
     <span class='ocr_line' id='line_1_12' title="bbox 170 638 915 672; baseline 0.011 -8"><span class='ocrx_word' id='word_1_63' title='bbox 170 638 255 665; x_wconf 88' lang='lat' dir='ltr'><strong>Porro</strong></span> <span class='ocrx_word' id='word_1_64' title='bbox 285 645 346 666; x_wconf 89' lang='lat' dir='ltr'><strong>cum</strong></span> <span class='ocrx_word' id='word_1_65' title='bbox 376 639 587 668; x_wconf 86' lang='lat' dir='ltr'><strong>substantiarum</strong></span> <span class='ocrx_word' id='word_1_66' title='bbox 617 642 705 670; x_wconf 89' lang='lat' dir='ltr'><strong>modis</strong></span> <span class='ocrx_word' id='word_1_67' title='bbox 729 643 858 671; x_wconf 89' lang='lat' dir='ltr'><strong>discretio</strong></span> <span class='ocrx_word' id='word_1_68' title='bbox 888 650 915 672; x_wconf 88' lang='lat' dir='ltr'><strong>et</strong></span> 
     </span>
    </p>
   </div>
   <div class='ocr_carea' id='block_1_13' title="bbox 135 685 915 724">
    <p class='ocr_par' dir='ltr' id='par_1_13' title="bbox 135 685 915 724">
     <span class='ocr_line' id='line_1_13' title="bbox 135 685 915 724; baseline 0.009 -14"><span class='ocrx_word' id='word_1_69' title='bbox 135 691 229 717; x_wconf 85' lang='lat' dir='ltr'><strong>causa,</strong></span> <span class='ocrx_word' id='word_1_70' title='bbox 243 689 324 719; x_wconf 91' lang='lat' dir='ltr'><strong>atque</strong></span> <span class='ocrx_word' id='word_1_71' title='bbox 339 685 449 712; x_wconf 84' lang='lat' dir='ltr'><strong>causale</strong></span> <span class='ocrx_word' id='word_1_72' title='bbox 463 686 543 712; x_wconf 89' lang='lat' dir='ltr'><strong>simul</strong></span> <span class='ocrx_word' id='word_1_73' title='bbox 570 687 694 719; x_wconf 87' lang='lat' dir='ltr'><strong>infertur,</strong></span> <span class='ocrx_word' id='word_1_74' title='bbox 711 688 736 715; x_wconf 95' lang='lat' dir='ltr'><strong>id</strong></span> <span class='ocrx_word' id='word_1_75' title='bbox 752 689 850 724; x_wconf 89' lang='lat' dir='ltr'><strong>quippe</strong></span> <span class='ocrx_word' id='word_1_76' title='bbox 873 694 915 718; x_wconf 90' lang='lat' dir='ltr'><strong>est</strong></span> 
     </span>
    </p>
   </div>
   <div class='ocr_carea' id='block_1_14' title="bbox 136 730 914 769">
    <p class='ocr_par' dir='ltr' id='par_1_14' title="bbox 136 730 914 769">
     <span class='ocr_line' id='line_1_14' title="bbox 136 730 914 769; baseline 0.01 -14"><span class='ocrx_word' id='word_1_77' title='bbox 136 730 238 761; x_wconf 88' lang='lat' dir='ltr'><strong>dicere,</strong></span> <span class='ocrx_word' id='word_1_78' title='bbox 261 730 332 756; x_wconf 88' lang='lat' dir='ltr'><strong>aliud</strong></span> <span class='ocrx_word' id='word_1_79' title='bbox 355 731 463 764; x_wconf 89' lang='lat' dir='ltr'><strong>quidem</strong></span> <span class='ocrx_word' id='word_1_80' title='bbox 489 739 549 760; x_wconf 88' lang='lat' dir='ltr'><strong>esse</strong></span> <span class='ocrx_word' id='word_1_81' title='bbox 576 733 746 761; x_wconf 81' lang='lat' dir='ltr'><strong>continenter</strong></span> <span class='ocrx_word' id='word_1_82' title='bbox 765 742 798 762; x_wconf 75' lang='lat' dir='ltr'><strong>ex</strong></span> <span class='ocrx_word' id='word_1_83' title='bbox 816 735 914 769; x_wconf 83' lang='lat' dir='ltr'><strong>primo,</strong></span> 
     </span>
    </p>
   </div>
   <div class='ocr_carea' id='block_1_15' title="bbox 137 775 913 814">
    <p class='ocr_par' dir='ltr' id='par_1_15' title="bbox 137 775 913 814">
     <span class='ocr_line' id='line_1_15' title="bbox 137 775 913 814; baseline 0.01 -13"><span class='ocrx_word' id='word_1_84' title='bbox 137 775 208 802; x_wconf 81' lang='lat' dir='ltr'><strong>aliud</strong></span> <span class='ocrx_word' id='word_1_85' title='bbox 229 783 291 803; x_wconf 85' lang='lat' dir='ltr'><strong>vero</strong></span> <span class='ocrx_word' id='word_1_86' title='bbox 313 776 410 809; x_wconf 83' lang='lat' dir='ltr'><strong>per&#39;id</strong></span> <span class='ocrx_word' id='word_1_87' title='bbox 432 778 503 811; x_wconf 88' lang='lat' dir='ltr'><strong>quod</strong></span> <span class='ocrx_word' id='word_1_88' title='bbox 520 777 556 805; x_wconf 87' lang='lat' dir='ltr'><strong>sit</strong></span> <span class='ocrx_word' id='word_1_89' title='bbox 576 779 747 807; x_wconf 88' lang='lat' dir='ltr'><strong>continenter</strong></span> <span class='ocrx_word' id='word_1_90' title='bbox 760 785 793 808; x_wconf 78' lang='lat' dir='ltr'><strong>ex</strong></span> <span class='ocrx_word' id='word_1_91' title='bbox 817 781 913 814; x_wconf 83' lang='lat' dir='ltr'><strong>primo.</strong></span> 
     </span>
    </p>
   </div>
   <div class='ocr_carea' id='block_1_16' title="bbox 137 821 952 867">
    <p class='ocr_par' dir='ltr' id='par_1_16' title="bbox 137 821 952 867">
     <span class='ocr_line' id='line_1_16' title="bbox 137 821 952 867; baseline 0.007 -20"><span class='ocrx_word' id='word_1_92' title='bbox 137 821 190 848; x_wconf 86' lang='lat' dir='ltr'><strong>Sed</strong></span> <span class='ocrx_word' id='word_1_93' title='bbox 213 825 240 848; x_wconf 90' lang='lat' dir='ltr'><strong>et</strong></span> <span class='ocrx_word' id='word_1_94' title='bbox 263 821 365 854; x_wconf 83' lang='lat' dir='ltr'><strong>dicere,</strong></span> <span class='ocrx_word' id='word_1_95' title='bbox 382 823 520 857; x_wconf 88' lang='lat' dir='ltr'><strong>proprium</strong></span> <span class='ocrx_word' id='word_1_96' title='bbox 538 825 646 858; x_wconf 81' lang='lat' dir='ltr'><strong>quidem</strong></span> <span class='ocrx_word' id='word_1_97' title='bbox 662 824 724 853; x_wconf 84' lang='lat' dir='ltr'><strong>Filii</strong></span> <span class='ocrx_word' id='word_1_98' title='bbox 747 826 913 854; x_wconf 76' lang='lat' dir='ltr'><strong>nativitatem</strong></span> <span class='ocrx_word' id='word_1_99' title='bbox 929 837 952 867; x_wconf 82' lang='grc' dir='ltr'>Β</span> 
     </span>
    </p>
   </div>
   <div class='ocr_carea' id='block_1_17' title="bbox 136 867 913 903">
    <p class='ocr_par' dir='ltr' id='par_1_17' title="bbox 136 867 913 903">
     <span class='ocr_line' id='line_1_17' title="bbox 136 867 913 903; baseline 0.01 -10"><span class='ocrx_word' id='word_1_100' title='bbox 136 873 210 899; x_wconf 87' lang='lat' dir='ltr'><strong>esse,</strong></span> <span class='ocrx_word' id='word_1_101' title='bbox 228 867 345 899; x_wconf 87' lang='lat' dir='ltr'><strong>Spiritus</strong></span> <span class='ocrx_word' id='word_1_102' title='bbox 363 869 451 896; x_wconf 81' lang='lat' dir='ltr'><strong>autem</strong></span> <span class='ocrx_word' id='word_1_103' title='bbox 463 871 676 903; x_wconf 82' lang='lat' dir='ltr'><strong>processionem,</strong></span> <span class='ocrx_word' id='word_1_104' title='bbox 691 872 759 899; x_wconf 89' lang='lat' dir='ltr'><strong>nihil</strong></span> <span class='ocrx_word' id='word_1_105' title='bbox 772 873 844 900; x_wconf 83' lang='lat' dir='ltr'><strong>aliud</strong></span> <span class='ocrx_word' id='word_1_106' title='bbox 862 873 913 901; x_wconf 80' lang='lat' dir='ltr'><strong>sibi</strong></span> 
     </span>
    </p>
   </div>
   <div class='ocr_carea' id='block_1_18' title="bbox 136 903 914 952">
    <p class='ocr_par' dir='ltr' id='par_1_18' title="bbox 136 903 914 952">
     <span class='ocr_line' id='line_1_18' title="bbox 136 903 914 952; baseline 0.01 -14"><span class='ocrx_word' id='word_1_107' title='bbox 136 912 204 946; x_wconf 91' lang='lat' dir='ltr'><strong>vult,</strong></span> <span class='ocrx_word' id='word_1_108' title='bbox 218 913 270 940; x_wconf 85' lang='lat' dir='ltr'><strong>nisi</strong></span> <span class='ocrx_word' id='word_1_109' title='bbox 287 914 357 947; x_wconf 91' lang='lat' dir='ltr'><strong>quod</strong></span> <span class='ocrx_word' id='word_1_110' title='bbox 372 913 455 941; x_wconf 84' lang='lat' dir='ltr'><strong>Filius</strong></span> <span class='ocrx_word' id='word_1_111' title='bbox 472 915 579 949; x_wconf 84' lang='lat' dir='ltr'><strong>quidem</strong></span> <span class='ocrx_word' id='word_1_112' title='bbox 595 923 627 943; x_wconf 88' lang='lat' dir='ltr'><strong>ex</strong></span> <span class='ocrx_word' id='word_1_113' title='bbox 645 916 725 945; x_wconf 84' lang='lat' dir='ltr'><strong>Patre</strong></span> <span class='ocrx_word' id='word_1_114' title='bbox 739 918 799 945; x_wconf 89' lang='lat' dir='ltr'><strong>sine</strong></span> <span class='ocrx_word' id='word_1_115' title='bbox 816 903 914 952; x_wconf 75' lang='lat' dir='ltr'><strong>medio,</strong></span> 
     </span>
    </p>
   </div>
   <div class='ocr_carea' id='block_1_19' title="bbox 137 957 916 997">
    <p class='ocr_par' dir='ltr' id='par_1_19' title="bbox 137 957 916 997">
     <span class='ocr_line' id='line_1_19' title="bbox 137 957 916 997; baseline 0.008 -13"><span class='ocrx_word' id='word_1_116' title='bbox 137 957 257 992; x_wconf 86' lang='lat' dir='ltr'><strong>Spiritus</strong></span> <span class='ocrx_word' id='word_1_117' title='bbox 284 963 374 985; x_wconf 88' lang='lat' dir='ltr'><strong>autem</strong></span> <span class='ocrx_word' id='word_1_118' title='bbox 404 966 451 993; x_wconf 83' lang='lat' dir='ltr'><strong>per</strong></span> <span class='ocrx_word' id='word_1_119' title='bbox 482 959 579 987; x_wconf 87' lang='lat' dir='ltr'><strong>Filium</strong></span> <span class='ocrx_word' id='word_1_120' title='bbox 606 961 755 995; x_wconf 88' lang='lat' dir='ltr'><strong>procedit:</strong></span> <span class='ocrx_word' id='word_1_121' title='bbox 787 962 916 997; x_wconf 88' lang='lat' dir='ltr'><strong>illumque</strong></span> 
     </span>
    </p>
   </div>
   <div class='ocr_carea' id='block_1_20' title="bbox 137 1004 916 1042">
    <p class='ocr_par' dir='ltr' id='par_1_20' title="bbox 137 1004 916 1042">
     <span class='ocr_line' id='line_1_20' title="bbox 137 1004 916 1042; baseline 0.006 -12"><span class='ocrx_word' id='word_1_122' title='bbox 137 1004 284 1038; x_wconf 85' lang='lat' dir='ltr'><strong>procedere</strong></span> <span class='ocrx_word' id='word_1_123' title='bbox 313 1005 400 1037; x_wconf 71' lang='lat' dir='ltr'><strong>fateri,</strong></span> <span class='ocrx_word' id='word_1_124' title='bbox 425 1013 477 1032; x_wconf 91' lang='lat' dir='ltr'><strong>non</strong></span> <span class='ocrx_word' id='word_1_125' title='bbox 502 1009 593 1033; x_wconf 86' lang='lat' dir='ltr'><strong>autem</strong></span> <span class='ocrx_word' id='word_1_126' title='bbox 622 1006 709 1034; x_wconf 87' lang='lat' dir='ltr'><strong>instar</strong></span> <span class='ocrx_word' id='word_1_127' title='bbox 726 1006 796 1034; x_wconf 84' lang='lat' dir='ltr'><strong>Filii.</strong></span> <span class='ocrx_word' id='word_1_128' title='bbox 824 1007 916 1042; x_wconf 80' lang='lat' dir='ltr'><strong>Neque</strong></span> 
     </span>
    </p>
   </div>
   <div class='ocr_carea' id='block_1_21' title="bbox 137 1050 916 1086">
    <p class='ocr_par' dir='ltr' id='par_1_21' title="bbox 137 1050 916 1086">
     <span class='ocr_line' id='line_1_21' title="bbox 137 1050 916 1086; baseline 0.004 -9"><span class='ocrx_word' id='word_1_129' title='bbox 137 1050 210 1077; x_wconf 89' lang='lat' dir='ltr'><strong>enim</strong></span> <span class='ocrx_word' id='word_1_130' title='bbox 228 1051 378 1078; x_wconf 80' lang='lat' dir='ltr'><strong>nativitatis</strong></span> <span class='ocrx_word' id='word_1_131' title='bbox 404 1052 518 1082; x_wconf 82' lang='lat' dir='ltr'><strong>ratione,</strong></span> <span class='ocrx_word' id='word_1_132' title='bbox 545 1051 593 1079; x_wconf 84' lang='lat' dir='ltr'><strong>sed</strong></span> <span class='ocrx_word' id='word_1_133' title='bbox 617 1053 800 1086; x_wconf 84' lang='lat' dir='ltr'><strong>processionia</strong></span> <span class='ocrx_word' id='word_1_134' title='bbox 818 1054 916 1081; x_wconf 86' lang='lat' dir='ltr'><strong>discer-</strong></span> 
     </span>
    </p>
   </div>
   <div class='ocr_carea' id='block_1_22' title="bbox 137 1096 915 1131">
    <p class='ocr_par' dir='ltr' id='par_1_22' title="bbox 137 1096 915 1131">
     <span class='ocr_line' id='line_1_22' title="bbox 137 1096 915 1131; baseline 0.005 -8"><span class='ocrx_word' id='word_1_135' title='bbox 137 1097 227 1123; x_wconf 82' lang='lat' dir='ltr'><strong>nentis</strong></span> <span class='ocrx_word' id='word_1_136' title='bbox 242 1101 284 1123; x_wconf 86' lang='lat' dir='ltr'><strong>est</strong></span> <span class='ocrx_word' id='word_1_137' title='bbox 305 1096 471 1129; x_wconf 88' lang='lat' dir='ltr'><strong>immediate,</strong></span> <span class='ocrx_word' id='word_1_138' title='bbox 490 1097 560 1131; x_wconf 90' lang='lat' dir='ltr'><strong>quod</strong></span> <span class='ocrx_word' id='word_1_139' title='bbox 576 1097 674 1125; x_wconf 87' lang='lat' dir='ltr'><strong>dicitttr</strong></span> <span class='ocrx_word' id='word_1_140' title='bbox 691 1103 718 1125; x_wconf 90' lang='lat' dir='ltr'><strong>et</strong></span> <span class='ocrx_word' id='word_1_141' title='bbox 728 1099 855 1130; x_wconf 85' lang='lat' dir='ltr'><strong>mediate,</strong></span> <span class='ocrx_word' id='word_1_142' title='bbox 869 1099 915 1127; x_wconf 89' lang='lat' dir='ltr'><strong>sed</strong></span> 
     </span>
    </p>
   </div>
   <div class='ocr_carea' id='block_1_23' title="bbox 135 1134 916 1177">
    <p class='ocr_par' dir='ltr' id='par_1_23' title="bbox 135 1134 916 1177">
     <span class='ocr_line' id='line_1_23' title="bbox 135 1134 916 1177; baseline 0 -7"><span class='ocrx_word' id='word_1_143' title='bbox 135 1147 163 1170; x_wconf 87' lang='lat' dir='ltr'><strong>et</strong></span> <span class='ocrx_word' id='word_1_144' title='bbox 192 1141 262 1176; x_wconf 91' lang='lat' dir='ltr'><strong>quod</strong></span> <span class='ocrx_word' id='word_1_145' title='bbox 287 1142 326 1169; x_wconf 88' lang='lat' dir='ltr'><strong>ait</strong></span> <span class='ocrx_word' id='word_1_146' title='bbox 352 1134 421 1169; x_wconf 81' lang='lat' dir='ltr'><strong>idem</strong></span> <span class='ocrx_word' id='word_1_147' title='bbox 450 1141 602 1177; x_wconf 77' lang='lat' dir='ltr'><strong>theologus,</strong></span> <span class='ocrx_word' id='word_1_148' title='bbox 629 1143 721 1170; x_wconf 85' lang='lat' dir='ltr'><strong>omnia</strong></span> <span class='ocrx_word' id='word_1_149' title='bbox 749 1149 807 1177; x_wconf 81' lang='lat' dir='ltr'><strong>quae</strong></span> <span class='ocrx_word' id='word_1_150' title='bbox 836 1142 916 1170; x_wconf 82' lang='lat' dir='ltr'><strong>habet</strong></span> 
     </span>
    </p>
   </div>
   <div class='ocr_carea' id='block_1_24' title="bbox 136 1188 916 1223">
    <p class='ocr_par' dir='ltr' id='par_1_24' title="bbox 136 1188 916 1223">
     <span class='ocr_line' id='line_1_24' title="bbox 136 1188 916 1223; baseline 0.001 -8"><span class='ocrx_word' id='word_1_151' title='bbox 136 1188 234 1221; x_wconf 84' lang='lat' dir='ltr'><strong>Filius,</strong></span> <span class='ocrx_word' id='word_1_152' title='bbox 255 1188 372 1222; x_wconf 75' lang='lat' dir='ltr'><strong>Spiritus</strong></span> <span class='ocrx_word' id='word_1_153' title='bbox 399 1193 471 1219; x_wconf 89' lang='lat' dir='ltr'><strong>sunt,</strong></span> <span class='ocrx_word' id='word_1_154' title='bbox 496 1192 594 1222; x_wconf 62' lang='lat' dir='ltr'><strong>praeter</strong></span> <span class='ocrx_word' id='word_1_155' title='bbox 617 1188 779 1221; x_wconf 84' lang='lat' dir='ltr'><strong>nativitatis,</strong></span> <span class='ocrx_word' id='word_1_156' title='bbox 801 1188 916 1223; x_wconf 83' lang='lat' dir='ltr'><strong>Filiique</strong></span> 
     </span>
    </p>
   </div>
   <div class='ocr_carea' id='block_1_25' title="bbox 136 1233 914 1268">
    <p class='ocr_par' dir='ltr' id='par_1_25' title="bbox 136 1233 914 1268">
     <span class='ocr_line' id='line_1_25' title="bbox 136 1233 914 1268; baseline 0 -8"><span class='ocrx_word' id='word_1_157' title='bbox 136 1235 267 1261; x_wconf 81' lang='lat' dir='ltr'><strong>rationem</strong></span> <span class='ocrx_word' id='word_1_158' title='bbox 282 1252 290 1266; x_wconf 88' lang='lat'><strong>,</strong></span> <span class='ocrx_word' id='word_1_159' title='bbox 307 1233 377 1261; x_wconf 78' lang='lat' dir='ltr'><strong>idem</strong></span> <span class='ocrx_word' id='word_1_160' title='bbox 394 1233 493 1268; x_wconf 81' lang='lat' dir='ltr'><strong>signat,</strong></span> <span class='ocrx_word' id='word_1_161' title='bbox 509 1233 586 1267; x_wconf 87' lang='lat' dir='ltr'><strong>quasi</strong></span> <span class='ocrx_word' id='word_1_162' title='bbox 607 1233 709 1260; x_wconf 85' lang='lat' dir='ltr'><strong>diceret</strong></span> <span class='ocrx_word' id='word_1_163' title='bbox 722 1237 819 1267; x_wconf 73' lang='lat' dir='ltr'><strong>praeter</strong></span> <span class='ocrx_word' id='word_1_164' title='bbox 832 1241 914 1267; x_wconf 87' lang='lat' dir='ltr'><strong>quam</strong></span> 
     </span>
    </p>
   </div>
   <div class='ocr_carea' id='block_1_26' title="bbox 136 1279 913 1314">
    <p class='ocr_par' dir='ltr' id='par_1_26' title="bbox 136 1279 913 1314">
     <span class='ocr_line' id='line_1_26' title="bbox 136 1279 913 1314; baseline 0 -8"><span class='ocrx_word' id='word_1_165' title='bbox 136 1287 196 1307; x_wconf 86' lang='lat' dir='ltr'><strong>esse</strong></span> <span class='ocrx_word' id='word_1_166' title='bbox 218 1280 277 1306; x_wconf 85' lang='lat' dir='ltr'><strong>sine</strong></span> <span class='ocrx_word' id='word_1_167' title='bbox 294 1279 394 1307; x_wconf 81' lang='lat' dir='ltr'><strong>medio.</strong></span> <span class='ocrx_word' id='word_1_168' title='bbox 417 1279 478 1313; x_wconf 89' lang='lat' dir='ltr'><strong>lpse</strong></span> <span class='ocrx_word' id='word_1_169' title='bbox 494 1279 566 1306; x_wconf 85' lang='lat' dir='ltr'><strong>enim</strong></span> <span class='ocrx_word' id='word_1_170' title='bbox 589 1286 637 1314; x_wconf 91' lang='lat' dir='ltr'><strong>per</strong></span> <span class='ocrx_word' id='word_1_171' title='bbox 660 1279 757 1307; x_wconf 85' lang='lat' dir='ltr'><strong>Filium</strong></span> <span class='ocrx_word' id='word_1_172' title='bbox 784 1279 913 1313; x_wconf 84' lang='lat' dir='ltr'><strong>procedit.</strong></span> 
     </span>
    </p>
   </div>
   <div class='ocr_carea' id='block_1_27' title="bbox 136 1324 914 1359">
    <p class='ocr_par' dir='ltr' id='par_1_27' title="bbox 136 1324 914 1359">
     <span class='ocr_line' id='line_1_27' title="bbox 136 1324 914 1359; baseline 0 -8"><span class='ocrx_word' id='word_1_173' title='bbox 136 1324 220 1352; x_wconf 78' lang='lat' dir='ltr'><strong>Filius</strong></span> <span class='ocrx_word' id='word_1_174' title='bbox 240 1330 329 1352; x_wconf 85' lang='lat' dir='ltr'><strong>autem</strong></span> <span class='ocrx_word' id='word_1_175' title='bbox 346 1332 394 1359; x_wconf 89' lang='lat' dir='ltr'><strong>per</strong></span> <span class='ocrx_word' id='word_1_176' title='bbox 410 1325 517 1352; x_wconf 84' lang='lat' dir='ltr'><strong>Patrem</strong></span> <span class='ocrx_word' id='word_1_177' title='bbox 537 1325 670 1358; x_wconf 84' lang='lat' dir='ltr'><strong>nascitur,</strong></span> <span class='ocrx_word' id='word_1_178' title='bbox 688 1329 715 1352; x_wconf 88' lang='lat' dir='ltr'><strong>et</strong></span> <span class='ocrx_word' id='word_1_179' title='bbox 735 1329 914 1359; x_wconf 65' lang='lat' dir='ltr'><strong>praeterquam</strong></span> 
     </span>
    </p>
   </div>
   <div class='ocr_carea' id='block_1_28' title="bbox 136 1369 916 1405">
    <p class='ocr_par' dir='ltr' id='par_1_28' title="bbox 136 1369 916 1405">
     <span class='ocr_line' id='line_1_28' title="bbox 136 1369 916 1405; baseline -0.004 -6"><span class='ocrx_word' id='word_1_180' title='bbox 136 1372 206 1399; x_wconf 91' lang='lat' dir='ltr'><strong>alius</strong></span> <span class='ocrx_word' id='word_1_181' title='bbox 227 1371 333 1405; x_wconf 89' lang='lat' dir='ltr'><strong>quidem</strong></span> <span class='ocrx_word' id='word_1_182' title='bbox 350 1370 434 1398; x_wconf 88' lang='lat' dir='ltr'><strong>Filius</strong></span> <span class='ocrx_word' id='word_1_183' title='bbox 449 1375 501 1403; x_wconf 91' lang='lat' dir='ltr'><strong>est,</strong></span> <span class='ocrx_word' id='word_1_184' title='bbox 524 1369 593 1397; x_wconf 88' lang='lat' dir='ltr'><strong>alius</strong></span> <span class='ocrx_word' id='word_1_185' title='bbox 608 1375 698 1397; x_wconf 83' lang='lat' dir='ltr'><strong>autem</strong></span> <span class='ocrx_word' id='word_1_186' title='bbox 714 1369 834 1404; x_wconf 87' lang='lat' dir='ltr'><strong>Spiritus</strong></span> <span class='ocrx_word' id='word_1_187' title='bbox 853 1377 916 1396; x_wconf 77' lang='lat' dir='ltr'><strong>san-</strong></span> 
     </span>
    </p>
   </div>
   <div class='ocr_carea' id='block_1_29' title="bbox 136 1415 915 1450">
    <p class='ocr_par' dir='ltr' id='par_1_29' title="bbox 136 1415 915 1450">
     <span class='ocr_line' id='line_1_29' title="bbox 136 1415 915 1450; baseline -0.003 -7"><span class='ocrx_word' id='word_1_188' title='bbox 136 1421 206 1445; x_wconf 88' lang='lat' dir='ltr'><strong>ctus.</strong></span> <span class='ocrx_word' id='word_1_189' title='bbox 226 1415 285 1450; x_wconf 89' lang='lat' dir='ltr'><strong>lpse</strong></span> <span class='ocrx_word' id='word_1_190' title='bbox 298 1416 369 1443; x_wconf 91' lang='lat' dir='ltr'><strong>enim</strong></span> <span class='ocrx_word' id='word_1_191' title='bbox 383 1420 424 1443; x_wconf 92' lang='lat' dir='ltr'><strong>est</strong></span> <span class='ocrx_word' id='word_1_192' title='bbox 437 1415 482 1450; x_wconf 92' lang='lat' dir='ltr'><strong>qui</strong></span> <span class='ocrx_word' id='word_1_193' title='bbox 499 1417 536 1442; x_wconf 87' lang='lat' dir='ltr'><strong>ait</strong></span> <span class='ocrx_word' id='word_1_194' title='bbox 548 1415 733 1443; x_wconf 83' lang='lat' dir='ltr'><strong>emanationis</strong></span> <span class='ocrx_word' id='word_1_195' title='bbox 754 1415 915 1450; x_wconf 86' lang='lat' dir='ltr'><strong>habitusque</strong></span> 
     </span>
    </p>
   </div>
   <div class='ocr_carea' id='block_1_30' title="bbox 135 1462 914 1497">
    <p class='ocr_par' dir='ltr' id='par_1_30' title="bbox 135 1462 914 1497">
     <span class='ocr_line' id='line_1_30' title="bbox 135 1462 914 1497; baseline -0.005 -5"><span class='ocrx_word' id='word_1_196' title='bbox 135 1464 168 1493; x_wconf 87' lang='lat' dir='ltr'><strong>ad</strong></span> <span class='ocrx_word' id='word_1_197' title='bbox 186 1463 302 1491; x_wconf 87' lang='lat' dir='ltr'><strong>invicem</strong></span> <span class='ocrx_word' id='word_1_198' title='bbox 318 1462 510 1494; x_wconf 81' lang='lat' dir='ltr'><strong>differentiam.</strong></span> <span class='ocrx_word' id='word_1_199' title='bbox 523 1462 689 1490; x_wconf 82' lang='lat' dir='ltr'><strong>diil&#39;erentem</strong></span> <span class='ocrx_word' id='word_1_200' title='bbox 706 1469 812 1497; x_wconf 87' lang='lat' dir='ltr'><strong>quoque</strong></span> <span class='ocrx_word' id='word_1_201' title='bbox 827 1462 914 1496; x_wconf 47' lang='lat' dir='ltr'><strong>appel.</strong></span> 
     </span>
    </p>
   </div>
   <div class='ocr_carea' id='block_1_31' title="bbox 136 1507 914 1542">
    <p class='ocr_par' dir='ltr' id='par_1_31' title="bbox 136 1507 914 1542">
     <span class='ocr_line' id='line_1_31' title="bbox 136 1507 914 1542; baseline -0.003 -6"><span class='ocrx_word' id='word_1_202' title='bbox 136 1510 263 1537; x_wconf 85' lang='lat' dir='ltr'><strong>lationem</strong></span> <span class='ocrx_word' id='word_1_203' title='bbox 290 1508 342 1536; x_wconf 91' lang='lat' dir='ltr'><strong>illis</strong></span> <span class='ocrx_word' id='word_1_204' title='bbox 367 1507 478 1539; x_wconf 76' lang='lat' dir='ltr'><strong>fecisse;</strong></span> <span class='ocrx_word' id='word_1_205' title='bbox 497 1513 692 1542; x_wconf 82' lang='lat' dir='ltr'><strong>proptereaque</strong></span> <span class='ocrx_word' id='word_1_206' title='bbox 718 1507 788 1535; x_wconf 91' lang='lat' dir='ltr'><strong>idem</strong></span> <span class='ocrx_word' id='word_1_207' title='bbox 808 1512 860 1540; x_wconf 90' lang='lat' dir='ltr'><strong>est,</strong></span> <span class='ocrx_word' id='word_1_208' title='bbox 882 1515 914 1534; x_wconf 90' lang='lat' dir='ltr'><strong>ac</strong></span> 
     </span>
    </p>
   </div>
   <div class='ocr_carea' id='block_1_32' title="bbox 135 1552 914 1589">
    <p class='ocr_par' dir='ltr' id='par_1_32' title="bbox 135 1552 914 1589">
     <span class='ocr_line' id='line_1_32' title="bbox 135 1552 914 1589; baseline -0.004 -7"><span class='ocrx_word' id='word_1_209' title='bbox 135 1555 158 1582; x_wconf 89' lang='lat' dir='ltr'><strong>si</strong></span> <span class='ocrx_word' id='word_1_210' title='bbox 186 1554 300 1582; x_wconf 76' lang='lat' dir='ltr'><strong>dixisset</strong></span> <span class='ocrx_word' id='word_1_211' title='bbox 325 1557 504 1589; x_wconf 76' lang='lat' dir='ltr'><strong>przeterquam</strong></span> <span class='ocrx_word' id='word_1_212' title='bbox 532 1553 600 1581; x_wconf 81' lang='lat' dir='ltr'><strong>alitis</strong></span> <span class='ocrx_word' id='word_1_213' title='bbox 624 1552 734 1588; x_wconf 87' lang='lat' dir='ltr'><strong>quidem</strong></span> <span class='ocrx_word' id='word_1_214' title='bbox 757 1559 837 1580; x_wconf 87' lang='lat' dir='ltr'><strong>causa</strong></span> <span class='ocrx_word' id='word_1_215' title='bbox 863 1556 914 1585; x_wconf 80' lang='lat' dir='ltr'><strong>est,</strong></span> 
     </span>
    </p>
   </div>
   <div class='ocr_carea' id='block_1_33' title="bbox 136 1598 913 1635">
    <p class='ocr_par' dir='ltr' id='par_1_33' title="bbox 136 1598 913 1635">
     <span class='ocr_line' id='line_1_33' title="bbox 136 1598 913 1635; baseline -0.004 -8"><span class='ocrx_word' id='word_1_216' title='bbox 136 1601 205 1627; x_wconf 84' lang='lat' dir='ltr'><strong>alius</strong></span> <span class='ocrx_word' id='word_1_217' title='bbox 221 1599 350 1633; x_wconf 83' lang='lat' dir='ltr'><strong>causale;</strong></span> <span class='ocrx_word' id='word_1_218' title='bbox 365 1599 386 1626; x_wconf 94' lang='lat' dir='ltr'><strong>si</strong></span> <span class='ocrx_word' id='word_1_219' title='bbox 400 1605 487 1626; x_wconf 85' lang='lat' dir='ltr'><strong>autem</strong></span> <span class='ocrx_word' id='word_1_220' title='bbox 501 1599 637 1635; x_wconf 80' lang='lat' dir='ltr'><strong>Nyssenus</strong></span> <span class='ocrx_word' id='word_1_221' title='bbox 649 1606 756 1634; x_wconf 90' lang='lat' dir='ltr'><strong>quoque</strong></span> <span class='ocrx_word' id='word_1_222' title='bbox 771 1598 913 1632; x_wconf 81' lang='lat' dir='ltr'><strong>discrevit,</strong></span> 
     </span>
    </p>
   </div>
   <div class='ocr_carea' id='block_1_34' title="bbox 136 1645 914 1680">
    <p class='ocr_par' dir='ltr' id='par_1_34' title="bbox 136 1645 914 1680">
     <span class='ocr_line' id='line_1_34' title="bbox 136 1645 914 1680; baseline -0.003 -7"><span class='ocrx_word' id='word_1_223' title='bbox 136 1647 201 1674; x_wconf 89' lang='lat' dir='ltr'><strong>dum</strong></span> <span class='ocrx_word' id='word_1_224' title='bbox 217 1645 290 1674; x_wconf 82' lang='lat' dir='ltr'><strong>aliud</strong></span> <span class='ocrx_word' id='word_1_225' title='bbox 306 1646 374 1673; x_wconf 81' lang='lat' dir='ltr'><strong>dixit</strong></span> <span class='ocrx_word' id='word_1_226' title='bbox 391 1655 398 1672; x_wconf 87' lang='lat'><strong>:</strong></span> <span class='ocrx_word' id='word_1_227' title='bbox 423 1645 603 1678; x_wconf 81' lang='lat' dir='ltr'><strong>Contineuter,</strong></span> <span class='ocrx_word' id='word_1_228' title='bbox 630 1645 715 1676; x_wconf 81' lang='lat' dir='ltr'><strong>aliud.</strong></span> <span class='ocrx_word' id='word_1_229' title='bbox 742 1653 788 1679; x_wconf 80' lang='lat' dir='ltr'><strong>per</strong></span> <span class='ocrx_word' id='word_1_230' title='bbox 803 1645 830 1672; x_wconf 83' lang='lat' dir='ltr'><strong>id</strong></span> <span class='ocrx_word' id='word_1_231' title='bbox 846 1646 914 1680; x_wconf 84' lang='lat' dir='ltr'><strong>quod</strong></span> 
     </span>
    </p>
   </div>
   <div class='ocr_carea' id='block_1_35' title="bbox 136 1690 914 1726">
    <p class='ocr_par' dir='ltr' id='par_1_35' title="bbox 136 1690 914 1726">
     <span class='ocr_line' id='line_1_35' title="bbox 136 1690 914 1726; baseline -0.001 -8"><span class='ocrx_word' id='word_1_232' title='bbox 136 1692 319 1724; x_wconf 80' lang='lat' dir='ltr'><strong>continenter;</strong></span> <span class='ocrx_word' id='word_1_233' title='bbox 339 1695 366 1718; x_wconf 90' lang='lat' dir='ltr'><strong>et</strong></span> <span class='ocrx_word' id='word_1_234' title='bbox 381 1692 403 1718; x_wconf 90' lang='lat' dir='ltr'><strong>si</strong></span> <span class='ocrx_word' id='word_1_235' title='bbox 421 1691 481 1724; x_wconf 85' lang='lat' dir='ltr'><strong>quis</strong></span> <span class='ocrx_word' id='word_1_236' title='bbox 505 1696 594 1718; x_wconf 88' lang='lat' dir='ltr'><strong>autem</strong></span> <span class='ocrx_word' id='word_1_237' title='bbox 613 1691 816 1726; x_wconf 87' lang='lat' dir='ltr'><strong>processionem</strong></span> <span class='ocrx_word' id='word_1_238' title='bbox 832 1690 914 1717; x_wconf 92' lang='lat' dir='ltr'><strong>alium</strong></span> 
     </span>
    </p>
   </div>
   <div class='ocr_carea' id='block_1_36' title="bbox 137 1737 913 1772">
    <p class='ocr_par' dir='ltr' id='par_1_36' title="bbox 137 1737 913 1772">
     <span class='ocr_line' id='line_1_36' title="bbox 137 1737 913 1772; baseline -0.003 -7"><span class='ocrx_word' id='word_1_239' title='bbox 137 1737 296 1765; x_wconf 74' lang='lat' dir='ltr'><strong>substantiae</strong></span> <span class='ocrx_word' id='word_1_240' title='bbox 313 1738 422 1764; x_wconf 83' lang='lat' dir='ltr'><strong>modum</strong></span> <span class='ocrx_word' id='word_1_241' title='bbox 445 1744 506 1764; x_wconf 80' lang='lat' dir='ltr'><strong>esse</strong></span> <span class='ocrx_word' id='word_1_242' title='bbox 529 1737 609 1770; x_wconf 76' lang='lat' dir='ltr'><strong>dixit,</strong></span> <span class='ocrx_word' id='word_1_243' title='bbox 632 1742 729 1772; x_wconf 63' lang='lat' dir='ltr'><strong>praeter</strong></span> <span class='ocrx_word' id='word_1_244' title='bbox 744 1737 913 1764; x_wconf 85' lang='lat' dir='ltr'><strong>nativitatem</strong></span> 
     </span>
    </p>
   </div>
   <div class='ocr_carea' id='block_1_37' title="bbox 136 1782 913 1817">
    <p class='ocr_par' dir='ltr' id='par_1_37' title="bbox 136 1782 913 1817">
     <span class='ocr_line' id='line_1_37' title="bbox 136 1782 913 1817; baseline -0.003 -7"><span class='ocrx_word' id='word_1_245' title='bbox 136 1783 289 1810; x_wconf 87' lang='lat' dir='ltr'><strong>immediate</strong></span> <span class='ocrx_word' id='word_1_246' title='bbox 303 1789 335 1809; x_wconf 76' lang='lat' dir='ltr'><strong>ex</strong></span> <span class='ocrx_word' id='word_1_247' title='bbox 352 1782 450 1816; x_wconf 92' lang='lat' dir='ltr'><strong>primo,</strong></span> <span class='ocrx_word' id='word_1_248' title='bbox 463 1787 487 1809; x_wconf 91' lang='lat' dir='ltr'><strong>et</strong></span> <span class='ocrx_word' id='word_1_249' title='bbox 503 1789 550 1816; x_wconf 88' lang='lat' dir='ltr'><strong>per</strong></span> <span class='ocrx_word' id='word_1_250' title='bbox 565 1782 681 1809; x_wconf 90' lang='lat' dir='ltr'><strong>medium</strong></span> <span class='ocrx_word' id='word_1_251' title='bbox 695 1789 727 1809; x_wconf 78' lang='lat' dir='ltr'><strong>ex</strong></span> <span class='ocrx_word' id='word_1_252' title='bbox 743 1782 830 1817; x_wconf 92' lang='lat' dir='ltr'><strong>primo</strong></span> <span class='ocrx_word' id='word_1_253' title='bbox 847 1782 913 1808; x_wconf 87' lang='lat' dir='ltr'><strong>iusi-</strong></span> 
     </span>
    </p>
   </div>
   <div class='ocr_carea' id='block_1_38' title="bbox 136 1828 302 1857">
    <p class='ocr_par' dir='ltr' id='par_1_38' title="bbox 136 1828 302 1857">
     <span class='ocr_line' id='line_1_38' title="bbox 136 1828 302 1857; baseline -0.012 0"><span class='ocrx_word' id='word_1_254' title='bbox 136 1836 221 1857; x_wconf 91' lang='lat' dir='ltr'><strong>nuare</strong></span> <span class='ocrx_word' id='word_1_255' title='bbox 235 1828 302 1856; x_wconf 90' lang='lat' dir='ltr'><strong>vult.</strong></span> 
     </span>
    </p>
   </div>
   <div class='ocr_carea' id='block_1_39' title="bbox 171 1894 913 1930">
    <p class='ocr_par' dir='ltr' id='par_1_39' title="bbox 171 1894 913 1930">
     <span class='ocr_line' id='line_1_39' title="bbox 171 1894 913 1930; baseline 0.001 -10"><span class='ocrx_word' id='word_1_256' title='bbox 171 1895 210 1922; x_wconf 81' lang='lat' dir='ltr'><strong>Ad</strong></span> <span class='ocrx_word' id='word_1_257' title='bbox 237 1901 296 1922; x_wconf 88' lang='lat' dir='ltr'><strong>eam</strong></span> <span class='ocrx_word' id='word_1_258' title='bbox 325 1902 389 1922; x_wconf 87' lang='lat' dir='ltr'><strong>vero</strong></span> <span class='ocrx_word' id='word_1_259' title='bbox 414 1894 520 1922; x_wconf 90' lang='lat' dir='ltr'><strong>confert</strong></span> <span class='ocrx_word' id='word_1_260' title='bbox 547 1895 763 1930; x_wconf 82' lang='lat' dir='ltr'><strong>intelligentiam,</strong></span> <span class='ocrx_word' id='word_1_261' title='bbox 790 1899 817 1922; x_wconf 92' lang='lat' dir='ltr'><strong>et</strong></span> <span class='ocrx_word' id='word_1_262' title='bbox 843 1895 913 1929; x_wconf 83' lang='lat' dir='ltr'><strong>quod</strong></span> 
     </span>
    </p>
   </div>
   <div class='ocr_carea' id='block_1_40' title="bbox 136 1940 915 1975">
    <p class='ocr_par' dir='ltr' id='par_1_40' title="bbox 136 1940 915 1975">
     <span class='ocr_line' id='line_1_40' title="bbox 136 1940 915 1975; baseline 0.001 -8"><span class='ocrx_word' id='word_1_263' title='bbox 136 1940 234 1968; x_wconf 84' lang='lat' dir='ltr'><strong>dicitur</strong></span> <span class='ocrx_word' id='word_1_264' title='bbox 247 1940 369 1968; x_wconf 77' lang='lat' dir='ltr'><strong>sufﬁcere</strong></span> <span class='ocrx_word' id='word_1_265' title='bbox 390 1940 421 1967; x_wconf 90' lang='lat' dir='ltr'><strong>ad</strong></span> <span class='ocrx_word' id='word_1_266' title='bbox 443 1940 642 1974; x_wconf 80' lang='lat' dir='ltr'><strong>discretionem,</strong></span> <span class='ocrx_word' id='word_1_267' title='bbox 659 1942 778 1975; x_wconf 88' lang='lat' dir='ltr'><strong>genitum</strong></span> <span class='ocrx_word' id='word_1_268' title='bbox 794 1948 825 1967; x_wconf 90' lang='lat' dir='ltr'><strong>ac</strong></span> <span class='ocrx_word' id='word_1_269' title='bbox 851 1948 915 1974; x_wconf 91' lang='lat' dir='ltr'><strong>pro-</strong></span> 
     </span>
    </p>
   </div>
   <div class='ocr_carea' id='block_1_41' title="bbox 135 1985 915 2020">
    <p class='ocr_par' dir='ltr' id='par_1_41' title="bbox 135 1985 915 2020">
     <span class='ocr_line' id='line_1_41' title="bbox 135 1985 915 2020; baseline -0.001 -7"><span class='ocrx_word' id='word_1_270' title='bbox 135 1986 235 2013; x_wconf 85' lang='lat' dir='ltr'><strong>cedens</strong></span> <span class='ocrx_word' id='word_1_271' title='bbox 260 1985 367 2018; x_wconf 84' lang='lat' dir='ltr'><strong>dicere;</strong></span> <span class='ocrx_word' id='word_1_272' title='bbox 392 1985 563 2020; x_wconf 88' lang='lat' dir='ltr'><strong>procedentis</strong></span> <span class='ocrx_word' id='word_1_273' title='bbox 585 1987 657 2014; x_wconf 85' lang='lat' dir='ltr'><strong>enim</strong></span> <span class='ocrx_word' id='word_1_274' title='bbox 683 1986 752 2013; x_wconf 85' lang='lat' dir='ltr'><strong>ratio</strong></span> <span class='ocrx_word' id='word_1_275' title='bbox 771 1991 829 2018; x_wconf 86' lang='lat' dir='ltr'><strong>est,</strong></span> <span class='ocrx_word' id='word_1_276' title='bbox 855 1993 915 2013; x_wconf 87' lang='lat' dir='ltr'><strong>esse</strong></span> 
     </span>
    </p>
   </div>
   <div class='ocr_carea' id='block_1_42' title="bbox 134 2031 914 2069">
    <p class='ocr_par' dir='ltr' id='par_1_42' title="bbox 134 2031 914 2069">
     <span class='ocr_line' id='line_1_42' title="bbox 134 2031 914 2069; baseline 0 -11"><span class='ocrx_word' id='word_1_277' title='bbox 134 2039 183 2069; x_wconf 88' lang='lat' dir='ltr'><strong>per</strong></span> <span class='ocrx_word' id='word_1_278' title='bbox 198 2032 333 2066; x_wconf 77' lang='lat' dir='ltr'><strong>genitum.</strong></span> <span class='ocrx_word' id='word_1_279' title='bbox 357 2031 449 2067; x_wconf 88' lang='lat' dir='ltr'><strong>Itaque</strong></span> <span class='ocrx_word' id='word_1_280' title='bbox 473 2040 565 2059; x_wconf 88' lang='lat' dir='ltr'><strong>verum</strong></span> <span class='ocrx_word' id='word_1_281' title='bbox 591 2033 616 2059; x_wconf 87' lang='lat' dir='ltr'><strong>id</strong></span> <span class='ocrx_word' id='word_1_282' title='bbox 633 2032 742 2066; x_wconf 90' lang='lat' dir='ltr'><strong>quidem</strong></span> <span class='ocrx_word' id='word_1_283' title='bbox 768 2037 819 2065; x_wconf 89' lang='lat' dir='ltr'><strong>est,</strong></span> <span class='ocrx_word' id='word_1_284' title='bbox 843 2032 914 2066; x_wconf 74' lang='lat' dir='ltr'><strong>quod</strong></span> 
     </span>
    </p>
   </div>
   <div class='ocr_carea' id='block_1_43' title="bbox 135 2078 912 2112">
    <p class='ocr_par' dir='ltr' id='par_1_43' title="bbox 135 2078 912 2112">
     <span class='ocr_line' id='line_1_43' title="bbox 135 2078 912 2112; baseline 0 -8"><span class='ocrx_word' id='word_1_285' title='bbox 135 2085 277 2112; x_wconf 82' lang='lat' dir='ltr'><strong>processus</strong></span> <span class='ocrx_word' id='word_1_286' title='bbox 295 2078 401 2105; x_wconf 80' lang='lat' dir='ltr'><strong>divinas</strong></span> <span class='ocrx_word' id='word_1_287' title='bbox 423 2078 580 2106; x_wconf 89' lang='lat' dir='ltr'><strong>discernunt</strong></span> <span class='ocrx_word' id='word_1_288' title='bbox 595 2085 734 2112; x_wconf 79' lang='lat' dir='ltr'><strong>personas.</strong></span> <span class='ocrx_word' id='word_1_289' title='bbox 751 2085 844 2105; x_wconf 87' lang='lat' dir='ltr'><strong>verum</strong></span> <span class='ocrx_word' id='word_1_290' title='bbox 861 2085 912 2104; x_wconf 92' lang='lat' dir='ltr'><strong>non</strong></span> 
     </span>
    </p>
   </div>
   <div class='ocr_carea' id='block_1_44' title="bbox 134 2122 915 2156">
    <p class='ocr_par' dir='ltr' id='par_1_44' title="bbox 134 2122 915 2156">
     <span class='ocr_line' id='line_1_44' title="bbox 134 2122 915 2156; baseline -0.001 -6"><span class='ocrx_word' id='word_1_291' title='bbox 134 2123 193 2150; x_wconf 89' lang='lat' dir='ltr'><strong>slne</strong></span> <span class='ocrx_word' id='word_1_292' title='bbox 218 2123 314 2150; x_wconf 85' lang='lat' dir='ltr'><strong>ordine</strong></span> <span class='ocrx_word' id='word_1_293' title='bbox 339 2127 364 2150; x_wconf 91' lang='lat' dir='ltr'><strong>et</strong></span> <span class='ocrx_word' id='word_1_294' title='bbox 387 2123 447 2150; x_wconf 89' lang='lat' dir='ltr'><strong>siue</strong></span> <span class='ocrx_word' id='word_1_295' title='bbox 474 2122 614 2150; x_wconf 85' lang='lat' dir='ltr'><strong>intellectu</strong></span> <span class='ocrx_word' id='word_1_296' title='bbox 631 2123 663 2149; x_wconf 89' lang='lat' dir='ltr'><strong>ad</strong></span> <span class='ocrx_word' id='word_1_297' title='bbox 689 2123 815 2155; x_wconf 87' lang='lat' dir='ltr'><strong>invicem,</strong></span> <span class='ocrx_word' id='word_1_298' title='bbox 833 2127 915 2156; x_wconf 82' lang='lat' dir='ltr'><strong>atque</strong></span> 
     </span>
    </p>
   </div>
   <div class='ocr_carea' id='block_1_45' title="bbox 134 2168 914 2204">
    <p class='ocr_par' dir='ltr' id='par_1_45' title="bbox 134 2168 914 2204">
     <span class='ocr_line' id='line_1_45' title="bbox 134 2168 914 2204; baseline -0.001 -9"><span class='ocrx_word' id='word_1_299' title='bbox 134 2169 343 2204; x_wconf 86' lang='lat' dir='ltr'><strong>oppositionem,</strong></span> <span class='ocrx_word' id='word_1_300' title='bbox 357 2168 526 2195; x_wconf 87' lang='lat' dir='ltr'><strong>nativitatem</strong></span> <span class='ocrx_word' id='word_1_301' title='bbox 540 2172 601 2194; x_wconf 90' lang='lat' dir='ltr'><strong>ante</strong></span> <span class='ocrx_word' id='word_1_302' title='bbox 618 2175 774 2202; x_wconf 88' lang='lat' dir='ltr'><strong>proccssttm</strong></span> <span class='ocrx_word' id='word_1_303' title='bbox 789 2169 914 2203; x_wconf 81' lang='lat' dir='ltr'><strong>cogitari,</strong></span> 
     </span>
    </p>
   </div>
   <div class='ocr_carea' id='block_1_46' title="bbox 136 2213 916 2248">
    <p class='ocr_par' dir='ltr' id='par_1_46' title="bbox 136 2213 916 2248">
     <span class='ocr_line' id='line_1_46' title="bbox 136 2213 916 2248; baseline -0.001 -8"><span class='ocrx_word' id='word_1_304' title='bbox 136 2215 393 2248; x_wconf 89' lang='lat' dir='ltr'><strong>processioncmque</strong></span> <span class='ocrx_word' id='word_1_305' title='bbox 422 2221 470 2247; x_wconf 88' lang='lat' dir='ltr'><strong>per</strong></span> <span class='ocrx_word' id='word_1_306' title='bbox 499 2213 667 2240; x_wconf 67' lang='lat' dir='ltr'><strong>nativitatem</strong></span> <span class='ocrx_word' id='word_1_307' title='bbox 695 2221 766 2245; x_wconf 71' lang='lat' dir='ltr'><strong>esse,</strong></span> <span class='ocrx_word' id='word_1_308' title='bbox 794 2214 856 2247; x_wconf 90' lang='lat' dir='ltr'><strong>quia</strong></span> <span class='ocrx_word' id='word_1_309' title='bbox 888 2219 916 2239; x_wconf 87' lang='lat' dir='ltr'><strong>et</strong></span> 
     </span>
    </p>
   </div>
   <div class='ocr_carea' id='block_1_47' title="bbox 136 2258 916 2294">
    <p class='ocr_par' dir='ltr' id='par_1_47' title="bbox 136 2258 916 2294">
     <span class='ocr_line' id='line_1_47' title="bbox 136 2258 916 2294; baseline 0 -8"><span class='ocrx_word' id='word_1_310' title='bbox 136 2260 255 2294; x_wconf 86' lang='lat' dir='ltr'><strong>Spiritus</strong></span> <span class='ocrx_word' id='word_1_311' title='bbox 280 2267 327 2293; x_wconf 88' lang='lat' dir='ltr'><strong>per</strong></span> <span class='ocrx_word' id='word_1_312' title='bbox 341 2258 440 2285; x_wconf 85' lang='lat' dir='ltr'><strong>Filium</strong></span> <span class='ocrx_word' id='word_1_313' title='bbox 465 2263 516 2290; x_wconf 65' lang='lat' dir='ltr'><strong>est,</strong></span> <span class='ocrx_word' id='word_1_314' title='bbox 538 2265 569 2285; x_wconf 88' lang='lat' dir='ltr'><strong>ac</strong></span> <span class='ocrx_word' id='word_1_315' title='bbox 597 2263 737 2292; x_wconf 84' lang='lat' dir='ltr'><strong>propterea</strong></span> <span class='ocrx_word' id='word_1_316' title='bbox 762 2259 916 2286; x_wconf 89' lang='lat' dir='ltr'><strong>necessario</strong></span> 
     </span>
    </p>
   </div>
   <div class='ocr_carea' id='block_1_48' title="bbox 135 2305 916 2339">
    <p class='ocr_par' dir='ltr' id='par_1_48' title="bbox 135 2305 916 2339">
     <span class='ocr_line' id='line_1_48' title="bbox 135 2305 916 2339; baseline -0.001 -7"><span class='ocrx_word' id='word_1_317' title='bbox 135 2313 246 2338; x_wconf 75' lang='lat' dir='ltr'><strong>causam</strong></span> <span class='ocrx_word' id='word_1_318' title='bbox 269 2310 296 2332; x_wconf 90' lang='lat' dir='ltr'><strong>et</strong></span> <span class='ocrx_word' id='word_1_319' title='bbox 309 2305 416 2332; x_wconf 88' lang='lat' dir='ltr'><strong>causale</strong></span> <span class='ocrx_word' id='word_1_320' title='bbox 431 2305 580 2339; x_wconf 79' lang='lat' dir='ltr'><strong>subingeri,</strong></span> <span class='ocrx_word' id='word_1_321' title='bbox 597 2305 645 2332; x_wconf 86' lang='lat' dir='ltr'><strong>sed</strong></span> <span class='ocrx_word' id='word_1_322' title='bbox 665 2305 736 2331; x_wconf 81' lang='lat' dir='ltr'><strong>enim</strong></span> <span class='ocrx_word' id='word_1_323' title='bbox 751 2305 916 2339; x_wconf 72' lang='lat' dir='ltr'><strong>impossibile</strong></span> 
     </span>
    </p>
   </div>
   <div class='ocr_carea' id='block_1_49' title="bbox 136 2349 915 2384">
    <p class='ocr_par' dir='ltr' id='par_1_49' title="bbox 136 2349 915 2384">
     <span class='ocr_line' id='line_1_49' title="bbox 136 2349 915 2384; baseline -0.001 -6"><span class='ocrx_word' id='word_1_324' title='bbox 136 2357 189 2383; x_wconf 87' lang='lat' dir='ltr'><strong>est,</strong></span> <span class='ocrx_word' id='word_1_325' title='bbox 204 2351 319 2384; x_wconf 82' lang='lat' dir='ltr'><strong>utjuxta</strong></span> <span class='ocrx_word' id='word_1_326' title='bbox 336 2349 443 2376; x_wconf 88' lang='lat' dir='ltr'><strong>illorum</strong></span> <span class='ocrx_word' id='word_1_327' title='bbox 456 2349 608 2384; x_wconf 87' lang='lat' dir='ltr'><strong>opinionem</strong></span> <span class='ocrx_word' id='word_1_328' title='bbox 625 2350 710 2380; x_wconf 89' lang='lat' dir='ltr'><strong>nasci,</strong></span> <span class='ocrx_word' id='word_1_329' title='bbox 729 2357 760 2376; x_wconf 85' lang='lat' dir='ltr'><strong>ac</strong></span> <span class='ocrx_word' id='word_1_330' title='bbox 772 2351 915 2383; x_wconf 88' lang='lat' dir='ltr'><strong>procedere</strong></span> 
     </span>
    </p>
   </div>
   <div class='ocr_carea' id='block_1_50' title="bbox 136 2395 916 2430">
    <p class='ocr_par' dir='ltr' id='par_1_50' title="bbox 136 2395 916 2430">
     <span class='ocr_line' id='line_1_50' title="bbox 136 2395 916 2430; baseline -0.005 -6"><span class='ocrx_word' id='word_1_331' title='bbox 136 2398 317 2424; x_wconf 81' lang='lat' dir='ltr'><strong>discernatur.</strong></span> <span class='ocrx_word' id='word_1_332' title='bbox 345 2395 426 2425; x_wconf 78' lang='lat' dir='ltr'><strong>Nam.</strong></span> <span class='ocrx_word' id='word_1_333' title='bbox 451 2396 473 2422; x_wconf 88' lang='lat' dir='ltr'><strong>si</strong></span> <span class='ocrx_word' id='word_1_334' title='bbox 500 2395 598 2421; x_wconf 88' lang='lat' dir='ltr'><strong>nullam</strong></span> <span class='ocrx_word' id='word_1_335' title='bbox 622 2396 819 2430; x_wconf 89' lang='lat' dir='ltr'><strong>oppositionem</strong></span> <span class='ocrx_word' id='word_1_336' title='bbox 836 2397 861 2423; x_wconf 93' lang='lat' dir='ltr'><strong>in</strong></span> <span class='ocrx_word' id='word_1_337' title='bbox 886 2405 916 2424; x_wconf 71' lang='grc' dir='ltr'><strong>διε</strong></span> 
     </span>
    </p>
   </div>
   <div class='ocr_carea' id='block_1_51' title="bbox 136 2440 916 2477">
    <p class='ocr_par' dir='ltr' id='par_1_51' title="bbox 136 2440 916 2477">
     <span class='ocr_line' id='line_1_51' title="bbox 136 2440 916 2477; baseline -0.003 -7"><span class='ocrx_word' id='word_1_338' title='bbox 136 2443 203 2477; x_wconf 80' lang='lat' dir='ltr'><strong>ipsis</strong></span> <span class='ocrx_word' id='word_1_339' title='bbox 218 2442 391 2470; x_wconf 87' lang='lat' dir='ltr'><strong>continentes</strong></span> <span class='ocrx_word' id='word_1_340' title='bbox 408 2441 565 2468; x_wconf 85' lang='lat' dir='ltr'><strong>discernere</strong></span> <span class='ocrx_word' id='word_1_341' title='bbox 582 2440 744 2472; x_wconf 85' lang='lat' dir='ltr'><strong>sufficerent.</strong></span> <span class='ocrx_word' id='word_1_342' title='bbox 771 2446 800 2467; x_wconf 93' lang='lat' dir='ltr'><strong>ut</strong></span> <span class='ocrx_word' id='word_1_343' title='bbox 825 2442 916 2468; x_wconf 88' lang='lat' dir='ltr'><strong>dicunt</strong></span> 
     </span>
    </p>
   </div>
   <div class='ocr_carea' id='block_1_52' title="bbox 137 2486 913 2527">
    <p class='ocr_par' dir='ltr' id='par_1_52' title="bbox 137 2486 913 2527">
     <span class='ocr_line' id='line_1_52' title="bbox 137 2486 913 2527; baseline -0.003 -12"><span class='ocrx_word' id='word_1_344' title='bbox 137 2489 249 2527; x_wconf 69' lang='lat' dir='ltr'><strong>prolatae</strong></span> <span class='ocrx_word' id='word_1_345' title='bbox 268 2495 401 2522; x_wconf 65' lang='lat' dir='ltr'><strong>personas,</strong></span> <span class='ocrx_word' id='word_1_346' title='bbox 426 2487 520 2514; x_wconf 87' lang='lat' dir='ltr'><strong>eadem</strong></span> <span class='ocrx_word' id='word_1_347' title='bbox 539 2486 645 2513; x_wconf 90' lang='lat' dir='ltr'><strong>ratione</strong></span> <span class='ocrx_word' id='word_1_348' title='bbox 664 2486 808 2519; x_wconf 87' lang='lat' dir='ltr'><strong>sulliceret,</strong></span> <span class='ocrx_word' id='word_1_349' title='bbox 825 2491 851 2514; x_wconf 85' lang='lat' dir='ltr'><strong>et</strong></span> <span class='ocrx_word' id='word_1_350' title='bbox 873 2487 913 2520; x_wconf 81' lang='lat' dir='ltr'><strong>gi-</strong></span> 
     </span>
    </p>
   </div>
   <div class='ocr_carea' id='block_1_53' title="bbox 137 2531 915 2568">
    <p class='ocr_par' dir='ltr' id='par_1_53' title="bbox 137 2531 915 2568">
     <span class='ocr_line' id='line_1_53' title="bbox 137 2531 915 2568; baseline 0 -8"><span class='ocrx_word' id='word_1_351' title='bbox 137 2541 229 2568; x_wconf 80' lang='lat' dir='ltr'><strong>gnere,</strong></span> <span class='ocrx_word' id='word_1_352' title='bbox 240 2538 266 2559; x_wconf 77' lang='lat' dir='ltr'><strong>ct</strong></span> <span class='ocrx_word' id='word_1_353' title='bbox 278 2532 428 2567; x_wconf 87' lang='lat' dir='ltr'><strong>producere</strong></span> <span class='ocrx_word' id='word_1_354' title='bbox 441 2539 500 2566; x_wconf 83' lang='lat' dir='ltr'><strong>quae</strong></span> <span class='ocrx_word' id='word_1_355' title='bbox 515 2531 588 2559; x_wconf 84' lang='lat' dir='ltr'><strong>Patri</strong></span> <span class='ocrx_word' id='word_1_356' title='bbox 604 2532 705 2564; x_wconf 90' lang='lat' dir='ltr'><strong>insunt,</strong></span> <span class='ocrx_word' id='word_1_357' title='bbox 717 2532 744 2559; x_wconf 94' lang='lat' dir='ltr'><strong>in</strong></span> <span class='ocrx_word' id='word_1_358' title='bbox 760 2532 915 2560; x_wconf 77' lang='lat' dir='ltr'><strong>differentes</strong></span> 
     </span>
    </p>
   </div>
   <div class='ocr_carea' id='block_1_54' title="bbox 136 2569 915 2613">
    <p class='ocr_par' dir='ltr' id='par_1_54' title="bbox 136 2569 915 2613">
     <span class='ocr_line' id='line_1_54' title="bbox 136 2569 915 2613; baseline -0.003 -7"><span class='ocrx_word' id='word_1_359' title='bbox 136 2569 223 2613; x_wconf 74' lang='lat' dir='ltr'><strong>ipsum</strong></span> <span class='ocrx_word' id='word_1_360' title='bbox 252 2585 382 2613; x_wconf 81' lang='lat' dir='ltr'><strong>personas</strong></span> <span class='ocrx_word' id='word_1_361' title='bbox 408 2578 543 2604; x_wconf 88' lang='lat' dir='ltr'><strong>scindere.</strong></span> <span class='ocrx_word' id='word_1_362' title='bbox 569 2577 739 2612; x_wconf 90' lang='lat' dir='ltr'><strong>lmpossibile</strong></span> <span class='ocrx_word' id='word_1_363' title='bbox 765 2582 806 2605; x_wconf 90' lang='lat' dir='ltr'><strong>est</strong></span> <span class='ocrx_word' id='word_1_364' title='bbox 831 2578 915 2610; x_wconf 89' lang='lat' dir='ltr'><strong>enim,</strong></span> 
     </span>
    </p>
   </div>
   <div class='ocr_carea' id='block_1_55' title="bbox 137 2623 916 2659">
    <p class='ocr_par' dir='ltr' id='par_1_55' title="bbox 137 2623 916 2659">
     <span class='ocr_line' id='line_1_55' title="bbox 137 2623 916 2659; baseline 0.001 -8"><span class='ocrx_word' id='word_1_365' title='bbox 137 2629 313 2659; x_wconf 74' lang='lat' dir='ltr'><strong>apertamque</strong></span> <span class='ocrx_word' id='word_1_366' title='bbox 339 2623 423 2650; x_wconf 90' lang='lat' dir='ltr'><strong>habet</strong></span> <span class='ocrx_word' id='word_1_367' title='bbox 447 2623 679 2655; x_wconf 86' lang='lat' dir='ltr'><strong>contrarietatem,</strong></span> <span class='ocrx_word' id='word_1_368' title='bbox 699 2624 833 2658; x_wconf 87' lang='lat' dir='ltr'><strong>principia</strong></span> <span class='ocrx_word' id='word_1_369' title='bbox 854 2631 916 2658; x_wconf 89' lang='lat' dir='ltr'><strong>pro-</strong></span> 
     </span>
    </p>
   </div>
   <div class='ocr_carea' id='block_1_56' title="bbox 136 2667 916 2703">
    <p class='ocr_par' dir='ltr' id='par_1_56' title="bbox 136 2667 916 2703">
     <span class='ocr_line' id='line_1_56' title="bbox 136 2667 916 2703; baseline 0.001 -8"><span class='ocrx_word' id='word_1_370' title='bbox 136 2671 194 2703; x_wconf 87' lang='lat' dir='ltr'><strong>pria</strong></span> <span class='ocrx_word' id='word_1_371' title='bbox 210 2677 241 2696; x_wconf 88' lang='lat' dir='ltr'><strong>ac</strong></span> <span class='ocrx_word' id='word_1_372' title='bbox 257 2669 412 2697; x_wconf 67' lang='lat' dir='ltr'><strong>discernere</strong></span> <span class='ocrx_word' id='word_1_373' title='bbox 427 2669 533 2700; x_wconf 88' lang='lat' dir='ltr'><strong>idonea,</strong></span> <span class='ocrx_word' id='word_1_374' title='bbox 546 2667 607 2695; x_wconf 81' lang='lat' dir='ltr'><strong>esse</strong></span> <span class='ocrx_word' id='word_1_375' title='bbox 628 2668 742 2702; x_wconf 86' lang='lat' dir='ltr'><strong>uspiam,</strong></span> <span class='ocrx_word' id='word_1_376' title='bbox 763 2673 844 2702; x_wconf 90' lang='lat' dir='ltr'><strong>atque</strong></span> <span class='ocrx_word' id='word_1_377' title='bbox 862 2669 916 2696; x_wconf 91' lang='lat' dir='ltr'><strong>illic</strong></span> 
     </span>
    </p>
   </div>
   <div class='ocr_carea' id='block_1_57' title="bbox 137 2713 914 2748">
    <p class='ocr_par' dir='ltr' id='par_1_57' title="bbox 137 2713 914 2748">
     <span class='ocr_line' id='line_1_57' title="bbox 137 2713 914 2748; baseline -0.003 -5"><span class='ocrx_word' id='word_1_378' title='bbox 137 2716 326 2743; x_wconf 78' lang='lat' dir='ltr'><strong>d&#39;seretiouem</strong></span> <span class='ocrx_word' id='word_1_379' title='bbox 341 2722 393 2741; x_wconf 91' lang='lat' dir='ltr'><strong>non</strong></span> <span class='ocrx_word' id='word_1_380' title='bbox 407 2722 477 2742; x_wconf 86' lang='lat' dir='ltr'><strong>csse.</strong></span> <span class='ocrx_word' id='word_1_381' title='bbox 487 2713 587 2746; x_wconf 85' lang='lat' dir='ltr'><strong>Veluti,</strong></span> <span class='ocrx_word' id='word_1_382' title='bbox 599 2714 620 2740; x_wconf 91' lang='lat' dir='ltr'><strong>si</strong></span> <span class='ocrx_word' id='word_1_383' title='bbox 635 2714 694 2748; x_wconf 88' lang='lat' dir='ltr'><strong>quis</strong></span> <span class='ocrx_word' id='word_1_384' title='bbox 708 2715 778 2741; x_wconf 86' lang='lat' dir='ltr'><strong>dicat</strong></span> <span class='ocrx_word' id='word_1_385' title='bbox 792 2715 914 2748; x_wconf 81' lang='lat' dir='ltr'><strong>peritiam</strong></span> 
     </span>
    </p>
   </div>
   <div class='ocr_carea' id='block_1_58' title="bbox 138 2753 914 2794">
    <p class='ocr_par' dir='ltr' id='par_1_58' title="bbox 138 2753 914 2794">
     <span class='ocr_line' id='line_1_58' title="bbox 138 2753 914 2794; baseline 0.001 -8"><span class='ocrx_word' id='word_1_386' title='bbox 138 2760 246 2793; x_wconf 88' lang='lat' dir='ltr'><strong>quidem</strong></span> <span class='ocrx_word' id='word_1_387' title='bbox 272 2761 299 2787; x_wconf 88' lang='lat' dir='ltr'><strong>in</strong></span> <span class='ocrx_word' id='word_1_388' title='bbox 326 2753 415 2794; x_wconf 84' lang='lat' dir='ltr'><strong>aliquo</strong></span> <span class='ocrx_word' id='word_1_389' title='bbox 435 2767 505 2791; x_wconf 83' lang='lat' dir='ltr'><strong>esse,</strong></span> <span class='ocrx_word' id='word_1_390' title='bbox 533 2761 619 2792; x_wconf 89' lang='lat' dir='ltr'><strong>ipsum</strong></span> <span class='ocrx_word' id='word_1_391' title='bbox 638 2766 702 2786; x_wconf 84' lang='lat' dir='ltr'><strong>vero</strong></span> <span class='ocrx_word' id='word_1_392' title='bbox 724 2760 839 2794; x_wconf 87' lang='lat' dir='ltr'><strong>peritutn</strong></span> <span class='ocrx_word' id='word_1_393' title='bbox 862 2769 914 2787; x_wconf 91' lang='lat' dir='ltr'><strong>non</strong></span> 
     </span>
    </p>
   </div>
   <div class='ocr_carea' id='block_1_59' title="bbox 138 2806 914 2842">
    <p class='ocr_par' dir='ltr' id='par_1_59' title="bbox 138 2806 914 2842">
     <span class='ocr_line' id='line_1_59' title="bbox 138 2806 914 2842; baseline 0.001 -10"><span class='ocrx_word' id='word_1_394' title='bbox 138 2813 205 2839; x_wconf 65' lang='lat' dir='ltr'><strong>esse.</strong></span> <span class='ocrx_word' id='word_1_395' title='bbox 225 2806 296 2834; x_wconf 90' lang='lat' dir='ltr'><strong>Idem</strong></span> <span class='ocrx_word' id='word_1_396' title='bbox 316 2815 380 2841; x_wconf 78' lang='lat' dir='ltr'><strong>ergo</strong></span> <span class='ocrx_word' id='word_1_397' title='bbox 396 2812 437 2833; x_wconf 83' lang='lat' dir='ltr'><strong>cst</strong></span> <span class='ocrx_word' id='word_1_398' title='bbox 453 2807 534 2834; x_wconf 85' lang='lat' dir='ltr'><strong>etiam</strong></span> <span class='ocrx_word' id='word_1_399' title='bbox 559 2806 656 2839; x_wconf 86' lang='lat' dir='ltr'><strong>dicere,</strong></span> <span class='ocrx_word' id='word_1_400' title='bbox 679 2814 725 2841; x_wconf 87' lang='lat' dir='ltr'><strong>per</strong></span> <span class='ocrx_word' id='word_1_401' title='bbox 739 2814 797 2842; x_wconf 78' lang='lat' dir='ltr'><strong>qua:</strong></span> <span class='ocrx_word' id='word_1_402' title='bbox 813 2807 914 2835; x_wconf 80' lang='lat' dir='ltr'><strong>discer-</strong></span> 
     </span>
    </p>
   </div>
   <div class='ocr_carea' id='block_1_60' title="bbox 931 2170 952 2197">
    <p class='ocr_par' dir='ltr' id='par_1_60' title="bbox 931 2170 952 2197">
     <span class='ocr_line' id='line_1_60' title="bbox 931 2170 952 2197; baseline 0 0"><span class='ocrx_word' id='word_1_403' title='bbox 931 2170 952 2197; x_wconf 80' lang='grc' dir='ltr'>ὓ</span> 
     </span>
    </p>
   </div>
   <div class='ocr_carea' id='block_1_61' title="bbox 753 108 1121 152">
    <p class='ocr_par' dir='ltr' id='par_1_61' title="bbox 753 108 1121 152">
     <span class='ocr_line' id='line_1_61' title="bbox 753 108 1121 152; baseline 0.019 -15"><span class='ocrx_word' id='word_1_404' title='bbox 753 108 957 152; x_wconf 79' lang='lat' dir='ltr'><strong>MANUELIS</strong></span> <span class='ocrx_word' id='word_1_405' title='bbox 971 112 1121 144; x_wconf 73' lang='lat' dir='ltr'><strong>CALEC/E</strong></span> 
     </span>
    </p>
   </div>
   <div class='ocr_carea' id='block_1_62' title="bbox 1694 113 1744 146">
    <p class='ocr_par' dir='ltr' id='par_1_62' title="bbox 1694 113 1744 146">
     <span class='ocr_line' id='line_1_62' title="bbox 1694 113 1744 146; baseline -0.02 0"><span class='ocrx_word' id='word_1_406' title='bbox 1694 113 1744 146; x_wconf 77' lang='lat'><strong>152</strong></span> 
     </span>
    </p>
   </div>
   <div class='ocr_carea' id='block_1_63' title="bbox 967 173 1742 208">
    <p class='ocr_par' dir='ltr' id='par_1_63' title="bbox 967 173 1742 208">
     <span class='ocr_line' id='line_1_63' title="bbox 967 173 1742 208; baseline 0.004 -11"><span class='ocrx_word' id='word_1_407' title='bbox 967 175 1067 198; x_wconf 90' lang='lat' dir='ltr'><strong>nuntur</strong></span> <span class='ocrx_word' id='word_1_408' title='bbox 1081 180 1180 205; x_wconf 60' lang='lat' dir='ltr'><strong>causa‘,</strong></span> <span class='ocrx_word' id='word_1_409' title='bbox 1200 180 1231 200; x_wconf 89' lang='lat' dir='ltr'><strong>ea</strong></span> <span class='ocrx_word' id='word_1_410' title='bbox 1256 180 1315 201; x_wconf 86' lang='lat' dir='ltr'><strong>esse</strong></span> <span class='ocrx_word' id='word_1_411' title='bbox 1333 173 1440 207; x_wconf 88' lang='lat' dir='ltr'><strong>quidem</strong></span> <span class='ocrx_word' id='word_1_412' title='bbox 1456 177 1482 201; x_wconf 89' lang='lat' dir='ltr'><strong>et</strong></span> <span class='ocrx_word' id='word_1_413' title='bbox 1504 173 1530 200; x_wconf 90' lang='lat' dir='ltr'><strong>in</strong></span> <span class='ocrx_word' id='word_1_414' title='bbox 1549 180 1639 205; x_wconf 88' lang='lat' dir='ltr'><strong>causa,</strong></span> <span class='ocrx_word' id='word_1_415' title='bbox 1656 173 1742 208; x_wconf 83' lang='lat' dir='ltr'><strong>ipsmu</strong></span> 
     </span>
    </p>
   </div>
   <div class='ocr_carea' id='block_1_64' title="bbox 967 217 1376 246">
    <p class='ocr_par' dir='ltr' id='par_1_64' title="bbox 967 217 1376 246">
     <span class='ocr_line' id='line_1_64' title="bbox 967 217 1376 246; baseline 0.007 -3"><span class='ocrx_word' id='word_1_416' title='bbox 967 224 1029 244; x_wconf 85' lang='lat' dir='ltr'><strong>vero</strong></span> <span class='ocrx_word' id='word_1_417' title='bbox 1044 217 1198 245; x_wconf 86' lang='lat' dir='ltr'><strong>nullatenus</strong></span> <span class='ocrx_word' id='word_1_418' title='bbox 1213 218 1376 246; x_wconf 85' lang='lat' dir='ltr'><strong>discernere.</strong></span> 
     </span>
    </p>
   </div>
   <div class='ocr_carea' id='block_1_65' title="bbox 1001 261 1743 300">
    <p class='ocr_par' dir='ltr' id='par_1_65' title="bbox 1001 261 1743 300">
     <span class='ocr_line' id='line_1_65' title="bbox 1001 261 1743 300; baseline 0.007 -11"><span class='ocrx_word' id='word_1_419' title='bbox 1001 261 1094 296; x_wconf 85' lang='lat' dir='ltr'><strong>Itaque</strong></span> <span class='ocrx_word' id='word_1_420' title='bbox 1105 262 1244 297; x_wconf 68' lang='lat' dir='ltr'><strong>aequaliter</strong></span> <span class='ocrx_word' id='word_1_421' title='bbox 1256 269 1282 290; x_wconf 86' lang='lat' dir='ltr'><strong>et</strong></span> <span class='ocrx_word' id='word_1_422' title='bbox 1299 264 1326 290; x_wconf 90' lang='lat' dir='ltr'><strong>in</strong></span> <span class='ocrx_word' id='word_1_423' title='bbox 1339 263 1502 298; x_wconf 87' lang='lat' dir='ltr'><strong>producente</strong></span> <span class='ocrx_word' id='word_1_424' title='bbox 1515 269 1541 291; x_wconf 85' lang='lat' dir='ltr'><strong>et</strong></span> <span class='ocrx_word' id='word_1_425' title='bbox 1553 264 1579 291; x_wconf 88' lang='lat' dir='ltr'><strong>in</strong></span> <span class='ocrx_word' id='word_1_426' title='bbox 1592 266 1743 300; x_wconf 78' lang='lat' dir='ltr'><strong>productis.</strong></span> 
     </span>
    </p>
   </div>
   <div class='ocr_carea' id='block_1_66' title="bbox 966 308 1742 344">
    <p class='ocr_par' dir='ltr' id='par_1_66' title="bbox 966 308 1742 344">
     <span class='ocr_line' id='line_1_66' title="bbox 966 308 1742 344; baseline 0.006 -10"><span class='ocrx_word' id='word_1_427' title='bbox 966 308 1006 334; x_wconf 90' lang='lat' dir='ltr'><strong>vel</strong></span> <span class='ocrx_word' id='word_1_428' title='bbox 1026 308 1193 341; x_wconf 84' lang='lat' dir='ltr'><strong>discerneut,</strong></span> <span class='ocrx_word' id='word_1_429' title='bbox 1208 309 1249 336; x_wconf 86' lang='lat' dir='ltr'><strong>vel</strong></span> <span class='ocrx_word' id='word_1_430' title='bbox 1263 317 1315 336; x_wconf 91' lang='lat' dir='ltr'><strong>non</strong></span> <span class='ocrx_word' id='word_1_431' title='bbox 1331 310 1503 342; x_wconf 87' lang='lat' dir='ltr'><strong>discernent;</strong></span> <span class='ocrx_word' id='word_1_432' title='bbox 1525 310 1547 337; x_wconf 92' lang='lat' dir='ltr'><strong>si</strong></span> <span class='ocrx_word' id='word_1_433' title='bbox 1566 311 1650 344; x_wconf 90' lang='lat' dir='ltr'><strong>enim,</strong></span> <span class='ocrx_word' id='word_1_434' title='bbox 1667 314 1742 339; x_wconf 85' lang='lat' dir='ltr'><strong>verbi</strong></span> 
     </span>
    </p>
   </div>
   <div class='ocr_carea' id='block_1_67' title="bbox 966 353 1741 391">
    <p class='ocr_par' dir='ltr' id='par_1_67' title="bbox 966 353 1741 391">
     <span class='ocr_line' id='line_1_67' title="bbox 966 353 1741 391; baseline 0.006 -12"><span class='ocrx_word' id='word_1_435' title='bbox 966 353 1064 388; x_wconf 85' lang='lat' dir='ltr'><strong>gratia,</strong></span> <span class='ocrx_word' id='word_1_436' title='bbox 1080 354 1151 382; x_wconf 86' lang='lat' dir='ltr'><strong>idem</strong></span> <span class='ocrx_word' id='word_1_437' title='bbox 1169 355 1250 382; x_wconf 92' lang='lat' dir='ltr'><strong>homo</strong></span> <span class='ocrx_word' id='word_1_438' title='bbox 1269 360 1378 390; x_wconf 89' lang='lat' dir='ltr'><strong>generet</strong></span> <span class='ocrx_word' id='word_1_439' title='bbox 1396 355 1491 386; x_wconf 87' lang='lat' dir='ltr'><strong>filium,</strong></span> <span class='ocrx_word' id='word_1_440' title='bbox 1510 359 1652 391; x_wconf 88' lang='lat' dir='ltr'><strong>artemque</strong></span> <span class='ocrx_word' id='word_1_441' title='bbox 1666 364 1741 384; x_wconf 89' lang='lat' dir='ltr'><strong>suam</strong></span> 
     </span>
    </p>
   </div>
   <div class='ocr_carea' id='block_1_68' title="bbox 965 399 1743 436">
    <p class='ocr_par' dir='ltr' id='par_1_68' title="bbox 965 399 1743 436">
     <span class='ocr_line' id='line_1_68' title="bbox 965 399 1743 436; baseline 0.004 -11"><span class='ocrx_word' id='word_1_442' title='bbox 965 399 1103 433; x_wconf 85' lang='lat' dir='ltr'><strong>pingendi,</strong></span> <span class='ocrx_word' id='word_1_443' title='bbox 1118 404 1147 426; x_wconf 90' lang='lat' dir='ltr'><strong>ut</strong></span> <span class='ocrx_word' id='word_1_444' title='bbox 1163 399 1199 426; x_wconf 90' lang='lat' dir='ltr'><strong>ita</strong></span> <span class='ocrx_word' id='word_1_445' title='bbox 1216 399 1346 431; x_wconf 89' lang='lat' dir='ltr'><strong>dicamus.</strong></span> <span class='ocrx_word' id='word_1_446' title='bbox 1369 400 1444 427; x_wconf 92' lang='lat' dir='ltr'><strong>illum</strong></span> <span class='ocrx_word' id='word_1_447' title='bbox 1465 401 1570 435; x_wconf 85' lang='lat' dir='ltr'><strong>doceat,</strong></span> <span class='ocrx_word' id='word_1_448' title='bbox 1586 407 1680 428; x_wconf 85' lang='lat' dir='ltr'><strong>natura</strong></span> <span class='ocrx_word' id='word_1_449' title='bbox 1696 409 1743 436; x_wconf 90' lang='lat' dir='ltr'><strong>pe-</strong></span> 
     </span>
    </p>
   </div>
   <div class='ocr_carea' id='block_1_69' title="bbox 965 443 1742 480">
    <p class='ocr_par' dir='ltr' id='par_1_69' title="bbox 965 443 1742 480">
     <span class='ocr_line' id='line_1_69' title="bbox 965 443 1742 480; baseline 0.005 -10"><span class='ocrx_word' id='word_1_450' title='bbox 965 443 1048 476; x_wconf 88' lang='lat' dir='ltr'><strong>nitus,</strong></span> <span class='ocrx_word' id='word_1_451' title='bbox 1062 449 1089 471; x_wconf 93' lang='lat' dir='ltr'><strong>et</strong></span> <span class='ocrx_word' id='word_1_452' title='bbox 1106 451 1151 472; x_wconf 88' lang='lat' dir='ltr'><strong>ars</strong></span> <span class='ocrx_word' id='word_1_453' title='bbox 1170 445 1226 472; x_wconf 86' lang='lat' dir='ltr'><strong>ﬁlio</strong></span> <span class='ocrx_word' id='word_1_454' title='bbox 1246 452 1277 472; x_wconf 91' lang='lat' dir='ltr'><strong>ac</strong></span> <span class='ocrx_word' id='word_1_455' title='bbox 1293 445 1423 480; x_wconf 90' lang='lat' dir='ltr'><strong>discipulo</strong></span> <span class='ocrx_word' id='word_1_456' title='bbox 1441 453 1502 474; x_wconf 92' lang='lat' dir='ltr'><strong>cum</strong></span> <span class='ocrx_word' id='word_1_457' title='bbox 1519 446 1618 479; x_wconf 62' lang='lat' dir='ltr'><strong>insint,</strong></span> <span class='ocrx_word' id='word_1_458' title='bbox 1629 446 1702 474; x_wconf 79' lang='lat' dir='ltr'><strong>sicut</strong></span> <span class='ocrx_word' id='word_1_459' title='bbox 1715 451 1742 474; x_wconf 87' lang='lat' dir='ltr'><strong>et</strong></span> 
     </span>
    </p>
   </div>
   <div class='ocr_carea' id='block_1_70' title="bbox 966 489 1741 527">
    <p class='ocr_par' dir='ltr' id='par_1_70' title="bbox 966 489 1741 527">
     <span class='ocr_line' id='line_1_70' title="bbox 966 489 1741 527; baseline 0.004 -11"><span class='ocrx_word' id='word_1_460' title='bbox 966 489 992 516; x_wconf 92' lang='lat' dir='ltr'><strong>in</strong></span> <span class='ocrx_word' id='word_1_461' title='bbox 1011 493 1095 524; x_wconf 87' lang='lat' dir='ltr'><strong>patre,</strong></span> <span class='ocrx_word' id='word_1_462' title='bbox 1121 494 1148 518; x_wconf 89' lang='lat' dir='ltr'><strong>et</strong></span> <span class='ocrx_word' id='word_1_463' title='bbox 1171 491 1310 526; x_wconf 83' lang='lat' dir='ltr'><strong>magistro,</strong></span> <span class='ocrx_word' id='word_1_464' title='bbox 1335 499 1388 518; x_wconf 94' lang='lat' dir='ltr'><strong>non</strong></span> <span class='ocrx_word' id='word_1_465' title='bbox 1413 492 1497 527; x_wconf 79' lang='lat' dir='ltr'><strong>magis</strong></span> <span class='ocrx_word' id='word_1_466' title='bbox 1518 492 1642 525; x_wconf 88' lang='lat' dir='ltr'><strong>alterum,</strong></span> <span class='ocrx_word' id='word_1_467' title='bbox 1659 500 1741 527; x_wconf 90' lang='lat' dir='ltr'><strong>quam</strong></span> 
     </span>
    </p>
   </div>
   <div class='ocr_carea' id='block_1_71' title="bbox 965 536 1742 571">
    <p class='ocr_par' dir='ltr' id='par_1_71' title="bbox 965 536 1742 571">
     <span class='ocr_line' id='line_1_71' title="bbox 965 536 1742 571; baseline 0.003 -10"><span class='ocrx_word' id='word_1_468' title='bbox 965 536 1077 562; x_wconf 86' lang='lat' dir='ltr'><strong>alterum</strong></span> <span class='ocrx_word' id='word_1_469' title='bbox 1096 536 1121 563; x_wconf 92' lang='lat' dir='ltr'><strong>in</strong></span> <span class='ocrx_word' id='word_1_470' title='bbox 1141 537 1217 571; x_wconf 86' lang='lat' dir='ltr'><strong>plura</strong></span> <span class='ocrx_word' id='word_1_471' title='bbox 1233 536 1345 568; x_wconf 83' lang='lat' dir='ltr'><strong>dividet,</strong></span> <span class='ocrx_word' id='word_1_472' title='bbox 1366 544 1398 564; x_wconf 92' lang='lat' dir='ltr'><strong>eo</strong></span> <span class='ocrx_word' id='word_1_473' title='bbox 1422 537 1492 571; x_wconf 89' lang='lat' dir='ltr'><strong>quod</strong></span> <span class='ocrx_word' id='word_1_474' title='bbox 1520 537 1547 564; x_wconf 92' lang='lat' dir='ltr'><strong>in</strong></span> <span class='ocrx_word' id='word_1_475' title='bbox 1571 542 1685 571; x_wconf 87' lang='lat' dir='ltr'><strong>utroque</strong></span> <span class='ocrx_word' id='word_1_476' title='bbox 1707 539 1742 565; x_wconf 85' lang='lat' dir='ltr'><strong>sit</strong></span> 
     </span>
    </p>
   </div>
   <div class='ocr_carea' id='block_1_72' title="bbox 965 580 1742 617">
    <p class='ocr_par' dir='ltr' id='par_1_72' title="bbox 965 580 1742 617">
     <span class='ocr_line' id='line_1_72' title="bbox 965 580 1742 617; baseline 0.003 -10"><span class='ocrx_word' id='word_1_477' title='bbox 965 580 1057 608; x_wconf 85' lang='lat' dir='ltr'><strong>eadem</strong></span> <span class='ocrx_word' id='word_1_478' title='bbox 1071 581 1244 609; x_wconf 83' lang='lat' dir='ltr'><strong>discretionis</strong></span> <span class='ocrx_word' id='word_1_479' title='bbox 1256 590 1339 609; x_wconf 84' lang='lat' dir='ltr'><strong>causa</strong></span> <span class='ocrx_word' id='word_1_480' title='bbox 1356 589 1363 608; x_wconf 87' lang='lat'><strong>:</strong></span> <span class='ocrx_word' id='word_1_481' title='bbox 1379 589 1550 617; x_wconf 88' lang='lat' dir='ltr'><strong>rursumque,</strong></span> <span class='ocrx_word' id='word_1_482' title='bbox 1561 582 1583 610; x_wconf 90' lang='lat' dir='ltr'><strong>si</strong></span> <span class='ocrx_word' id='word_1_483' title='bbox 1597 583 1657 617; x_wconf 89' lang='lat' dir='ltr'><strong>quis</strong></span> <span class='ocrx_word' id='word_1_484' title='bbox 1673 582 1742 609; x_wconf 90' lang='lat' dir='ltr'><strong>idem</strong></span> 
     </span>
    </p>
   </div>
   <div class='ocr_carea' id='block_1_73' title="bbox 965 626 1741 663">
    <p class='ocr_par' dir='ltr' id='par_1_73' title="bbox 965 626 1741 663">
     <span class='ocr_line' id='line_1_73' title="bbox 965 626 1741 663; baseline 0.001 -10"><span class='ocrx_word' id='word_1_485' title='bbox 965 626 1001 653; x_wconf 89' lang='lat' dir='ltr'><strong>sit</strong></span> <span class='ocrx_word' id='word_1_486' title='bbox 1028 631 1115 661; x_wconf 89' lang='lat' dir='ltr'><strong>pater,</strong></span> <span class='ocrx_word' id='word_1_487' title='bbox 1143 632 1170 655; x_wconf 86' lang='lat' dir='ltr'><strong>et</strong></span> <span class='ocrx_word' id='word_1_488' title='bbox 1188 628 1351 656; x_wconf 85' lang='lat' dir='ltr'><strong>lectulorum</strong></span> <span class='ocrx_word' id='word_1_489' title='bbox 1368 628 1454 661; x_wconf 82' lang='lat' dir='ltr'><strong>faber,</strong></span> <span class='ocrx_word' id='word_1_490' title='bbox 1469 633 1495 655; x_wconf 87' lang='lat' dir='ltr'><strong>et</strong></span> <span class='ocrx_word' id='word_1_491' title='bbox 1517 633 1611 656; x_wconf 86' lang='lat' dir='ltr'><strong>natura</strong></span> <span class='ocrx_word' id='word_1_492' title='bbox 1633 629 1741 663; x_wconf 75' lang='lat' dir='ltr'><strong>quidem</strong></span> 
     </span>
    </p>
   </div>
   <div class='ocr_carea' id='block_1_74' title="bbox 966 671 1743 707">
    <p class='ocr_par' dir='ltr' id='par_1_74' title="bbox 966 671 1743 707">
     <span class='ocr_line' id='line_1_74' title="bbox 966 671 1743 707; baseline 0.001 -9"><span class='ocrx_word' id='word_1_493' title='bbox 966 671 1048 699; x_wconf 83' lang='lat' dir='ltr'><strong>[illum</strong></span> <span class='ocrx_word' id='word_1_494' title='bbox 1063 672 1166 707; x_wconf 82' lang='lat' dir='ltr'><strong>gignat,</strong></span> <span class='ocrx_word' id='word_1_495' title='bbox 1183 678 1242 700; x_wconf 89' lang='lat' dir='ltr'><strong>arte</strong></span> <span class='ocrx_word' id='word_1_496' title='bbox 1260 680 1324 700; x_wconf 91' lang='lat' dir='ltr'><strong>vero</strong></span> <span class='ocrx_word' id='word_1_497' title='bbox 1344 673 1471 701; x_wconf 88' lang='lat' dir='ltr'><strong>lectulum</strong></span> <span class='ocrx_word' id='word_1_498' title='bbox 1489 672 1581 706; x_wconf 83' lang='lat' dir='ltr'><strong>faciat,</strong></span> <span class='ocrx_word' id='word_1_499' title='bbox 1596 673 1622 700; x_wconf 94' lang='lat' dir='ltr'><strong>in</strong></span> <span class='ocrx_word' id='word_1_500' title='bbox 1645 673 1743 700; x_wconf 88' lang='lat' dir='ltr'><strong>lectulo</strong></span> 
     </span>
    </p>
   </div>
   <div class='ocr_carea' id='block_1_75' title="bbox 965 718 1741 753">
    <p class='ocr_par' dir='ltr' id='par_1_75' title="bbox 965 718 1741 753">
     <span class='ocr_line' id='line_1_75' title="bbox 965 718 1741 753; baseline 0.001 -8"><span class='ocrx_word' id='word_1_501' title='bbox 965 718 1073 752; x_wconf 86' lang='lat' dir='ltr'><strong>quidem</strong></span> <span class='ocrx_word' id='word_1_502' title='bbox 1098 725 1130 746; x_wconf 89' lang='lat' dir='ltr'><strong>ae</strong></span> <span class='ocrx_word' id='word_1_503' title='bbox 1159 719 1224 752; x_wconf 86' lang='lat' dir='ltr'><strong>lilio,</strong></span> <span class='ocrx_word' id='word_1_504' title='bbox 1248 719 1310 753; x_wconf 83' lang='lat' dir='ltr'><strong>quia</strong></span> <span class='ocrx_word' id='word_1_505' title='bbox 1337 723 1379 747; x_wconf 89' lang='lat' dir='ltr'><strong>est</strong></span> <span class='ocrx_word' id='word_1_506' title='bbox 1403 723 1560 746; x_wconf 80' lang='lat' dir='ltr'><strong>naturarum</strong></span> <span class='ocrx_word' id='word_1_507' title='bbox 1588 719 1741 751; x_wconf 87' lang='lat' dir='ltr'><strong>diversitas,</strong></span> 
     </span>
    </p>
   </div>
   <div class='ocr_carea' id='block_1_76' title="bbox 966 763 1741 799">
    <p class='ocr_par' dir='ltr' id='par_1_76' title="bbox 966 763 1741 799">
     <span class='ocr_line' id='line_1_76' title="bbox 966 763 1741 799; baseline 0 -9"><span class='ocrx_word' id='word_1_508' title='bbox 966 770 1025 798; x_wconf 82' lang='lat' dir='ltr'><strong>quae</strong></span> <span class='ocrx_word' id='word_1_509' title='bbox 1037 763 1152 798; x_wconf 86' lang='lat' dir='ltr'><strong>subjecti</strong></span> <span class='ocrx_word' id='word_1_510' title='bbox 1165 764 1270 791; x_wconf 89' lang='lat' dir='ltr'><strong>ratione</strong></span> <span class='ocrx_word' id='word_1_511' title='bbox 1283 764 1340 799; x_wconf 86' lang='lat' dir='ltr'><strong>ipsa</strong></span> <span class='ocrx_word' id='word_1_512' title='bbox 1353 764 1530 797; x_wconf 87' lang='lat' dir='ltr'><strong>discernitur;</strong></span> <span class='ocrx_word' id='word_1_513' title='bbox 1545 765 1658 791; x_wconf 90' lang='lat' dir='ltr'><strong>alterum</strong></span> <span class='ocrx_word' id='word_1_514' title='bbox 1670 767 1741 792; x_wconf 88' lang='lat' dir='ltr'><strong>enim</strong></span> 
     </span>
    </p>
   </div>
   <div class='ocr_carea' id='block_1_77' title="bbox 966 808 1741 844">
    <p class='ocr_par' dir='ltr' id='par_1_77' title="bbox 966 808 1741 844">
     <span class='ocr_line' id='line_1_77' title="bbox 966 808 1741 844; baseline -0.003 -9"><span class='ocrx_word' id='word_1_515' title='bbox 966 808 1047 836; x_wconf 92' lang='lat' dir='ltr'><strong>homo</strong></span> <span class='ocrx_word' id='word_1_516' title='bbox 1068 813 1118 841; x_wconf 85' lang='lat' dir='ltr'><strong>est,</strong></span> <span class='ocrx_word' id='word_1_517' title='bbox 1138 809 1253 836; x_wconf 88' lang='lat' dir='ltr'><strong>alterum</strong></span> <span class='ocrx_word' id='word_1_518' title='bbox 1277 809 1377 841; x_wconf 75' lang='lat' dir='ltr'><strong>lignum</strong></span> <span class='ocrx_word' id='word_1_519' title='bbox 1395 818 1402 836; x_wconf 87' lang='lat'><strong>:</strong></span> <span class='ocrx_word' id='word_1_520' title='bbox 1421 810 1491 844; x_wconf 91' lang='lat' dir='ltr'><strong>quod</strong></span> <span class='ocrx_word' id='word_1_521' title='bbox 1508 809 1614 843; x_wconf 88' lang='lat' dir='ltr'><strong>quidem</strong></span> <span class='ocrx_word' id='word_1_522' title='bbox 1629 809 1741 843; x_wconf 81' lang='lat' dir='ltr'><strong>lignum,</strong></span> 
     </span>
    </p>
   </div>
   <div class='ocr_carea' id='block_1_78' title="bbox 966 853 1741 888">
    <p class='ocr_par' dir='ltr' id='par_1_78' title="bbox 966 853 1741 888">
     <span class='ocr_line' id='line_1_78' title="bbox 966 853 1741 888; baseline 0 -8"><span class='ocrx_word' id='word_1_523' title='bbox 966 853 989 880; x_wconf 91' lang='lat' dir='ltr'><strong>si</strong></span> <span class='ocrx_word' id='word_1_524' title='bbox 1009 853 1117 888; x_wconf 91' lang='lat' dir='ltr'><strong>quidem</strong></span> <span class='ocrx_word' id='word_1_525' title='bbox 1145 854 1214 888; x_wconf 89' lang='lat' dir='ltr'><strong>patri</strong></span> <span class='ocrx_word' id='word_1_526' title='bbox 1230 857 1256 881; x_wconf 84' lang='lat' dir='ltr'><strong>et</strong></span> <span class='ocrx_word' id='word_1_527' title='bbox 1274 854 1363 888; x_wconf 80' lang='lat' dir='ltr'><strong>opifici</strong></span> <span class='ocrx_word' id='word_1_528' title='bbox 1386 854 1497 887; x_wconf 88' lang='lat' dir='ltr'><strong>inesset,</strong></span> <span class='ocrx_word' id='word_1_529' title='bbox 1517 854 1741 888; x_wconf 87' lang='lat' dir='ltr'><strong>quemadmodum</strong></span> 
     </span>
    </p>
   </div>
   <div class='ocr_carea' id='block_1_79' title="bbox 966 897 1743 932">
    <p class='ocr_par' dir='ltr' id='par_1_79' title="bbox 966 897 1743 932">
     <span class='ocr_line' id='line_1_79' title="bbox 966 897 1743 932; baseline 0 -8"><span class='ocrx_word' id='word_1_530' title='bbox 966 902 993 925; x_wconf 89' lang='lat' dir='ltr'><strong>et</strong></span> <span class='ocrx_word' id='word_1_531' title='bbox 1008 897 1098 930; x_wconf 85' lang='lat' dir='ltr'><strong>homo,</strong></span> <span class='ocrx_word' id='word_1_532' title='bbox 1113 902 1141 925; x_wconf 85' lang='lat' dir='ltr'><strong>et</strong></span> <span class='ocrx_word' id='word_1_533' title='bbox 1154 897 1229 925; x_wconf 90' lang='lat' dir='ltr'><strong>illum</strong></span> <span class='ocrx_word' id='word_1_534' title='bbox 1248 897 1405 925; x_wconf 87' lang='lat' dir='ltr'><strong>necessario</strong></span> <span class='ocrx_word' id='word_1_535' title='bbox 1418 897 1586 925; x_wconf 87' lang='lat' dir='ltr'><strong>discerneret</strong></span> <span class='ocrx_word' id='word_1_536' title='bbox 1607 897 1633 924; x_wconf 92' lang='lat' dir='ltr'><strong>in</strong></span> <span class='ocrx_word' id='word_1_537' title='bbox 1649 897 1743 932; x_wconf 81' lang='lat' dir='ltr'><strong>plures</strong></span> 
     </span>
    </p>
   </div>
   <div class='ocr_carea' id='block_1_80' title="bbox 966 942 1741 977">
    <p class='ocr_par' dir='ltr' id='par_1_80' title="bbox 966 942 1741 977">
     <span class='ocr_line' id='line_1_80' title="bbox 966 942 1741 977; baseline -0.004 -6"><span class='ocrx_word' id='word_1_538' title='bbox 966 950 1109 971; x_wconf 83' lang='lat' dir='ltr'><strong>causarum</strong></span> <span class='ocrx_word' id='word_1_539' title='bbox 1143 942 1320 970; x_wconf 85' lang='lat' dir='ltr'><strong>substantias.</strong></span> <span class='ocrx_word' id='word_1_540' title='bbox 1350 942 1398 969; x_wconf 87' lang='lat' dir='ltr'><strong>Vel</strong></span> <span class='ocrx_word' id='word_1_541' title='bbox 1425 942 1557 976; x_wconf 86' lang='lat' dir='ltr'><strong>siquidem</strong></span> <span class='ocrx_word' id='word_1_542' title='bbox 1586 943 1741 977; x_wconf 82' lang='lat' dir='ltr'><strong>productrix</strong></span> 
     </span>
    </p>
   </div>
   <div class='ocr_carea' id='block_1_81' title="bbox 965 987 1741 1024">
    <p class='ocr_par' dir='ltr' id='par_1_81' title="bbox 965 987 1741 1024">
     <span class='ocr_line' id='line_1_81' title="bbox 965 987 1741 1024; baseline -0.003 -9"><span class='ocrx_word' id='word_1_543' title='bbox 965 989 1030 1024; x_wconf 86' lang='lat' dir='ltr'><strong>ligni</strong></span> <span class='ocrx_word' id='word_1_544' title='bbox 1057 992 1153 1016; x_wconf 85' lang='lat' dir='ltr'><strong>natura</strong></span> <span class='ocrx_word' id='word_1_545' title='bbox 1177 987 1311 1015; x_wconf 84' lang='lat' dir='ltr'><strong>fabricare</strong></span> <span class='ocrx_word' id='word_1_546' title='bbox 1325 988 1418 1021; x_wconf 88' lang='lat' dir='ltr'><strong>sciret,</strong></span> <span class='ocrx_word' id='word_1_547' title='bbox 1432 991 1506 1015; x_wconf 85' lang='lat' dir='ltr'><strong>esset</strong></span> <span class='ocrx_word' id='word_1_548' title='bbox 1529 991 1554 1015; x_wconf 89' lang='lat' dir='ltr'><strong>et</strong></span> <span class='ocrx_word' id='word_1_549' title='bbox 1577 991 1641 1014; x_wconf 91' lang='lat' dir='ltr'><strong>tunc</strong></span> <span class='ocrx_word' id='word_1_550' title='bbox 1660 987 1741 1014; x_wconf 74' lang='lat' dir='ltr'><strong>Veluti</strong></span> 
     </span>
    </p>
   </div>
   <div class='ocr_carea' id='block_1_82' title="bbox 966 1031 1742 1067">
    <p class='ocr_par' dir='ltr' id='par_1_82' title="bbox 966 1031 1742 1067">
     <span class='ocr_line' id='line_1_82' title="bbox 966 1031 1742 1067; baseline -0.004 -7"><span class='ocrx_word' id='word_1_551' title='bbox 966 1041 1060 1066; x_wconf 87' lang='lat' dir='ltr'><strong>causa,</strong></span> <span class='ocrx_word' id='word_1_552' title='bbox 1077 1033 1180 1067; x_wconf 81' lang='lat' dir='ltr'><strong>lignum</strong></span> <span class='ocrx_word' id='word_1_553' title='bbox 1195 1036 1222 1060; x_wconf 89' lang='lat' dir='ltr'><strong>et</strong></span> <span class='ocrx_word' id='word_1_554' title='bbox 1238 1032 1324 1065; x_wconf 81' lang='lat' dir='ltr'><strong>faber,</strong></span> <span class='ocrx_word' id='word_1_555' title='bbox 1341 1033 1411 1060; x_wconf 90' lang='lat' dir='ltr'><strong>idem</strong></span> <span class='ocrx_word' id='word_1_556' title='bbox 1432 1032 1578 1060; x_wconf 90' lang='lat' dir='ltr'><strong>secundum</strong></span> <span class='ocrx_word' id='word_1_557' title='bbox 1591 1031 1742 1066; x_wconf 77' lang='lat' dir='ltr'><strong>subiectura</strong></span> 
     </span>
    </p>
   </div>
   <div class='ocr_carea' id='block_1_83' title="bbox 966 1077 1742 1113">
    <p class='ocr_par' dir='ltr' id='par_1_83' title="bbox 966 1077 1742 1113">
     <span class='ocr_line' id='line_1_83' title="bbox 966 1077 1742 1113; baseline -0.004 -7"><span class='ocrx_word' id='word_1_558' title='bbox 966 1079 1095 1110; x_wconf 84' lang='lat' dir='ltr'><strong>existens,</strong></span> <span class='ocrx_word' id='word_1_559' title='bbox 1111 1079 1148 1105; x_wconf 86' lang='lat' dir='ltr'><strong>ita</strong></span> <span class='ocrx_word' id='word_1_560' title='bbox 1167 1083 1194 1105; x_wconf 88' lang='lat' dir='ltr'><strong>et</strong></span> <span class='ocrx_word' id='word_1_561' title='bbox 1207 1078 1322 1105; x_wconf 86' lang='lat' dir='ltr'><strong>lectulus</strong></span> <span class='ocrx_word' id='word_1_562' title='bbox 1337 1085 1459 1113; x_wconf 88' lang='lat' dir='ltr'><strong>germen,</strong></span> <span class='ocrx_word' id='word_1_563' title='bbox 1476 1077 1546 1104; x_wconf 89' lang='lat' dir='ltr'><strong>idem</strong></span> <span class='ocrx_word' id='word_1_564' title='bbox 1570 1084 1614 1104; x_wconf 86' lang='lat' dir='ltr'><strong>ars</strong></span> <span class='ocrx_word' id='word_1_565' title='bbox 1636 1082 1662 1105; x_wconf 87' lang='lat' dir='ltr'><strong>et</strong></span> <span class='ocrx_word' id='word_1_566' title='bbox 1687 1077 1742 1104; x_wconf 84' lang='lat' dir='ltr'><strong>lec-</strong></span> 
     </span>
    </p>
   </div>
   <div class='ocr_carea' id='block_1_84' title="bbox 968 1123 1743 1159">
    <p class='ocr_par' dir='ltr' id='par_1_84' title="bbox 968 1123 1743 1159">
     <span class='ocr_line' id='line_1_84' title="bbox 968 1123 1743 1159; baseline -0.001 -9"><span class='ocrx_word' id='word_1_567' title='bbox 968 1125 1049 1156; x_wconf 83' lang='lat' dir='ltr'><strong>tulus,</strong></span> <span class='ocrx_word' id='word_1_568' title='bbox 1069 1131 1156 1158; x_wconf 90' lang='lat' dir='ltr'><strong>neque</strong></span> <span class='ocrx_word' id='word_1_569' title='bbox 1177 1124 1274 1158; x_wconf 83' lang='lat' dir='ltr'><strong>magis,</strong></span> <span class='ocrx_word' id='word_1_570' title='bbox 1299 1123 1369 1159; x_wconf 90' lang='lat' dir='ltr'><strong>quod</strong></span> <span class='ocrx_word' id='word_1_571' title='bbox 1394 1123 1526 1158; x_wconf 87' lang='lat' dir='ltr'><strong>producit.</strong></span> <span class='ocrx_word' id='word_1_572' title='bbox 1566 1130 1646 1157; x_wconf 85' lang='lat' dir='ltr'><strong>quam</strong></span> <span class='ocrx_word' id='word_1_573' title='bbox 1671 1123 1743 1158; x_wconf 82' lang='lat' dir='ltr'><strong>quod</strong></span> 
     </span>
    </p>
   </div>
   <div class='ocr_carea' id='block_1_85' title="bbox 967 1167 1744 1203">
    <p class='ocr_par' dir='ltr' id='par_1_85' title="bbox 967 1167 1744 1203">
     <span class='ocr_line' id='line_1_85' title="bbox 967 1167 1744 1203; baseline -0.001 -8"><span class='ocrx_word' id='word_1_574' title='bbox 967 1168 1136 1203; x_wconf 84' lang='lat' dir='ltr'><strong>producitur,</strong></span> <span class='ocrx_word' id='word_1_575' title='bbox 1163 1168 1344 1196; x_wconf 89' lang='lat' dir='ltr'><strong>discernetur.</strong></span> <span class='ocrx_word' id='word_1_576' title='bbox 1363 1167 1458 1203; x_wconf 85' lang='lat' dir='ltr'><strong>Itaque</strong></span> <span class='ocrx_word' id='word_1_577' title='bbox 1482 1175 1543 1195; x_wconf 90' lang='lat' dir='ltr'><strong>cum</strong></span> <span class='ocrx_word' id='word_1_578' title='bbox 1573 1167 1744 1195; x_wconf 70' lang='lat' dir='ltr'><strong>discretionis</strong></span> 
     </span>
    </p>
   </div>
   <div class='ocr_carea' id='block_1_86' title="bbox 966 1213 1743 1248">
    <p class='ocr_par' dir='ltr' id='par_1_86' title="bbox 966 1213 1743 1248">
     <span class='ocr_line' id='line_1_86' title="bbox 966 1213 1743 1248; baseline -0.001 -8"><span class='ocrx_word' id='word_1_579' title='bbox 966 1221 1054 1240; x_wconf 71' lang='lat' dir='ltr'><strong>causa:</strong></span> <span class='ocrx_word' id='word_1_580' title='bbox 1072 1213 1097 1240; x_wconf 92' lang='lat' dir='ltr'><strong>in</strong></span> <span class='ocrx_word' id='word_1_581' title='bbox 1116 1213 1239 1248; x_wconf 88' lang='lat' dir='ltr'><strong>utrisque</strong></span> <span class='ocrx_word' id='word_1_582' title='bbox 1254 1214 1395 1248; x_wconf 78' lang='lat' dir='ltr'><strong>aequaliter</strong></span> <span class='ocrx_word' id='word_1_583' title='bbox 1415 1213 1527 1246; x_wconf 79' lang='lat' dir='ltr'><strong>iuerint,</strong></span> <span class='ocrx_word' id='word_1_584' title='bbox 1542 1221 1623 1241; x_wconf 87' lang='lat' dir='ltr'><strong>causa</strong></span> <span class='ocrx_word' id='word_1_585' title='bbox 1639 1213 1743 1241; x_wconf 79' lang='lat' dir='ltr'><strong>scilicet</strong></span> 
     </span>
    </p>
   </div>
   <div class='ocr_carea' id='block_1_87' title="bbox 966 1257 1745 1293">
    <p class='ocr_par' dir='ltr' id='par_1_87' title="bbox 966 1257 1745 1293">
     <span class='ocr_line' id='line_1_87' title="bbox 966 1257 1745 1293; baseline 0.001 -10"><span class='ocrx_word' id='word_1_586' title='bbox 966 1261 1047 1290; x_wconf 72' lang='lat' dir='ltr'><strong>atque</strong></span> <span class='ocrx_word' id='word_1_587' title='bbox 1071 1257 1184 1290; x_wconf 85' lang='lat' dir='ltr'><strong>causali,</strong></span> <span class='ocrx_word' id='word_1_588' title='bbox 1211 1258 1354 1292; x_wconf 65' lang='lat' dir='ltr'><strong>aequaliter</strong></span> <span class='ocrx_word' id='word_1_589' title='bbox 1372 1258 1428 1292; x_wconf 89' lang='lat' dir='ltr'><strong>ipsa</strong></span> <span class='ocrx_word' id='word_1_590' title='bbox 1457 1258 1602 1285; x_wconf 87' lang='lat' dir='ltr'><strong>discernet.</strong></span> <span class='ocrx_word' id='word_1_591' title='bbox 1629 1257 1745 1293; x_wconf 86' lang='lat' dir='ltr'><strong>Gignere</strong></span> 
     </span>
    </p>
   </div>
   <div class='ocr_carea' id='block_1_88' title="bbox 967 1303 1742 1338">
    <p class='ocr_par' dir='ltr' id='par_1_88' title="bbox 967 1303 1742 1338">
     <span class='ocr_line' id='line_1_88' title="bbox 967 1303 1742 1338; baseline 0.003 -9"><span class='ocrx_word' id='word_1_592' title='bbox 967 1307 1056 1330; x_wconf 91' lang='lat' dir='ltr'><strong>autem</strong></span> <span class='ocrx_word' id='word_1_593' title='bbox 1078 1307 1160 1338; x_wconf 85' lang='lat' dir='ltr'><strong>atque</strong></span> <span class='ocrx_word' id='word_1_594' title='bbox 1181 1303 1342 1338; x_wconf 88' lang='lat' dir='ltr'><strong>producere,</strong></span> <span class='ocrx_word' id='word_1_595' title='bbox 1367 1303 1393 1330; x_wconf 92' lang='lat' dir='ltr'><strong>in</strong></span> <span class='ocrx_word' id='word_1_596' title='bbox 1410 1311 1462 1331; x_wconf 84' lang='lat' dir='ltr'><strong>una</strong></span> <span class='ocrx_word' id='word_1_597' title='bbox 1484 1305 1634 1338; x_wconf 88' lang='lat' dir='ltr'><strong>eademque</strong></span> <span class='ocrx_word' id='word_1_598' title='bbox 1649 1307 1742 1331; x_wconf 84' lang='lat' dir='ltr'><strong>natura</strong></span> 
     </span>
    </p>
   </div>
   <div class='ocr_carea' id='block_1_89' title="bbox 965 1349 1480 1383">
    <p class='ocr_par' dir='ltr' id='par_1_89' title="bbox 965 1349 1480 1383">
     <span class='ocr_line' id='line_1_89' title="bbox 965 1349 1480 1383; baseline 0 -7"><span class='ocrx_word' id='word_1_599' title='bbox 965 1353 1019 1380; x_wconf 90' lang='lat' dir='ltr'><strong>est,</strong></span> <span class='ocrx_word' id='word_1_600' title='bbox 1036 1349 1062 1375; x_wconf 93' lang='lat' dir='ltr'><strong>in</strong></span> <span class='ocrx_word' id='word_1_601' title='bbox 1076 1356 1140 1383; x_wconf 88' lang='lat' dir='ltr'><strong>qua,</strong></span> <span class='ocrx_word' id='word_1_602' title='bbox 1152 1353 1178 1377; x_wconf 91' lang='lat' dir='ltr'><strong>et</strong></span> <span class='ocrx_word' id='word_1_603' title='bbox 1193 1349 1267 1383; x_wconf 80' lang='lat' dir='ltr'><strong>gigni</strong></span> <span class='ocrx_word' id='word_1_604' title='bbox 1281 1353 1309 1376; x_wconf 92' lang='lat' dir='ltr'><strong>et</strong></span> <span class='ocrx_word' id='word_1_605' title='bbox 1323 1349 1480 1383; x_wconf 88' lang='lat' dir='ltr'><strong>procedere.</strong></span> 
     </span>
    </p>
   </div>
   <div class='ocr_carea' id='block_1_90' title="bbox 999 1394 1744 1430">
    <p class='ocr_par' dir='ltr' id='par_1_90' title="bbox 999 1394 1744 1430">
     <span class='ocr_line' id='line_1_90' title="bbox 999 1394 1744 1430; baseline -0.001 -9"><span class='ocrx_word' id='word_1_606' title='bbox 999 1394 1114 1422; x_wconf 87' lang='lat' dir='ltr'><strong>Constat</strong></span> <span class='ocrx_word' id='word_1_607' title='bbox 1139 1394 1220 1421; x_wconf 87' lang='lat' dir='ltr'><strong>etiam</strong></span> <span class='ocrx_word' id='word_1_608' title='bbox 1236 1394 1346 1429; x_wconf 74' lang='lat' dir='ltr'><strong>gignere</strong></span> <span class='ocrx_word' id='word_1_609' title='bbox 1366 1394 1435 1422; x_wconf 92' lang='lat' dir='ltr'><strong>idem</strong></span> <span class='ocrx_word' id='word_1_610' title='bbox 1456 1402 1527 1427; x_wconf 87' lang='lat' dir='ltr'><strong>esse,</strong></span> <span class='ocrx_word' id='word_1_611' title='bbox 1541 1394 1614 1430; x_wconf 91' lang='lat' dir='ltr'><strong>quod</strong></span> <span class='ocrx_word' id='word_1_612' title='bbox 1630 1399 1672 1422; x_wconf 79' lang='lat' dir='ltr'><strong>est</strong></span> <span class='ocrx_word' id='word_1_613' title='bbox 1698 1403 1744 1429; x_wconf 84' lang='lat' dir='ltr'><strong>pa-</strong></span> 
     </span>
    </p>
   </div>
   <div class='ocr_carea' id='block_1_91' title="bbox 968 1439 1743 1474">
    <p class='ocr_par' dir='ltr' id='par_1_91' title="bbox 968 1439 1743 1474">
     <span class='ocr_line' id='line_1_91' title="bbox 968 1439 1743 1474; baseline 0 -8"><span class='ocrx_word' id='word_1_614' title='bbox 968 1443 1042 1466; x_wconf 89' lang='lat' dir='ltr'><strong>terna</strong></span> <span class='ocrx_word' id='word_1_615' title='bbox 1066 1439 1217 1474; x_wconf 85' lang='lat' dir='ltr'><strong>proprietas</strong></span> <span class='ocrx_word' id='word_1_616' title='bbox 1242 1449 1248 1466; x_wconf 93' lang='lat'><strong>:</strong></span> <span class='ocrx_word' id='word_1_617' title='bbox 1272 1439 1453 1473; x_wconf 87' lang='lat' dir='ltr'><strong>proprietates</strong></span> <span class='ocrx_word' id='word_1_618' title='bbox 1477 1447 1551 1472; x_wconf 85' lang='lat' dir='ltr'><strong>vero.</strong></span> <span class='ocrx_word' id='word_1_619' title='bbox 1576 1440 1647 1467; x_wconf 92' lang='lat' dir='ltr'><strong>idem</strong></span> <span class='ocrx_word' id='word_1_620' title='bbox 1671 1447 1743 1472; x_wconf 88' lang='lat' dir='ltr'><strong>esse,</strong></span> 
     </span>
    </p>
   </div>
   <div class='ocr_carea' id='block_1_92' title="bbox 926 1485 1745 1525">
    <p class='ocr_par' dir='ltr' id='par_1_92' title="bbox 926 1485 1745 1525">
     <span class='ocr_line' id='line_1_92' title="bbox 926 1485 1745 1525; baseline 0 -14"><span class='ocrx_word' id='word_1_621' title='bbox 926 1497 948 1525; x_wconf 65' lang='grc' dir='ltr'>ρ</span> <span class='ocrx_word' id='word_1_622' title='bbox 967 1485 1036 1518; x_wconf 91' lang='lat' dir='ltr'><strong>quod</strong></span> <span class='ocrx_word' id='word_1_623' title='bbox 1052 1485 1218 1512; x_wconf 83' lang='lat' dir='ltr'><strong>substantias</strong></span> <span class='ocrx_word' id='word_1_624' title='bbox 1242 1485 1389 1513; x_wconf 89' lang='lat' dir='ltr'><strong>secundum</strong></span> <span class='ocrx_word' id='word_1_625' title='bbox 1409 1492 1476 1518; x_wconf 91' lang='lat' dir='ltr'><strong>rem,</strong></span> <span class='ocrx_word' id='word_1_626' title='bbox 1492 1485 1548 1520; x_wconf 88' lang='lat' dir='ltr'><strong>jam</strong></span> <span class='ocrx_word' id='word_1_627' title='bbox 1566 1493 1646 1519; x_wconf 93' lang='lat' dir='ltr'><strong>supra</strong></span> <span class='ocrx_word' id='word_1_628' title='bbox 1667 1492 1745 1512; x_wconf 92' lang='lat' dir='ltr'><strong>mon-</strong></span> 
     </span>
    </p>
   </div>
   <div class='ocr_carea' id='block_1_93' title="bbox 967 1530 1744 1567">
    <p class='ocr_par' dir='ltr' id='par_1_93' title="bbox 967 1530 1744 1567">
     <span class='ocr_line' id='line_1_93' title="bbox 967 1530 1744 1567; baseline 0.001 -10"><span class='ocrx_word' id='word_1_629' title='bbox 967 1535 1082 1558; x_wconf 79' lang='lat' dir='ltr'><strong>stratum</strong></span> <span class='ocrx_word' id='word_1_630' title='bbox 1108 1534 1160 1559; x_wconf 83' lang='lat' dir='ltr'><strong>est.</strong></span> <span class='ocrx_word' id='word_1_631' title='bbox 1186 1530 1253 1558; x_wconf 87' lang='lat' dir='ltr'><strong>Tres</strong></span> <span class='ocrx_word' id='word_1_632' title='bbox 1269 1535 1359 1558; x_wconf 85' lang='lat' dir='ltr'><strong>autem</strong></span> <span class='ocrx_word' id='word_1_633' title='bbox 1383 1530 1540 1559; x_wconf 74' lang='lat' dir='ltr'><strong>substantia:</strong></span> <span class='ocrx_word' id='word_1_634' title='bbox 1561 1530 1744 1567; x_wconf 80' lang='lat' dir='ltr'><strong>[hypostases]</strong></span> 
     </span>
    </p>
   </div>
   <div class='ocr_carea' id='block_1_94' title="bbox 968 1575 1744 1611">
    <p class='ocr_par' dir='ltr' id='par_1_94' title="bbox 968 1575 1744 1611">
     <span class='ocr_line' id='line_1_94' title="bbox 968 1575 1744 1611; baseline -0.001 -8"><span class='ocrx_word' id='word_1_635' title='bbox 968 1576 1047 1604; x_wconf 89' lang='lat' dir='ltr'><strong>Pater</strong></span> <span class='ocrx_word' id='word_1_636' title='bbox 1063 1581 1104 1604; x_wconf 86' lang='lat' dir='ltr'><strong>est</strong></span> <span class='ocrx_word' id='word_1_637' title='bbox 1124 1581 1153 1604; x_wconf 89' lang='lat' dir='ltr'><strong>et.</strong></span> <span class='ocrx_word' id='word_1_638' title='bbox 1170 1576 1255 1604; x_wconf 88' lang='lat' dir='ltr'><strong>Filius</strong></span> <span class='ocrx_word' id='word_1_639' title='bbox 1275 1580 1303 1604; x_wconf 90' lang='lat' dir='ltr'><strong>et</strong></span> <span class='ocrx_word' id='word_1_640' title='bbox 1318 1576 1436 1611; x_wconf 87' lang='lat' dir='ltr'><strong>Spiritus</strong></span> <span class='ocrx_word' id='word_1_641' title='bbox 1453 1581 1581 1610; x_wconf 87' lang='lat' dir='ltr'><strong>sanctus;</strong></span> <span class='ocrx_word' id='word_1_642' title='bbox 1600 1575 1678 1604; x_wconf 87' lang='lat' dir='ltr'><strong>Pater</strong></span> <span class='ocrx_word' id='word_1_643' title='bbox 1695 1584 1744 1603; x_wconf 79' lang='lat' dir='ltr'><strong>au-</strong></span> 
     </span>
    </p>
   </div>
   <div class='ocr_carea' id='block_1_95' title="bbox 967 1621 1744 1656">
    <p class='ocr_par' dir='ltr' id='par_1_95' title="bbox 967 1621 1744 1656">
     <span class='ocr_line' id='line_1_95' title="bbox 967 1621 1744 1656; baseline -0.001 -7"><span class='ocrx_word' id='word_1_644' title='bbox 967 1627 1022 1649; x_wconf 85' lang='lat' dir='ltr'><strong>tem</strong></span> <span class='ocrx_word' id='word_1_645' title='bbox 1039 1627 1066 1649; x_wconf 86' lang='lat' dir='ltr'><strong>et</strong></span> <span class='ocrx_word' id='word_1_646' title='bbox 1079 1622 1165 1650; x_wconf 84' lang='lat' dir='ltr'><strong>Filius</strong></span> <span class='ocrx_word' id='word_1_647' title='bbox 1187 1627 1215 1649; x_wconf 90' lang='lat' dir='ltr'><strong>et</strong></span> <span class='ocrx_word' id='word_1_648' title='bbox 1231 1622 1349 1656; x_wconf 89' lang='lat' dir='ltr'><strong>Spiritus</strong></span> <span class='ocrx_word' id='word_1_649' title='bbox 1365 1626 1475 1650; x_wconf 88' lang='lat' dir='ltr'><strong>sanctus</strong></span> <span class='ocrx_word' id='word_1_650' title='bbox 1498 1629 1580 1650; x_wconf 89' lang='lat' dir='ltr'><strong>verus</strong></span> <span class='ocrx_word' id='word_1_651' title='bbox 1599 1621 1670 1650; x_wconf 85' lang='lat' dir='ltr'><strong>Deus</strong></span> <span class='ocrx_word' id='word_1_652' title='bbox 1692 1628 1744 1655; x_wconf 83' lang='lat' dir='ltr'><strong>est,</strong></span> 
     </span>
    </p>
   </div>
   <div class='ocr_carea' id='block_1_96' title="bbox 968 1668 1639 1702">
    <p class='ocr_par' dir='ltr' id='par_1_96' title="bbox 968 1668 1639 1702">
     <span class='ocr_line' id='line_1_96' title="bbox 968 1668 1639 1702; baseline 0.001 -7"><span class='ocrx_word' id='word_1_653' title='bbox 968 1668 1088 1695; x_wconf 87' lang='lat' dir='ltr'><strong>Trinitas</strong></span> <span class='ocrx_word' id='word_1_654' title='bbox 1103 1676 1166 1700; x_wconf 87' lang='lat' dir='ltr'><strong>uua,</strong></span> <span class='ocrx_word' id='word_1_655' title='bbox 1186 1673 1214 1695; x_wconf 90' lang='lat' dir='ltr'><strong>et</strong></span> <span class='ocrx_word' id='word_1_656' title='bbox 1227 1668 1497 1702; x_wconf 88' lang='lat' dir='ltr'><strong>supersuhstantialis</strong></span> <span class='ocrx_word' id='word_1_657' title='bbox 1510 1668 1639 1696; x_wconf 86' lang='lat' dir='ltr'><strong>essentia.</strong></span> 
     </span>
    </p>
   </div>
   <div class='ocr_carea' id='block_1_97' title="bbox 1004 1713 1744 1749">
    <p class='ocr_par' dir='ltr' id='par_1_97' title="bbox 1004 1713 1744 1749">
     <span class='ocr_line' id='line_1_97' title="bbox 1004 1713 1744 1749; baseline 0 -9"><span class='ocrx_word' id='word_1_658' title='bbox 1004 1714 1136 1742; x_wconf 87' lang='lat' dir='ltr'><strong>Similiter</strong></span> <span class='ocrx_word' id='word_1_659' title='bbox 1148 1719 1172 1742; x_wconf 91' lang='lat' dir='ltr'><strong>et</strong></span> <span class='ocrx_word' id='word_1_660' title='bbox 1191 1715 1224 1742; x_wconf 93' lang='lat' dir='ltr'><strong>de</strong></span> <span class='ocrx_word' id='word_1_661' title='bbox 1239 1721 1272 1742; x_wconf 89' lang='lat' dir='ltr'><strong>eo</strong></span> <span class='ocrx_word' id='word_1_662' title='bbox 1287 1714 1356 1749; x_wconf 90' lang='lat' dir='ltr'><strong>quod</strong></span> <span class='ocrx_word' id='word_1_663' title='bbox 1373 1718 1413 1741; x_wconf 89' lang='lat' dir='ltr'><strong>est</strong></span> <span class='ocrx_word' id='word_1_664' title='bbox 1438 1714 1522 1746; x_wconf 89' lang='lat' dir='ltr'><strong>nasci,</strong></span> <span class='ocrx_word' id='word_1_665' title='bbox 1539 1718 1566 1741; x_wconf 90' lang='lat' dir='ltr'><strong>et</strong></span> <span class='ocrx_word' id='word_1_666' title='bbox 1578 1713 1612 1741; x_wconf 91' lang='lat' dir='ltr'><strong>de</strong></span> <span class='ocrx_word' id='word_1_667' title='bbox 1626 1721 1659 1742; x_wconf 91' lang='lat' dir='ltr'><strong>eo</strong></span> <span class='ocrx_word' id='word_1_668' title='bbox 1672 1714 1744 1748; x_wconf 87' lang='lat' dir='ltr'><strong>quod</strong></span> 
     </span>
    </p>
   </div>
   <div class='ocr_carea' id='block_1_98' title="bbox 968 1759 1740 1795">
    <p class='ocr_par' dir='ltr' id='par_1_98' title="bbox 968 1759 1740 1795">
     <span class='ocr_line' id='line_1_98' title="bbox 968 1759 1740 1795; baseline -0.001 -8"><span class='ocrx_word' id='word_1_669' title='bbox 968 1765 1009 1787; x_wconf 85' lang='lat' dir='ltr'><strong>est</strong></span> <span class='ocrx_word' id='word_1_670' title='bbox 1025 1760 1184 1794; x_wconf 88' lang='lat' dir='ltr'><strong>procedere,</strong></span> <span class='ocrx_word' id='word_1_671' title='bbox 1206 1759 1362 1788; x_wconf 87' lang='lat' dir='ltr'><strong>dicendum.</strong></span> <span class='ocrx_word' id='word_1_672' title='bbox 1378 1759 1432 1787; x_wconf 89' lang='lat' dir='ltr'><strong>[sta</strong></span> <span class='ocrx_word' id='word_1_673' title='bbox 1453 1759 1536 1795; x_wconf 80' lang='lat' dir='ltr'><strong>igitur</strong></span> <span class='ocrx_word' id='word_1_674' title='bbox 1560 1760 1699 1795; x_wconf 79' lang='lat' dir='ltr'><strong>aequaliter</strong></span> <span class='ocrx_word' id='word_1_675' title='bbox 1715 1760 1740 1786; x_wconf 92' lang='lat' dir='ltr'><strong>in</strong></span> 
     </span>
    </p>
   </div>
   <div class='ocr_carea' id='block_1_99' title="bbox 968 1805 1745 1840">
    <p class='ocr_par' dir='ltr' id='par_1_99' title="bbox 968 1805 1745 1840">
     <span class='ocr_line' id='line_1_99' title="bbox 968 1805 1745 1840; baseline -0.003 -8"><span class='ocrx_word' id='word_1_676' title='bbox 968 1806 1132 1840; x_wconf 87' lang='lat' dir='ltr'><strong>producente</strong></span> <span class='ocrx_word' id='word_1_677' title='bbox 1151 1809 1177 1832; x_wconf 89' lang='lat' dir='ltr'><strong>et</strong></span> <span class='ocrx_word' id='word_1_678' title='bbox 1202 1806 1351 1840; x_wconf 88' lang='lat' dir='ltr'><strong>productis,</strong></span> <span class='ocrx_word' id='word_1_679' title='bbox 1378 1805 1420 1833; x_wconf 86' lang='lat' dir='ltr'><strong>vel</strong></span> <span class='ocrx_word' id='word_1_680' title='bbox 1442 1805 1607 1837; x_wconf 88' lang='lat' dir='ltr'><strong>discernent,</strong></span> <span class='ocrx_word' id='word_1_681' title='bbox 1629 1805 1669 1832; x_wconf 89' lang='lat' dir='ltr'><strong>vel</strong></span> <span class='ocrx_word' id='word_1_682' title='bbox 1693 1813 1745 1831; x_wconf 86' lang='lat' dir='ltr'><strong>non</strong></span> 
     </span>
    </p>
   </div>
   <div class='ocr_carea' id='block_1_100' title="bbox 968 1851 1745 1885">
    <p class='ocr_par' dir='ltr' id='par_1_100' title="bbox 968 1851 1745 1885">
     <span class='ocr_line' id='line_1_100' title="bbox 968 1851 1745 1885; baseline -0.003 -7"><span class='ocrx_word' id='word_1_683' title='bbox 968 1852 1143 1879; x_wconf 85' lang='lat' dir='ltr'><strong>discernent:</strong></span> <span class='ocrx_word' id='word_1_684' title='bbox 1164 1851 1186 1878; x_wconf 83' lang='lat' dir='ltr'><strong>si</strong></span> <span class='ocrx_word' id='word_1_685' title='bbox 1205 1851 1314 1885; x_wconf 89' lang='lat' dir='ltr'><strong>quidem</strong></span> <span class='ocrx_word' id='word_1_686' title='bbox 1330 1851 1413 1885; x_wconf 84' lang='lat' dir='ltr'><strong>igitur</strong></span> <span class='ocrx_word' id='word_1_687' title='bbox 1424 1852 1590 1883; x_wconf 86' lang='lat' dir='ltr'><strong>discernent,</strong></span> <span class='ocrx_word' id='word_1_688' title='bbox 1609 1852 1666 1878; x_wconf 78' lang='lat' dir='ltr'><strong>duae</strong></span> <span class='ocrx_word' id='word_1_689' title='bbox 1683 1852 1745 1877; x_wconf 81' lang='lat' dir='ltr'><strong>sub-</strong></span> 
     </span>
    </p>
   </div>
   <div class='ocr_carea' id='block_1_101' title="bbox 968 1895 1745 1931">
    <p class='ocr_par' dir='ltr' id='par_1_101' title="bbox 968 1895 1745 1931">
     <span class='ocr_line' id='line_1_101' title="bbox 968 1895 1745 1931; baseline -0.001 -8"><span class='ocrx_word' id='word_1_690' title='bbox 968 1896 1074 1924; x_wconf 68' lang='lat' dir='ltr'><strong>stantiae</strong></span> <span class='ocrx_word' id='word_1_691' title='bbox 1089 1895 1271 1931; x_wconf 76' lang='lat' dir='ltr'><strong>[hypostases]</strong></span> <span class='ocrx_word' id='word_1_692' title='bbox 1285 1895 1337 1922; x_wconf 92' lang='lat' dir='ltr'><strong>erit</strong></span> <span class='ocrx_word' id='word_1_693' title='bbox 1350 1895 1441 1928; x_wconf 85' lang='lat' dir='ltr'><strong>Pater,</strong></span> <span class='ocrx_word' id='word_1_694' title='bbox 1459 1895 1585 1930; x_wconf 79' lang='lat' dir='ltr'><strong>gignendi</strong></span> <span class='ocrx_word' id='word_1_695' title='bbox 1600 1895 1703 1922; x_wconf 84' lang='lat' dir='ltr'><strong>scilicet</strong></span> <span class='ocrx_word' id='word_1_696' title='bbox 1714 1902 1745 1922; x_wconf 88' lang='lat' dir='ltr'><strong>ac</strong></span> 
     </span>
    </p>
   </div>
   <div class='ocr_carea' id='block_1_102' title="bbox 968 1939 1747 1974">
    <p class='ocr_par' dir='ltr' id='par_1_102' title="bbox 968 1939 1747 1974">
     <span class='ocr_line' id='line_1_102' title="bbox 968 1939 1747 1974; baseline -0.003 -7"><span class='ocrx_word' id='word_1_697' title='bbox 968 1940 1132 1974; x_wconf 85' lang='lat' dir='ltr'><strong>producendi</strong></span> <span class='ocrx_word' id='word_1_698' title='bbox 1155 1940 1258 1967; x_wconf 87' lang='lat' dir='ltr'><strong>ratione</strong></span> <span class='ocrx_word' id='word_1_699' title='bbox 1274 1948 1281 1967; x_wconf 92' lang='lat'>:</span> <span class='ocrx_word' id='word_1_700' title='bbox 1298 1940 1339 1967; x_wconf 91' lang='lat' dir='ltr'><strong>sin</strong></span> <span class='ocrx_word' id='word_1_701' title='bbox 1357 1947 1420 1967; x_wconf 89' lang='lat' dir='ltr'><strong>vero</strong></span> <span class='ocrx_word' id='word_1_702' title='bbox 1432 1940 1488 1966; x_wconf 69' lang='lat' dir='ltr'><strong>haec</strong></span> <span class='ocrx_word' id='word_1_703' title='bbox 1509 1940 1536 1966; x_wconf 91' lang='lat' dir='ltr'><strong>iu</strong></span> <span class='ocrx_word' id='word_1_704' title='bbox 1550 1939 1628 1966; x_wconf 86' lang='lat' dir='ltr'><strong>Patre</strong></span> <span class='ocrx_word' id='word_1_705' title='bbox 1648 1940 1747 1966; x_wconf 82' lang='lat' dir='ltr'><strong>discre—</strong></span> 
     </span>
    </p>
   </div>
   <div class='ocr_carea' id='block_1_103' title="bbox 969 1984 1746 2019">
    <p class='ocr_par' dir='ltr' id='par_1_103' title="bbox 969 1984 1746 2019">
     <span class='ocr_line' id='line_1_103' title="bbox 969 1984 1746 2019; baseline -0.001 -7"><span class='ocrx_word' id='word_1_706' title='bbox 969 1986 1050 2013; x_wconf 88' lang='lat' dir='ltr'><strong>tiouis</strong></span> <span class='ocrx_word' id='word_1_707' title='bbox 1074 1993 1157 2014; x_wconf 87' lang='lat' dir='ltr'><strong>causa</strong></span> <span class='ocrx_word' id='word_1_708' title='bbox 1185 1993 1236 2013; x_wconf 95' lang='lat' dir='ltr'><strong>uon</strong></span> <span class='ocrx_word' id='word_1_709' title='bbox 1263 1986 1328 2018; x_wconf 87' lang='lat' dir='ltr'><strong>sint,</strong></span> <span class='ocrx_word' id='word_1_710' title='bbox 1354 1992 1441 2019; x_wconf 88' lang='lat' dir='ltr'><strong>neque</strong></span> <span class='ocrx_word' id='word_1_711' title='bbox 1467 1984 1552 2012; x_wconf 83' lang='lat' dir='ltr'><strong>Filius</strong></span> <span class='ocrx_word' id='word_1_712' title='bbox 1576 1989 1604 2012; x_wconf 86' lang='lat' dir='ltr'><strong>et</strong></span> <span class='ocrx_word' id='word_1_713' title='bbox 1628 1985 1746 2019; x_wconf 88' lang='lat' dir='ltr'><strong>Spiritus</strong></span> 
     </span>
    </p>
   </div>
   <div class='ocr_carea' id='block_1_104' title="bbox 968 2031 1745 2066">
    <p class='ocr_par' dir='ltr' id='par_1_104' title="bbox 968 2031 1745 2066">
     <span class='ocr_line' id='line_1_104' title="bbox 968 2031 1745 2066; baseline 0 -8"><span class='ocrx_word' id='word_1_714' title='bbox 968 2031 1113 2064; x_wconf 86' lang='lat' dir='ltr'><strong>nascendi,</strong></span> <span class='ocrx_word' id='word_1_715' title='bbox 1141 2031 1356 2066; x_wconf 83' lang='lat' dir='ltr'><strong>procedendique</strong></span> <span class='ocrx_word' id='word_1_716' title='bbox 1376 2031 1480 2058; x_wconf 85' lang='lat' dir='ltr'><strong>ratione</strong></span> <span class='ocrx_word' id='word_1_717' title='bbox 1505 2035 1616 2066; x_wconf 87' lang='lat' dir='ltr'><strong>propter</strong></span> <span class='ocrx_word' id='word_1_718' title='bbox 1639 2031 1745 2059; x_wconf 87' lang='lat' dir='ltr'><strong>easdem</strong></span> 
     </span>
    </p>
   </div>
   <div class='ocr_carea' id='block_1_105' title="bbox 968 2076 1747 2104">
    <p class='ocr_par' dir='ltr' id='par_1_105' title="bbox 968 2076 1747 2104">
     <span class='ocr_line' id='line_1_105' title="bbox 968 2076 1747 2104; baseline -0.003 0"><span class='ocrx_word' id='word_1_719' title='bbox 968 2084 1063 2104; x_wconf 84' lang='lat' dir='ltr'><strong>causas</strong></span> <span class='ocrx_word' id='word_1_720' title='bbox 1088 2076 1276 2104; x_wconf 89' lang='lat' dir='ltr'><strong>discernentur</strong></span> <span class='ocrx_word' id='word_1_721' title='bbox 1299 2077 1332 2103; x_wconf 85' lang='lat' dir='ltr'><strong>ab</strong></span> <span class='ocrx_word' id='word_1_722' title='bbox 1357 2076 1472 2103; x_wconf 87' lang='lat' dir='ltr'><strong>invicem</strong></span> <span class='ocrx_word' id='word_1_723' title='bbox 1496 2076 1558 2103; x_wconf 86' lang='lat' dir='ltr'><strong>:sic</strong></span> <span class='ocrx_word' id='word_1_724' title='bbox 1582 2081 1670 2103; x_wconf 91' lang='lat' dir='ltr'><strong>autem</strong></span> <span class='ocrx_word' id='word_1_725' title='bbox 1696 2077 1747 2103; x_wconf 87' lang='lat' dir='ltr'><strong>erit</strong></span> 
     </span>
    </p>
   </div>
   <div class='ocr_carea' id='block_1_106' title="bbox 968 2121 1745 2157">
    <p class='ocr_par' dir='ltr' id='par_1_106' title="bbox 968 2121 1745 2157">
     <span class='ocr_line' id='line_1_106' title="bbox 968 2121 1745 2157; baseline -0.001 -8"><span class='ocrx_word' id='word_1_726' title='bbox 968 2130 1018 2149; x_wconf 84' lang='lat' dir='ltr'><strong>uua</strong></span> <span class='ocrx_word' id='word_1_727' title='bbox 1041 2129 1158 2157; x_wconf 87' lang='lat' dir='ltr'><strong>persona</strong></span> <span class='ocrx_word' id='word_1_728' title='bbox 1179 2122 1263 2149; x_wconf 86' lang='lat' dir='ltr'><strong>Filius</strong></span> <span class='ocrx_word' id='word_1_729' title='bbox 1281 2128 1307 2150; x_wconf 91' lang='lat' dir='ltr'><strong>et</strong></span> <span class='ocrx_word' id='word_1_730' title='bbox 1332 2122 1447 2157; x_wconf 92' lang='lat' dir='ltr'><strong>Spiritus</strong></span> <span class='ocrx_word' id='word_1_731' title='bbox 1468 2127 1587 2150; x_wconf 85' lang='lat' dir='ltr'><strong>sanctus.</strong></span> <span class='ocrx_word' id='word_1_732' title='bbox 1601 2121 1658 2148; x_wconf 84' lang='lat' dir='ltr'><strong>Non</strong></span> <span class='ocrx_word' id='word_1_733' title='bbox 1675 2123 1745 2149; x_wconf 87' lang='lat' dir='ltr'><strong>enim</strong></span> 
     </span>
    </p>
   </div>
   <div class='ocr_carea' id='block_1_107' title="bbox 968 2167 1745 2202">
    <p class='ocr_par' dir='ltr' id='par_1_107' title="bbox 968 2167 1745 2202">
     <span class='ocr_line' id='line_1_107' title="bbox 968 2167 1745 2202; baseline -0.003 -7"><span class='ocrx_word' id='word_1_734' title='bbox 968 2169 1057 2195; x_wconf 65' lang='lat' dir='ltr'><strong>dicae</strong></span> <span class='ocrx_word' id='word_1_735' title='bbox 1081 2175 1238 2202; x_wconf 88' lang='lat' dir='ltr'><strong>possumus,</strong></span> <span class='ocrx_word' id='word_1_736' title='bbox 1254 2175 1314 2195; x_wconf 88' lang='lat' dir='ltr'><strong>esse</strong></span> <span class='ocrx_word' id='word_1_737' title='bbox 1332 2168 1433 2202; x_wconf 89' lang='lat' dir='ltr'><strong>aliquid</strong></span> <span class='ocrx_word' id='word_1_738' title='bbox 1455 2168 1481 2194; x_wconf 91' lang='lat' dir='ltr'><strong>iu</strong></span> <span class='ocrx_word' id='word_1_739' title='bbox 1494 2168 1635 2201; x_wconf 85' lang='lat' dir='ltr'><strong>productis</strong></span> <span class='ocrx_word' id='word_1_740' title='bbox 1651 2168 1701 2194; x_wconf 91' lang='lat' dir='ltr'><strong>hoc</strong></span> <span class='ocrx_word' id='word_1_741' title='bbox 1720 2167 1745 2193; x_wconf 92' lang='lat' dir='ltr'><strong>in</strong></span> 
     </span>
    </p>
   </div>
   <div class='ocr_carea' id='block_1_108' title="bbox 970 2213 1747 2246">
    <p class='ocr_par' dir='ltr' id='par_1_108' title="bbox 970 2213 1747 2246">
     <span class='ocr_line' id='line_1_108' title="bbox 970 2213 1747 2246; baseline 0.001 -7"><span class='ocrx_word' id='word_1_742' title='bbox 970 2213 1029 2242; x_wconf 89' lang='lat' dir='ltr'><strong>loco</strong></span> <span class='ocrx_word' id='word_1_743' title='bbox 1048 2213 1221 2241; x_wconf 87' lang='lat' dir='ltr'><strong>discretionis</strong></span> <span class='ocrx_word' id='word_1_744' title='bbox 1236 2221 1358 2246; x_wconf 87' lang='lat' dir='ltr'><strong>causam,</strong></span> <span class='ocrx_word' id='word_1_745' title='bbox 1384 2214 1454 2241; x_wconf 86' lang='lat' dir='ltr'><strong>sicut</strong></span> <span class='ocrx_word' id='word_1_746' title='bbox 1478 2214 1504 2240; x_wconf 93' lang='lat' dir='ltr'><strong>in</strong></span> <span class='ocrx_word' id='word_1_747' title='bbox 1531 2213 1626 2241; x_wconf 89' lang='lat' dir='ltr'><strong>lectulo</strong></span> <span class='ocrx_word' id='word_1_748' title='bbox 1641 2218 1667 2240; x_wconf 88' lang='lat' dir='ltr'><strong>et</strong></span> <span class='ocrx_word' id='word_1_749' title='bbox 1692 2213 1747 2240; x_wconf 84' lang='lat' dir='ltr'><strong>ﬁlio</strong></span> 
     </span>
    </p>
   </div>
   <div class='ocr_carea' id='block_1_109' title="bbox 969 2259 1746 2294">
    <p class='ocr_par' dir='ltr' id='par_1_109' title="bbox 969 2259 1746 2294">
     <span class='ocr_line' id='line_1_109' title="bbox 969 2259 1746 2294; baseline -0.001 -8"><span class='ocrx_word' id='word_1_750' title='bbox 969 2260 1126 2286; x_wconf 88' lang='lat' dir='ltr'><strong>discernens</strong></span> <span class='ocrx_word' id='word_1_751' title='bbox 1140 2263 1235 2286; x_wconf 82' lang='lat' dir='ltr'><strong>natura</strong></span> <span class='ocrx_word' id='word_1_752' title='bbox 1249 2259 1386 2291; x_wconf 73' lang='lat' dir='ltr'><strong>ditierens,</strong></span> <span class='ocrx_word' id='word_1_753' title='bbox 1404 2259 1475 2294; x_wconf 88' lang='lat' dir='ltr'><strong>quod</strong></span> <span class='ocrx_word' id='word_1_754' title='bbox 1493 2259 1519 2286; x_wconf 92' lang='lat' dir='ltr'><strong>iu</strong></span> <span class='ocrx_word' id='word_1_755' title='bbox 1535 2264 1611 2294; x_wconf 92' lang='lat' dir='ltr'><strong>patre</strong></span> <span class='ocrx_word' id='word_1_756' title='bbox 1629 2267 1680 2286; x_wconf 89' lang='lat' dir='ltr'><strong>nou</strong></span> <span class='ocrx_word' id='word_1_757' title='bbox 1696 2264 1746 2285; x_wconf 87' lang='lat' dir='ltr'><strong>est.</strong></span> 
     </span>
    </p>
   </div>
   <div class='ocr_carea' id='block_1_110' title="bbox 970 2305 1749 2339">
    <p class='ocr_par' dir='ltr' id='par_1_110' title="bbox 970 2305 1749 2339">
     <span class='ocr_line' id='line_1_110' title="bbox 970 2305 1749 2339; baseline -0.001 -7"><span class='ocrx_word' id='word_1_758' title='bbox 970 2305 1027 2332; x_wconf 88' lang='lat' dir='ltr'><strong>Una</strong></span> <span class='ocrx_word' id='word_1_759' title='bbox 1042 2305 1113 2332; x_wconf 90' lang='lat' dir='ltr'><strong>enim</strong></span> <span class='ocrx_word' id='word_1_760' title='bbox 1129 2306 1210 2332; x_wconf 90' lang='lat' dir='ltr'><strong>trium</strong></span> <span class='ocrx_word' id='word_1_761' title='bbox 1225 2306 1354 2338; x_wconf 87' lang='lat' dir='ltr'><strong>essentia,</strong></span> <span class='ocrx_word' id='word_1_762' title='bbox 1367 2313 1399 2333; x_wconf 87' lang='lat' dir='ltr'><strong>ac</strong></span> <span class='ocrx_word' id='word_1_763' title='bbox 1417 2311 1513 2332; x_wconf 85' lang='lat' dir='ltr'><strong>natura</strong></span> <span class='ocrx_word' id='word_1_764' title='bbox 1529 2310 1580 2338; x_wconf 94' lang='lat' dir='ltr'><strong>est,</strong></span> <span class='ocrx_word' id='word_1_765' title='bbox 1603 2313 1634 2333; x_wconf 89' lang='lat' dir='ltr'><strong>ac</strong></span> <span class='ocrx_word' id='word_1_766' title='bbox 1652 2311 1749 2339; x_wconf 74' lang='lat' dir='ltr'><strong>pra-ter</strong></span> 
     </span>
    </p>
   </div>
   <div class='ocr_carea' id='block_1_111' title="bbox 969 2351 1747 2386">
    <p class='ocr_par' dir='ltr' id='par_1_111' title="bbox 969 2351 1747 2386">
     <span class='ocr_line' id='line_1_111' title="bbox 969 2351 1747 2386; baseline -0.001 -8"><span class='ocrx_word' id='word_1_767' title='bbox 969 2351 1160 2383; x_wconf 86' lang='lat' dir='ltr'><strong>differentiam,</strong></span> <span class='ocrx_word' id='word_1_768' title='bbox 1173 2359 1233 2386; x_wconf 75' lang='lat' dir='ltr'><strong>qua:</strong></span> <span class='ocrx_word' id='word_1_769' title='bbox 1243 2352 1389 2378; x_wconf 90' lang='lat' dir='ltr'><strong>secundum</strong></span> <span class='ocrx_word' id='word_1_770' title='bbox 1409 2359 1517 2379; x_wconf 86' lang='lat' dir='ltr'><strong>causam</strong></span> <span class='ocrx_word' id='word_1_771' title='bbox 1533 2356 1560 2379; x_wconf 92' lang='lat' dir='ltr'><strong>et</strong></span> <span class='ocrx_word' id='word_1_772' title='bbox 1576 2351 1683 2380; x_wconf 83' lang='lat' dir='ltr'><strong>causale</strong></span> <span class='ocrx_word' id='word_1_773' title='bbox 1695 2357 1747 2383; x_wconf 85' lang='lat' dir='ltr'><strong>est,</strong></span> 
     </span>
    </p>
   </div>
   <div class='ocr_carea' id='block_1_112' title="bbox 969 2396 1431 2431">
    <p class='ocr_par' dir='ltr' id='par_1_112' title="bbox 969 2396 1431 2431">
     <span class='ocr_line' id='line_1_112' title="bbox 969 2396 1431 2431; baseline -0.002 -7"><span class='ocrx_word' id='word_1_774' title='bbox 969 2397 1054 2424; x_wconf 85' lang='lat' dir='ltr'><strong>sancti</strong></span> <span class='ocrx_word' id='word_1_775' title='bbox 1068 2397 1166 2424; x_wconf 92' lang='lat' dir='ltr'><strong>nullam</strong></span> <span class='ocrx_word' id='word_1_776' title='bbox 1179 2396 1257 2423; x_wconf 84' lang='lat' dir='ltr'><strong>aliaat</strong></span> <span class='ocrx_word' id='word_1_777' title='bbox 1270 2397 1431 2431; x_wconf 81' lang='lat' dir='ltr'><strong>intelligunt.</strong></span> 
     </span>
    </p>
   </div>
   <div class='ocr_carea' id='block_1_113' title="bbox 1004 2442 1748 2477">
    <p class='ocr_par' dir='ltr' id='par_1_113' title="bbox 1004 2442 1748 2477">
     <span class='ocr_line' id='line_1_113' title="bbox 1004 2442 1748 2477; baseline -0.003 -7"><span class='ocrx_word' id='word_1_778' title='bbox 1004 2443 1136 2476; x_wconf 82' lang='lat' dir='ltr'><strong>Quoniam</strong></span> <span class='ocrx_word' id='word_1_779' title='bbox 1163 2442 1245 2477; x_wconf 86' lang='lat' dir='ltr'><strong>igitur</strong></span> <span class='ocrx_word' id='word_1_780' title='bbox 1261 2443 1382 2477; x_wconf 82' lang='lat' dir='ltr'><strong>gignere,</strong></span> <span class='ocrx_word' id='word_1_781' title='bbox 1400 2450 1432 2469; x_wconf 88' lang='lat' dir='ltr'><strong>ac</strong></span> <span class='ocrx_word' id='word_1_782' title='bbox 1451 2443 1598 2476; x_wconf 75' lang='lat' dir='ltr'><strong>producere</strong></span> <span class='ocrx_word' id='word_1_783' title='bbox 1614 2443 1637 2468; x_wconf 94' lang='lat' dir='ltr'><strong>in</strong></span> <span class='ocrx_word' id='word_1_784' title='bbox 1661 2442 1748 2468; x_wconf 78' lang='lat' dir='ltr'><strong>Patris</strong></span> 
     </span>
    </p>
   </div>
   <div class='ocr_carea' id='block_1_114' title="bbox 970 2488 1749 2522">
    <p class='ocr_par' dir='ltr' id='par_1_114' title="bbox 970 2488 1749 2522">
     <span class='ocr_line' id='line_1_114' title="bbox 970 2488 1749 2522; baseline 0 -8"><span class='ocrx_word' id='word_1_785' title='bbox 970 2493 1065 2516; x_wconf 89' lang='lat' dir='ltr'><strong>natura</strong></span> <span class='ocrx_word' id='word_1_786' title='bbox 1088 2496 1148 2516; x_wconf 89' lang='lat' dir='ltr'><strong>cum</strong></span> <span class='ocrx_word' id='word_1_787' title='bbox 1173 2489 1238 2521; x_wconf 90' lang='lat' dir='ltr'><strong>sint,</strong></span> <span class='ocrx_word' id='word_1_788' title='bbox 1265 2488 1372 2515; x_wconf 87' lang='lat' dir='ltr'><strong>Patrem</strong></span> <span class='ocrx_word' id='word_1_789' title='bbox 1400 2489 1425 2514; x_wconf 95' lang='lat' dir='ltr'><strong>iu</strong></span> <span class='ocrx_word' id='word_1_790' title='bbox 1447 2489 1514 2515; x_wconf 75' lang='lat' dir='ltr'><strong>duas</strong></span> <span class='ocrx_word' id='word_1_791' title='bbox 1538 2496 1668 2522; x_wconf 76' lang='lat' dir='ltr'><strong>personas</strong></span> <span class='ocrx_word' id='word_1_792' title='bbox 1697 2497 1749 2514; x_wconf 85' lang='lat' dir='ltr'><strong>non</strong></span> 
     </span>
    </p>
   </div>
   <div class='ocr_carea' id='block_1_115' title="bbox 969 2533 1747 2569">
    <p class='ocr_par' dir='ltr' id='par_1_115' title="bbox 969 2533 1747 2569">
     <span class='ocr_line' id='line_1_115' title="bbox 969 2533 1747 2569; baseline -0.004 -7"><span class='ocrx_word' id='word_1_793' title='bbox 969 2535 1127 2562; x_wconf 78' lang='lat' dir='ltr'><strong>discernunt</strong></span> <span class='ocrx_word' id='word_1_794' title='bbox 1147 2543 1154 2561; x_wconf 86' lang='lat'><strong>:</strong></span> <span class='ocrx_word' id='word_1_795' title='bbox 1175 2535 1289 2566; x_wconf 87' lang='lat' dir='ltr'><strong>idcirco,</strong></span> <span class='ocrx_word' id='word_1_796' title='bbox 1306 2542 1391 2569; x_wconf 85' lang='lat' dir='ltr'><strong>neque</strong></span> <span class='ocrx_word' id='word_1_797' title='bbox 1407 2534 1434 2561; x_wconf 92' lang='lat' dir='ltr'><strong>in</strong></span> <span class='ocrx_word' id='word_1_798' title='bbox 1451 2533 1522 2566; x_wconf 84' lang='lat' dir='ltr'><strong>Filii,</strong></span> <span class='ocrx_word' id='word_1_799' title='bbox 1539 2541 1570 2560; x_wconf 89' lang='lat' dir='ltr'><strong>ac</strong></span> <span class='ocrx_word' id='word_1_800' title='bbox 1585 2535 1670 2561; x_wconf 85' lang='lat' dir='ltr'><strong>sancti</strong></span> <span class='ocrx_word' id='word_1_801' title='bbox 1687 2534 1747 2568; x_wconf 79' lang='lat' dir='ltr'><strong>Spi-</strong></span> 
     </span>
    </p>
   </div>
   <div class='ocr_carea' id='block_1_116' title="bbox 970 2579 1749 2612">
    <p class='ocr_par' dir='ltr' id='par_1_116' title="bbox 970 2579 1749 2612">
     <span class='ocr_line' id='line_1_116' title="bbox 970 2579 1749 2612; baseline -0.003 -6"><span class='ocrx_word' id='word_1_802' title='bbox 970 2580 1037 2606; x_wconf 89' lang='lat' dir='ltr'><strong>ritus</strong></span> <span class='ocrx_word' id='word_1_803' title='bbox 1057 2585 1153 2606; x_wconf 83' lang='lat' dir='ltr'><strong>natura</strong></span> <span class='ocrx_word' id='word_1_804' title='bbox 1179 2580 1267 2611; x_wconf 90' lang='lat' dir='ltr'><strong>nasci,</strong></span> <span class='ocrx_word' id='word_1_805' title='bbox 1291 2587 1323 2606; x_wconf 84' lang='lat' dir='ltr'><strong>ac</strong></span> <span class='ocrx_word' id='word_1_806' title='bbox 1346 2580 1494 2612; x_wconf 82' lang='lat' dir='ltr'><strong>precedere</strong></span> <span class='ocrx_word' id='word_1_807' title='bbox 1519 2586 1580 2605; x_wconf 86' lang='lat' dir='ltr'><strong>cum</strong></span> <span class='ocrx_word' id='word_1_808' title='bbox 1603 2579 1648 2609; x_wconf 85' lang='lat' dir='ltr'><strong>sit,</strong></span> <span class='ocrx_word' id='word_1_809' title='bbox 1677 2579 1749 2612; x_wconf 78' lang='lat' dir='ltr'><strong>ipsos</strong></span> 
     </span>
    </p>
   </div>
   <div class='ocr_carea' id='block_1_117' title="bbox 969 2624 1749 2660">
    <p class='ocr_par' dir='ltr' id='par_1_117' title="bbox 969 2624 1749 2660">
     <span class='ocr_line' id='line_1_117' title="bbox 969 2624 1749 2660; baseline -0.004 -8"><span class='ocrx_word' id='word_1_810' title='bbox 969 2627 1114 2656; x_wconf 83' lang='lat' dir='ltr'><strong>discernet,</strong></span> <span class='ocrx_word' id='word_1_811' title='bbox 1131 2626 1181 2652; x_wconf 90' lang='lat' dir='ltr'><strong>nisi</strong></span> <span class='ocrx_word' id='word_1_812' title='bbox 1197 2626 1270 2652; x_wconf 90' lang='lat' dir='ltr'><strong>aliud</strong></span> <span class='ocrx_word' id='word_1_813' title='bbox 1286 2625 1447 2660; x_wconf 84' lang='lat' dir='ltr'><strong>adjiciatur;</strong></span> <span class='ocrx_word' id='word_1_814' title='bbox 1464 2626 1515 2652; x_wconf 90' lang='lat' dir='ltr'><strong>hoc</strong></span> <span class='ocrx_word' id='word_1_815' title='bbox 1529 2629 1581 2657; x_wconf 86' lang='lat' dir='ltr'><strong>est,</strong></span> <span class='ocrx_word' id='word_1_816' title='bbox 1596 2624 1645 2651; x_wconf 90' lang='lat' dir='ltr'><strong>nisi</strong></span> <span class='ocrx_word' id='word_1_817' title='bbox 1666 2632 1749 2657; x_wconf 88' lang='lat' dir='ltr'><strong>oppo—</strong></span> 
     </span>
    </p>
   </div>
   <div class='ocr_carea' id='block_1_118' title="bbox 969 2668 1750 2704">
    <p class='ocr_par' dir='ltr' id='par_1_118' title="bbox 969 2668 1750 2704">
     <span class='ocr_line' id='line_1_118' title="bbox 969 2668 1750 2704; baseline 0 -8"><span class='ocrx_word' id='word_1_818' title='bbox 969 2671 1094 2698; x_wconf 84' lang='lat' dir='ltr'><strong>sitionem</strong></span> <span class='ocrx_word' id='word_1_819' title='bbox 1113 2671 1229 2697; x_wconf 82' lang='lat' dir='ltr'><strong>habeant</strong></span> <span class='ocrx_word' id='word_1_820' title='bbox 1243 2670 1276 2697; x_wconf 88' lang='lat' dir='ltr'><strong>ad</strong></span> <span class='ocrx_word' id='word_1_821' title='bbox 1293 2670 1417 2698; x_wconf 87' lang='lat' dir='ltr'><strong>invicem.</strong></span> <span class='ocrx_word' id='word_1_822' title='bbox 1436 2670 1514 2698; x_wconf 86' lang='lat' dir='ltr'><strong>Unde</strong></span> <span class='ocrx_word' id='word_1_823' title='bbox 1530 2670 1574 2704; x_wconf 85' lang='lat' dir='ltr'><strong>qui</strong></span> <span class='ocrx_word' id='word_1_824' title='bbox 1599 2676 1646 2695; x_wconf 88' lang='lat' dir='ltr'><strong>cos</strong></span> <span class='ocrx_word' id='word_1_825' title='bbox 1668 2668 1750 2696; x_wconf 74' lang='lat' dir='ltr'><strong>variis</strong></span> 
     </span>
    </p>
   </div>
   <div class='ocr_carea' id='block_1_119' title="bbox 971 2715 1749 2750">
    <p class='ocr_par' dir='ltr' id='par_1_119' title="bbox 971 2715 1749 2750">
     <span class='ocr_line' id='line_1_119' title="bbox 971 2715 1749 2750; baseline -0.001 -9"><span class='ocrx_word' id='word_1_826' title='bbox 971 2717 1152 2750; x_wconf 83' lang='lat' dir='ltr'><strong>processibus,</strong></span> <span class='ocrx_word' id='word_1_827' title='bbox 1164 2716 1292 2746; x_wconf 82' lang='lat' dir='ltr'><strong>nascendi</strong></span> <span class='ocrx_word' id='word_1_828' title='bbox 1305 2716 1410 2743; x_wconf 82' lang='lat' dir='ltr'><strong>scilicet</strong></span> <span class='ocrx_word' id='word_1_829' title='bbox 1419 2724 1447 2742; x_wconf 88' lang='lat' dir='ltr'><strong>ac</strong></span> <span class='ocrx_word' id='word_1_830' title='bbox 1458 2715 1620 2749; x_wconf 74' lang='lat' dir='ltr'><strong>procedendi</strong></span> <span class='ocrx_word' id='word_1_831' title='bbox 1634 2715 1749 2740; x_wconf 78' lang='lat' dir='ltr'><strong>discerni</strong></span> 
     </span>
    </p>
   </div>
   <div class='ocr_carea' id='block_1_120' title="bbox 971 2760 1749 2795">
    <p class='ocr_par' dir='ltr' id='par_1_120' title="bbox 971 2760 1749 2795">
     <span class='ocr_line' id='line_1_120' title="bbox 971 2760 1749 2795; baseline -0.005 -7"><span class='ocrx_word' id='word_1_832' title='bbox 971 2763 1108 2792; x_wconf 74' lang='lat' dir='ltr'><strong>dixerunt,</strong></span> <span class='ocrx_word' id='word_1_833' title='bbox 1126 2761 1166 2788; x_wconf 86' lang='lat' dir='ltr'><strong>vel</strong></span> <span class='ocrx_word' id='word_1_834' title='bbox 1190 2762 1378 2794; x_wconf 87' lang='lat' dir='ltr'><strong>personalibus</strong></span> <span class='ocrx_word' id='word_1_835' title='bbox 1402 2762 1612 2795; x_wconf 82' lang='lat' dir='ltr'><strong>proprietatibus</strong></span> <span class='ocrx_word' id='word_1_836' title='bbox 1638 2760 1749 2786; x_wconf 67' lang='lat' dir='ltr'><strong>relatitc</strong></span> 
     </span>
    </p>
   </div>
   <div class='ocr_carea' id='block_1_121' title="bbox 971 2802 1749 2842">
    <p class='ocr_par' dir='ltr' id='par_1_121' title="bbox 971 2802 1749 2842">
     <span class='ocr_line' id='line_1_121' title="bbox 971 2802 1749 2842; baseline -0.005 -7"><span class='ocrx_word' id='word_1_837' title='bbox 971 2808 1021 2835; x_wconf 84' lang='lat' dir='ltr'><strong>sibi</strong></span> <span class='ocrx_word' id='word_1_838' title='bbox 1034 2802 1147 2834; x_wconf 79' lang='lat' dir='ltr'><strong>invicem</strong></span> <span class='ocrx_word' id='word_1_839' title='bbox 1167 2808 1263 2842; x_wconf 82' lang='lat' dir='ltr'><strong>oppani</strong></span> <span class='ocrx_word' id='word_1_840' title='bbox 1281 2807 1440 2842; x_wconf 79' lang='lat' dir='ltr'><strong>intelligunt,</strong></span> <span class='ocrx_word' id='word_1_841' title='bbox 1457 2812 1483 2834; x_wconf 90' lang='lat' dir='ltr'><strong>ut</strong></span> <span class='ocrx_word' id='word_1_842' title='bbox 1500 2807 1599 2833; x_wconf 80' lang='lat' dir='ltr'><strong>titClttltt</strong></span> <span class='ocrx_word' id='word_1_843' title='bbox 1614 2811 1662 2831; x_wconf 60' lang='grc' dir='ltr'>νει.</span> <span class='ocrx_word' id='word_1_844' title='bbox 1679 2804 1749 2835; x_wconf 51' lang='lat' dir='ltr'><strong>Subv-</strong></span> 
     </span>
    </p>
   </div>
  </div>
