1934 3063
226 126 278 159 153

766 128 965 158 ADVERSUS
979 128 1137 157 CILECOS
1152 129 1224 159 LIB.
1250 129 1304 159 Ill.

1790 130 1841 162 154

225 182 367 209 stantiales
386 183 460 208 rnitu
483 189 545 208 cum
566 182 622 209 sint
642 182 802 210 substantia?
817 191 873 210 suae
889 183 1006 210 indicant
1024 183 1045 211 Α
1061 184 1134 210 tione
1160 184 1193 210 ad
1221 184 1369 216 spirantem
1396 182 1560 216 subsistens,
1579 184 1631 212 nisi
1657 184 1803 219 inspiretur
1825 194 1840 212 a

227 227 356 258 medium,
372 227 529 254 substantiae
544 233 632 254 autem
647 229 740 254 modus
755 229 842 255 solum
862 229 1008 255 secundum

226 281 336 300 causam
357 279 384 300 et
399 274 507 300 cansale
523 277 642 304 constat.
660 281 755 306 nempe
780 274 863 306 enim,
881 274 1007 308 quoniam

225 319 253 345 iu
271 319 327 346 sola
343 327 426 346 causa
441 324 468 346 et
490 319 591 346 causali
607 319 711 346 divinas
726 327 857 353 personas
879 320 1009 354 distingui

227 364 329 390 dictum
354 367 405 395 est,
435 363 519 397 liquet
542 363 669 398 quoniam
695 363 739 390 ubi
766 363 860 391 relatio
878 371 931 391 non
956 369 1008 396 est,

228 416 316 442 neque
331 408 460 435 discretio
475 409 539 435 erit.
553 408 647 443 Itaque
662 409 693 435 ad
712 417 794 444 quam
815 410 933 437 refertur
948 417 1009 444 per-

227 462 355 482 senarnm
371 454 510 488 quzclibet,
533 454 566 480 ab
589 454 632 480 illa
650 454 705 481 sola
728 456 809 482 etiam
831 455 1008 490 personaliter

228 500 403 526 discernitur.
420 499 490 534 Ergo
507 504 534 526 et
546 498 702 526 differentes
721 499 754 526 ad
771 500 876 526 Patrem
898 500 957 527 Filii
976 507 1008 526 ac

229 545 347 578 Spiritus
361 544 517 575 relationes,
531 552 578 571 eos
598 552 614 571 a
636 544 713 571 Patre
730 545 816 572 solum
838 546 1006 577 discernunt,

229 597 281 616 non
306 594 395 616 autem
426 589 459 616 ad
485 590 618 622 invicem,
643 590 696 618 nisi
727 590 808 617 etiam
834 592 867 617 ad
893 590 1006 618 invicem

230 636 394 662 referantur.

262 680 395 707 Praeterea
408 679 429 707 si
444 681 578 707 nascendo
590 687 604 706 a
618 679 720 714 Spiritu
736 684 830 707 sancto
842 680 1007 708 discernitur

228 725 322 758 Filius,
346 726 477 752 discretio
499 730 588 752 autem
605 726 631 752 in
649 726 773 760 personis
792 726 891 753 divinis
908 733 1006 753 secun-

227 772 290 798 dum
307 771 445 805 oppositas
462 771 606 798 relationes
617 776 668 804 est,
681 776 709 798 ut
723 772 837 799 diximus
850 779 857 798 :
869 772 1006 804 nativitas,

227 819 255 845 in
279 821 410 851 quantum
428 817 557 844 nativitas
581 817 615 844 ad
632 817 845 851 processionem,
872 819 948 852 quasi
973 817 1005 844 ad

1062 228 1138 260 Filio,
1166 228 1200 254 ab
1226 228 1271 254 illo
1297 228 1474 262 personaliter
1501 236 1552 256 non
1578 229 1695 262 differet,
1715 231 1762 257 sed
1789 239 1842 258 una

1060 281 1120 299 c.qu
1139 273 1183 300 illo
1205 280 1318 306 persona
1334 273 1386 299 erit
1412 273 1567 301 differentes
1592 275 1694 302 habens
1710 277 1841 310 rationes,

1060 323 1089 344 ut
1103 323 1144 344 est
1168 317 1242 344 nasci
1259 323 1284 344 et
1307 317 1445 351 inspirari,
1465 326 1496 345 eo
1514 319 1585 353 quod
1604 320 1704 347 nullam
1724 321 1841 348 habeant

1059 362 1091 387 ad
1107 362 1220 388 invicem
1237 362 1450 396 oppositiouem,
1470 368 1517 390 aut
1539 364 1660 392 habitum
1678 375 1685 393 :
1705 366 1758 397 vel,
1771 367 1842 393 sicut

1059 407 1118 433 duae
1148 406 1309 440 simpliciter
1337 406 1495 435 differentes
1527 414 1625 441 erunt,
1650 410 1842 445 habebuntque

1060 451 1236 478 differentiam
1249 451 1385 483 essentia,
1396 460 1449 478 non
1462 454 1630 487 personalem
1644 459 1759 488 tantum,
1771 457 1839 489 quod

1059 498 1165 530 penitus
1182 497 1326 524 absurdum
1342 502 1395 525 est.

1093 544 1186 574 Porro,
1208 542 1230 570 si
1252 543 1312 576 quis
1337 547 1431 577 pergat
1449 545 1628 577 contendere,
1643 546 1783 573 nativitate
1798 547 1843 574 Fi-

1059 588 1124 614 lium
1160 596 1213 615 non
1238 595 1251 614 a
1269 588 1348 614 Patre
1365 588 1462 620 solum.
1490 590 1536 616 sed
1555 590 1635 616 etiam
1654 590 1757 625 Spiritu
1783 592 1840 618 dis-

1058 633 1143 665 cerni,
1167 641 1201 660 ne
1216 633 1255 660 sic
1270 633 1379 665 quidem
1401 634 1521 668 effugiet,
1546 642 1581 662 ne
1595 635 1668 662 dicat
1684 641 1710 662 et
1727 643 1742 663 a
1772 637 1840 663 Filio

1058 679 1183 714 inspirari
1209 678 1337 713 Spiritum
1355 683 1478 706 sanctum
1494 688 1502 712 ;
1517 680 1616 714 quippe
1637 679 1697 707 Filii
1714 682 1842 708 terminus

1057 729 1108 756 est.
1128 729 1282 752 consortem
1306 728 1334 752 et
1356 725 1488 752 haeredcm
1512 732 1571 752 esse
1594 730 1769 760 paternorum
1784 735 1842 753 om-

1057 770 1132 796 nium
1154 771 1296 798 bonorum.
1318 769 1410 804 Itaque
1430 777 1489 796 cum
1510 771 1614 798 creteris
1640 777 1654 796 a
1675 770 1756 797 Patre
1786 772 1838 798 sibi

1059 815 1176 849 Spiritus
1207 822 1315 849 quoque
1340 822 1421 841 causa
1449 815 1511 847 erit,
1536 822 1567 841 ac
1593 819 1733 849 propterea
1759 824 1842 843 causa

227 864 378 897 oppositam
396 863 555 891 relationem
572 865 726 891 reducetur.
743 863 801 894 Hoc,
812 870 901 892 autem
921 864 1007 898 possi~
1021 848 1044 877 Β
1058 860 1225 888 discernetur
1258 868 1273 887 a
1306 865 1399 888 sancto
1437 860 1537 895 Spiritu
1550 881 1558 894 ,
1585 869 1644 895 qua:
1656 880 1664 894 ,
1685 862 1713 888 in
1729 863 1843 889 termino

228 908 282 935 bile
302 915 354 935 non
372 912 424 935 est.
445 908 535 936 Solam
552 909 624 936 enim
647 909 680 935 ad
695 909 886 943 paternitatem
907 910 942 936 ita
960 911 1007 937 ha-

229 954 293 986 bet;
317 954 450 989 simulque
467 955 502 981 ita
519 955 569 982 erit
584 954 701 988 Spiritus
719 954 778 982 Filii
800 956 891 987 Pater,
910 955 1007 982 multa-

227 1006 280 1033 que
295 999 468 1034 impossibilia
482 1004 639 1033 sequentur.
654 1000 734 1034 Atqui
755 1007 844 1034 neque
858 1001 1007 1028 secundum

227 1044 453 1072 contradictionis
473 1045 672 1079 oppositionem
693 1046 765 1080 quod
782 1045 912 1076 nascitur,
926 1045 960 1072 ab
976 1052 1008 1072 eo

227 1088 298 1120 quod
311 1095 364 1114 non
381 1089 512 1121 nascitur,
528 1089 655 1123 distingui
673 1093 761 1123 potest
778 1097 785 1116 :
803 1089 901 1124 quippe
914 1088 1008 1124 hujus-

227 1133 300 1158 modi
315 1133 456 1165 discretio,
474 1141 525 1160 non
544 1138 584 1161 est
605 1134 663 1161 Filii
684 1138 712 1161 et
730 1134 859 1169 Spiritus,
881 1134 908 1161 in
923 1142 1008 1168 quan-

228 1181 283 1204 tum
301 1177 430 1212 Spiritus,
453 1186 540 1213 neque
553 1179 661 1214 propria
685 1180 780 1214 ipsius,
797 1182 842 1208 sed
857 1181 1008 1209 communis

226 1225 348 1251 omnium
369 1232 429 1259 qua:
449 1233 503 1252 non
528 1231 689 1254 nascuntur.
704 1226 790 1253 Simili
810 1227 881 1253 enim
903 1226 1008 1254 ratione

225 1269 307 1294 etiam
330 1269 363 1296 ad
385 1270 477 1296 omnia
501 1278 560 1304 qua:
583 1279 637 1297 non
659 1276 816 1303 nascuntur,
838 1272 1008 1299 discernetur

225 1314 320 1346 Filius,
339 1315 447 1350 eritque
463 1315 547 1343 Filius
571 1317 603 1343 ad
620 1316 762 1350 Spiritum,
781 1318 852 1344 sicut
867 1317 938 1352 quod
955 1323 1006 1351 est,

225 1359 260 1386 ab
276 1366 308 1386 eo
325 1361 397 1394 quod
413 1368 468 1388 non
484 1366 534 1394 est,
544 1361 719 1389 discernitur.
733 1361 786 1389 Sed
800 1367 826 1389 et
840 1364 889 1389 ista
904 1363 1007 1389 discre-

226 1405 265 1431 tio
291 1406 489 1440 substantialis,
508 1413 534 1435 et
559 1408 646 1442 prima
671 1415 725 1435 nou
751 1413 804 1436 est.
822 1407 1008 1442 Subjiciuntur

225 1450 325 1484 quippe
346 1451 463 1479 discreta
487 1453 634 1479 secundum
658 1453 830 1480 nativitatem
848 1461 880 1481 ac
897 1461 1007 1487 proces-

225 1495 328 1522 sionem
348 1503 355 1522 :
371 1495 423 1523 hoc
435 1500 487 1529 est,
503 1497 650 1524 secundum
667 1498 740 1532 quod
752 1498 824 1525 aliud
839 1499 945 1532 quidem
966 1503 1007 1526 est
1021 1508 1042 1536 ς

224 1539 286 1566 sine
302 1540 391 1566 medio
413 1548 446 1568 ex
461 1540 558 1575 primo,
576 1540 648 1568 aliud
662 1546 762 1574 autem,
780 1550 827 1576 per
841 1543 866 1569 id
881 1544 951 1577 quod
968 1549 1009 1570 est

224 1585 284 1611 sine
311 1586 402 1621 medio
429 1593 462 1613 ex
489 1587 588 1621 primo.
617 1586 648 1613 Et
677 1592 750 1614 certe
780 1589 851 1622 quod
878 1589 1008 1620 nascitur,

225 1637 278 1656 non
304 1634 347 1657 est
374 1631 446 1658 sicut
467 1631 492 1658 id
519 1631 589 1665 quod
619 1639 672 1658 non
701 1632 833 1665 nascitur,
859 1634 1006 1661 secundum

224 1675 329 1702 scilicet
359 1676 551 1704 discretionem
581 1681 696 1704 naturae.
723 1677 782 1704 Non
816 1685 881 1713 ergo
910 1679 1010 1706 sufficit

223 1721 448 1749 contradictionis
461 1722 604 1756 oppositio,
622 1730 669 1756 per
688 1730 718 1750 se
738 1723 893 1751 discernere
912 1732 1007 1758 perso-

224 1774 283 1794 uas.

260 1811 311 1855 Se‘d
335 1817 361 1839 et
382 1812 482 1845 dicere,
507 1820 587 1840 unam
609 1820 744 1847 quamque
768 1820 909 1847 personam
928 1814 955 1841 in
979 1822 1009 1842 se

225 1859 282 1891 ipsa
297 1866 344 1886 sua
362 1859 496 1893 personali
517 1859 680 1894 proprietate
693 1859 854 1893 subsistere,
871 1865 954 1895 atque
975 1862 1008 1888 ab

225 1903 286 1930 aliis
308 1904 435 1930 omnibus
453 1904 558 1930 abunde
578 1904 710 1938 separari,
727 1908 757 1931 ut
777 1908 803 1931 et
823 1906 963 1938 nativitas,
979 1911 1005 1932 et

226 1949 362 1982 processio
383 1949 442 1975 Filii
459 1955 491 1976 ac
513 1948 630 1983 Spiritus
649 1949 828 1984 proprietates
852 1949 884 1976 ad
900 1950 1007 1977 discre-

226 1993 325 2020 tionem
339 1993 487 2025 suffit-iant,
502 1997 584 2028 atque
600 1995 636 2020 ita
647 2001 736 2021 causm
747 1994 938 2021 discretionem
954 2002 1007 2022 non

225 2048 285 2066 csse
302 2040 503 2072 requirendam,
525 2039 591 2066 nihil
608 2040 639 2066 ad
660 2040 827 2074 propositum
848 2040 929 2067 valet.
943 2039 1007 2073 Qum

225 2086 296 2111 cn2m
308 2085 455 2112 secundum
472 2093 501 2112 se
517 2086 572 2119 ipsa
591 2085 753 2118 subsistunt,
769 2086 880 2120 ipsaque
895 2093 925 2113 ea
942 2094 1006 2119 sng-

225 2135 332 2164 gerunt,
368 2130 503 2157 suﬂicittnl
534 2131 566 2157 ad
603 2131 794 2158 discretionem
828 2131 1005 2165 reliquorum.

227 2177 321 2202 I’t-lrlrs
341 2176 412 2201 enim
430 2175 536 2209 propria
554 2175 644 2202 anima
667 2181 693 2202 et
708 2182 822 2209 corpore
844 2176 1004 2207 subsistens,
1023 2177 1043 2203 Ι)

225 2222 266 2248 his
287 2229 300 2248 a
317 2221 411 2252 Paulo,
427 2223 586 2256 ueterisque
601 2222 779 2256 distinguitur
797 2231 803 2249 :
828 2222 926 2257 quibus
942 2230 1004 2247 vero

224 2268 372 2294 subsistere
393 2267 418 2293 in
433 2274 466 2293 eo
480 2272 531 2299 est,
545 2268 616 2302 quod
633 2269 665 2294 ad
687 2267 758 2294 aliud
780 2267 944 2298 referuntur.
962 2267 1004 2294 his

223 2313 304 2337 ι-ιῑιιιιι
317 2312 367 2338 hoc
383 2312 499 2338 discerni
515 2316 567 2344 est,
585 2312 618 2338 ad
634 2319 664 2339 ea
682 2312 789 2345 referri,
806 2313 839 2339 ad
853 2320 912 2346 qua:
937 2311 1005 2339 refe-

225 2361 330 2384 runtur.
353 2357 454 2384 Servus
468 2357 552 2389 enim,
567 2357 641 2384 verbi
663 2357 761 2391 gratia,
779 2357 805 2384 in
830 2365 861 2384 eo
877 2357 946 2391 quod
964 2364 1002 2384 re-

227 2404 310 2430 fcrtur
331 2405 363 2430 ad
387 2404 539 2434 dominum,
561 2409 612 2434 est,
629 2409 654 2430 et
669 2404 769 2431 dicitur
791 2411 897 2431 servus.
920 2404 1005 2431 Carte-

226 2457 296 2479 rum,
317 2449 445 2476 relatione
460 2449 576 2481 sublata,
598 2456 684 2483 neque
703 2456 808 2480 servus,
830 2449 855 2475 iu
875 2453 1003 2482 quantum

226 2502 318 2521 servus
333 2495 383 2521 erit
397 2502 404 2527 ;
423 2495 549 2532 quoniam
563 2495 644 2528 igitur
660 2495 808 2528 patcruitas
822 2499 848 2522 et
866 2495 1005 2526 nativitas,

225 2545 251 2566 et
267 2540 405 2573 processio
424 2540 572 2566 secundum
587 2547 695 2566 causam
718 2543 745 2565 et
769 2539 878 2567 causale
897 2540 1004 2567 subsis-

227 2589 309 2610 tunt:
334 2584 418 2611 Filius
437 2584 556 2618 quidem,
581 2584 608 2611 in
632 2589 763 2617 quantum
791 2584 885 2616 Filius,
904 2593 918 2611 a
944 2585 1004 2612 solo

226 2629 303 2656 Patre
318 2629 509 2664 distinguitur;
533 2637 546 2656 a
564 2630 665 2664 Spiritu
682 2635 772 2657 autem
797 2631 869 2658 nulla
888 2631 1002 2664 ratione,

225 2676 276 2702 uisi
304 2681 331 2703 et
349 2675 401 2702 alia
425 2675 514 2710 aliqua
536 2676 622 2710 ipsius
646 2677 679 2704 ad
707 2676 835 2711 Spiritum
853 2677 1002 2705 differentia

226 2721 400 2757 intelligatur.
414 2722 505 2748 Solam
519 2723 592 2749 enim
603 2723 750 2749 secundum
764 2724 929 2751 nativitatem
945 2725 1003 2751 sine

227 2766 356 2793 relatione
370 2768 402 2793 ad
417 2767 524 2793 Patrem
537 2767 711 2800 intellectam,
728 2775 779 2795 una
796 2775 911 2802 persona
933 2775 1002 2797 esset

227 2809 312 2838 Filius
334 2815 360 2838 et
374 2811 500 2846 Spiritus.
519 2812 633 2840 Rursum
661 2813 778 2848 Spiritus
793 2819 904 2842 sanctus
930 2815 1000 2842 rcla~

1061 907 1213 934 nativitatis
1240 907 1398 934 includitur.
1423 907 1535 942 Nempe,
1561 911 1588 934 et
1609 907 1778 941 procedentis
1801 914 1844 935 est

1059 951 1187 983 definitio,
1203 958 1236 978 ex
1251 951 1371 986 genitore
1383 958 1502 985 esse,pcr
1516 952 1645 985 genitura.
1664 952 1756 985 Itaque
1775 957 1802 978 et
1819 953 1840 978 si

1059 998 1178 1031 Spiritus
1194 997 1359 1031 proprietate
1371 1004 1430 1028 sua,
1445 997 1618 1031 processioue
1641 998 1748 1024 scilicet
1765 1006 1778 1025 a
1794 998 1840 1025 Fi-

1058 1043 1094 1069 lio
1110 1043 1278 1070 discernetnr
1293 1043 1349 1076 ipsa
1365 1043 1539 1076 proprietate,
1552 1043 1623 1076 quod
1637 1043 1671 1069 sit
1685 1043 1790 1070 scilicet
1807 1051 1840 1069 ex

1058 1087 1135 1120 Filio,
1150 1088 1243 1122 sicque
1257 1089 1290 1114 ad
1301 1095 1360 1114 eum
1377 1088 1519 1121 referatur,
1533 1087 1722 1115 discretionem
1750 1089 1782 1114 ad
1797 1088 1842 1114 Fi-

1057 1134 1123 1161 lium
1137 1134 1256 1161 habebit.
1267 1132 1409 1160 Enimvero
1421 1134 1506 1164 nasci,
1515 1133 1702 1167 aclprocedcre
1710 1134 1798 1168 siquis
1811 1135 1842 1159 ad

1058 1187 1087 1207 se
1108 1179 1222 1206 invicem
1236 1178 1381 1213 incongrua
1394 1179 1497 1210 dicens,
1508 1179 1630 1205 sufficere
1641 1185 1690 1213 per
1703 1186 1731 1205 se
1742 1179 1774 1205 ad
1787 1179 1843 1206 dis-

1058 1225 1205 1252 cretionem
1235 1223 1294 1251 sine
1308 1223 1443 1251 intellecta
1460 1224 1511 1250 alia
1533 1224 1664 1250 relatione
1683 1224 1840 1255 arbitretur,

1057 1269 1197 1296 imbecilla:
1206 1268 1315 1296 omnino
1330 1268 1442 1295 confidit
1466 1268 1574 1294 rationi.
1590 1268 1642 1295 Ista
1658 1268 1730 1294 enim
1746 1268 1842 1294 ἱιιι-ιιιι⁴

1058 1323 1123 1349 grua
1140 1322 1199 1342 esse
1215 1318 1325 1349 propter
1341 1321 1440 1345 causae,
1459 1313 1631 1348 causalisque
1642 1314 1764 1340 ordinem
1777 1323 1842 1339 ι-οιι-

1059 1359 1145 1394 tingit.
1162 1360 1213 1386 Per
1232 1367 1260 1386 se
1270 1359 1343 1386 enim
1361 1359 1429 1387 sola.
1447 1362 1476 1385 ut
1496 1359 1604 1393 quidam
1623 1360 1766 1390 aestimant,
1789 1367 1840 1385 non

1058 1405 1091 1432 ad
1115 1412 1145 1431 se
1162 1403 1218 1438 ipsa
1235 1403 1371 1434 dicuntur,
1395 1411 1486 1429 verum
1511 1403 1583 1437 gigni
1604 1403 1712 1437 quidem
1737 1404 1769 1429 ad
1790 1403 1842 1429 l‘a-

1059 1454 1138 1481 trem,
1151 1449 1296 1483 procedere
1315 1452 1415 1479 autem,
1434 1448 1465 1474 ad
1479 1449 1668 1481 productorem
1677 1449 1835 1482 opponitur.

1058 1493 1151 1527 Itaque
1170 1500 1232 1520 cum
1251 1493 1295 1519 illa
1314 1493 1412 1526 opponi
1435 1493 1538 1523 dicunt.
1566 1498 1762 1526 consequenter
1785 1495 1840 1520 dis-

1059 1545 1182 1571 (ernere,
1199 1538 1278 1573 quasi
1295 1545 1416 1570 causam,
1433 1537 1541 1565 causale
1563 1539 1595 1563 ad
1615 1538 1730 1564 invicem
1753 1538 1843 1565 dicere

1060 1587 1198 1617 cogentur.
1219 1582 1368 1617 Siquidem,
1384 1584 1454 1617 quod
1470 1583 1590 1616 procedit
1605 1591 1637 1610 ex
1659 1583 1785 1618 gignente
1801 1590 1842 1610 est

1059 1635 1107 1661 per
1127 1628 1260 1663 genitum;
1277 1628 1347 1662 quod
1368 1632 1456 1654 autem
1481 1629 1600 1655 nascitur
1623 1628 1682 1655 sine
1699 1629 1787 1655 medio
1810 1637 1843 1656 ex

1059 1678 1215 1708 generante.
1247 1677 1289 1700 est
1320 1681 1432 1701 consors
1465 1675 1614 1701 secundum
1651 1675 1841 1708 proprietatem

1059 1728 1135 1746 suam
1155 1725 1328 1753 paternorum
1348 1720 1467 1746 oumium
1484 1721 1625 1746 honorum.

1096 1765 1226 1793 Praeterea
1238 1787 1245 1798 ,
1258 1765 1321 1800 quia
1350 1766 1449 1792 dictum
1470 1766 1550 1792 etiam
1566 1770 1619 1798 est,
1637 1767 1663 1793 in
1679 1766 1732 1793 sola
1749 1774 1840 1798 causa,

1059 1817 1085 1839 et
1109 1812 1212 1839 causali
1235 1813 1341 1839 divinas
1363 1813 1479 1838 discerni
1506 1820 1643 1845 personas.
1675 1813 1705 1839 Et
1725 1813 1773 1839 hoc
1789 1821 1837 1838 an-

1060 1863 1112 1886 tem
1132 1859 1242 1893 quidam
1263 1864 1357 1886 contra
1381 1857 1515 1885 inferunt:
1532 1859 1671 1892 quoniam.
1693 1862 1714 1885 si
1733 1860 1842 1893 quidem

1058 1904 1143 1931 Filius
1169 1911 1250 1931 causa
1275 1903 1361 1930 sancti
1387 1903 1504 1937 Spiritus
1528 1907 1578 1935 est,
1606 1904 1741 1938 habetque
1775 1905 1800 1931 id
1827 1913 1840 1931 a

1059 1951 1139 1978 Patre
1159 1958 1282 1983 sumens,
1308 1951 1398 1978 sancti
1415 1949 1531 1984 Spiritus
1557 1958 1638 1977 causa
1660 1959 1719 1978 esse
1743 1952 1841 1986 prauu-

1059 1997 1192 2031 tclligetnr
1214 1996 1240 2023 in
1270 1996 1360 2026 Patre,
1385 1996 1479 2023 saltem
1502 1996 1680 2030 cogitntimc.

1094 2042 1173 2069 Pater
1187 2042 1278 2075 itaque
1303 2046 1365 2068 ante
1397 2042 1570 2074 cogitabitur,
1593 2049 1672 2075 quam
1695 2041 1840 2069 Filius,in-

1058 2087 1164 2121 spirans
1177 2086 1304 2121 Spiritum
1326 2091 1461 2119 sanctum,
1478 2087 1523 2113 sed
1540 2087 1709 2120 productioni
1726 2086 1842 2120 Spirims

1058 2141 1091 2159 ex
1119 2132 1198 2159 Patre
1225 2132 1376 2159 substantia
1405 2132 1495 2159 sancti
1523 2131 1640 2166 Spiritus
1675 2140 1841 2159 concurrens

1058 2183 1099 2205 cst
1116 2178 1209 2210 :prius
1221 2185 1296 2212 ergo,
1313 2185 1394 2213 quam
1414 2177 1545 2212 inspirare
1560 2177 1644 2204 Filius
1661 2177 1837 2212 intelligatur,

1057 2223 1181 2251 subsistit
1203 2223 1321 2257 Spiritus
1344 2227 1466 2254 sanctus,
1487 2226 1514 2249 et
1540 2230 1587 2256 per
1611 2230 1791 2256 consequens,
1805 2223 1838 2249 ab

1056 2270 1114 2302 ipso
1140 2269 1315 2296 discernitur.
1340 2268 1416 2295 Prius
1443 2272 1552 2299 autem,
1575 2275 1654 2301 quam
1690 2267 1836 2301 inspiraret

1058 2315 1153 2347 Filitts,
1170 2314 1255 2341 Filius
1276 2318 1380 2340 tantum
1400 2319 1467 2344 erat,
1493 2317 1519 2338 et
1542 2321 1592 2338 non
1609 2312 1766 2345 productur.
1787 2311 1840 2338 ita-

1055 2367 1108 2394 que
1126 2365 1153 2386 et
1179 2361 1201 2386 si
1228 2367 1279 2386 non
1301 2359 1335 2385 sit
1360 2366 1440 2384 causa
1467 2357 1561 2388 Filius,
1580 2365 1593 2382 ιι
1620 2357 1720 2391 Spiritu
1743 2361 1838 2383 sancto

1055 2405 1232 2433 discernctur.

1091 2451 1201 2484 Verum,
1218 2451 1287 2478 istud
1302 2458 1407 2485 quoque
1421 2448 1596 2480 imbecillum,
1624 2456 1654 2475 ea
1672 2453 1712 2474 est
1726 2447 1840 2477 ratione,

1055 2497 1127 2532 quod
1144 2496 1202 2523 Filii
1218 2504 1250 2523 ex
1270 2495 1349 2522 Patre
1365 2495 1488 2521 uativitas
1505 2487 1617 2527 primus,
1631 2498 1656 2520 et
1669 2493 1842 2520 iuuuediatns

1054 2547 1106 2576 est,
1134 2543 1282 2569 secundum
1306 2546 1445 2574 paternam
1472 2540 1662 2574 proprietatum
1682 2546 1840 2573 processus,

1056 2592 1084 2615 et
1101 2591 1164 2614 ante
1193 2585 1395 2621 processiouem
1424 2586 1511 2613 sancti
1540 2584 1659 2618 Spiritus
1685 2584 1836 2618 cogitatur.

1055 2633 1106 2660 Per
1124 2633 1294 2659 nativitatem
1319 2631 1390 2658 enim
1416 2631 1552 2665 processio
1572 2635 1624 2661 est;
1647 2629 1718 2663 quia,
1747 2633 1772 2656 ct
1791 2636 1838 2662 per

1053 2677 1150 2705 Filium
1172 2677 1300 2712 Spiritus,
1327 2677 1554 2712 procetlculisque
1579 2676 1710 2702 terminus
1725 2683 1773 2708 per
1788 2683 1834 2707 gu-

1054 2723 1140 2750 uitum
1166 2730 1226 2750 esse
1246 2728 1410 2750 monstratus
1432 2727 1480 2749 cst.
1511 2720 1642 2753 Quoniam
1664 2727 1726 2746 vero
1742 2713 1836 2749 Filius",

1055 2769 1080 2795 iu
1098 2773 1230 2803 quantum
1252 2768 1346 2800 Filius,
1374 2772 1548 2802 paternorum
1565 2767 1694 2792 bonorum
1715 2765 1835 2791 omnium

1053 2819 1093 2842 est
1119 2815 1213 2846 haeres,
1246 2819 1272 2842 et
1295 2814 1395 2845 οιιιιιὶει,
1420 2820 1477 2847 quin
1504 2812 1588 2840 Patris
1607 2817 1681 2843 sunt,
1701 2809 1837 2836 nascendo
