1934 3063
93 105 144 139 155

718 108 916 139 MANUELlS
937 108 1091 139 αΑιΕριΕ

1662 107 1713 142 156

86 163 197 197 accipit,
214 163 346 198 gignendo
367 163 489 198 proiecto
511 163 590 190 Pater
608 161 677 198 Filio
694 161 801 190 initium
825 166 877 194 est,
896 164 916 192 Α
932 162 1115 190 substantiam
1135 161 1236 190 habere
1261 161 1391 197 Spiritum
1412 162 1540 191 Sanctum
1559 164 1630 198 quod
1649 165 1716 192 dici-

87 208 170 236 etiam
198 213 227 235 ut
250 209 286 236 sit
305 209 391 236 sancti
413 208 532 243 Spiritus
552 216 647 236 causa.
663 208 772 243 itaque,
792 208 814 235 si
831 215 879 242 per

88 251 259 279 nativitatem
272 259 359 291 suam,
373 257 402 279 ut
413 252 531 284 initium,
543 259 569 279 et
580 259 662 279 eattsa
681 251 798 279 Sanctus
815 250 879 285 Spi-

91 298 160 325 ritus
185 298 221 326 sit
248 298 342 331 Filius,
366 298 446 326 Pater
471 298 538 325 Filio
556 297 776 328 communicabit,
798 296 879 324 simul

39 335 46 341 ’
88 351 149 371 cum
176 343 244 372 Filio
258 344 308 371 hoc
338 344 464 376 habebit,
485 348 512 371 et
537 351 624 378 neqtte
656 343 714 377 ipse
738 342 797 370 sine
811 341 878 369 Filio

92 389 229 423 inspirare
249 390 416 423 intelligetur
429 389 560 424 Spiritum
582 389 722 416 Sanctum.
734 388 787 415 Aut
806 387 877 415 enim

90 442 178 470 neque
204 442 238 462 ex
269 434 350 463 Patre
381 439 435 467 est.
463 435 485 461 si
511 434 563 461 dici
585 434 627 462 fas
657 433 702 465 sit,
724 438 771 460 aut
796 433 886 464 etiam

95 487 143 514 per
167 480 276 513 Filium,
300 487 381 515 atque
406 488 439 508 ex
460 480 530 508 Filio
557 484 619 508 est:
639 480 739 514 quippe
764 480 816 506 hoc
836 482 879 506 est

91 527 259 560 procedentis
276 527 355 554 ratio.
376 527 410 554 Et
428 531 574 561 antequam
592 526 712 558 Spiritus
743 525 879 559 cogitetur

94 578 127 597 ex
156 570 235 602 Filio,
261 571 316 606 jam
337 571 409 598 hunc
432 572 581 606 producere
605 570 689 598 Filius
711 577 772 597 cum
796 570 878 597 Patre

95 616 176 642 habet
193 624 207 643 a
225 616 305 643 Patre
320 617 439 650 genitus.
456 617 574 644 maxime
590 624 651 643 cum
676 620 703 643 et
728 615 880 650 productor

91 667 140 696 per
159 661 275 689 Verbum
297 662 403 690 dicatur
424 662 514 690 Pater.
545 663 574 690 Si
597 662 706 696 quidem
732 661 804 688 ettim
820 668 881 695 pro-

91 707 218 734 ducendo
231 707 311 735 Pater
326 707 395 735 Filio
409 714 533 739 causam_
552 707 672 742 Spiritus
687 707 778 740 daret,
795 705 880 734 Filius

93 752 214 785 porrecto
229 757 291 780 ante
304 760 415 780 causam
431 753 610 787 cogitaretur,
623 754 774 781 secundum
798 761 878 787 quam

95 796 214 831 Spiritus
228 798 350 833 procedit
370 806 384 825 a
398 798 480 827 Filio.
498 799 574 827 Nunc
593 805 681 826 autem
692 800 827 834 gignendo
839 804 879 826 est

97 843 176 870 Pater
191 844 298 871 initium
312 843 392 877 Filio,
408 849 437 872 ut
454 845 490 872 sit
501 850 610 872 sanctus
624 843 741 879 Spiritus
754 852 846 875 causa.
856 847 884 872 et

98 897 146 923 per
164 889 261 916 Filium
282 897 363 917 causa
386 891 473 918 sancti
493 890 611 924 Spiritus
631 894 682 921 est,
709 889 774 924 quia
799 894 827 916 et
851 897 883 916 ex

98 935 157 969 ipso
170 942 218 970 per
242 935 340 962 Filium
355 936 478 969 procedit
500 934 618 970 Spiritus
638 934 768 962 Sanctus.
791 934 885 969 Itaque

97 981 177 1008 Pater
193 984 220 1007 et
239 980 335 1014 Filius,
370 981 448 1016 quasi
465 988 548 1008 unum
564 980 727 1015 principium
744 984 809 1007 ante
825 979 885 1014 Spi-

97 1025 183 1052 ritum
208 1024 337 1052 Sanctum
358 1018 515 1059 cogitatur.-

134 1071 367 1107 Quemadmodum
379 1072 460 1106 igitur
471 1072 554 1099 solem
568 1071 715 1099 calefacere
727 1071 786 1098 sine
799 1071 885 1102 radio.

98 1116 218 1151 cogitare
237 1123 290 1142 non
312 1123 463 1150 possumus,
494 1123 584 1151 neque
604 1117 663 1144 sine
687 1115 792 1151 fulgore
806 1117 879 1144 calo-

100 1169 169 1192 rem,
195 1161 232 1189 ita
257 1168 345 1195 neQue
371 1162 429 1187 sine
452 1161 520 1188 Filia
543 1162 743 1196 processionem
770 1161 884 1196 cogitari

99 1206 229 1241 possibile
245 1211 304 1239 est;
332 1206 429 1241 quippe
454 1207 522 1234 ratio
545 1206 719 1242 procedentis
742 1211 794 1239 est,
820 1213 884 1234 esse

101 1260 133 1278 cx
157 1253 284 1287 gignente
308 1259 355 1286 per
371 1253 500 1286 genitum.
525 1252 558 1279 Et
582 1253 652 1280 sicut
679 1252 719 1279 sol
742 1257 769 1280 et
785 1251 885 1285 radius,

101 1304 186 1324 unum
214 1298 390 1325 calefaciendi
417 1298 577 1333 principium
602 1303 662 1331 est,
689 1299 724 1325 ita
750 1297 829 1326 Pater
860 1303 888 1325 et

101 1341 187 1370 Filius
219 1351 302 1370 unum
329 1343 447 1378 Spiritus
476 1344 562 1371 sancti
589 1344 763 1379 principium,
789 1351 886 1371 secun.

101 1388 166 1414 dum
187 1388 298 1415 unicum
322 1389 389 1423 ejus,
417 1389 623 1423 simplicemque
647 1396 804 1423 processum
833 1393 888 1415 tra-

101 1432 195 1465 ditur;
214 1438 321 1460 servata
348 1434 452 1460 scilicet
475 1435 656 1468 paternitatis.
685 1435 889 1470 nativitatisque

101 1480 264 1507 ditlercntia.
296 1480 388 1515 Itaq-te
420 1489 507 1515 neque
538 1490 576 1511 rc.
608 1489 695 1516 neque
722 1483 888 1517 cogitatione

106 1529 194 1559 potest
222 1526 357 1561 inspirans
375 1527 454 1554 Pater
474 1527 533 1554 sine
559 1526 627 1554 Filio
654 1528 765 1560 intelligi
791 1537 798 1556 :
824 1528 888 1561 imo,

102 1571 129 1599 si
145 1571 253 1605 quidem
267 1579 299 1599 ex
322 1572 412 1598 animo
428 1571 524 1604 Filius,
540 1577 567 1600 et
589 1573 753 1607 cogitatione
770 1573 889 1607 tollatur,

106 1624 194 1651 neque
211 1617 411 1651 processionem
427 1618 483 1652 jam
506 1625 566 1645 esse
582 1618 710 1653 possibile
726 1619 789 1646 erit.
816 1619 892 1647 Unde

103 1666 132 1688 et
153 1662 253 1689 dictum
276 1667 337 1695 est;
354 1663 455 1691 idcirco
470 1671 503 1691 ex
526 1663 605 1692 Patre
620 1666 766 1699 procedere
780 1666 890 1698 dicitur,

104 1707 167 1740 quia
183 1715 196 1733 ει
214 1707 283 1734 Filio
298 1712 350 1735 est.
375 1708 453 1741 Quod
479 1709 500 1736 si
515 1710 683 1745 przecogitari
707 1711 797 1739 dictus
825 1716 867 1740 est
882 1733 890 1744 ,

106 1759 196 1781 tamen
214 1755 290 1789 prius
313 1756 448 1788 posterius
463 1763 517 1782 non
542 1761 594 1783 est.
623 1756 689 1784 Nam
713 1762 740 1784 et
758 1765 852 1791 causa;
866 1763 893 1786 et

104 1800 225 1834 cat-sale,
255 1800 368 1835 Filiique
399 1801 535 1833 mediatio,
570 1809 601 1828 ac
632 1809 678 1836 per
701 1801 799 1830 Filium
822 1811 893 1838 esse,

106 1855 123 1873 ιι
146 1846 248 1874 sanctis
273 1846 373 1874 divinis
401 1847 552 1875 rationibus
576 1848 702 1876 traditur.
728 1849 783 1877 Sed
803 1854 830 1877 et
853 1850 892 1877 si-

108 1893 174 1925 mul,
202 1898 230 1920 et
259 1893 431 1928 conjunct-ts,
454 1897 480 1920 et
501 1893 689 1927 inseparabilis
720 1895 895 1923 nihilominus

107 1946 157 1972 pro
182 1939 308 1966 confesso
335 1941 515 1965 asseveratur.
538 1938 714 1973 Tcmporales
740 1939 814 1967 enim
829 1947 890 1967 Ino-

109 1984 174 2011 rula:
199 1984 226 2011 iu
255 1988 355 2011 teterua
377 1983 429 2011 vita
457 1983 546 2011 locum
573 1991 625 2011 non
651 1984 759 2017 habent,
790 1989 820 2012 ut
858 1985 897 2012 ait

106 2030 256 2066 Gregorius
285 2030 488 2066 Nysseuus;eo
508 2031 579 2065 quod
605 2031 658 2059 illic
682 2039 814 2066 nusquam
829 2036 896 2060 tem-

110 2076 183 2111 poris
209 2076 244 2103 sit
269 2076 354 2104 locus.
434 2068 435 2071 ¹

144 2122 197 2149 Per
222 2122 280 2150 haec
311 2130 375 2157 ergo
409 2123 512 2156 omnia,
534 2123 689 2156 coniicitur,
719 2125 790 2158 quod
817 2124 895 2152 initio

935 213 989 240 tur,
1015 215 1108 235 verum
1127 215 1199 240 esse,
1216 207 1270 240 hic,
1294 215 1356 243 quas
1380 208 1507 243 praedicta
1531 214 1603 241 sunt,
1619 217 1718 244 SuppOF

933 254 1066 281 sitis:ad
1094 254 1137 281 illa
1165 261 1237 280 nunc
1261 254 1485 289 proﬁciscamur,
1525 262 1585 289 quae
1613 256 1717 283 veritati

933 298 997 325 huic
1020 306 1131 334 prorsus
1156 299 1282 326 videntur
1298 299 1447 326 adversari.

967 343 1088 370 Accedat
1113 349 1178 376 ergo
1197 342 1286 377 primo
1316 342 1430 370 Sanctus
1459 342 1577 371 Joannes
1606 343 1718 370 Damas-

933 396 1039 416 cenus:
1060 388 1198 423 Spiritum,
1226 389 1325 423 inquit,
1352 388 1417 416 Filii
1445 388 1568 421 dicimus,
1595 397 1627 416 ea:
1648 389 1716 416 Filio
1758 418 1763 419 γ

933 438 1020 462 autem
1057 442 1109 461 non
1146 433 1270 467 dicimus,
1297 434 1354 461 Hoc
1384 433 1426 467 si,
1452 440 1481 461 ιιι
1510 434 1617 469 quidem
1646 434 1718 461 arbi-

934 485 1050 512 trantur,
1080 479 1107 506 id
1127 479 1264 507 insinuare
1289 479 1356 512 vult,
1384 479 1455 514 quod
1479 487 1532 507 non
1552 480 1588 507 sit
1606 487 1637 507 ex
1652 479 1718 507 Filio

935 525 1063 559 Spiritus,
1081 532 1168 559 neque
1195 531 1243 558 per
1266 523 1363 551 Filium
1388 525 1568 552 substantiam
1600 526 1717 558 habeat,

934 571 1045 600 omnino
1072 571 1206 607 Spiritum
1233 576 1357 599 sanctum
1386 579 1418 599 ex
1431 572 1512 600 Patre
1543 573 1602 600 solo
1619 560 1719 601 habere

933 616 1134 647 substantiam,
1182 617 1274 643 doctor
1306 615 1452 651 praeclarus
1493 617 1640 644 arbitratus
1666 608 1754 656 est,‘

933 662 988 690 Hoc
1019 662 1040 689 si
1063 662 1101 689 ita
1126 666 1178 695 est,
1201 662 1284 690 etiam
1301 669 1334 689 ex
1363 661 1443 690 Patre
1459 670 1519 690 esse
1540 663 1598 690 sine
1619 663 1737 695 medim!

934 707 962 734 Si
991 713 1079 735 autem
1107 708 1167 735 sine
1186 707 1278 734 medio
1308 707 1456 742 producere
1482 708 1563 735 etiam
1589 693 1738 742 substan-f

934 754 998 781 tiale
1026 754 1124 787 Patris,
1150 755 1342 788 propriumque
1360 753 1419 788 ejus
1444 762 1513 787 esse,
1541 762 1626 789 neque
1652 754 1720 782 Filio

933 808 1100 831 commune:
1132 800 1319 828 substantialia
1345 802 1417 829 enim
1449 808 1625 835 personarum
1655 808 1719 835 pro-

935 846 1004 882 pria,
1032 847 1138 874 caeteris
1159 847 1269 874 omnino
1294 848 1447 875 communia
1467 855 1521 875 non
1550 851 1635 878 sunt;
1651 853 1720 880 quo-

934 893 1016 920 modo
1044 892 1125 926 igitur
1152 892 1260 919 Patrem
1292 892 1484 928 productorem
1519 899 1567 927 per
1601 891 1718 919 Verbum

934 936 1082 969 spteudi/ici
1104 936 1222 971 Spiritus
1249 937 1341 965 dicit?
1366 937 1500 972 quomodo
1521 944 1554 964 ex
1580 935 1658 963 Patre
1671 942 1719 969 per

936 982 1033 1009 Filium
1076 982 1223 1016 procedere
1258 983 1389 1017 Spiritum
1423 982 1546 1017 plurimis
1572 981 1641 1008 locis
1669 987 1719 1008 nos

936 1027 1052 1054 docuit?
1068 1028 1212 1061 quomodo,
1239 1028 1261 1055 si
1289 1028 1399 1055 multum
1420 1028 1554 1060 ordinetur,
1579 1027 1626 1054 vel
1642 1026 1719 1053 habi-

938 1079 992 1100 tum
1029 1073 1146 1108 Spiritus
1172 1074 1206 1100 ad
1243 1074 1339 1101 Filium
1370 1074 1460 1105 habet.
1496 1074 1583 1101 dixit:
1612 1072 1722 1107 Oportet

936 1123 1023 1145 autem
1054 1118 1177 1150 Verbum,
1204 1124 1228 1146 et
1260 1119 1392 1153 Spiritum
1417 1119 1521 1146 habere.
1553 1117 1615 1145 "me
1651 1117 1722 1144 enim

938 1163 990 1190 sibi
1026 1163 1141 1190 invicem
1170 1164 1306 1190 contraria
1334 1163 1558 1190 manifestissime
1585 1166 1670 1195 sunt;
1700 1161 1722 1188 si

937 1209 1009 1236 enim
1041 1209 1186 1243 productor
1203 1217 1250 1244 per
1276 1208 1407 1241 Verbum,
1432 1216 1578 1242 numquam
1602 1207 1724 1242 profecto

938 1255 991 1283 erit
1008 1254 1097 1293 Patris
1114 1255 1292 1283 substantiale
1307 1255 1445 1290 proprium
1460 1255 1624 1290 producere.

973 1301 1008 1327 At
1025 1300 1047 1328 si
1063 1308 1096 1328 ex
1121 1300 1201 1328 Patre
1222 1300 1280 1328 sine
1295 1301 1393 1332 medio,
1410 1307 1548 1334 nunquam
1564 1307 1611 1334 per
1627 1299 1723 1326 Filium

939 1346 1097 1381 procederet
1113 1354 1121 1378 ς
1142 1345 1288 1380 procedere
1302 1346 1374 1373 enim
1390 1352 1438 1380 per
1451 1344 1548 1372 Filium
1567 1345 1638 1379 quod
1653 1344 1721 1371 dici—

941 1395 995 1423 tur,
1011 1389 1200 1418 mediationetn
1217 1390 1278 1418 Filii
1299 1390 1429 1425 designat.
1448 1398 1528 1426 quam
1545 1395 1572 1418 et
1592 1389 1726 1425 Nyssenus

941 1437 1033 1469 tradit,
1051 1441 1078 1464 et
1103 1443 1197 1463 omnes
1221 1443 1273 1463 una
1292 1444 1351 1463 cum
1367 1443 1400 1464 eo
1423 1436 1538 1471 theologi
1564 1436 1726 1470 tertiumque

940 1490 955 1509 a
970 1482 1050 1510 Patre
1073 1482 1204 1516 Spiritum
1226 1486 1349 1509 sanctum
1373 1483 1521 1509 secundum
1554 1481 1723 1515 personalem

944 1527 1064 1555 ordinem
1088 1528 1267 1559 commendat.
1290 1527 1384 1560 Porro,
1413 1528 1470 1555 sine
1484 1527 1581 1558 medio,
1604 1527 1656 1554 hoc
1675 1531 1728 1560 est,

945 1580 977 1600 ex
1009 1573 1067 1600 solo
1094 1572 1175 1600 Patre
1203 1580 1276 1606 esse,
1306 1573 1407 1604 dicere.
1439 1573 1495 1601 haec
1524 1573 1603 1600 simul
1633 1572 1725 1599 omnia

946 1618 1023 1646 tollit.

980 1665 1062 1700 Atqui
1089 1671 1142 1691 non
1169 1664 1268 1696 solum,
1293 1669 1322 1691 ut
1346 1662 1455 1697 quidam
1481 1663 1508 1690 id
1529 1663 1628 1690 dictum
1644 1670 1728 1698 espo-

946 1715 1025 1743 nunt,
1058 1710 1109 1737 sibi
1143 1710 1294 1737 contrarius
1328 1709 1371 1737 hic
1397 1709 1492 1736 doctor
1521 1713 1573 1740 est,
1606 1707 1653 1735 sed
1684 1708 1726 1740 his

947 1763 1065 1790 quoque,
1093 1755 1139 1790 qui
1164 1759 1227 1782 ante
1261 1749 1335 1782 illum
1364 1753 1484 1787 fuerunt,
1517 1753 1642 1781 Ecclesiae
1671 1760 1730 1780 ma-

947 1800 1047 1835 gistris.
1071 1799 1109 1828 llli
1125 1800 1197 1828 enim
1217 1807 1250 1827 ex
1268 1799 1348 1832 Filio,
1368 1803 1451 1834 atque
1467 1806 1500 1826 ex
1528 1800 1587 1834 ejus
1608 1798 1730 1825 essentia

949 1846 1022 1873 illum
1046 1853 1106 1873 esse
1129 1845 1218 1877 aiunt,
1245 1851 1273 1873 et
1290 1853 1324 1873 ex
1347 1845 1405 1881 ipso
1433 1844 1555 1879 prodire,
1575 1848 1630 1872 eta
1661 1843 1730 1871 Filio

948 1892 1061 1923 habere,
1091 1899 1162 1924 esse,
1193 1894 1220 1918 et
1244 1891 1277 1918 ab
1304 1898 1337 1918 eo
1363 1890 1534 1925 procedere:
1560 1890 1604 1917 ille
1628 1893 1729 1920 autern,

945 1929 982 1964 'ex
1000 1937 1068 1964 Filio
1095 1944 1148 1964 non
1171 1944 1244 1969 esse,
1272 1945 1324 1964 uou
1348 1943 1381 1964 ex
1400 1935 1472 1964 illius
1496 1936 1624 1967 essentia.
1643 1942 1731 1970 neque

948 1990 982 2011 ex
1012 1983 1071 2018 ipso
1100 1982 1246 2017 procedere
1273 1982 1348 2010 dicit.
1380 1981 1443 2010 Haec
1471 1985 1559 2009 autem
1588 1981 1731 2008 manifesta

949 2028 1127 2055 contradictio
1156 2033 1216 2056 est.
1241 2027 1280 2055 Ex
1308 2034 1361 2061 quo
1386 2027 1529 2062 sequitur,
1559 2032 1589 2055 ut
1620 2027 1662 2055 vel
1689 2027 1733 2054 hic

949 2073 1022 2100 solus
1041 2072 1167 2101 Ecclesia:
1184 2073 1314 2108 magister
1339 2078 1489 2106 asseratur,
1507 2072 1636 2106 solusque
1668 2079 1733 2098 san-

949 2124 1010 2147 ctus
1030 2119 1163 2151 videatur,
1182 2119 1309 2154 neglectis
1325 2123 1364 2146 tot
1388 2119 1490 2146 sanctis
1509 2118 1635 2145 Patribus
1651 2116 1734 2151 (piget

107 2168 275 2203 propositum
299 2168 359 2200 fuit,
381 2167 478 2196 Filium
501 2176 517 2196 a
548 2174 642 2197 sancto
667 2169 768 2204 Spiritu
796 2177 896 2198 secun-
912 2177 934 2205 ι)
949 2167 1021 2195 enim
1038 2166 1139 2200 dicere,
1157 2165 1289 2200 objectis),
1316 2169 1364 2192 aut
1383 2165 1488 2192 illorum
1523 2163 1733 2194 multitudinem,

110 2213 176 2240 dum
204 2221 315 2242 causam
342 2219 370 2242 et
395 2215 505 2243 causale
526 2215 660 2247 discerni,
676 2215 839 2251 Patremque
864 2221 891 2243 et

110 2258 218 2291 Filium,
248 2266 331 2286 unum
368 2259 454 2286 sancti
480 2258 596 2294 Spiritus
627 2259 788 2295 principium
816 2268 896 2295 esse,

112 2310 219 2332 servata
240 2305 347 2332 illorum
368 2305 402 2332 ad
418 2305 532 2332 invicem
547 2305 709 2338 din'ercntia,
721 2306 797 2340 juxta
818 2314 911 2334 sanc-.

114 2356 204 2378 torum
231 2350 342 2378 Patrum
374 2351 615 2386 theologiam;per
639 2359 731 2386 quam,
754 2360 787 2380 ex
819 2353 899 2380 Patre

113 2404 163 2431 per
180 2396 279 2424 Filium
308 2397 453 2431 procedere
478 2397 608 2432 Spiritum
633 2402 768 2431 sanctum,
801 2398 900 2425 divinis

114 2442 266 2470 rationibus
284 2447 420 2469 asserunt.
437 2442 569 2475 Quoniam
595 2450 660 2470 vero
675 2443 781 2470 veritati
800 2444 900 2471 veritas

114 2497 168 2516 non
186 2488 343 2519 reluctatur,
362 2494 389 2516 et
408 2489 432 2515 iu
451 2489 492 2516 his
510 2489 626 2515 maxime
652 2489 836 2521 sermonibus,
855 2488 899 2516 ubi

115 2535 149 2561 de
173 2534 225 2561 ilde
242 2533 339 2567 agitur,
361 2534 500 2568 inquibus
516 2541 619 2561 summa
640 2534 795 2565 concordia,
820 2539 847 2560 et
869 2533 902 2561 ad

69 2575 74 2578 ’
116 2588 146 2607 se
165 2581 249 2614 ipsos,
264 2585 291 2607 et
321 2581 353 2607 ad
372 2585 483 2608 caeteros
509 2580 636 2608 doctores
660 2579 694 2606 sit
714 2587 823 2607 necesse
850 2585 902 2607 est.

117 2626 206 2653 Aliter
235 2626 307 2653 enim
338 2627 418 2659 Deus,
446 2627 569 2654 homines
597 2634 644 2660 per
668 2633 716 2653 eos
740 2625 805 2658 l‘alli,
819 2631 900 2660 atque

115 2680 212 2700 errare
227 2673 392 2706 permisisset
405 2682 412 2707 ;
427 2673 482 2700 sive
497 2673 634 2700 contraria
649 2680 715 2700 vera
729 2680 791 2700 esse
802 2672 905 2705 volens;

118 2721 178 2747 sive
193 2720 307 2748 veritate
333 2721 474 2748 veritatem
499 2720 651 2752 collidens;
678 2719 786 2747 veritati
816 2724 906 2747 autent

121 2764 290 2793 mendacium
319 2767 454 2801 ohjecttlm
475 2772 526 2794 est.
556 2766 646 2793 Multis
675 2770 764 2793 autem
791 2773 822 2793 ex
842 2765 909 2793 locis

122 2812 338 2839 demonstratum
374 2817 435 2846 cst,
459 2821 514 2860 ‘pcr
542 2812 660 2844 Filium,
692 2818 773 2847 atquc
803 2820 816 2839 a
842 2810 910 2838 Filio

949 2217 1031 2247 atque
1047 2211 1234 2239 auctoritatem
1250 2211 1387 2245 antiquam
1404 2210 1565 2240 reverendo,
1579 2208 1662 2235 istum
1680 2214 1732 2234 non

949 2257 1104 2284 admittere.

985 2302 1038 2330 Sed
1069 2302 1122 2329 hoc
1157 2301 1287 2336 ineptum,
1313 2309 1344 2329 ac
1377 2302 1508 2329 insulsum
1539 2304 1597 2328 est.
1623 2299 1736 2334 Oportet

950 2351 1021 2378 enim
1052 2354 1160 2377 sanctos
1189 2357 1283 2377 omnes
1314 2349 1442 2381 revereri,
1470 2353 1508 2381 et,
1529 2356 1589 2383 quae
1616 2349 1649 2374 ab
1679 2347 1734 2373 illis

951 2395 1088 2426 dicuntur,
1113 2394 1155 2428 pia
1182 2393 1329 2421 intentione
1357 2394 1517 2428 suscipere:
1536 2397 1618 2426 atque
1640 2399 1670 2418 ea
1701 2391 1736 2417 ita

952 2447 1090 2475 exponere
1112 2439 1216 2471 conari,
1243 2438 1328 2466 sicubi
1349 2438 1464 2466 fortasse
1492 2437 1635 2465 dissentire
1658 2435 1734 2463 vide-

953 2490 1046 2519 antur,
1063 2490 1093 2513 ut
1108 2490 1135 2513 et
1152 2485 1204 2512 sibi
1223 2483 1299 2519 ipsis,
1316 2489 1343 2511 ct
1364 2484 1425 2511 aliis
1450 2483 1577 2511 Ecclesite
1602 2481 1738 2516 magistris

954 2541 1036 2568 quam
1072 2533 1189 2560 maxime
1218 2531 1370 2560 concordes
1401 2529 1467 2557 siut.
1503 2529 1545 2561 Et,
1575 2529 1598 2555 si
1628 2528 1736 2563 quidem

956 2579 1025 2606 istud
1051 2578 1200 2613 contingat,
1229 2577 1349 2611 nihilque
1366 2575 1400 2602 de
1425 2574 1586 2606 concessis,
1612 2580 1645 2600 ac
1673 2572 1740 2599 ratis

957 2625 1016 2652 ﬁdei
1042 2624 1190 2653 rationibus
1215 2623 1326 2654 tollitur,
1347 2621 1509 2648 concor-lem
1527 2628 1558 2646 ac
1576 2626 1669 2647 veram
1692 2625 1741 2645 ex-

958 2669 1117 2704 positionem
1146 2669 1254 2701 dicere;
1284 2668 1326 2695 sin
1358 2672 1458 2699 autem,
1479 2665 1662 2693 contrarium.
1683 2662 1742 2696 Quo

959 2716 1032 2743 enim
1058 2715 1155 2749 posito,
1180 2713 1334 2741 absurditas
1352 2714 1486 2747 sequitur,
1507 2716 1534 2739 et
1558 2713 1646 2745 ipsum
1672 2708 1744 2743 ejus-

962 2762 1032 2789 modi
1057 2767 1107 2788 cst.
1135 2762 1304 2796 Quanquam,
1322 2768 1374 2787 uon
1410 2760 1462 2787 dici
1481 2759 1514 2787 ad
1533 2759 1569 2791 id,
1589 2761 1618 2785 ut
1636 2758 1671 2785 sit
1687 2763 1742 2788 res,

962 2810 1127 2837 contrarium
1154 2816 1204 2836 uou
1233 2812 1283 2836 est.
1312 2807 1429 2834 Plurima
1458 2806 1530 2834 enim
1549 2812 1611 2832 vera
1639 2803 1745 2838 quidem
