1934 3063
203 93 251 128 157

737 99 934 129 ADVERSUS
952 99 1108 130 GRAECOS
1126 101 1198 134 LIB.
1224 100 1279 132 Ιῐῐ.

1760 99 1810 132 158

200 158 272 185 sunt,
297 160 350 180 non
376 158 464 181 autem
490 153 621 186 dicentur,
648 154 769 189 hocque,
783 163 843 183 cum
868 164 900 183 ex
918 156 978 183 aliis
997 160 1014 184 Α
1029 158 1151 185 stantius.
1175 158 1236 185 Non
1254 159 1332 189 enim,
1352 161 1379 183 ut
1395 157 1507 184 alienum
1525 160 1631 183 natura'
1649 155 1810 188 iutrosfucat,

200 201 314 228 constat,
345 202 400 224 tum
426 206 457 224 ex
477 198 542 232 ipsis
568 195 692 225 Ecclesiae
706 198 887 232 dogmatibus.
914 199 981 225 Esse

201 244 270 270 cnim
296 243 392 270 Filium
422 244 493 271 Patri
510 244 777 275 consubstantialem,
802 245 898 278 Deique
931 245 980 272 Ge-

201 287 318 315 nitricem
339 295 441 322 semper
475 287 606 322 Virginem
636 289 774 322 prtedicari
791 290 817 316 in
849 289 978 321 Ecclesia,

201 338 281 367 atque
299 333 423 360 humanae
448 337 552 360 natura
566 333 662 360 Filium
680 334 725 361 Dei
753 334 900 361 secundum
918 335 981 362 sub-

201 378 325 404 stantiam
352 378 456 404 unitum
483 385 564 410 esse,
591 386 655 405 vera
683 379 789 413 quidem
818 384 903 412 sunt;
930 379 981 406 fuit

203 427 303 455 tamen,
320 422 430 457 quando
453 429 505 450 non
530 423 689 450 dicebantur
704 432 711 456 ;
728 432 780 451 non
803 428 893 450 tamen
922 424 980 452 ideo

202 468 268 495 falsa
292 467 408 496 fuerunt.
421 468 488 496 Nam
502 473 597 503 postea
614 469 777 498 necessitate
791 474 901 505 urgente
916 477 980 504 pro-

202 519 261 548 pter
293 514 427 542 contraria
464 514 597 546 dicentes,
627 514 708 541 etiam
741 519 771 542 ut
801 516 827 542 in
857 514 977 542 Ecclesia

202 560 304 595 publice
333 560 488 588 dicerentur
511 561 674 594 institutum,
692 565 719 588 et
742 561 886 588 formatum
909 566 975 594 est;

201 605 262 639 qttid
285 612 349 638 ergo
375 605 483 638 mirum,
508 606 529 632 si
554 610 581 633 et
604 610 714 633 sanctus
739 606 790 633 iste
821 608 893 641 quod
923 614 976 633 non

201 650 435 684 pronuntiabatur.
463 655 491 677 ut
509 651 591 678 multa
616 651 678 684 alia,
700 655 727 678 et
751 656 825 685 tunc,
842 655 869 679 et
890 651 976 686 prius,

201 703 253 722 non
268 695 320 722 dici
338 696 374 723 ait
390 695 472 723 iNon
490 697 562 724 enim
579 696 699 731 profecto
720 705 768 732 per
781 698 830 724 hoc
848 698 978 731 ostendit,

200 740 262 774 quia
277 748 328 768 non
343 746 385 768 est
398 748 406 768 τ
425 743 471 768 sed
487 742 537 769 hoc
553 742 653 775 solum,
666 742 727 777 quia
745 743 772 770 in
786 743 980 771 consuetudine

200 785 272 813 dicto
301 793 352 813 non
372 787 546 820 profercetttr.

235 831 287 858 Sed
311 831 382 858 enim
406 839 467 859 eum
494 832 544 859 sibi
569 840 623 860 non
641 840 700 861 esse
719 833 897 866 contrarium,
917 834 979 862 hinc

199 876 321 910 profecto
342 880 459 906 constat.
488 878 633 906 Ostensum
661 879 732 906 enim
757 879 832 913 prius
847 884 888 906 est
903 880 978 914 quia,

199 921 298 955 ubique
317 929 364 957 per
391 923 553 957 praepositio,
569 923 596 950 in
611 923 708 957 quibus
731 925 889 954 assumitur.
909 931 980 957 prae-

198 965 302 993 cedenti
322 974 411 994 causa
427 971 597 1001 cooperator,
613 972 693 1002 atque
718 968 751 995 ad
773 975 831 996 eam
856 969 978 997 efficien-

198 1011 275 1045 tiam,
298 1018 378 1046 quam
409 1012 466 1046 ipsa
492 1012 620 1047 inspicit,
646 1013 704 1040 sive
732 1013 760 1040 in
786 1015 954 1042 naturalibus
971 1034 978 1047 ,

198 1057 256 1082 sive
279 1056 306 1082 in
335 1055 483 1083 artiﬁcibus
511 1057 644 1090 quispiam
669 1064 821 1085 sermonem
849 1065 979 1086 exercere

197 1101 272 1128 velit.
291 1101 392 1128 Remus
415 1102 486 1128 enirn
503 1109 550 1136 per
564 1109 644 1136 quem
663 1101 766 1129 fructus
785 1102 880 1135 oritur,
900 1110 977 1130 eam—

195 1147 270 1180 dem,
298 1153 378 1181 quam
402 1147 477 1174 radix
503 1152 606 1174 natura:
627 1147 805 1175 intentionetn
833 1148 922 1176 habet.
947 1148 980 1176 Et

196 1199 281 1223 serra,
297 1191 371 1220 vorbi
393 1192 489 1226 gratia,
511 1199 560 1226 per
573 1199 654 1227 quam
669 1192 742 1220 faber
767 1193 878 1229 gradum
896 1193 958 1221 facit
970 1215 978 1228 ,

196 1237 231 1263 ad
253 1235 337 1267 illum,
365 1243 418 1263 non
444 1236 477 1263 ad
505 1236 617 1264 alterius
640 1236 746 1271 generis
767 1237 890 1264 effectum
916 1239 980 1264 arti-

200 1281 245 1308 fici
282 1285 464 1316 cooperatur.
490 1280 548 1308 Non
574 1282 647 1308 enim
671 1282 706 1309 ad
742 1282 978 1316 calefaciendum,

194 1333 245 1354 seu
269 1325 446 1353 dealbandum
469 1325 507 1353 illi
524 1327 724 1360 cooperabitur.
747 1324 912 1362 Pl'orsusque
930 1334 976 1360 ea,

195 1379 246 1406 per
273 1378 331 1405 quae
358 1370 458 1405 aliquid
483 1371 528 1404 fit,
560 1377 739 1406 cooperantur
766 1372 807 1399 his
835 1373 879 1407 qui
905 1373 979 1407 prius

196 1417 243 1444 illa
259 1420 378 1449 movrnt,
399 1416 432 1443 ad
454 1416 560 1444 illorum
577 1421 671 1444 nutum
689 1425 740 1444 una
752 1424 811 1444 cum
827 1417 880 1444 illis
895 1425 977 1445 causa

1030 203 1075 228 sed
1095 207 1122 228 ut
1153 202 1325 236 inconfusant
1349 202 1448 233 Patris,
1465 205 1490 228 et
1524 200 1587 228 Filii
1612 200 1810 234 intelligentiam

1030 247 1201 279 commendet,
1227 248 1264 273 ita
1287 246 1466 279 pronuntiavit
1483 245 1635 278 Apostolus.
1667 244 1700 271 Et
1727 245 1809 271 theoi.

1030 292 1175 326 Gregorius
1195 291 1253 319 ait:
1274 299 1305 318 ex
1328 300 1390 326 quo,
1412 296 1436 318 et
1453 299 1499 325 per
1514 298 1587 325 quem
1611 290 1680 324 quod
1699 290 1807 322 dicitur,

1030 343 1080 361 non
1109 340 1219 362 naturas
1254 335 1442 366 scindentium,
1468 335 1513 362 sed
1536 335 1613 361 unius
1650 335 1809 369 iuconfusw-

1031 387 1079 412 que
1105 384 1209 406 naturis
1236 381 1409 414 proprietates
1441 380 1655 413 exprimentium.

1069 426 1183 458 Propter
1201 425 1252 452 hoc
1272 425 1353 460 igitur
1373 426 1426 459 'per
1444 425 1575 458 particula
1603 429 1740 459 assumpta
1757 430 1809 457 est,

1032 475 1062 498 ut
1093 470 1401 498 consubstantiaiilatem
1421 470 1500 496 simul
1521 474 1548 497 et
1567 477 1743 504 personarum
1763 477 1810 496 or-

1029 516 1119 544 dinem
1139 522 1170 542 ac
1190 515 1380 542 discretionem
1401 515 1490 549 signet
1505 522 1537 542 ex
1555 515 1728 549 processibus
1747 514 1812 548 ipsis

1029 565 1214 595 apparentem.
1242 560 1270 588 in
1290 569 1343 595 quo
1374 568 1440 588 sane
1461 561 1556 588 ordine
1580 568 1612 588 ac
1634 561 1805 592 discretione,

1028 606 1090 633 Filii
1109 613 1224 640 persona
1240 607 1357 633 medium
1380 606 1483 633 obtinet
1501 606 1598 638 locum,
1614 613 1692 640 quam
1706 612 1813 639 semper

1028 653 1109 679 etiam
1133 653 1160 679 in
1185 652 1322 678 communi
1348 651 1542 679 consuetudine
1572 651 1723 686 significat,
1752 658 1810 685 per.

1028 701 1056 724 et
1067 705 1100 724 ne
1113 697 1154 725 vel
1170 704 1221 724 una
1239 704 1363 731 persona,
1382 696 1473 728 Pater,
1489 701 1517 723 et
1535 695 1617 722 Filius
1639 695 1811 723 existimetur

1029 746 1140 776 propter
1172 741 1390 776 praepositionum
1414 741 1630 777 similitudinem,
1661 741 1703 768 vel
1733 741 1812 772 duo,

1029 791 1055 815 et
1073 791 1167 814 contra
1198 794 1227 814 se
1243 787 1330 814 divisa
1345 786 1422 813 ambo
1437 807 1445 819 ,
1463 786 1578 820 Spiritus
1591 785 1720 820 principia
1740 786 1814 813 vide-

1029 837 1120 864 antur,
1148 832 1242 859 talisve
1256 839 1318 860 esse
1343 831 1403 858 Filii
1427 839 1554 866 persona,
1578 831 1665 866 qualis
1679 835 1706 858 et
1727 831 1813 859 Patris

1029 882 1079 910 est,
1098 877 1167 905 nihil
1184 881 1247 905 ante
1275 884 1304 904 se
1323 878 1469 911 cogitatum
1495 875 1608 908 habens,
1636 877 1813 911 quemadmo-

1029 924 1092 950 dnm
1113 928 1139 950 et
1157 922 1246 950 Pater.
1267 922 1307 949 Ea;
1329 924 1401 950 enim
1425 923 1498 950 sistit
1518 927 1646 955 mentem,
1662 928 1688 949 et
1702 923 1814 950 ulterius

1029 970 1068 996 ire
1097 976 1150 996 non
1173 969 1253 1003 cogit,
1278 968 1509 1003 principalemque
1544 975 1653 995 causam
1680 975 1812 1002 quaerere,

1029 1013 1072 1041 cui
1101 1021 1134 1039 ex
1161 1012 1348 1047 principaliter
1369 1013 1512 1040 distributa
1529 1017 1591 1044 est:
1612 1021 1657 1046 per
1670 1018 1759 1039 autem
1772 1013 1813 1039 al-

1031 1063 1115 1085 teram
1142 1065 1248 1093 quoque
1276 1065 1418 1092 personam
1439 1062 1537 1093 praeter
1559 1067 1602 1090 ex,
1628 1058 1740 1085 includit
1758 1065 1768 1089 ;
1785 1063 1812 1084 et

1030 1103 1062 1129 ad
1080 1102 1152 1130 illam
1180 1104 1304 1136 provehit
1330 1108 1458 1136 mentem,
1483 1103 1711 1137 principalemquc
1740 1103 1811 1129 illaut

1030 1147 1154 1181 designat
1177 1154 1298 1179 causam,
1324 1147 1351 1174 itt
1381 1155 1436 1181 qua
1463 1147 1520 1174 lucc
1544 1147 1665 1182 ponitur,
1693 1147 1808 1174 medium

1029 1197 1056 1219 et
1081 1192 1170 1226 primi,
1190 1197 1217 1219 et
1237 1192 1306 1227 ejus,
1326 1192 1358 1219 ad
1374 1199 1452 1226 quem
1470 1200 1626 1227 processus,
1643 1193 1701 1219 sive
1715 1200 1812 1226 opera-

1035 1237 1083 1263 tio.
1098 1236 1186 1271 Atque
1200 1236 1238 1264 ita
1252 1236 1410 1264 Trinitatem
1429 1237 1532 1270 integre
1547 1237 1623 1264 nobis
1644 1237 1814 1263 commendat

1028 1289 1085 1315 per,
1114 1282 1249 1317 simulque
1264 1289 1408 1316 processus
1435 1289 1613 1316 personarum
1639 1283 1671 1309 ad
1697 1282 1811 1308 iuvit-em

1030 1326 1153 1354 ordinem
1166 1325 1278 1353 indicat.
1308 1325 1359 1353 Sed
1373 1331 1400 1352 et
1417 1326 1542 1353 essentia:
1559 1333 1664 1360 quoque
1685 1326 1812 1352 unitatem

1030 1377 1076 1405 per
1088 1378 1118 1398 se
1133 1371 1212 1399 tertio
1225 1372 1371 1404 connectit,
1387 1372 1462 1404 juxta
1470 1371 1630 1406 Gregorium
1649 1371 1812 1406 NysSennm,

1032 1416 1092 1443 Filii
1118 1417 1293 1449 mediatione,
1310 1421 1337 1444 et
1359 1417 1410 1444 sibi
1435 1416 1570 1451 Unigeniti
1602 1417 1729 1444 honorem
1756 1424 1813 1443 ser-

195 1461 302 1493 en‘ecta,
323 1462 365 1489 vel
390 1462 466 1496 quasi
494 1462 686 1493 instrumenta,
708 1462 748 1488 vel
778 1451 1012 1496 quomodolibetC
1031 1466 1120 1493 vante,
1148 1464 1176 1488 et
1206 1461 1338 1496 Spiritum
1368 1460 1482 1488 naturali
1508 1460 1614 1487 Patrem
1641 1461 1731 1487 habitu
1757 1469 1809 1488 non

194 1507 274 1534 aliter
289 1506 349 1534 illos
369 1506 536 1540 adiuvantia.

232 1552 260 1579 Si
285 1551 392 1587 quidem
417 1551 499 1586 igitur
523 1559 576 1579 non
601 1555 672 1579 esset
699 1552 738 1580 eis
765 1552 893 1580 dilierens
925 1561 975 1580 na-

193 1601 256 1624 tura
282 1597 317 1624 ad
344 1604 391 1624 eos
417 1596 462 1630 qui
493 1596 544 1624 illis
578 1601 709 1629 utuntur,
739 1602 830 1625 essent
862 1602 890 1626 et
919 1599 974 1633 ipsa

195 1642 318 1677 profecto
345 1643 505 1676 simpliciter
521 1650 612 1675 causa,
638 1643 708 1671 sicut
727 1644 811 1678 prima
835 1644 882 1672 illa
901 1653 909 1677 ;
927 1645 974 1672 sed

195 1689 223 1715 in
248 1687 328 1715 Patre
349 1688 432 1714 ctiatn
458 1688 507 1715 ltoc
534 1688 628 1721 magis.
654 1687 793 1722 Siquidem
822 1693 850 1716 et
881 1689 974 1716 eadem

193 1738 267 1761 esset
293 1734 326 1760 ad
351 1737 458 1761 utentes
482 1734 614 1768 operatio.
650 1732 748 1761 Verum
775 1734 801 1760 in
830 1733 920 1766 Patre,
949 1739 976 1761 et

195 1779 275 1812 Filio,
301 1779 428 1814 quoniam
456 1785 508 1806 una
538 1783 635 1806 natura
663 1786 778 1806 numero
807 1779 974 1813 inSpicitur,

195 1830 223 1853 et
247 1832 298 1852 una
315 1824 355 1852 eis
375 1825 455 1852 etiam
480 1825 560 1857 actio,
591 1825 649 1853 sive
673 1825 809 1859 processio
835 1829 887 1857 est,
903 1832 972 1852 unus

195 1876 277 1905 atque
303 1871 372 1898 idem
394 1870 477 1903 Deus,
494 1871 592 1898 merito
617 1870 676 1898 Filii
707 1879 762 1905 per,
781 1875 808 1898 et
830 1870 918 1898 Patris
931 1878 974 1902 ex,

195 1916 389 1952 significatione
417 1923 469 1943 non
500 1916 615 1950 dili'eret,
642 1907 688 1943 sed
720 1917 777 1950 ipsa
807 1916 914 1951 quidem
941 1917 975 1943 ad

195 1963 238 1994 de,
266 1962 307 1989 vel
331 1969 374 1994 ex,
400 1962 549 1990 transibit:
570 1962 615 1990 illa
641 1969 704 1989 vero
725 1969 817 1990 rursus
843 1962 876 1990 ad
905 1970 951 1996 per
966 1981 974 1994 ,

195 2006 383 2038 transferetur,
412 2014 609 2042 communcque
632 2010 659 2033 et
683 2014 766 2033 unum
790 2012 871 2041 atque
902 2006 973 2033 idem

195 2058 256 2078 cum
288 2050 369 2079 Patre
400 2051 559 2086 principium
599 2056 710 2079 sanctus
746 2051 863 2086 Spiritus
898 2053 974 2084 erit.

195 2100 304 2130 propter
327 2104 431 2131 aequam
454 2096 514 2124 Filii
538 2097 570 2124 ad
597 2096 703 2125 Patrem
727 2098 866 2130 Deitatcm,
893 2101 976 2131 atque

195 2141 341 2169 essentiam
356 2142 488 2176 eamdem,
508 2142 642 2176 aliamque
661 2150 767 2171 omnem
789 2143 969 2174 identitatem,

195 2190 222 2213 et
245 2186 511 2215 indcmutabilitatem
532 2195 540 2215 :
574 2194 705 2215 concesso
735 2188 818 2215 semel
846 2196 861 2214 a
887 2187 970 2214 Patre

196 2239 243 2266 per
265 2229 360 2259 Filium
386 2238 508 2260 sanctum
540 2233 671 2268 Spiritum
691 2234 858 2267 procedere:
878 2232 972 2260 docto-

197 2278 321 2312 ribusque
346 2279 471 2307 omnibus
503 2279 693 2312 clamantibus,
723 2287 777 2306 non
806 2286 868 2306 esse
906 2279 948 2305 fas
965 2298 973 2312 ,

196 2323 372 2350 diﬂ'erentiatn
400 2324 515 2359 aliquam
536 2326 736 2359 quomodolibct
753 2326 779 2352 in
807 2325 882 2352 hisce
908 2333 976 2360 pra:-

197 2368 374 2401 pusitiouibtts
390 2369 540 2405 intelligere
556 2370 607 2397 hoc
632 2370 836 2397 indctermiuate
862 2377 975 2396 monen-

197 2413 275 2446 tibus,
300 2413 522 2448 docentibusquc,
546 2414 573 2441 itt
599 2414 690 2448 Patre,
716 2419 744 2442 et
769 2414 848 2447 Filio,
876 2414 919 2446 de,
937 2415 976 2441 vel

196 2466 234 2490 ex,
255 2468 281 2491 a,
297 2467 352 2493 per,
368 2460 435 2487 nihil
451 2460 567 2493 differre,
586 2460 636 2488 nisi
662 2460 688 2487 itt
704 2465 836 2495 quantum
850 2461 977 2487 substan-

197 2506 245 2532 tias
270 2505 446 2532 discernunt.
471 2506 517 2533 Ait
549 2507 620 2533 enim
649 2513 763 2541 magnus
799 2505 913 2532 Basilius
940 2505 973 2532 ad

198 2550 412 2584 Amphilochium
442 2551 574 2585 scribens,
598 2559 657 2586 cap.
675 2551 713 2579 5:
733 2550 823 2577 «Unus
849 2550 920 2577 Deus
950 2556 972 2576 et

199 2595 286 2627 Pater,
311 2604 344 2624 ea:
373 2605 424 2631 quo
449 2599 537 2624 omnia
553 2606 563 2624 :
589 2602 613 2625 et
644 2606 712 2625 unus
742 2598 867 2625 Dominus
894 2598 972 2624 Jesus

196 2641 320 2674 Christus,
350 2651 396 2676 per
424 2652 500 2678 quem
527 2644 615 2671 omnia
632 2644 653 2671 ⁵.
667 2654 676 2670 ι
691 2643 755 2671 Ista:
776 2652 826 2671 non
855 2649 914 2671 sunt
935 2643 972 2668 ie-

196 2695 247 2720 gcm
270 2689 387 2722 portentis
412 2698 493 2722 uoces,
521 2691 565 2717 sed
595 2690 778 2725 dstingucntis
808 2689 893 2724 potius
915 2689 973 2715 sub-

233 2777 242 2792 ‘
255 2778 349 2812 l'lpltcs.
368 2785 404 2810 tt,
418 2780 443 2804 ti.

1029 1505 1210 1533 cxciudente:
1237 1505 1281 1533 Sic
1307 1506 1386 1537 enim,
1405 1511 1433 1532 ut
1463 1505 1501 1532 ait
1531 1511 1644 1538 magnus
1672 1505 1786 1532 Basilius
1803 1524 1811 1537 ,

1029 1556 1053 1577 et
1069 1551 1234 1584 substantiis,
1251 1551 1428 1579 conceduntur
1445 1555 1468 1578 et
1481 1550 1553 1585 pium
1569 1550 1638 1577 unici
1650 1551 1815 1585 principatus

1029 1597 1125 1631 dogma
1148 1604 1198 1623 non
1222 1596 1329 1623 decidit.

1062 1642 1197 1675 Quoniam
1221 1642 1303 1676 igitur
1321 1649 1383 1669 cum
1399 1641 1501 1668 unitate
1515 1647 1692 1674 personarum
1706 1648 1814 1675 quoque

1029 1687 1218 1714 discretionem
1258 1686 1392 1719 confiteri,
1425 1685 1574 1713 secundum
1611 1685 1690 1711 ﬁdem
1733 1685 1813 1711 nobis

1029 1731 1169 1765 traditum,
1191 1731 1330 1764 debemus,
1353 1732 1408 1758 hinc
1431 1736 1517 1757 autent
1534 1736 1560 1756 et
1581 1730 1670 1761 ambo,
1698 1730 1813 1756 alterum

1030 1778 1138 1812 quidem
1166 1785 1199 1805 ex
1217 1777 1306 1809 Patre,
1335 1783 1384 1811 per
1409 1775 1504 1803 Filium
1531 1775 1660 1808 Spiritum
1689 1779 1812 1801 sanctum

1027 1825 1173 1858 procedere
1188 1823 1241 1851 dici
1255 1822 1438 1855 commendat,
1457 1822 1570 1849 alterum
1585 1825 1676 1847 autem
1694 1828 1726 1847 ex
1742 1820 1815 1846 Filio

1027 1869 1079 1896 dici
1098 1876 1150 1896 non
1167 1869 1213 1902 ita,
1230 1868 1288 1895 ideo
1310 1867 1494 1894 Damascenus
1519 1873 1565 1899 per
1580 1865 1677 1892 Filium
1702 1864 1811 1898 quidem

1027 1914 1173 1949 procedere
1198 1913 1308 1940 fatetur.
1336 1911 1378 1938 Ea:
1414 1910 1484 1937 Filio
1499 1915 1586 1937 autem
1613 1918 1663 1936 non
1685 1909 1809 1942 dicimus,

1028 1961 1138 1996 adjecit,
1161 1964 1259 1995 putans
1285 1959 1321 1986 illi
1345 1967 1388 1991 ex,
1414 1965 1535 1993 persona!
1557 1965 1609 1984 non
1639 1964 1810 1991 congruere,

1028 2013 1172 2041 antequam
1190 2006 1234 2032 illa
1255 2011 1368 2040 persana
1392 2003 1537 2038 cogitatur,
1556 2002 1601 2030 sed
1619 2002 1643 2029 ei
1664 2006 1810 2036 antequam

1028 2051 1108 2084 nulla,
1123 2051 1208 2086 qualis
1224 2055 1266 2078 est
1280 2057 1392 2085 persmta
1411 2048 1506 2075 Patris.
1521 2048 1631 2074 Plurimi
1647 2055 1716 2075 vero
1736 2055 1814 2075 sane.

1028 2102 1116 2125 torutn
1146 2096 1266 2126 Patrum,
1281 2100 1361 2130 atque
1374 2094 1453 2121 iidem
1468 2094 1576 2128 saepius,
1590 2093 1697 2121 easdem
1713 2093 1812 2121 dictio-

1026 2153 1074 2173 nes
1088 2145 1114 2172 itt
1131 2143 1263 2178 theologia
1281 2144 1426 2170 secundum
1443 2140 1601 2169 differentes
1616 2140 1811 2175 intelligentias

1026 2197 1053 2218 et
1069 2190 1257 2225 suscipiunt,ct
1279 2196 1332 2216 non
1356 2188 1517 2222 suscipiunt,
1545 2192 1572 2214 et
1586 2187 1730 2221 aliquando
1754 2186 1806 2218 sic,

1027 2236 1152 2271 aliqando
1167 2235 1256 2267 aliter,
1273 2239 1303 2261 ιιι
1318 2241 1430 2269 magnus
1445 2233 1559 2260 Basilius
1574 2233 1599 2259 in
1614 2231 1815 2267 quaestionibus

1028 2282 1060 2309 ad
1089 2281 1263 2313 Ennon-ium,
1289 2287 1394 2315 germen
1414 2278 1511 2306 Filium
1534 2278 1667 2305 dicentem
1682 2284 1736 2304 non
1752 2284 1817 2303 sus«

1026 2327 1100 2361 cipit,
1121 2326 1264 2354 dictionem
1289 2326 1359 2353 bane
1381 2323 1634 2359 imperfectionibus
1660 2330 1818 2357 congruere

1027 2373 1186 2401 existimans
1204 2380 1211 2404 ;
1226 2371 1353 2405 quocirca
1375 2377 1434 2398 eam
1450 2369 1566 2398 maxime
1583 2369 1698 2402 ponebat
1715 2368 1806 2394 Euno-

1028 2419 1107 2446 mius.
1127 2417 1225 2444 Verum
1244 2417 1382 2451 theologus
1400 2416 1558 2450 Gregorius,
1575 2415 1601 2441 in
1628 2414 1715 2448 primo
1740 2413 1811 2439 libro

1030 2463 1068 2490 De
1096 2462 1179 2495 Filio,
1203 2462 1237 2489 de
1260 2470 1293 2490 eo
1319 2466 1346 2488 et
1370 2462 1469 2496 Spiritu
1496 2465 1591 2489 sancto
1618 2460 1730 2493 loquens
1743 2457 1778 2484 itit
1801 2467 1808 2485 :

1025 2508 1130 2535 Horum
1161 2514 1249 2535 autem
1275 2507 1388 2534 alterum
1418 2507 1522 2539 quidem
1546 2513 1668 2540 germen,
1698 2505 1815 2530 alterum

1023 2561 1080 2579 vero
1111 2553 1266 2586 productum
1292 2556 1341 2578 est.
1366 2551 1398 2577 Et
1414 2550 1523 2578 causam
1549 2549 1669 2584 quidem,
1695 2554 1723 2575 et
1746 2555 1811 2574 cau-

1022 2597 1079 2624 sale
1095 2597 1120 2622 in
1136 2597 1235 2623 divinis
1254 2596 1378 2630 personis
1399 2597 1461 2627 dici,
1479 2600 1552 2622 vetat
1577 2594 1692 2630 Cyl-illus
1709 2593 1810 2620 beatis-

1022 2644 1109 2668 s'tnns
1124 2643 1235 2668 dicens:
1250 2641 1364 2668 (.‘uttut'm
1387 2649 1446 2667 vero
1461 2647 1485 2667 ct
1505 2639 1610 2667 consule
1624 2647 1655 2666 ne
1675 2638 1811 2665 nominare

1023 2688 1127 2723 quidem
1153 2687 1193 2722 [σε
1219 2693 1267 2720 est,
1292 2689 1313 2714 si
1334 2688 1391 2719 quis
1417 2686 1483 2714 illud
1510 2686 1606 2713 scilicet
1630 2685 1708 2719 juxta
1734 2691 1806 2710 creu—
