1934 3063
107 104 156 136 I59

728 105 778 134 MA
785 105 836 135 Νι]
844 105 926 135 ELIS
949 104 1099 135 CALECtE

1665 105 1714 137 160

104 165 226 185 tttrurum
249 165 346 184 morem
370 159 489 193 arripiat.
515 159 671 187 Communis
691 165 782 187 autem
806 160 884 192 fldes,
899 160 920 189 A
936 160 1002 187 nihil
1013 169 1021 191 ;
1033 160 1145 195 ipseque
1158 168 1191 188 ex
1204 160 1283 188 Palrc
1295 168 1356 190 esse
1369 161 1476 193 dicitttr,
1489 166 1569 196 atque
1581 163 1614 188 ad
1625 162 1711 196 ipsum

102 211 250 238 omnesque
274 204 398 239 theologi,
429 205 453 231 in
479 205 535 232 sola
556 213 637 233 causa
662 210 689 232 et
713 206 814 233 causali
842 206 884 233 di-

103 250 180 276 vinas
205 257 334 284 personas
360 249 489 284 distingui
515 250 619 282 dicunt,
649 250 788 285 majusque
812 251 883 284 quod

104 295 221 327 dicitur,
249 294 331 325 Patri,
359 303 447 322 causae
469 296 575 323 ratione
602 296 710 330 plurimi
742 297 884 324 doctorum

104 340 284 374 assignarunt.
313 339 393 367 Juxta
423 341 578 375 opinionetn
605 346 695 369 autem
723 341 884 369 Arianorum

104 385 139 412 ab
162 385 289 413 Ecclesiae
308 386 409 413 ambitu
437 386 584 420 repellitttr.

141 429 213 456 Nihil
245 437 309 465 ergo
341 431 450 463 mirum,
484 432 507 458 si
541 432 623 459 etiam
667 432 806 460 doctorum
839 432 885 460 alii

105 475 213 508 quidem
240 483 272 501 ex
293 476 435 510 principali
459 483 557 509 causa,
581 481 608 505 et
631 483 693 505 ante
716 485 797 512 quam
818 478 884 505 nihil

105 519 253 553 cogitatur,
278 520 341 547 hinc
365 521 416 548 soli
441 528 591 556 congruere
612 530 672 550 eam
697 523 861 550 arbitrantes
876 544 883 555 ,

105 571 137 590 ex
161 564 237 591 Patre
259 572 306 600 per
321 565 418 592 Filium
434 566 581 600 procedere
601 566 730 601 Spiritum
750 572 884 599 sanctum,

105 611 351 644 productoremqne
370 612 476 639 Patrem
510 620 558 647 per
578 612 697 640 Verbum
719 617 884 645 asseverant,

98 655 169 688 quia
185 654 245 681 Filii
258 655 349 682 omnia
361 656 393 683 ad
414 655 519 682 Patrem
535 656 698 690 referuntur.
710 666 762 686 non
797 663 885 684 tamen

104 707 137 725 ex
166 698 233 725 Filio
261 699 363 726 dicunt.
386 700 438 726 Alii
469 707 531 727 vero
553 706 580 728 et
603 702 627 729 ei
658 702 703 736 qui
733 710 767 730 ex
803 710 885 730 causa

104 749 155 776 est,
175 749 203 770 ιιι
229 744 299 772 Filio
313 752 461 779 congruere
473 752 613 780 ponentes,
629 747 706 781 cujus
719 747 798 775 Pater
814 749 886 782 prin-

105 787 200 821 cipalis
224 789 414 823 praecogitatur
439 797 533 821 causa,
553 797 586 818 eo
611 791 682 825 quod
708 799 790 819 unum
812 792 886 826 prin-

105 833 216 867 cipium,
239 838 266 861 et
290 842 342 861 una
366 842 445 862 causa
471 835 506 862 sit
536 835 625 868 Pater,
658 841 684 863 et
705 836 798 865 Filius.
817 837 887 865 sicut

105 883 133 904 et
161 885 212 904 una
237 878 380 905 essentia:
404 886 475 906 nunc
497 879 605 914 quidem
635 886 683 914 per
709 880 806 907 Filium
823 886 888 908 'esse

107 930 139 949 ac
169 923 316 956 procedere
340 923 442 955 dicunt,
456 931 528 951 nunc
550 928 640 952 autem
665 932 697 952 ex
725 924 793 953 Filio
807 933 888 959 esse,

106 973 134 995 et
160 970 279 1002 prodire,
307 973 334 996 et
358 969 513 1003 procedere,
538 970 686 998 secundum
718 975 887 1004 sanctorum,

113 1016 143 1038 ut
169 1013 268 1039 dictum
303 1017 354 1045 est,
389 1013 495 1040 divinas
531 1014 648 1042 rationes
682 1015 811 1048 tradunt,
841 1023 889 1050 per

107 1064 224 1092 utraque
239 1058 275 1085 illi
287 1058 356 1085 idem
382 1059 511 1091 volentes,
536 1060 586 1089 etsi
598 1059 708 1094 syllabis
724 1060 858 1088 differant.

144 1103 248 1129 Placuit
272 1110 336 1137 ergo
358 1102 524 1130 Datuasccno
551 1104 578 1131 in
604 1105 758 1140 huiusmodi
789 1107 890 1134 theolo-

106 1149 148 1184 gia
178 1149 266 1180 potius
291 1148 329 1175 uti
358 1157 414 1182 per,
443 1156 457 1175 a
473 1156 525 1183 qua
543 1154 570 1177 et
598 1151 887 1183 consubstantialitas.

106 1201 134 1220 ct
160 1195 259 1224 unitas,
290 1201 579 1229 processutnnqnekac
605 1203 782 1230 personarum
809 1199 890 1230 ordo,

107 1244 135 1266 et
160 1239 286 1266 discretio
311 1243 449 1272 apparent,
475 1247 555 1273 quam
583 1242 746 1269 assumendo
773 1250 805 1269 ea:
825 1250 891 1270 cau-

109 1292 166 1310 sam
199 1285 385 1312 tantummodo
417 1285 594 1319 signiﬁcare:
624 1288 755 1321 maxime,
791 1297 824 1316 ne
851 1289 891 1316 vel

107 1337 158 1357 una
186 1337 309 1364 persona,
325 1330 405 1357 Pater
421 1336 447 1358 et
464 1331 548 1359 Filius
563 1333 793 1365 existimarentur,
812 1342 892 1370 prop-

107 1380 147 1402 ter
173 1376 393 1409 pr.upositionum
423 1377 626 1405 similitudinem
652 1387 659 1411 ;
692 1379 733 1406 vel
761 1387 794 1406 ne
820 1381 892 1407 vide-

109 1425 186 1446 retur
209 1419 294 1447 F'dius
312 1421 378 1447 nihil
403 1426 464 1448 ante
479 1429 508 1449 se
531 1423 676 1458 cogitatum
692 1424 802 1457 habere,
821 1426 892 1452 sicut

903 819 922 847 8

936 205 1074 232 refertur:
1093 204 1126 231 Et
1140 213 1224 237 omne,
1241 206 1310 241 quod
1333 215 1388 234 esse
1415 215 1430 233 ιι
1453 206 1521 233 Filio
1541 207 1651 239 dicitur,
1679 210 1713 234 ad

934 251 1048 283 primum
1063 259 1173 278 causam
1187 252 1338 290 relationem
1357 252 1443 283 habet,
1458 254 1605 279 secundum
1624 254 1713 280 Basilii

936 296 1097 323 sententiam
1122 297 1148 324 in
1167 296 1235 324 libro
1251 297 1444 332 Qutesﬁonum,
1464 298 1612 324 secundum
1632 306 1712 332 quem

936 340 1044 367 modum
1065 345 1093 368 et
1108 342 1195 374 radix,
1207 347 1235 368 et
1250 341 1322 374 fons,
1338 347 1365 370 et
1378 342 1452 369 solus
1467 349 1548 369 causa
1565 341 1646 369 Pater
1660 343 1712 369 dici

934 388 1035 419 potest,
1051 391 1079 412 ut
1097 386 1268 418 ostendatur;
1280 395 1312 414 ea:
1326 395 1377 422 quo
1389 387 1458 420 quod
1480 387 1578 414 dicitur
1591 392 1616 414 et
1633 395 1713 422 neque

936 430 998 463 tria,
1024 438 1104 465 neque
1118 431 1171 458 duo
1188 432 1318 466 principia
1344 433 1452 459 deorum
1465 433 1622 467 pluralitate
1639 441 1715 467 sepa-

935 479 996 502 rata
1012 477 1203 510 suscipiantur,
1219 481 1249 504 ut
1274 478 1311 504 ait
1337 477 1483 513 Gregorius
1510 478 1660 513 theologus,
1686 479 1713 504 in

935 520 983 547 lib.
1009 521 1047 548 De
1073 521 1177 555 Spiritu
1201 526 1303 549 sancto.
1321 521 1384 549 Ideo
1406 526 1433 549 et
1448 522 1548 549 dictum
1563 526 1626 549 est:
1651 521 1713 548 Vivo

936 573 982 600 ego
999 570 1105 600 propter
1129 567 1248 593 Patrem.
1274 566 1307 593 Et
1325 575 1332 594 :
1352 566 1388 594 De
1403 567 1467 593 hora
1483 567 1531 593 illa
1555 575 1629 594 nemo
1653 567 1713 597 scil,

936 618 1016 644 neque
1033 610 1131 644 Filius,
1147 611 1198 638 nisi
1214 611 1311 643 Pater;
1325 615 1352 639 et
1369 621 1376 639 :
1390 611 1413 638 Α
1426 620 1465 639 me
1479 612 1534 645 ipso
1547 612 1616 646 facio
1628 613 1713 639 nihil:

936 659 962 682 et
978 664 985 682 :
1008 656 1082 683 Sicut
1098 657 1177 682 audio
1188 656 1299 690 judico;
1313 661 1340 684 et
1356 665 1363 684 :
1380 656 1439 683 Mea
1462 657 1595 688 doctrina,
1609 665 1660 683 non
1676 662 1714 683 est

936 708 993 727 mea
1007 708 1016 728 :
1030 705 1057 727 et
1070 709 1079 728 ς
1094 699 1175 728 Pater
1187 709 1260 728 meus
1277 701 1363 733 major
1377 710 1415 728 me
1428 708 1465 728 est
1482 709 1491 728 :
1507 707 1533 729 et
1547 702 1570 730 si
1586 703 1648 736 qttid
1663 703 1715 729 htt-

935 745 1053 779 iusmodi
1079 745 1112 772 ab
1126 752 1159 772 eo
1175 745 1276 773 dictum
1298 751 1352 779 est,
1369 746 1415 781 qui
1441 747 1531 774 omnia
1549 747 1582 774 ad
1608 747 1713 774 Patrem

937 789 1032 820 refert,
1048 789 1117 816 sicut
1133 794 1160 817 et
1177 789 1210 816 de
1225 789 1336 824 Spiritu,
1353 790 1416 817 alibi
1433 791 1539 824 quidem
1558 791 1595 818 ait
1617 799 1624 819 :
1645 791 1714 824 Quia

937 835 1039 860 mittam
1073 834 1144 862 vobis
1178 834 1368 868 Paracletum;
1397 835 1459 862 alibi
1490 840 1580 863 autem
1604 844 1611 863 :
1633 836 1714 868 Quen:

936 878 1022 905 mittet
1037 877 1118 906 Pater
1130 879 1156 906 in
1169 880 1271 907 nomine
1291 888 1359 912 meo,
1379 880 1430 907 hoc
1444 885 1485 908 est
1497 888 1545 914 per
1557 889 1610 908 me.
1622 881 1716 916 Neque

937 923 1008 950 enitn
1024 930 1167 957 personam
1186 923 1305 958 Spiritus
1321 925 1408 952 sancti
1423 925 1542 952 futurum
1555 925 1651 953 Filium
1668 934 1716 960 per

938 967 990 995 hoc
1015 967 1160 1002 significat.
1182 968 1250 996 Illud
1266 968 1386 1004 quidem,
1401 974 1429 996 ttt
1444 977 1519 997 suam
1532 971 1657 998 ostendat
1675 972 1716 998 di—

938 1013 1079 1047 gnitatem.
1095 1012 1230 1048 Dignitatc
1246 1014 1315 1040 enim
1328 1019 1352 1041 et
1368 1015 1459 1042 ordine
1473 1016 1601 1042 secundus
1614 1025 1629 1042 ιι
1645 1014 1716 1043 Filio

938 1058 1078 1092 est,juxta
1103 1066 1230 1093 magnum
1247 1058 1388 1092 Basilium,
1416 1060 1594 1096 majoremque
1618 1060 1717 1093 Spiritu

939 1108 1030 1131 sancto
1054 1102 1169 1136 Filium,
1191 1110 1304 1138 magnus
1332 1104 1370 1130 ait
1393 1103 1564 1132 Athanasius.
1591 1104 1647 1133 Hoc
1670 1113 1719 1133 au-

940 1154 994 1178 tem
1027 1149 1190 1184 principium
1221 1149 1281 1176 sine
1307 1154 1427 1183 tempore
1453 1149 1602 1183 honorans,
1629 1156 1654 1178 et
1685 1160 1717 1178 ne

940 1196 1069 1223 videretur
1095 1195 1148 1223 Deo
1173 1195 1320 1227 adversari,
1338 1199 1367 1222 ut
1390 1195 1427 1221 ait
1453 1195 1593 1230 theologus
1614 1196 1717 1232 Grego-

940 1242 1007 1268 rius.

975 1286 1119 1314 Enimvero
1142 1291 1281 1314 ostensum
1306 1291 1347 1315 est
1362 1288 1442 1315 etiam
1466 1287 1649 1314 conversionis
1673 1294 1717 1314 ra-

941 1332 1024 1364 tione,
1039 1333 1100 1367 qnia
1121 1332 1228 1360 Patrem
1248 1334 1281 1360 ad
1303 1333 1389 1361 solum
1402 1333 1499 1360 Filium
1521 1333 1663 1360 conferens
1676 1333 1719 1359 vir

942 1383 1050 1405 sanctus
1065 1378 1115 1405 hoc
1127 1378 1180 1411 ait;
1197 1386 1258 1406 cum
1273 1378 1389 1406 dixisset
1406 1378 1477 1405 enim
1491 1387 1498 1404 :
1515 1376 1720 1412 Supersubstan-

943 1422 1015 1449 tialis
1034 1423 1103 1449 enim
1119 1423 1215 1450 divina:
1236 1424 1412 1458 generationis
1430 1431 1469 1450 res
1492 1431 1543 1450 non
1568 1427 1720 1450 convertunt

109 1469 137 1490 et
163 1464 264 1497 Pater;
285 1465 321 1492 ita
350 1465 421 1493 enim
442 1466 466 1493 ei
494 1467 580 1494 visum
611 1473 661 1500 est,
686 1473 715 1496 et
738 1469 802 1502 alia,
831 1477 926 1506 quiec
943 1470 976 1494 ad
1000 1467 1127 1500 invicem;
1164 1468 1236 1495 solus
1264 1473 1351 1494 autem
1376 1468 1434 1502 fons
1460 1468 1719 1501 supersubstantialis

111 1511 236 1544 praedicta
264 1516 338 1539 sunt.

145 1557 198 1583 Sed
226 1557 276 1584 ista
304 1557 413 1592 quidem
443 1557 592 1591 sufﬁciunt,
617 1559 698 1586 etiam
721 1559 742 1586 si
763 1560 892 1594 magister

109 1602 231 1632 dixisset,
262 1609 293 1629 ex
310 1602 378 1629 Filio
399 1611 451 1630 non
469 1611 528 1631 esse
554 1604 695 1639 Spiritum.
721 1605 797 1633 Nunc
818 1614 892 1638 vero,

110 1655 164 1674 non
190 1649 225 1674 ita
246 1648 323 1678 dixit,
346 1648 430 1675 solum
452 1657 459 1675 :
478 1648 516 1674 Ea:
543 1648 613 1676 Filia
633 1655 719 1677 autem
748 1659 800 1678 non
826 1651 894 1678 diei-

110 1700 178 1724 ntus;
210 1693 260 1719 hoc
277 1697 366 1720 autem
385 1693 456 1720 nulla
477 1694 580 1721 ratione
603 1696 768 1722 contrarium
796 1703 837 1724 est
856 1697 892 1728 ei.

109 1737 183 1771 quod
208 1745 269 1765 esse
294 1745 328 1765 ex
351 1738 420 1766 Filio
444 1739 552 1768 dicitur.
588 1740 764 1769 Communem
791 1743 890 1778 quippe

112 1788 214 1809 tantum
237 1791 314 1810 usum
333 1791 381 1818 per
400 1785 449 1812 hoc
476 1785 567 1812 tradit.
590 1785 619 1813 Si
644 1786 725 1821 igitur
754 1795 785 1814 ea
811 1795 893 1822 expo-

111 1829 208 1856 sitione
224 1835 358 1863 suscepta,
377 1838 456 1864 quam
479 1831 557 1858 ntulti
577 1826 679 1865 volunt,
705 1833 817 1866 plut-ima
835 1841 894 1867 quae

111 1879 174 1901 sunt
190 1880 258 1907 rata,
275 1876 473 1908 convelluntur,
487 1882 516 1914 et
531 1885 617 1912 neque
638 1879 695 1912 ipse
720 1879 783 1911 sibi,
807 1887 893 1914 neque

111 1921 173 1947 aliis
197 1927 258 1948 ante
283 1929 312 1949 se
338 1913 492 1949 doctoribus
513 1923 670 1956 concordat,
691 1929 782 1951 nostra
803 1913 893 1952 autem

111 1967 302 2000 explanatione
321 1968 451 1999 admissa,
468 1968 534 1995 ttihil
553 1968 605 1996 talo
619 1970 765 2004 contingit,
784 1978 893 1997 corum-

111 2020 161 2046 que
180 2020 240 2046 quae
257 2018 312 2039 rata
337 2018 411 2045 sunt,
434 2013 500 2040 nihil
523 2015 633 2042 omnino
650 2015 750 2043 decidit
765 2023 775 2042 :
791 2021 895 2044 constat

112 2058 247 2092 proiecto,
266 2059 335 2086 hanc
358 2066 418 2086 esse
443 2067 534 2087 veram
557 2061 766 2094 expdsitionem,
784 2061 893 2089 illorttm

113 2109 202 2130 attinnt
236 2103 330 2131 falsam
354 2109 381 2131 et
409 2105 595 2138 rejiciendam.
625 2106 664 2133 Ex
692 2107 790 2141 quibus
812 2108 892 2135 etiam

111 2149 213 2175 dit-itur
238 2150 309 2176 vorbi
325 2150 396 2177 illius
411 2150 481 2178 beati
498 2151 617 2186 Dionysii
635 2153 745 2185 solutio,
761 2160 815 2187 quo
830 2153 869 2180 ait
884 2162 891 2180 :

112 2193 189 2221 Solus
210 2195 267 2228 fons
293 2196 551 2228 supersubstantialis
581 2196 695 2235 Deitatis
720 2199 801 2225 Pater
832 2205 893 2230 est;

112 2242 217 2273 qualem
245 2240 317 2267 enim
350 2240 451 2268 fontem
477 2249 591 2275 magnus
613 2242 664 2269 istc
695 2248 770 2276 pater
791 2243 847 2270 Deo
867 2248 895 2270 et

113 2285 184 2311 Patri
218 2286 316 2319 rcddit,
344 2291 407 2314 ante
435 2294 515 2320 quem
543 2287 609 2314 nihil
642 2288 785 2322 cogitatur,
814 2289 893 2316 talem

115 2329 296 2358 Damasconus
324 2332 349 2358 itt
380 2331 447 2358 Filio
476 2332 602 2368 denegat.
632 2334 701 2360 Ante
730 2334 802 2362 hunc
823 2335 893 2362 enim

115 2383 191 2409 pater
211 2377 354 2409 cogitatur.
376 2377 409 2404 Et
437 2385 532 2404 rursus
564 2378 715 2411 huiusmodi
745 2387 853 2406 causam
881 2388 893 2405 a

116 2421 182 2448 Filio
208 2421 326 2449 Joannes
351 2422 449 2456 aufert,
472 2424 577 2458 qualem
602 2424 769 2458 Augustinus
787 2424 894 2452 Patrem

113 2469 191 2500 tlixil,
216 2468 390 2503 principalem
407 2469 492 2504 ipsum
510 2477 617 2497 causam
637 2471 775 2505 appellans
790 2480 797 2497 ;
816 2470 897 2498 Prin-

114 2515 237 2547 cipalt‘ter
253 2515 334 2544 enim,
356 2515 404 2547 ait,
432 2522 464 2542 ea:
489 2514 570 2542 Patre
602 2515 736 2549 procedere
767 2515 896 2550 Spiritum

113 2566 246 2594 sanctum;
275 2567 302 2589 et
324 2562 446 2589 addidit:
477 2562 666 2596 Principaliter
692 2567 780 2590 autem
804 2563 872 2590 dixit
889 2582 896 2595 ,

113 2609 236 2640 quoniam
263 2613 287 2635 et
316 2616 348 2635 ex
367 2607 437 2636 Filia
456 2608 509 2636 Deo
537 2609 652 2643 Spiritus
682 2610 812 2637 inuenitur
834 2617 897 2644 pro-

115 2654 215 2680 cedere.
334 2685 339 2687 ἒ

152 2700 262 2726 Foutctn
278 2707 343 2735 ergo
359 2702 444 2729 sancti
463 2700 579 2735 Spiritus
592 2706 618 2728 et
635 2702 730 2730 Filium
747 2710 760 2728 a
778 2701 898 2734 doctori-

116 2746 167 2772 bus
181 2745 232 2772 dici
249 2755 330 2780 supra
346 2753 526 2775 monstratum
549 2753 602 2775 cst.
622 2748 673 2775 Sed
692 2749 818 2782 quoniam
834 2753 896 2775 ante

118 2792 214 2819 Filium
231 2794 337 2827 quidem
353 2794 432 2822 Pater
447 2795 592 2829 cogitatur,
609 2799 670 2822 autc
689 2794 796 2821 l’atrcm
809 2799 898 2820 autem

943 1513 1048 1539 deitatis
1065 1512 1144 1539 Pater
1158 1518 1208 1544 est.
1223 1513 1324 1540 addidit
1341 1521 1347 1540 :
1374 1512 1440 1540 Cum
1457 1521 1507 1539 non
1527 1513 1560 1539 sit
1574 1512 1655 1539 Pater
1673 1512 1720 1538 Fi-

944 1559 1006 1589 lius,
1019 1566 1100 1592 neque
1113 1557 1199 1585 Filius
1215 1559 1246 1585 sit
1261 1558 1349 1589 Pater,
1365 1563 1389 1585 et
1404 1558 1497 1585 diuina
1512 1565 1571 1584 vero
1584 1558 1716 1592 generatio

943 1605 991 1631 huc
1015 1605 1112 1639 signat.
1138 1608 1165 1631 et
1183 1611 1242 1638 quae
1265 1603 1316 1630 alia
1340 1603 1467 1638 praedicta
1495 1608 1569 1631 sunt.
1587 1603 1720 1631 Tenemus

944 1651 1033 1685 itaque
1052 1650 1171 1677 doctoris
1195 1649 1381 1682 iutentionent,
1396 1649 1449 1676 alio
1463 1656 1496 1676 ex
1518 1650 1577 1676 loco
1592 1649 1642 1676 sibi
1658 1649 1720 1683 ipsi,

944 1703 976 1723 ac
993 1696 1149 1723 doetoribus
1173 1695 1279 1723 czeteris
1295 1694 1469 1727 concordem,
1494 1695 1541 1729 qui
1566 1699 1628 1721 sunt
1650 1694 1721 1729 ejus-

944 1743 1004 1769 dem
1019 1741 1118 1773 meriti,
1131 1745 1158 1768 et
1170 1741 1197 1768 in
1213 1745 1368 1769 sanctorum
1383 1744 1455 1767 cmtu
1471 1740 1553 1767 nihilo
1566 1739 1720 1766 inferiores.

946 1786 980 1814 Ut
996 1791 1085 1814 autem
1099 1778 1208 1819 quidam
1232 1786 1335 1815 volunt.
1352 1785 1519 1813 contrarium
1534 1784 1644 1811 omnino
1658 1792 1721 1811 cou-

945 1828 1072 1866 tiugeret.
1098 1830 1210 1858 Fontetn
1238 1831 1337 1865 quippe
1364 1830 1451 1857 sancti
1480 1829 1595 1863 Spiritus
1624 1829 1720 1856 Filium

945 1876 1035 1903 dicere
1049 1876 1126 1910 juxta
1142 1876 1276 1903 invectum
1290 1875 1323 1902 ab
1337 1876 1377 1902 eis
1393 1875 1540 1902 secundum
1556 1881 1721 1908 processum.

944 1925 974 1948 ut
989 1928 1088 1948 vanum
1116 1928 1148 1948 ac
1175 1920 1301 1954 plurimis
1326 1920 1539 1948 absurditatibus
1564 1919 1721 1950 obnoxium,

945 1974 1024 2001 supra
1041 1967 1208 1994 confutatum
1224 1970 1276 1994 est.

979 2012 1012 2039 Et
1033 2017 1107 2040 certe
1126 2019 1179 2040 non
1193 2012 1280 2040 solum
1298 2011 1398 2039 fontem
1417 2011 1503 2039 sancti
1519 2011 1647 2046 Spiritus,
1668 2018 1724 2038 nta-

947 2065 1016 2091 gnus
1030 2058 1194 2084 Athanasius
1216 2057 1313 2085 Filium
1336 2057 1416 2089 dixit.
1442 2058 1488 2084 sed
1511 2062 1538 2085 ct
1561 2057 1647 2083 solum
1662 2063 1722 2083 eum

947 2103 1016 2130 dixit
1029 2103 1116 2130 sancti
1133 2102 1251 2137 Spiritus
1276 2102 1387 2131 fontem.
1404 2102 1585 2130 Tlteodoritus
1600 2101 1671 2128 enint
1695 2101 1721 2127 in

945 2156 965 2175 ll
983 2148 1052 2176 libro
1071 2156 1128 2176 sua:
1149 2148 1342 2176 Ecciesiastica
1357 2148 1486 2179 historice,
1505 2155 1566 2181 cap.
1581 2147 1626 2178 25,
1643 2145 1725 2173 infert

944 2194 1088 2228 epistolam
1105 2195 1194 2228 magni
1210 2195 1352 2221 Athanasii
1367 2194 1400 2220 ad
1412 2193 1493 2220 Afros
1509 2193 1542 2220 de
1559 2191 1724 2219 Ariminensi

946 2240 1071 2272 concilio,
1088 2239 1115 2267 in
1132 2247 1197 2274 qua,
1213 2239 1248 2266 ita
1273 2240 1404 2274 scripturn
1420 2239 1556 2267 invenitur
1570 2247 1577 2265 :
1596 2237 1662 2270 Quis
1675 2245 1725 2264 au-

948 2291 998 2313 tem
1011 2286 1051 2312 Itis
1071 2285 1193 2320 congredi
1206 2285 1265 2312 velit
1281 2286 1441 2316 hominibus,
1456 2285 1508 2324 qui
1519 2291 1599 2318 neque
1619 2291 1668 2309 sua
1684 2291 1728 2310 su-

948 2332 1079 2366 scipiunt?
1104 2330 1176 2357 Nam
1202 2331 1228 2358 in
1258 2331 1345 2358 decem
1371 2331 1477 2358 illorum
1500 2335 1524 2357 et
1546 2329 1676 2362 pluribus,
1701 2335 1727 2354 ιιι

948 2378 1129 2411 praediximus,
1157 2378 1274 2412 tynodis,
1302 2377 1371 2404 alios
1397 2377 1451 2403 alia
1481 2376 1631 2408 scribentes,
1662 2376 1728 2401 satis

948 2424 1091 2455 evidenter,
1108 2424 1260 2453 ostendunt.
1271 2431 1297 2450 se
1313 2423 1431 2458 singulas
1446 2422 1554 2449 illarum
1569 2421 1728 2456 improbare.

950 2468 1096 2496 Patiuntur
1124 2473 1211 2495 autem
1238 2468 1296 2500 hoc,
1322 2467 1390 2502 quod
1415 2471 1440 2494 et
1458 2466 1549 2493 Iudici
1576 2470 1636 2492 tunc
1659 2467 1730 2499 passi

949 2519 1020 2540 sunt.
1039 2513 1073 2540 Ut
1098 2513 1166 2540 enim
1192 2513 1232 2540 illi
1247 2512 1331 2540 solum
1355 2511 1452 2546 fontem
1467 2519 1542 2543 aqum
1565 2511 1629 2537 vivae
1650 2510 1731 2537 relin-

948 2566 1065 2595 quentes,
1094 2560 1217 2594 foderunt
1242 2559 1292 2586 sibi
1322 2558 1407 2590 lacus,
1437 2557 1481 2592 qui
1513 2565 1563 2583 non
1590 2560 1730 2589 potuerunt

950 2616 1045 2644 aquam
1063 2608 1214 2635 continere:
1228 2606 1354 2640 scriptum
1373 2609 1411 2632 est
1426 2611 1513 2631 autem
1533 2604 1604 2638 apud
1619 2603 1732 2638 prophe-

951 2659 1004 2681 tam
1033 2653 1185 2684 Jerentiam;
1232 2652 1270 2678 ita
1299 2655 1324 2677 et
1357 2651 1402 2677 isti
1433 2654 1578 2685 pugnantes
1607 2650 1731 2675 adversus

950 2699 1123 2728 uniuersalem
1137 2698 1275 2733 synodum,
1297 2697 1420 2731 fuderunt
1443 2696 1493 2722 sibi
1511 2695 1624 2731 synodos
1647 2695 1732 2730 pluri-

953 2755 1020 2774 mas.

990 2793 1042 2820 Sed
1067 2796 1093 2819 et
1117 2791 1144 2818 in
1169 2791 1238 2819 libro
1257 2791 1357 2820 Contra
1377 2791 1500 2823 Ariattos,
1527 2797 1638 2824 magnus
1662 2788 1731 2816 idem
