1934 3063
199 136 247 167 161

742 139 945 170 ADVERSUS
964 139 1026 168 GR.

1027 139 1118 170 suos
1139 140 1211 170 LIB.
1230 141 1286 170 ιιι.
1764 145 1815 176 ιω

196 192 361 221 Athanasius
378 192 547 220 Salvatorem
563 194 648 221 solum
666 193 784 230 Spiritus
800 194 886 222 sancti
900 193 981 228 largi-
995 195 1020 224 Α
1033 194 1123 221 tions:
1151 195 1213 229 quia
1236 196 1353 230 scripsit,
1376 205 1427 223 non
1442 196 1500 223 sine
1514 197 1593 231 primi
1611 199 1694 229 patris
1710 206 1816 232 peuan

196 243 284 263 torem
301 245 362 264 esse
379 239 417 263 ait
433 238 525 264 dicens
545 247 552 264 :
575 238 608 264 Et
624 243 716 266 contra
736 239 860 266 Salvator
872 247 931 265 cum
949 240 982 266 sit

202 282 284 314 Deus,
295 287 319 308 et
330 283 404 316 regni
417 282 504 310 Patris
514 291 615 315 semper
626 283 759 318 imperans
770 283 887 318 Spiritus
899 285 983 310 sancti

201 329 313 362 largitor
335 329 408 355 solus
433 335 481 355 est.
503 328 567 355 Haec
584 329 668 363 igitur
692 337 724 356 ex
741 329 887 357 abundanti
912 329 983 356 dicta

199 379 272 405 sunt,
289 375 322 400 ad
340 374 538 401 ostendendum
553 383 561 404 ς
576 375 639 409 quia
652 379 680 402 et
698 374 782 402 Filius
794 375 881 402 sancti
897 374 983 409 Spiri-

198 424 242 446 tus
259 419 319 447 l'ons
333 419 421 447 dictus
438 420 483 447 sit.

234 465 263 492 Si
279 466 362 500 igitur
377 467 501 494 doctores
521 465 574 494 sibi
589 466 667 500 ipsis,
691 471 773 502 atque
788 467 901 494 invicem
917 474 982 494 con-

199 511 296 538 cordes
319 518 380 538 esse
403 511 559 538 necessario
582 510 720 538 latendum
748 516 799 543 est,
825 512 874 538 hoc
894 515 983 537 atttcm

201 564 272 584 nunc
291 558 407 584 maxime
422 556 462 587 ﬁt,
479 556 601 591 nihilque
614 564 808 585 concessorum
826 558 982 592 dogmatum

201 607 286 632 nutat.
303 602 346 629 his
361 603 397 629 ita
415 601 556 637 expositis,
579 607 607 629 ut
620 602 721 629 dictttm
739 607 780 629 est
793 611 800 635 ;
815 602 881 630 alias
894 608 982 630 autem

200 651 295 673 contra
324 646 433 680 penitus
450 646 596 681 contingit;
622 647 733 674 evidens
760 647 882 681 proiecto
898 649 982 675 docu-

201 695 322 718 mentum
338 696 392 723 est,
407 691 477 718 hanc
489 692 597 725 quidem
612 691 806 725 expositionem
820 699 911 719 veram
923 699 983 720 esse

201 737 299 767 solam,
313 743 461 770 omnesque
477 740 574 771 praeter
590 737 680 768 istam,
697 737 779 763 falsas
796 744 867 763 esse.

237 781 316 808 Patet
332 783 396 808 item
411 782 477 809 dicti
495 781 567 809 illius
582 781 690 814 solutio,
711 783 782 816 quod
805 783 895 816 posuit
915 782 982 810 Gre-

201 827 292 861 gorius
312 827 471 861 theologus:
490 826 584 854 Omnia
604 827 714 857 scilicet.
726 835 784 862 quae
799 827 874 854 habet
894 827 991 858 Pater,-

1036 247 1093 266 esse
1119 240 1270 274 Dominum,
1289 241 1316 267 in
1343 247 1469 274 quantum
1494 244 1570 268 homo
1587 248 1654 270 erat.
1684 244 1716 271 Et
1731 247 1816 279 primo

1034 285 1139 319 quidem
1164 287 1304 312 concordes
1332 286 1511 313 Romanorum
1538 288 1651 315 Patrum
1681 291 1816 324 protulere

1033 331 1188 357 sententias.
1205 331 1300 366 Cyrilli
1323 340 1424 366 quoque
1452 332 1626 360 Alexandrini
1656 336 1682 361 in
1712 338 1816 370 exposi-

1035 376 1105 402 tione
1125 383 1204 408 super
1225 376 1336 402 Joannis
1352 375 1534 411 Evangelium,
1554 385 1585 403 ea:
1598 378 1691 411 quibus
1717 381 1816 413 seipsos

1035 429 1086 447 non
1112 421 1213 448 Filium
1241 421 1356 456 Spiritus
1382 431 1491 449 causam
1518 423 1605 457 facere
1635 425 1814 453 ostenderunt.

1035 465 1120 492 Unam
1133 467 1201 493 enim
1221 473 1346 493 noverunt
1364 466 1429 493 Filii
1449 473 1471 495 et
1487 467 1602 502 Spiritus
1618 478 1673 496 esse
1687 479 1791 497 causam
1806 479 1815 498 .'

1034 511 1145 538 alterius
1171 512 1277 545 quidem
1305 513 1446 539 secundum
1476 516 1685 547 processionem;
1718 517 1762 543 sed
1787 522 1815 543 ut

1034 564 1080 590 per
1103 556 1188 590 ipsum
1213 558 1350 591 procedere
1383 558 1562 591 insinuarent;
1592 561 1681 595 sitque
1704 562 1815 595 conjun-

1035 603 1144 629 ctionem
1157 603 1287 636 essentiw,
1299 608 1323 629 et
1338 604 1631 632 incommutabilitateut
1649 609 1815 634 commcnda-

1034 653 1102 675 νεγιι,

1069 693 1162 727 Itaque
1177 694 1248 727 quod
1274 699 1385 722 sanctus
1411 695 1526 730 Cyrillus
1550 697 1673 731 plurimis
1696 698 1721 725 in
1749 700 1816 726 locis

1035 737 1165 772 Spiritum
1181 744 1305 766 sanctum
1322 747 1353 767 ex
1370 739 1439 768 Filio
1455 742 1525 768 sicut
1540 743 1620 769 etiam
1637 751 1667 770 ex
1685 743 1764 771 Patre
1776 745 1816 771 di-
1860 764 1863 765 ν

1034 787 1088 814 cat,
1102 790 1217 817 cumque
1233 791 1266 811 ex
1280 783 1348 812 Filio
1362 792 1422 812 esse
1439 790 1466 812 et
1481 794 1529 820 per
1545 787 1646 821 ipsum,
1659 793 1685 815 et
1708 797 1738 815 cx
1757 789 1816 823 ipso

1034 828 1195 854 naturaliter
1209 830 1367 862 procedere,
1383 835 1411 857 et
1427 831 1488 864 quia
1513 839 1560 866 per
1585 833 1672 866 ipsum
1689 834 1815 867 profusus

201 880 255 899 esse
270 871 348 904 Filii,
367 878 464 906 pra'ter
478 880 596 899 causata.
613 871 688 899 Sicut
707 873 779 899 enim
795 873 872 900 divus
887 873 983 908 Diony-
1001 884 1021 911 Β
1037 873 1197 900 naturaliter
1220 874 1357 908 propriam
1376 876 1453 903 nobis
1478 878 1643 905 subtantiam
1662 879 1762 913 signat.
1788 885 1815 907 et

201 918 257 944 sius
270 917 378 945 Patrem
397 919 430 944 ad
446 918 534 945 solum
552 917 649 945 Filium
666 918 809 945 conferens
825 918 902 953 juxta
917 926 984 946 cou-

201 963 337 990 vcrsiouis
366 964 512 995 rationem,
538 963 644 990 Patrem
675 964 762 990 solum
791 963 889 991 fontem
918 964 985 992 dixit

203 1009 268 1043 (non
296 1010 368 1036 enim
395 1015 437 1037 est
466 1009 550 1037 Filius
578 1009 640 1036 fons
670 1009 779 1044 Patris).
800 1018 888 1045 neque
911 1011 982 1038 enim

202 1057 370 1082 convertitur
383 1062 390 1082 :
405 1056 442 1082 ita
457 1059 484 1082 et
502 1063 624 1083 summus
637 1056 681 1083 hic
695 1055 748 1088 vir,
764 1060 862 1090 praeter
873 1063 982 1083 causam

203 1101 303 1128 habere
318 1100 416 1128 Filium
431 1101 521 1128 Patris
535 1101 624 1129 omnia
643 1101 727 1133 dixit;
742 1108 850 1128 causam
868 1103 982 1133 scilicet,

202 1153 283 1180 quam
304 1145 386 1172 habet
403 1146 436 1180 ad
452 1145 561 1177 Filium,
581 1145 671 1172 Pater.
698 1146 837 1180 Siquidem
851 1147 923 1173 enim
940 1154 984 1173 ar-

203 1191 336 1218 bitrantur
357 1197 406 1225 per
423 1191 483 1223 hoc,
500 1195 623 1218 sanetum
639 1191 737 1223 virum,
758 1191 856 1218 nullam
874 1192 984 1219 omnino

203 1242 312 1262 causam
324 1235 393 1262 Filio
408 1236 532 1267 reddere.
547 1235 686 1263 falluntur.
705 1235 766 1270 lpse
777 1236 849 1263 enim
867 1241 920 1268 est,
938 1236 984 1270 qui

204 1281 241 1308 ait
259 1289 267 1308 :
285 1280 327 1308 Ea:
348 1281 477 1315 principio
490 1281 657 1315 principium.
677 1282 746 1315 Quin
764 1287 790 1309 et
809 1282 834 1309 in
849 1283 982 1315 oratione,

204 1334 283 1361 quam
311 1327 377 1354 iacit
400 1327 435 1354 ad
458 1326 610 1360 Christum,
634 1327 671 1354 ita
698 1327 835 1355 inchoavit
860 1328 953 1356 dicens
975 1338 982 1355 :

206 1372 240 1399 Te
256 1381 324 1399 nunc
336 1380 436 1407 quoque
449 1373 635 1405 benedicimus,
648 1373 749 1400 Christe
764 1382 846 1407 meus,
862 1374 984 1408 Verbum,

204 1418 289 1444 sancti
310 1417 424 1452 Spiritus
449 1419 505 1445 sine
528 1419 657 1452 principio
673 1424 800 1447 servator.
818 1420 903 1452 Quam
921 1427 985 1454 ergo

205 1464 283 1490 habet
298 1464 380 1490 Pater
393 1464 426 1490 ad
442 1463 538 1491 Filium
556 1471 666 1492 causam
682 1464 806 1492 indicare
823 1461 920 1497 voluit;
937 1465 986 1492 ali~

205 1515 243 1537 ter
260 1510 360 1545 quippe
386 1510 437 1537 sibi
457 1510 508 1544 ipsi
527 1517 579 1537 non
603 1515 774 1543 congrueret,
798 1510 985 1545 sententiaque

205 1555 285 1582 fallax
301 1556 447 1583 videretur.
465 1554 561 1582 Dicere
588 1556 661 1583 enim
679 1560 777 1591 praeter
789 1563 910 1585 causam.
924 1544 982 1582 oin-
997 1544 1019 1575 θ

205 1609 265 1629 nem
288 1608 398 1629 causam
419 1601 569 1629 auferentis
591 1609 653 1630 esse
678 1601 790 1634 volunt;
819 1602 870 1628 hoc
894 1605 983 1628 autem

206 1646 300 1674 falsum
333 1651 385 1675 est.
402 1647 449 1674 Vel
468 1652 652 1675 creaturarum
690 1647 763 1675 enim
795 1647 881 1681 ipsum
912 1651 985 1673 certe

206 1700 313 1720 causam
331 1693 433 1720 dicent.
455 1693 608 1720 Attestatur
619 1692 662 1720 his
674 1698 702 1720 et
715 1693 773 1727 ipse
790 1693 883 1719 dicens
897 1700 905 1719 :
920 1692 984 1719 0m-

207 1739 249 1765 nia
265 1747 323 1773 qua
339 1739 416 1765 habet
432 1738 524 1771 Pater,
542 1737 605 1765 Filii
622 1744 681 1765 sunt
697 1743 796 1773 praeter
808 1745 934 1771 causam;
958 1743 985 1765 et

206 1786 294 1812 omnia
314 1792 373 1819 quae
389 1785 471 1812 habet
487 1784 583 1817 Filius,
598 1785 714 1818 Spiritus
729 1784 815 1812 sancti
829 1790 903 1817 sunt,
917 1792 985 1819 prte—

208 1835 247 1856 ter
261 1830 442 1857 nativitatem.

239 1877 352 1904 Constat
369 1884 434 1911 ergo
449 1878 512 1912 quia
523 1877 634 1904 Patrem
653 1877 685 1904 ad
696 1875 793 1903 Filium
805 1883 982 1910 comparans;

208 1927 302 1954 praeter
320 1930 440 1955 causam,
456 1922 534 1954 dixit,
547 1929 628 1957 quam
646 1921 752 1949 scilicet
765 1921 847 1948 habet
859 1920 939 1948 Pater
950 1920 983 1948 ad

208 1967 314 2000 Filium,
330 1968 401 1996 sicut
417 1972 445 1995 ct
455 1968 525 2002 quod
540 1967 674 2002 sequitur,
689 1966 820 2001 Spiritum
838 1966 869 1993 ad
886 1965 982 1993 Filiqu

208 2014 389 2048 comparautis
419 2018 472 2046 cst,
497 2013 658 2040 relationem
686 2012 792 2039 illorum
817 2012 850 2039 ad
869 2011 983 2039 invicem

208 2059 386 2093 inspicienlis,
407 2058 554 2086 secundant
571 2057 678 2084 illorum
690 2055 816 2092 proprios
829 2064 983 2091 processus.

210 2103 301 2131 Dicere
325 2111 451 2139 namque,
478 2103 608 2138 Spiritum
638 2103 738 2130 habere
765 2103 854 2129 omnia
886 2107 985 2136 praeter

209 2150 384 2182 nativitatem,
400 2150 466 2177 nihil
482 2150 556 2176 aliud
567 2149 713 2184 signiﬁcat,
729 2149 780 2176 nisi
792 2154 890 2183 printer
901 2155 983 2183 quam

209 2195 389 2222 immediatum
404 2202 437 2222 ex
453 2194 532 2222 Patre
548 2201 609 2222 esse
620 2202 626 2227 ;
638 2195 735 2229 quippe
751 2202 810 2221 cum
823 2193 907 2220 Filius
924 2193 986 2227 qui-

209 2240 265 2266 dem
281 2247 312 2267 ex
337 2239 415 2267 Patre
430 2240 489 2267 sine
513 2239 602 2267 medio
620 2239 665 2271 sit,
688 2239 765 2273 juxta
791 2239 984 2273 proprietatem

209 2293 295 2316 suam,
309 2290 419 2312 sanctus
430 2291 521 2317 autem
545 2283 663 2318 Spiritus
677 2291 710 2310 ex
730 2283 810 2311 Patre
824 2292 871 2318 per
886 2283 984 2310 Filium

209 2331 344 2364 procedat,
362 2330 487 2365 quocirca
503 2336 589 2364 neque
604 2329 779 2361 convertitur,
793 2329 918 2363 quoniam
938 2337 986 2355 ne-

209 2384 258 2408 que
270 2383 412 2410 processus
427 2376 476 2408 illi,
495 2380 522 2402 et
537 2379 738 2409 consequenter
759 2382 845 2408 nequc
861 2375 988 2401 substan-

211 2420 282 2446 tialia
297 2425 503 2448 convertuntur.
526 2419 559 2446 Et
575 2426 609 2446 ex
631 2419 683 2447 hoc
708 2419 792 2454 igitur
806 2419 872 2446 nihil
896 2427 944 2454 pro
958 2426 988 2446 se

209 2465 379 2493 concludunt.

245 2510 342 2538 Eadem
368 2520 427 2539 uero
443 2513 559 2544 ratione,
575 2519 609 2539 ne
631 2511 656 2538 id
672 2511 778 2546 quidem
794 2510 849 2538 illis
870 2510 988 2545 opitula-

213 2559 264 2587 tur,
278 2557 348 2590 quod
373 2557 410 2584 ait
434 2562 543 2584 sanctus
570 2555 704 2583 Maximus
719 2556 745 2582 in
774 2554 858 2589 Epist.
878 2555 911 2581 ad
930 2554 987 2581 Ma-

214 2602 299 2628 rinum
324 2602 359 2628 ita
376 2602 497 2629 scribens
513 2611 520 2629 ε
539 2602 732 2637 Synoaicorum
750 2601 830 2635 igitur
853 2604 988 2634 praesentis

213 2648 367 2674 sanctissimi
395 2647 485 2681 Papae,
499 2656 549 2673 non
571 2652 607 2674 tot
631 2646 745 2680 capitula
760 2650 820 2680 quot
837 2645 989 2679 scripsistis.

215 2693 390 2726 repudiarunt,
408 2693 453 2726 qui
475 2693 501 2718 in
521 2694 591 2727 regia
611 2693 716 2719 riritate
728 2695 914 2718 converterunt.
932 2690 989 2716 Duo

214 2743 298 2763 autem
312 2738 377 2769 sola,
403 2747 514 2773 quorum
536 2738 652 2765 alterutri
677 2737 781 2772 quidem
807 2737 839 2762 de
860 2735 989 2769 theologia

216 2785 335 2810 curitiuet.
363 2784 444 2816 Quia,
463 2785 561 2815 inquit,
579 2784 658 2810 etiam
689 2790 720 2809 ex
749 2781 819 2808 Filio
852 2781 990 2814 procedere

218 2829 340 2862 Spiritum
366 2836 496 2859 sunt/um,
514 2830 626 2856 alterum
644 2837 700 2855 t'cro
718 2829 748 2854 de
764 2828 850 2854 itit-ina
867 2827 990 2852 iurarun—

1035 925 1094 953 qua
1108 919 1181 951 talia,
1196 920 1261 947 satis
1276 927 1358 954 supra
1374 921 1539 949 declaratum
1564 929 1615 950 est.
1639 924 1692 952 Sed
1714 930 1741 961 ρι
1763 926 1816 952 Ru-

1035 971 1176 991 manorum
1201 966 1352 997 doctorum,
1376 965 1470 994 Hilarii
1495 968 1611 1002 scilicet,
1635 971 1770 998 Ambrosii
1788 976 1816 998 et

1034 1009 1178 1044 Augustini
1197 1010 1269 1038 dicta
1297 1011 1359 1038 huic
1385 1013 1526 1040 sentcntiae
1544 1022 1662 1049 congrua
1681 1016 1816 1050 produxe-

1035 1059 1115 1087 runt;
1131 1056 1176 1089 qui
1191 1060 1217 1082 ct
1232 1063 1265 1082 ex
1286 1056 1354 1084 Filio
1372 1059 1519 1091 procedere
1534 1058 1667 1091 Spiritum
1689 1065 1815 1086 sanctum

1035 1100 1143 1128 docent.
1169 1100 1232 1128 Haec
1245 1105 1334 1128 atttem
1356 1103 1465 1134 mirum,
1480 1110 1502 1130 SI
1527 1111 1581 1130 non
1600 1104 1680 1131 etiam
1705 1113 1815 1132 causam

1035 1145 1167 1172 insinuat.
1193 1146 1229 1172 Ea
1250 1146 1320 1173 enim
1347 1147 1463 1178 ratione.
1482 1153 1511 1175 ut
1530 1148 1610 1175 datur
1627 1149 1749 1184 intelligi,
1769 1158 1818 1177 ne-

1034 1197 1086 1224 que
1102 1197 1163 1217 cum
1181 1198 1213 1217 cx
1232 1192 1286 1218 Deo
1300 1198 1372 1223 e55e,
1394 1198 1420 1219 et
1441 1200 1473 1219 ex
1492 1193 1570 1220 Patre
1587 1195 1732 1227 procedere
1750 1191 1816 1228 ’Βρι-

1036 1235 1104 1261 ritus
1116 1235 1257 1268 asserilur,
1271 1242 1381 1263 causam
1396 1236 1559 1271 designabit.
1573 1237 1624 1265 Sed
1642 1239 1703 1270 ista,
1720 1244 1817 1273 praeter

1036 1280 1184 1314 Scriptura
1199 1280 1373 1308 intentionem
1387 1287 1466 1314 sant;
1484 1289 1589 1316 nempe,
1603 1283 1729 1317 quoniam
1739 1283 1815 1315 juxta

1036 1330 1158 1353 sanctum
1175 1325 1317 1360 Cyrillum,
1333 1326 1572 1361 Occidentalesque
1587 1328 1711 1354 doctores
1726 1328 1815 1354 laten-

1036 1374 1079 1397 tur
1098 1370 1178 1404 ltujus
1192 1377 1254 1398 esse
1282 1372 1434 1404 sententite,
1452 1373 1497 1406 qui
1521 1372 1659 1399 evidenter
1681 1380 1712 1400 ex
1737 1373 1817 1400 Patre

1035 1420 1062 1442 et
1073 1415 1156 1449 Filio;
1174 1416 1255 1444 veluti
1272 1424 1305 1443 ex
1319 1425 1372 1444 uno
1386 1417 1518 1451 principio
1534 1418 1652 1451 prodire,
1669 1426 1700 1445 ac
1722 1426 1817 1453 proce-

1035 1462 1111 1494 dere,
1125 1466 1155 1488 ut
1178 1463 1277 1489 dictum
1291 1468 1343 1494 est,
1360 1462 1488 1496 Spiritum
1505 1468 1627 1490 sanctum
1642 1463 1816 1491 conﬁtentur.

1036 1506 1107 1534 Nihil
1123 1515 1189 1543 ergo
1203 1515 1303 1534 novum
1322 1516 1335 1534 a
1351 1515 1380 1535 se
1392 1508 1459 1542 ipsis
1473 1508 1661 1539 introducunt,
1673 1509 1717 1543 qui
1733 1509 1815 1535 etiam

1034 1561 1068 1580 ex
1084 1553 1154 1580 Filio
1170 1553 1302 1587 Spiritum
1327 1554 1475 1588 procedere
1501 1553 1620 1580 fatentur
1647 1563 1654 1580 :
1680 1555 1817 1589 simulque

1035 1606 1154 1632 praesens
1171 1598 1283 1633 epistola
1311 1597 1494 1626 Romanorum
1520 1598 1631 1626 Patrum
1655 1601 1818 1634 praeexposi-

1035 1648 1076 1670 tas
1094 1643 1271 1678 allegationes
1286 1643 1392 1670 illorum
1408 1644 1541 1671 veraciter
1556 1651 1617 1671 esse
1632 1645 1814 1671 commendat.

1034 1688 1087 1715 Aut
1112 1689 1184 1715 enim
1208 1688 1276 1722 ipsae
1291 1696 1384 1715 omnes
1403 1693 1475 1722 sunt,
1500 1693 1546 1716 aut
1566 1697 1597 1716 cx
1617 1690 1684 1724 ipsis
1705 1690 1814 1724 aliqum,

1035 1742 1102 1769 qttas
1127 1738 1193 1761 tunc
1215 1733 1393 1768 protulerunt.
1420 1734 1477 1761 Non
1499 1735 1571 1761 cnim
1596 1734 1717 1768 proiecto
1742 1735 1813 1762 falle-

1034 1781 1116 1808 batur
1140 1784 1252 1808 sanctus
1269 1779 1414 1812 Maximus,
1439 1783 1487 1806 aut
1512 1780 1646 1807 mentiens
1661 1779 1712 1807 ista
1740 1780 1817 1808 dico-

1035 1827 1091 1854 bat.

1071 1872 1140 1905 Quid
1157 1878 1222 1905 ergo
1237 1871 1288 1898 sibi
1305 1871 1408 1902 volunt,
1423 1877 1484 1897 cum
1502 1869 1632 1904 Spiritum
1646 1875 1765 1897 sanctum
1782 1878 1815 1897 ex

1035 1915 1103 1942 Filio
1124 1915 1231 1949 quidem
1262 1915 1409 1948 procedere
1440 1915 1542 1947 dicunt,
1567 1921 1620 1940 non
1648 1919 1735 1941 autem
1758 1922 1818 1941 esse

1035 1960 1131 1988 Filium
1144 1969 1253 1988 causam
1267 1962 1353 1989 sancti
1369 1961 1486 1996 Spiritus
1497 1961 1649 1995 adjiciunt;
1666 1961 1728 1995 quia
1743 1961 1816 1988 enim

1036 2007 1120 2035 Filius
1132 2006 1242 2042 quidem
1260 2014 1292 2034 ex
1309 2006 1390 2034 Patre
1407 2011 1466 2039 est;
1486 2006 1547 2033 Filii
1570 2011 1659 2032 autem
1675 2007 1766 2032 omnia
1783 2006 1815 2031 ad

1036 2052 1143 2079 Patrem
1160 2051 1294 2082 referunt,
1310 2050 1412 2077 dictum
1427 2057 1491 2077 vero
1504 2055 1546 2076 est
1560 2050 1641 2077 etiam
1666 2058 1679 2076 a
1701 2050 1817 2081 sanctis,

1036 2105 1067 2125 ex
1084 2097 1165 2124 Patre
1184 2101 1211 2123 et
1225 2095 1295 2123 Filio
1307 2095 1437 2130 Spiritum
1460 2100 1597 2127 sanctum,
1619 2095 1700 2122 veluti
1716 2103 1747 2121 ex
1765 2102 1818 2121 una

1037 2150 1077 2176 re,
1099 2147 1126 2169 et
1141 2149 1194 2169 uno
1207 2141 1340 2176 principio
1355 2149 1426 2174 esse,
1438 2148 1470 2168 ac
1488 2140 1637 2175 procedere
1656 2149 1662 2166 :
1679 2145 1818 2174 propterea

1036 2196 1069 2215 ex
1088 2187 1241 2222 hujusmodi
1259 2186 1401 2213 sententiis
1420 2189 1585 2219 aperuerunt
1598 2192 1638 2215 sc,
1650 2184 1748 2211 Filium
1765 2192 1818 2209 non

1037 2231 1187 2267 propriam,
1209 2235 1237 2257 et
1263 2230 1426 2264 peculiarem
1445 2236 1554 2256 causam
1577 2228 1706 2263 Spiritus.
1723 2235 1822 2262 praeter

1037 2277 1155 2309 Patrem,
1180 2276 1341 2310 iutclligere.
1364 2275 1459 2302 Merito
1474 2282 1549 2302 sane.
1568 2274 1660 2308 Neque
1681 2275 1750 2300 enini
1767 2273 1821 2300 duo

1038 2328 1101 2351 sunt
1117 2322 1204 2350 divisa
1220 2326 1314 2349 contra
1333 2329 1372 2353 se,
1392 2325 1473 2354 atque
1497 2320 1530 2346 ab
1549 2319 1667 2346 iuvit-cm
1683 2318 1819 2350 disiuncta

1038 2368 1171 2403 principia
1187 2367 1275 2393 sancti
1292 2366 1429 2400 Spiritus;
1450 2371 1536 2397 neque
1559 2369 1586 2390 ut
1608 2370 1731 2397 personae
1751 2362 1820 2392 dum,

1039 2416 1074 2442 ita
1089 2416 1142 2442 duo
1155 2414 1238 2441 etiam
1255 2413 1372 2447 Spiritus
1386 2411 1471 2438 sancti
1490 2409 1623 2444 principia
1636 2414 1696 2436 sunt
1709 2417 1715 2440 ;
1730 2415 1822 2442 quem-

1039 2459 1183 2486 admodum
1198 2458 1269 2484 enim
1288 2457 1369 2484 tuittit
1387 2456 1494 2490 quidem
1514 2455 1594 2481 Pater
1614 2454 1744 2488 Spiritum
1759 2460 1822 2478 san—

1039 2508 1124 2535 ctum,
1143 2503 1225 2529 mittit
1249 2505 1339 2529 autem
1359 2502 1430 2528 hunc
1447 2500 1528 2526 etiam
1554 2498 1656 2530 Filius;
1676 2504 1761 2531 neque
1784 2501 1823 2521 ta-

1040 2557 1100 2577 men
1115 2549 1201 2576 Filius
1218 2548 1267 2575 alia
1283 2547 1421 2574 tuissionis
1435 2553 1515 2573 causa
1532 2548 1629 2578 praeter
1643 2543 1751 2569 Patrem
1764 2545 1820 2572 est;

1041 2603 1128 2630 neque
1152 2595 1223 2622 enim
1250 2594 1331 2620 mittit
1355 2594 1438 2619 Pater
1454 2592 1512 2619 sine
1536 2590 1616 2620 Filio.
1640 2588 1719 2616 sicuti
1736 2593 1822 2619 neque

1041 2643 1098 2669 sine
1114 2641 1182 2667 Filio
1205 2639 1286 2671 iacit;
1311 2638 1440 2673 quocirca
1457 2637 1538 2663 etiam
1563 2637 1664 2662 dictum
1691 2639 1743 2663 est,
1769 2639 1820 2656 una

1040 2688 1149 2715 datioue
1166 2690 1193 2713 et
1208 2693 1259 2712 una
1281 2684 1422 2718 largitione
1438 2682 1521 2709 mittit
1534 2681 1664 2716 Spiritum
1683 2681 1820 2707 sanctum,

1042 2734 1077 2760 ita
1096 2736 1123 2758 et
1135 2732 1167 2758 de
1181 2737 1214 2757 eo
1228 2729 1298 2764 quod
1315 2727 1504 2762 proposuimus
1520 2725 1673 2753 dicendum,
1690 2727 1770 2755 atque
1785 2726 1818 2746 eo

1042 2779 1129 2811 magis
1144 2784 1197 2811 quo
1210 2776 1303 2802 missio
1315 2775 1384 2801 idem
1397 2778 1437 2800 est
1450 2773 1521 2807 quod
1538 2769 1686 2806 processio,
1699 2772 1728 2794 ιιι
1743 2771 1822 2799 supra

1042 2826 1207 2852 declaratum
1231 2826 1281 2849 cst.
1300 2823 1350 2848 Attt
1375 2819 1396 2847 si
1419 2820 1485 2846 hanc
1503 2817 1614 2844 nimium
1638 2812 1821 2841 contentinsus
