1934 3063
135 162 187 194 163

764 161 840 191 ΜΛΝ
847 162 870 192 U
878 161 966 191 ELlS
977 160 1131 189 CALECAS

1710 158 1770 191 164

130 219 265 254 quispiam
284 217 472 246 Substantialis
490 217 577 245 sancti
596 217 715 252 Spiritus
735 217 916 252 processiouis
931 219 953 247 Α
967 223 1022 251 quo
1044 217 1127 243 etiam
1149 215 1247 248 Pater;
1266 214 1344 242 aliter
1363 215 1464 250 quippe
1485 215 1613 243 essentia:
1631 215 1768 243 idcutitas

131 265 262 292 indicium
289 264 374 296 dicat,
401 264 533 298 profecto,
556 270 695 297 nunquam
723 262 876 290 mitteretur
903 269 917 288 a

131 310 212 342 Filio,
233 309 286 337 nisi
312 310 394 337 etiam
410 317 444 337 ex
470 309 643 344 ipso.esset;
668 308 770 342 alioqui
795 307 918 336 miniSter

131 361 202 383 esset
219 354 313 382 Filius.

167 399 226 428 Non
246 402 338 435 itaque
365 400 406 428 vel
437 399 517 428 Pater
538 399 612 427 solus
632 407 713 427 causa
736 403 775 426 est
801 398 919 433 Spiritus

133 446 220 473 sancti
238 447 296 473 sine
313 446 392 478 Filio,
406 446 448 473 vel
459 446 527 473 sine
540 445 620 472 Patre
637 444 722 472 Filius
736 452 743 476 :
759 451 806 478 per
820 444 918 471 Filium

133 492 204 518 enim
221 492 371 526 procedere
384 491 495 527 dicitur,
513 496 540 518 et
555 492 637 517 Pater
653 497 701 524 per
716 490 836 518 Verbum
855 497 919 524 pro-

133 538 230 564 ductor
256 544 316 564 esse
343 537 430 564 sancti
458 536 577 570 Spiritus
595 539 779 563 asseveratnr.
807 534 920 561 Constat

133 585 184 610 hoc
198 583 279 610 etiam
296 590 329 609 ex
344 583 524 617 sequentibus
548 581 633 616 ipsius
650 580 748 608 verbis.
765 579 810 607 Ait
824 580 897 606 enim
911 587 918 606 :

135 628 221 656 Unum
248 633 344 656 norunt
369 628 444 660 Filii,
473 631 497 655 et
521 627 637 662 Spiritus
662 634 770 652 causam
795 624 917 658 Patrem;

133 675 246 702 alterius
275 675 382 710 quidem
413 674 563 702 secundum
591 673 778 705 nativitatem;
809 671 920 699 alterius

135 728 210 753 vero,
238 720 386 748 secundum
413 719 630 754 processionem.
654 717 718 744 liae
737 721 826 744 autem
851 723 922 751 pra:-

135 768 215 794 dictis
241 766 343 802 optime
370 769 533 794 consonant.
558 763 626 792 Nam
654 763 739 790 Filius
764 762 871 797 quidem
888 770 920 790 ex

135 813 215 840 Patre
230 812 380 840 secundant
396 810 559 844 nativitatis,
574 809 616 837 vel
628 809 709 844 geniti
724 808 919 840 delinitionem,

134 867 166 886 cx
183 859 263 886 Patre
279 859 339 886 sine
354 857 409 885 ullo
432 857 522 884 medio
538 860 590 884 est.
612 855 731 890 Spiritus
747 857 857 882 sanctus
872 861 920 881 au-

137 912 190 932 tem
204 905 282 939 juxta
298 903 491 939 processionis,
507 910 553 930 seu
577 900 750 937 procedentis
763 900 920 930 terminum,

135 959 168 978 ex
185 951 265 978 Patre
280 958 328 985 per
339 950 438 977 Fiiium
452 954 512 982 est;
529 957 588 984 quae
599 956 659 976 cum
673 948 711 976 ita
726 947 791 979 sint,
802 953 920 981 congrue

135 997 222 1024 Filius
235 1003 268 1024 ac
284 996 401 1031 Spiritus
418 995 451 1022 ad
467 1002 550 1022 unum
565 993 728 1030 principium
750 991 857 1019 Patrem
879 998 922 1018 re-

136 1043 273 1075 feruntur,
285 1047 313 1069 ut
326 1041 412 1069 Filius
429 1040 538 1076 quidem
557 1046 679 1068 seorsum
697 1045 750 1066 non
767 1037 802 1065 sit
816 1044 898 1065 causa
912 1045 919 1064 :

136 1096 189 1116 non
213 1088 285 1115 enim
303 1092 344 1114 est
361 1086 402 1114 vel
416 1086 510 1117 Fitlus,
527 1084 568 1112 vel
583 1089 752 1119 quaecunque
767 1089 848 1109 causa
863 1082 922 1109 sine

135 1134 231 1166 Patre;
250 1133 332 1160 Pater
346 1140 409 1160 vero
434 1140 466 1160 ac
490 1131 574 1159 Filius
590 1138 642 1157 una
670 1136 761 1161 causa,
786 1134 922 1162 unumque

135 1181 297 1215 principium
311 1180 345 1207 sit
359 1185 470 1206 sanctus
483 1177 613 1213 Spiritus.

171 1214 231 1254 Etsi
242 1226 326 1258 enim,
345 1230 374 1253 ut
388 1232 470 1259 supra
484 1223 649 1251 declaratum
665 1225 717 1254 est,
737 1227 797 1248 esse
810 1214 892 1246 habet
905 1225 920 1245 a

135 1273 215 1304 Flliﬂ,
239 1273 274 1299 ab
301 1272 359 1306 ipso
381 1270 485 1298 scilicet
501 1275 622 1299 sumens,
644 1274 676 1294 ac
699 1266 808 1301 penitus
831 1272 864 1292 ex
888 1272 921 1291 ea

134 1323 218 1343 causa
243 1322 303 1343 eum
331 1315 448 1350 pendere
473 1313 583 1348 pietatis
607 1311 678 1339 ratio
697 1310 790 1342 tradit,
818 1314 844 1336 et
862 1316 922 1344 quae

135 1363 187 1388 alia
206 1361 333 1396 praedicta
356 1365 418 1387 sunt
435 1368 442 1386 :
457 1359 492 1386 ob
508 1358 534 1385 id
551 1364 652 1388 tamen,
672 1355 744 1390 quod
761 1354 846 1382 Filius
863 1354 922 1388 qui—

135 1409 196 1434 dem
219 1409 254 1434 sit
271 1414 303 1434 ex
325 1407 405 1433 Patre
423 1405 482 1433 sine
498 1404 599 1436 medio,
619 1402 736 1437 Spiritus
760 1405 849 1427 autem
873 1406 922 1434 per

137 1454 233 1480 Filium
254 1453 393 1487 procedat,
408 1458 440 1477 ac
459 1457 506 1484 per
521 1449 608 1484 ipsum
626 1447 700 1475 Patri
715 1446 895 1480 coniungatur
914 1454 920 1471 :

136 1499 264 1533 quodque
279 1496 339 1524 Filii
364 1495 455 1523 omnia
479 1495 513 1522 ad
538 1493 646 1520 Patrem
663 1491 827 1523 referantur,
844 1489 923 1516 Pater

136 1553 218 1571 unum
234 1543 319 1570 sancti
344 1541 464 1576 Spiritus
478 1539 640 1574 principium
660 1537 774 1569 dicetur,
796 1537 922 1571 quocirca

136 1593 210 1617 solus
227 1597 333 1624 quoque
350 1588 410 1614 fons
434 1586 543 1614 deitatis
563 1585 651 1612 dictus
676 1587 733 1615 est;
753 1582 868 1616 fonsque
894 1586 920 1608 et

137 1637 212 1663 radis
229 1634 290 1662 Filii
307 1638 334 1660 et
361 1632 490 1666 Spiritus,
507 1635 534 1658 et
551 1629 625 1657 solus
647 1635 730 1656 causa
748 1626 801 1654 dici
819 1631 919 1661 potest,

136 1681 207 1716 quod
225 1680 291 1707 nihil
315 1683 378 1705 ante
394 1686 422 1706 se
438 1679 583 1712 cogitatum
604 1675 710 1709 habeat,
726 1680 806 1710 atque
822 1674 855 1700 ad
879 1673 920 1707 ip-

136 1735 196 1753 sum
223 1725 376 1752 referantur
399 1724 500 1750 omnia.
523 1722 600 1750 Unde
625 1726 652 1750 et
668 1728 783 1757 magnus
806 1719 920 1746 Basilius

132 1770 240 1798 ilicebat
262 1779 268 1798 :
297 1769 440 1797 Naturalis
469 1769 581 1801 bonitas,
607 1773 631 1796 et
648 1767 720 1803 regia
745 1767 864 1801 dignitas
888 1772 921 1792 ea

138 1818 218 1843 I'atre
234 1825 278 1851 per
300 1816 470 1851 Unigeuitum
495 1815 529 1842 ad
553 1813 653 1841 Filium
675 1812 822 1848 pertingit:
842 1813 879 1840 ita
895 1816 922 1838 et

134 1863 302 1890 substantias
331 1861 460 1894 fatemur,
496 1861 624 1895 piumque
651 1858 723 1886 unici
752 1859 921 1893 principatus

135 1910 229 1942 dnguia
247 1916 298 1935 non
318 1907 427 1935 decidit.

169 1955 327 1982 Cumonant
341 1953 452 1989 quidem
470 1957 498 1980 et
512 1953 563 1980 ista
578 1951 743 1988 praeteritis;
767 1957 861 1977 verum
886 1957 920 1978 ne

135 2002 160 2027 i=l
176 2001 284 2035 quidem
305 1999 440 2031 dissentit,
464 1998 535 2034 quod
561 1998 694 2033 sequitur.
711 1997 778 2025 Nam
800 1996 892 2024 dicere
911 2006 919 2024 :

136 2047 278 2081 Propterea
299 2050 322 2072 el
335 2044 403 2072 Filio
415 2045 554 2078 prandere
571 2044 708 2076 dixerunt,
721 2047 749 2070 ut
763 2050 814 2080 per
831 2043 919 2077 ipsum

134 2093 208 2118 alam
236 2092 376 2126 procedure
390 2091 583 2125 signiﬁcarent,
609 2089 677 2117 nihil
692 2094 734 2117 est
750 2088 823 2116 aliud
838 2095 920 2123 quam

132 2139 246 2164 dicere:
261 2137 365 2164 idcirco
380 2144 412 2164 ex
429 2135 498 2164 Filio
510 2136 644 2170 procedit,
657 2136 721 2170 quia
735 2134 858 2170 procedit
872 2141 920 2169 per

135 2183 230 2210 Filium
248 2191 255 2210 :
269 2184 332 2218 quia
350 2183 422 2209 enim
440 2189 487 2217 per
499 2181 596 2209 Filium
610 2181 743 2216 procedit,
760 2179 920 2208 naturaliter

134 2230 237 2256 scilicet
267 2235 348 2263 atque
363 2228 547 2255 essentialiter
571 2227 704 2261 procedit.
727 2225 763 2253 lta
780 2226 880 2261 quippe
894 2231 921 2253 et
938 2234 959 2261 ι)

132 2277 261 2302 ιέευηιὶκ)
282 2273 449 2309 coniunctio,
472 2277 498 2299 et
522 2271 781 2299 incommutabilitas
800 2272 921 2299 declara-

136 2322 207 2347 bitur
226 2329 233 2346 :
252 2320 322 2354 quod
341 2324 430 2345 autem
455 2325 501 2351 per
522 2318 630 2352 aliquod
654 2316 825 2349 naturaliter,
840 2321 921 2352 atquc

134 2365 317 2393 essentiuliter
330 2365 429 2399 prodit,
444 2371 476 2390 ex
498 2364 556 2397 ipso
572 2363 652 2390 etiam
676 2363 855 2391 substantiam
872 2364 922 2390 ha-

136 2413 193 2439 bet.
209 2411 301 2445 ltaque
317 2418 365 2445 per
377 2409 475 2436 Filium
502 2409 620 2444 prodire,
638 2409 706 2436 idem
729 2413 769 2436 est
783 2409 854 2444 quod
874 2415 922 2443 per

135 2457 234 2485 Filium
261 2457 425 2489 procedere;
454 2456 506 2482 hoc
531 2456 602 2482 enim
625 2455 727 2482 indicat
753 2463 800 2490 per
824 2455 921 2483 Filium

137 2505 237 2532 habere
253 2504 449 2536 substantiam;
467 2503 538 2536 quod
561 2503 642 2536 igitur
663 2501 789 2535 superius
811 2509 921 2536 proces-

135 2550 242 2578 sionem
257 2549 411 2584 appellavit,
424 2549 474 2575 hoc
488 2548 514 2574 in
526 2547 754 2582 consequentibus
766 2554 813 2581 per
826 2547 921 2575 Filium

136 2597 255 2632 prodire,
272 2604 301 2622 ac
318 2596 464 2628 proCedvre
482 2594 559 2621 dixit.

170 2644 283 2670 Constat
297 2650 361 2676 ergo
375 2646 401 2668 et
423 2649 455 2668 ex
474 2641 526 2672 his,
546 2647 578 2667 cx
594 2639 663 2666 Filio
680 2639 826 2674 procedere
850 2640 922 2674 quod

134 2689 245 2719 dicitur,
276 2687 347 2714 idem
378 2693 436 2714 esse
461 2686 531 2720 quod
561 2693 608 2720 per
633 2685 733 2713 Filium
764 2687 921 2720 procedere.

136 2735 220 2761 Porro
235 2734 286 2761 ista
303 2734 384 2760 etiam
402 2737 464 2760 ante
480 2738 544 2760 sunt
561 2732 643 2760 dicta.
659 2732 710 2760 Sed
726 2737 752 2760 et
771 2733 835 2759 illud
852 2740 921 2768 quo-

133 2787 187 2812 que.
210 2781 423 2806 demonstratum
439 2784 490 2811 est,
515 2779 585 2812 (μιυά
605 2779 729 2806 essentia;
745 2778 804 2806 Filii
821 2779 854 2805 ad
869 2779 922 2806 Pa-

135 2833 203 2853 trem
229 2826 371 2856 ideulitas,
387 2826 476 2852 omnia
495 2824 583 2852 Putris
606 2824 704 2851 Filium
729 2824 830 2852 habere
846 2825 920 2858 facit,

136 2877 234 2908 pra-ter
256 2873 343 2900 solum
369 2873 476 2900 Patrem
503 2879 574 2900 esse.
602 2873 690 2905 Atque
717 2872 812 2898 eodem
832 2872 921 2904 modo,

130 2972 191 2988 ἰιι

970 261 1086 292 tollitur,
1104 261 1221 287 maxime
1243 268 1304 287 cum
1322 261 1423 287 dictum
1441 261 1489 294 sit,
1510 268 1561 287 una
1586 264 1691 287 tantum
1720 268 1767 291 re,

970 313 1017 333 eos
1036 305 1167 333 tlilierre:
1195 306 1266 341 quod
1292 306 1335 333 hic
1357 306 1437 333 Pater
1454 307 1499 338 sit,
1525 306 1569 333 ille
1592 305 1689 337 Filius,
1705 306 1763 332 alia

970 358 1035 378 vero
1058 352 1160 384 omnia,
1178 358 1239 379 esse
1263 353 1429 380 communia.
1455 352 1535 380 Pater
1563 353 1653 388 itaque
1676 361 1766 381 causa

969 396 1086 431 Spiritus
1103 402 1154 430 est,
1169 398 1240 425 sicut
1260 403 1287 426 et
1303 398 1396 426 Filius.
1411 398 1517 426 Dictum
1535 404 1577 427 est
1594 405 1694 431 tamen,
1712 407 1765 428 eos

971 451 1026 471 non
1043 450 1167 471 asserere
1190 443 1287 470 Filium
1306 446 1393 471 sancti
1413 444 1531 479 Spiritus
1555 453 1676 476 causam.
1692 453 1763 480 pro-

971 494 1032 525 pter
1046 489 1091 516 illa
1111 497 1171 524 qua;
1187 491 1312 524 praedicta
1336 495 1417 524 sunt;
1433 491 1504 525 quod
1518 491 1589 519 enim
1605 499 1637 519 ex
1660 492 1763 519 Dama-

970 542 1053 563 sceno
1067 535 1118 563 sibi
1135 535 1204 568 vult;
1216 543 1254 563 ex
1268 535 1338 563 Filio
1354 544 1403 563 non
1419 537 1540 570 dicimus,
1563 545 1596 565 ne
1618 537 1671 565 duo
1685 538 1764 573 prin-

970 583 1040 617 cipia
1055 583 1142 610 divisa
1161 583 1313 616 videantur,
1331 591 1379 610 nec
1394 591 1511 618 persona
1525 583 1596 615 Filii,
1620 589 1649 611 ut
1668 584 1763 613 Patris

973 635 1090 662 persona
1107 635 1177 660 esse,
1193 628 1259 655 nihil
1276 635 1331 663 prae
1352 636 1381 655 se
1399 629 1483 662 cogit,
1500 633 1555 656 tum
1576 629 1690 661 habens,
1707 630 1762 658 hoc

971 679 998 701 et
1018 674 1078 702 istis
1099 674 1125 701 in
1144 675 1195 701 hoc
1211 674 1269 701 loco
1291 675 1342 701 sibi
1359 675 1425 702 vult.
1447 674 1535 702 Unum
1562 675 1634 703 enim
1659 677 1764 710 princi-

974 720 1046 756 pium
1061 725 1102 747 est
1115 725 1227 748 sanctus
1243 720 1371 755 Spiritus,
1394 719 1474 747 Pater
1489 725 1516 747 et
1540 721 1624 749 Filius
1638 729 1645 754 ;
1669 727 1697 748 et
1712 730 1763 750 ne-

972 774 1026 801 qtte
1046 766 1130 793 Filius
1145 766 1203 793 sine
1220 766 1312 798 Patre,
1329 773 1416 801 neque
1434 767 1492 794 sine
1508 766 1576 793 Filio
1589 767 1682 794 Pater.
1699 767 1760 796 Non

972 812 1043 839 enim
1057 817 1130 839 esset
1147 812 1295 846 procedens
1309 812 1425 847 Spiritus
1439 816 1550 840 sanctus
1563 820 1571 846 ;
1586 814 1648 847 quia
1667 818 1759 840 tamen

972 857 1055 886 Pater
1067 859 1126 886 sine
1142 867 1223 886 causa
1240 863 1291 891 est,
1307 859 1356 894 ipsi
1372 867 1460 887 causa:
1481 867 1580 887 nomen
1603 866 1759 895 separatum

972 909 1024 935 est,
1039 913 1098 938 qua:
1115 911 1195 932 causa
1211 905 1244 932 ad
1266 904 1395 939 Spiritum
1409 909 1533 933 sanctum
1550 905 1645 938 relata,
1659 906 1760 934 Filium

971 957 1080 984 quoque
1102 950 1320 984 comprehendit,
1348 950 1409 984 quia
1435 958 1482 984 per
1509 951 1607 979 Filium
1625 952 1760 986 procedit.

971 993 1038 1021 Nam
1065 1003 1096 1021 ex
1118 994 1197 1022 Patre
1221 995 1378 1030 procedere,
1401 995 1527 1024 doctores
1554 1004 1602 1031 pro
1629 1004 1661 1024 eo
1680 1005 1759 1024 acce-

973 1044 1082 1073 perunt,
1113 1041 1183 1074 quod
1214 1045 1255 1068 est
1282 1046 1314 1067 ex
1347 1039 1428 1068 Patre
1454 1048 1504 1076 per
1533 1041 1630 1069 Filium
1662 1050 1760 1077 proce-

972 1084 1047 1112 dere.

1008 1153 1054 1182 Sic
1078 1154 1182 1188 itaque,
1207 1158 1235 1182 et
1258 1161 1320 1189 quae
1344 1155 1370 1182 in
1392 1155 1523 1189 praedicta
1539 1156 1653 1191 cpistola
1672 1156 1760 1190 posita

972 1205 1046 1232 sunt,
1064 1200 1172 1227 veritati
1201 1205 1229 1227 et
1255 1200 1305 1227 sibi
1334 1200 1385 1235 ipsi
1411 1202 1574 1235 eoneinunt;
1603 1207 1629 1229 et
1659 1210 1718 1236 qua:
1744 1210 1759 1228 a

975 1250 1071 1272 sancto
1096 1245 1198 1280 Cyrillo
1226 1245 1385 1281 Latinisque
1409 1247 1566 1275 doctoribus
1594 1248 1628 1276 de
1657 1249 1760 1284 Spiritu

972 1295 1068 1318 sancto
1091 1290 1162 1317 dicta
1188 1295 1262 1322 sunt,
1293 1291 1472 1327 interroganti
1504 1299 1599 1320 sancto
1630 1293 1758 1326 Maximo,

974 1336 1091 1364 Romani
1110 1337 1304 1372 allegaverunt.
1322 1337 1488 1372 impossibile
1502 1347 1618 1374 namque
1629 1345 1680 1374 est,
1704 1348 1761 1368 ma-

974 1382 1075 1417 gistros
1102 1382 1240 1414 Ecclesiae,
1265 1391 1297 1411 ex
1327 1384 1395 1412 Filio
1421 1391 1483 1413 esse
1507 1390 1587 1420 atque
1611 1387 1758 1421 proredere

975 1429 1105 1464 Spiritum
1126 1429 1229 1462 dicere,
1254 1435 1280 1457 et
1303 1438 1396 1458 rursus
1419 1438 1467 1466 per
1483 1431 1580 1459 Filium
1601 1440 1662 1460 esse
1678 1439 1759 1467 atque

974 1475 1134 1509 procedere,
1152 1475 1251 1502 deinde
1278 1483 1388 1503 causam
1415 1484 1429 1503 a
1457 1477 1526 1505 Filio
1552 1477 1676 1511 auferre;
1705 1479 1755 1507 hoc

974 1519 1045 1546 enim
1074 1525 1116 1547 est
1134 1524 1226 1554 aperta
1252 1522 1442 1555 contradictio,
1456 1527 1628 1558 constatque,
1649 1525 1711 1559 quia
1730 1530 1757 1552 et

935 1559 958 1589 C
975 1565 1024 1600 ipsi
1039 1566 1270 1599 contradicentes,
1282 1568 1353 1602 quod
1365 1568 1465 1596 dicitur
1477 1576 1508 1596 ex
1524 1569 1591 1597 Filio
1603 1571 1757 1605 procedere.

976 1616 1005 1638 ut
1019 1619 1074 1646 quo
1090 1620 1170 1641 causa
1183 1613 1361 1648 significetur,
1380 1622 1432 1642 non
1451 1615 1612 1651 suscipiunt.
1632 1616 1673 1643 Ea:
1686 1618 1757 1644 enim

976 1657 1142 1692 praepositio,
1160 1663 1187 1686 et
1206 1658 1324 1685 maxime
1339 1659 1370 1686 in
1387 1659 1484 1687 divinis
1499 1660 1634 1694 personis,
1648 1668 1758 1696 proces-

975 1711 1035 1731 sum
1057 1711 1118 1731 eum
1140 1711 1224 1731 causa
1239 1705 1428 1739 commendat;
1444 1710 1471 1733 et
1486 1714 1541 1740 per,
1559 1711 1663 1734 tantum
1677 1707 1757 1739 valet,

975 1757 1028 1776 non
1048 1749 1135 1777 solum
1153 1750 1227 1784 quia,
1256 1755 1284 1777 ut
1307 1750 1408 1777 dictutn
1435 1756 1489 1785 est,
1516 1751 1543 1779 in
1568 1751 1667 1780 divinis
1689 1753 1758 1780 idem

976 1795 1047 1823 valet
1065 1796 1136 1831 quod
1147 1804 1189 1830 ea,
1201 1797 1248 1824 sed
1261 1797 1322 1831 quia
1341 1797 1422 1824 etiam
1442 1805 1491 1832 per
1511 1805 1541 1825 se
1552 1798 1638 1833 ipsam
1656 1799 1683 1826 in
1697 1793 1758 1834 th.

975 1841 1027 1869 btts
1043 1843 1205 1873 assumitur,
1222 1843 1322 1876 ubique
1349 1850 1459 1870 causam
1479 1844 1595 1878 indicat;
1619 1845 1675 1873 sive
1687 1846 1757 1873 enim

976 1896 1025 1924 per
1038 1889 1262 1922 instrumentum,
1280 1894 1309 1917 ut
1329 1898 1376 1925 per
1392 1898 1512 1924 causam,
1528 1892 1569 1919 vel
1588 1899 1677 1920 causa:
1693 1900 1757 1919 con-

975 1935 1090 1962 sortium
1106 1935 1233 1969 dicimus,
1250 1936 1307 1963 sive
1330 1944 1378 1971 per
1393 1936 1501 1970 locum;
1520 1937 1582 1972 quia
1598 1945 1680 1966 causa
1704 1945 1758 1966 mo-

977 1985 1019 2007 tus
1045 1985 1087 2008 est
1111 1980 1204 2014 locus,
1232 1985 1260 2008 et
1285 1986 1374 2009 motus
1397 1983 1487 2010 omnis
1510 1983 1537 2010 in
1565 1983 1757 2018 magnitudine,

977 2030 1057 2060 atque
1073 2025 1201 2053 distantia
1216 2035 1224 2060 ;
1250 2027 1377 2055 similiter
1392 2032 1419 2054 ut
1445 2035 1492 2062 per
1503 2036 1614 2056 causam
1632 2029 1757 2061 dicimus,

975 2070 1032 2097 sive
1050 2077 1099 2104 per
1112 2076 1218 2105 tempus
1233 2071 1326 2099 itidem
1349 2075 1468 2106 (tempus
1483 2074 1555 2100 enim
1569 2074 1653 2100 motui
1672 2074 1756 2108 pluri-

975 2124 1047 2142 nmm
1074 2116 1206 2152 confert);
1236 2117 1295 2144 sive
1323 2117 1350 2144 in
1379 2117 1545 2152 syllogismis
1560 2123 1680 2146 extrema
1713 2127 1758 2153 per

975 2161 1094 2190 medium
1106 2163 1230 2190 connecti
1243 2163 1375 2197 dicimus;
1391 2170 1498 2191 constat
1512 2165 1634 2200 quiaper
1645 2166 1756 2192 mediam

975 2217 1095 2241 causam,
1111 2209 1259 2236 secundum
1272 2210 1355 2237 animi
1376 2213 1473 2243 totum,
1490 2211 1547 2238 sive
1566 2211 1757 2246 transgressio-

975 2263 1035 2283 nem
1049 2255 1194 2290 contingit.

1010 2323 1125 2350 Prorsus
1152 2329 1216 2350 vero
1233 2322 1361 2357 possibile
1382 2329 1435 2351 non
1453 2326 1495 2350 est
1513 2328 1543 2350 ut
1559 2332 1620 2351 cum
1645 2324 1757 2351 dicimus

973 2377 1030 2404 per,
1049 2377 1100 2396 non
1127 2368 1210 2396 ctiam
1237 2368 1356 2403 aliquam
1383 2377 1493 2397 causam
1519 2377 1572 2396 una
1589 2370 1755 2405 cogitemus;

974 2415 1101 2449 quoaiam
1127 2414 1211 2448 igitur
1230 2421 1278 2449 per
1296 2413 1393 2442 Filium
1422 2415 1532 2449 prodire
1559 2421 1590 2442 ac
1613 2416 1757 2450 procedere

973 2461 1074 2489 dicitur
1088 2460 1206 2496 Spiritus
1219 2465 1340 2493 sanctus,
1358 2468 1466 2488 causam
1482 2461 1605 2496 profecto
1621 2467 1647 2489 et
1662 2461 1756 2489 Filium

974 2514 1035 2535 esse
1055 2507 1212 2536 necessario
1228 2507 1307 2535 datur
1322 2507 1447 2541 lntelligi.
1462 2507 1496 2535 Et
1512 2508 1593 2536 simul
1609 2512 1715 2536 constat
1731 2512 1757 2535 ut

975 2554 1181 2581 substantialem
1194 2561 1322 2588 causam;
1339 2553 1440 2589 quippe
1452 2554 1486 2581 ab
1497 2553 1550 2582 illis
1560 2559 1755 2587 consummata,

975 2604 1002 2626 et
1020 2598 1178 2633 plenissima
1209 2597 1383 2632 perfectione,
1407 2605 1568 2633 summaque
1593 2599 1626 2626 ad
1653 2599 1755 2626 Patrem

974 2643 1137 2678 aequalitate,
1155 2643 1212 2670 sive
1236 2642 1340 2669 unitate
1366 2643 1522 2676 longissime
1550 2647 1682 2671 remotum
1708 2651 1755 2676 est,

975 2689 1073 2716 Filium
1091 2689 1300 2716 instrumentum
1319 2696 1429 2722 ponere,
1443 2696 1491 2716 seu
1507 2689 1607 2722 locum,
1623 2697 1671 2718 seu
1690 2694 1756 2717 tem-

975 2741 1035 2768 pus,
1052 2738 1099 2760 aut
1125 2733 1243 2768 aliquam
1264 2732 1463 2768 imperfectam,
1489 2737 1516 2760 et
1534 2733 1648 2762 alterius
1667 2741 1757 2762 essen-

976 2781 1020 2808 tia:
1036 2787 1164 2811 causam;
1183 2779 1205 2806 si
1229 2779 1302 2807 enim
1327 2779 1353 2806 in
1369 2779 1514 2811 creaturis,
1535 2787 1615 2807 unam
1639 2787 1755 2812 causam,

976 2833 1057 2852 unum
1074 2830 1236 2858 creatorem,
1257 2833 1340 2852 unum
1369 2825 1487 2858 Patrem,
1504 2829 1533 2852 et
1561 2825 1659 2852 Filium
1687 2833 1756 2853 com-

977 2871 1085 2899 tnundat
1111 2879 1168 2905 per,
1193 2871 1277 2899 multo
1299 2879 1366 2899 sane
1383 2871 1467 2906 magis
1494 2871 1520 2900 in
1536 2871 1755 2899 consubstantiali
