1934 3063
202 142 251 175 165

668 144 864 175 ADVERSUS
881 145 1037 175 GR/ECOS
1055 147 1128 177 LIB.
1153 147 1208 177 Ill.

1768 154 1819 186 166

198 202 237 228 eis
251 200 354 235 Spiritu
379 205 573 244 sanctorunam
597 208 716 234 causam,
729 209 865 237 unumque
882 203 980 238 princi-
994 205 1017 234 Α
1032 206 1082 232 ista
1100 206 1276 234 distributio:
1295 209 1321 234 in
1341 208 1420 236 Patre
1437 210 1557 244 quidem,
1574 217 1621 243 per
1633 209 1682 236 ista
1709 217 1818 238 causam

198 246 281 280 pium,
307 244 413 271 Patrem
434 251 459 271 et
479 243 579 271 Filium
599 248 780 274 commendat.

232 292 345 327 Magnus
378 297 509 326 praeterea
545 292 661 325 Basilius
693 293 726 319 ad
757 293 976 328 Amphilochium

197 335 331 367 scribens,
345 343 406 370 cap.
423 336 449 368 8,
467 336 507 363 sic
518 337 575 363 ait:
598 335 673 369 Quod
695 345 741 372 per
765 336 864 365 Filium
888 346 977 366 creare

201 380 281 407 Pater
292 381 400 413 dicitur,
418 389 497 416 neque
513 382 693 416 imperfectam
717 384 879 410 commendat
903 392 976 411 crea-

197 426 292 452 tionem
305 425 415 457 Patris;
436 434 515 460 neque
528 427 670 454 invalidam
688 428 752 455 Filii
767 429 928 463 efficientiam
941 430 963 456 si
972 443 979 450 -

197 477 278 506 gnat;
325 473 370 498 sed
405 473 583 499 unitissimam
615 474 779 501 commendat
806 475 976 502 voluntatem.

197 517 287 551 Itaque
306 524 356 543 vox
385 517 447 549 ista,
476 525 523 552 per
552 517 663 550 Filium,
691 527 780 546 causte
809 525 872 547 ante
898 527 976 547 omne

196 563 369 597 principium,
384 562 582 590 confessionem
603 564 702 596 habet;
731 572 781 592 non
801 565 826 591 iu
845 565 975 599 praedico,

197 612 287 634 mento
301 615 390 635 causa:
406 608 599 636 conditionalis
622 610 782 636 assumitur.
798 609 875 636 Patct
893 610 976 645 igitur

195 655 266 688 quod
297 655 322 681 in
352 655 486 682 creaturis
500 655 609 689 quidem
633 663 689 689 per,
708 657 879 684 commendat
895 656 972 683 unio-

195 707 254 726 nem
270 699 435 732 voluntatis;
456 700 484 727 in
499 705 593 727 sancto
615 706 705 728 autem
728 700 831 735 Spiritu
847 702 973 728 unionem

194 744 282 771 Patris
299 749 326 771 et
339 744 412 777 Filii,
431 745 578 772 secundum
598 745 803 773 substantialem
817 753 973 780 processum

192 790 281 817 sancti
295 789 413 824 Spiritus
430 791 562 822 insinuat,
581 791 729 818 secundum
747 798 826 826 quem
843 798 875 818 ex
893 790 974 818 Patre

194 842 243 867 per
259 834 357 862 Filium
383 835 492 869 prodire
511 843 543 863 ac
562 838 709 869 procedere
733 837 874 868 asset-itur,
890 841 917 863 et
940 843 973 862 ex

194 880 274 908 Patre
292 888 323 907 ac
337 880 405 907 Filio
422 881 578 915 procedere.
598 879 725 908 Pluribus
740 881 822 916 igitur
838 888 870 908 ex
887 881 972 915 parti-
990 875 1010 902 Β

195 926 247 953 bus
261 926 413 953 ostenditur
426 925 534 953 Patrem
548 929 574 953 et
590 925 686 953 Filium
702 933 784 953 unum
803 933 862 954 esse
872 926 972 960 princi-

193 973 280 1006 pium,
306 979 441 1008 unamque
463 979 574 1000 causam
599 972 716 1007 Spiritus
739 973 827 1000 sancti
847 980 854 999 :
871 972 973 1000 dictum

191 1023 233 1046 est
249 1024 336 1045 tamen
352 1017 488 1046 Romanos
511 1018 608 1045 Filium
634 1025 687 1045 non
710 1025 821 1046 causam
842 1018 970 1053 Spiritus.

191 1070 303 1100 propter
318 1073 349 1093 ea
365 1073 426 1102 quas
448 1065 577 1100 praedicta
596 1070 673 1098 sunt,
689 1066 788 1092 facere.
802 1065 913 1092 Constat
924 1073 973 1091 au-

191 1116 247 1138 tem
270 1118 302 1138 ex
327 1111 380 1143 his,
401 1116 430 1138 et
453 1111 516 1145 quia
534 1118 567 1138 ex
593 1111 661 1139 Filio
676 1110 824 1145 procedere
840 1111 972 1145 Spiritum

191 1159 314 1182 sanctum
327 1162 381 1182 non
397 1154 452 1182 ulla
465 1155 576 1183 novitas
588 1160 642 1188 est,
656 1162 745 1190 neque
762 1162 832 1182 nova
845 1154 971 1188 adjectio,

194 1205 224 1226 ut
250 1200 360 1234 quidam
388 1204 554 1228 asseverant.
571 1200 639 1227 Nam
658 1205 684 1228 et
707 1201 873 1234 temporibus
887 1200 972 1228 sancti

191 1245 301 1272 Maximi
315 1253 329 1272 a
350 1245 456 1273 Latinis
470 1245 507 1273 ita
529 1245 692 1281 legebatur:
713 1246 754 1272 Ad
776 1254 851 1281 quem
867 1250 972 1272 sancto-

190 1299 250 1318 rum
263 1291 447 1326 atlegationu,
458 1296 486 1319 ut
497 1291 555 1327 ipse
566 1292 614 1324 ait,
627 1291 688 1319 huic
698 1293 833 1320 sententia:
842 1300 972 1327 congruas

189 1337 366 1370 protulerunt.

227 1383 324 1410 Paucis
337 1391 400 1410 vero
417 1383 593 1418 interpositis,
611 1382 637 1410 in
653 1383 745 1410 eadem
759 1382 884 1417 epistola,
902 1382 971 1410 idem

191 1435 300 1457 sanctus
322 1428 432 1463 adjecit,
453 1428 616 1456 concludens
637 1437 645 1456 :
670 1428 803 1455 Romanos
818 1428 850 1455 de
864 1429 904 1455 his
918 1428 972 1455 sine

191 1477 294 1503 ratione
311 1475 425 1510 culpari.
444 1475 541 1510 Liquet
559 1475 653 1510 igitur,
670 1479 696 1502 et
706 1475 793 1509 ipsum
812 1475 970 1510 approbare,

191 1524 262 1556 quod
275 1522 383 1554 dicitur,
403 1521 533 1556 Spiritum
547 1526 670 1548 sanctum
686 1528 718 1548 ex
737 1521 804 1548 Filio
817 1521 971 1556 procedere,

190 1576 292 1603 eosque
304 1568 349 1602 qui
367 1568 404 1594 ita
420 1567 552 1598 dicerent,
572 1567 694 1601 laudare,
714 1571 740 1594 et
756 1567 801 1601 qui
818 1567 972 1601 culparent,

191 1613 362 1640 insimulare.
392 1612 488 1640 Essent
515 1617 605 1640 autem
633 1620 701 1640 sane
731 1613 903 1646 ineptissimi,
927 1613 972 1647 qui

192 1664 303 1694 propter
318 1659 344 1686 id
359 1659 432 1694 quod
446 1659 548 1686 dictum
561 1664 602 1686 est
618 1668 623 1685 :
641 1658 683 1685 Ea:
699 1658 771 1685 Filio
784 1666 834 1685 non
848 1658 971 1689 dicimus.

190 1712 301 1732 causam
318 1704 406 1732 sancti
425 1703 543 1739 Spiritus
562 1711 577 1731 a
600 1703 669 1732 Filio
685 1705 796 1732 omnino
809 1703 972 1735 auferentes,

191 1757 224 1776 ex
248 1756 281 1775 eo
296 1749 367 1783 quod
385 1748 517 1775 asseritur
529 1755 561 1775 ex
582 1748 639 1782 ipso
654 1747 812 1783 procedere,
828 1748 896 1775 hanc
920 1755 972 1775 non

189 1796 228 1822 illi
255 1795 380 1826 reddunt,
404 1801 466 1820 cum
492 1794 560 1820 hanc
579 1793 762 1828 processionis
776 1793 920 1821 dictionem
945 1798 973 1821 et

192 1840 242 1874 ipsi
255 1839 374 1874 Spiritus
393 1839 479 1866 sancti
502 1838 684 1866 substantiam
702 1839 893 1865 commendare
908 1838 973 1865 deli-

190 1887 275 1913 niant.
300 1885 337 1912 Ex
362 1885 413 1912 hoc
427 1885 499 1912 enim
516 1885 704 1912 rationabilius
722 1884 760 1912 illi
785 1891 895 1911 causam
913 1883 973 1911 red-

191 1933 263 1963 deut,
278 1939 359 1966 quam
378 1938 426 1965 per
441 1930 506 1957 illud
523 1930 656 1957 auferent.

223 1976 290 2004 Nam
304 1976 327 2003 si
346 1982 379 2002 ex
392 1974 472 2002 Patre
496 1975 655 2009 procedere,
684 1974 755 2009 quod
770 1974 883 2006 dicitur,
906 1981 970 2002 can-

191 2029 247 2048 sam
261 2021 453 2048 commendare
463 2019 635 2052 conﬁtentur,
665 2020 799 2056 quomodo
810 2028 863 2048 non
889 2020 971 2047 etiam

191 2068 297 2100 Filium,
312 2073 394 2093 unam
408 2072 470 2092 eutn
490 2064 572 2093 Patre
593 2072 703 2093 causam
733 2066 820 2093 sancti
852 2065 971 2100 Spiritus

189 2113 318 2145 fatentur,
336 2119 395 2139 eum
414 2111 535 2143 audiant,
553 2111 640 2145 ipsum
670 2110 752 2137 etiam
767 2119 800 2138 ex
826 2110 894 2139 Filio
909 2119 972 2146 pro-

188 2159 302 2186 cedere?
320 2157 376 2185 lmo
391 2164 466 2189 vero,
491 2157 628 2192 quomodo
653 2158 686 2184 ad
701 2164 750 2185 eos
777 2158 898 2192 quidem,
925 2158 970 2191 qui

1031 252 1129 286 signari
1147 254 1245 284 dicere,
1264 254 1289 280 in
1305 254 1372 281 Filio
1394 260 1482 282 autem
1496 256 1566 282 hanc
1591 263 1642 282 non
1656 255 1713 282 ita?

1066 299 1100 325 At
1114 299 1137 326 si
1148 306 1179 325 cx
1196 299 1263 327 Filio
1291 301 1438 334 procedere
1461 301 1773 328 consubstantialitatcm
1789 307 1818 328 et

1031 343 1076 371 hic
1092 344 1238 379 signiﬁcari
1261 345 1365 378 dicunt,
1393 354 1488 381 nempe
1509 347 1580 373 sicut
1604 346 1721 381 Spiritus
1743 346 1816 374 Patri

1029 390 1265 416 consubstantialis
1285 395 1336 422 est,
1350 392 1412 425 quia
1429 392 1550 425 procedit
1577 398 1608 418 ex
1630 391 1719 423 Patre,
1738 393 1774 418 ita
1789 398 1816 419 ct

1029 431 1097 460 Filio
1112 435 1350 462 eonsubstantialis
1363 439 1413 468 cst,
1437 435 1500 470 quia
1524 436 1646 470 procedit
1676 443 1708 463 ex
1729 437 1814 469 Filio;

1030 486 1092 504 nam
1109 483 1136 505 et
1149 478 1232 506 Filius
1247 480 1486 508 cousubstautialis
1499 486 1541 508 est
1566 481 1653 514 Patri,
1687 483 1813 516 quoniam

1029 529 1062 550 ex
1077 523 1136 557 ipso
1162 529 1213 555 est,
1246 525 1379 558 siquidem
1405 533 1470 552 vera
1500 527 1674 560 prosequitur
1701 535 1814 561 magnus

1029 567 1145 594 Basilius
1158 569 1267 596 dicens:
1289 568 1372 596 Porro
1389 571 1507 597 essentia:
1530 571 1665 604 identitas,
1691 573 1752 607 quia
1775 578 1813 599 est

1028 620 1060 639 ex
1072 612 1152 640 Patre
1176 613 1270 641 Filius.

1063 659 1213 685 Attestatur
1235 659 1275 686 his
1305 664 1332 686 et
1359 659 1475 695 Cyrillus
1504 659 1694 688 beatissimus:
1729 661 1812 688 Nasci

1028 704 1106 735 enim,
1120 703 1218 737 inquit,
1235 712 1267 731 ex
1284 704 1362 731 Patre
1376 713 1420 739 per
1430 704 1644 738 Filium,inuitos
1661 714 1706 732 nos
1721 707 1811 740 etiam,

1028 757 1058 775 ac
1074 748 1210 776 renitentes
1225 754 1307 783 coget,
1324 749 1363 776 illi
1373 750 1672 777 consubstantialitatem
1687 750 1806 778 reddere.

1027 793 1080 821 Sed
1097 783 1216 829 et‘quod
1232 803 1279 829 per
1299 795 1372 822 illum
1382 795 1491 830 prodire
1511 795 1621 828 dicitur,
1642 802 1811 830 nequaquam

1027 840 1150 866 essentia
1174 841 1402 874 conjunctionem,
1421 841 1722 876 immutabilitatemque
1738 849 1812 868 com—

1024 884 1176 916 mendaret,
1194 885 1243 912 nisi
1256 893 1303 920 per
1315 885 1412 913 Filium
1437 886 1538 914 habere
1548 886 1727 914 substantiam
1739 888 1810 921 quod

1024 930 1193 963 procederet,
1205 935 1482 966 praasupponeretur;
1501 939 1563 959 nam
1575 932 1645 966 quod
1662 933 1698 960 ita
1723 933 1812 967 prodit

1025 976 1179 1003 necessario
1195 976 1276 1004 etiam
1306 977 1536 1005 consubstantiale
1551 981 1603 1010 est,
1625 977 1759 1011 siquidem
1781 983 1810 1005 ct

1024 1020 1051 1048 in
1067 1021 1126 1048 loco
1142 1029 1226 1050 verax
1239 1027 1280 1050 est
1294 1028 1405 1051 sanctus
1420 1023 1550 1050 Maximus
1564 1024 1676 1051 dicens:
1691 1024 1809 1058 Spiritus

1025 1071 1138 1093 sanctus
1161 1067 1240 1094 sicuti
1255 1067 1418 1095 naturaliter
1436 1068 1582 1096 secundum
1607 1070 1750 1096 essentiam
1761 1068 1808 1096 Dei

1023 1116 1050 1139 et
1074 1111 1164 1139 Patris
1180 1117 1231 1142 est.
1245 1112 1281 1139 ita
1296 1117 1322 1140 et
1338 1112 1397 1140 Filii
1413 1114 1562 1141 secundum
1579 1115 1729 1141 essentiam
1754 1120 1807 1147 est,

1024 1162 1053 1185 ut
1067 1158 1114 1193 qui
1131 1165 1165 1185 ex
1187 1158 1267 1186 Patre
1288 1159 1472 1187 essentialiter
1489 1167 1544 1193 per
1564 1160 1662 1187 Filium
1687 1161 1807 1195 genitum

1025 1202 1195 1231 inetl'abiliter
1209 1204 1356 1238 procedat;
1373 1208 1483 1238 propter
1501 1205 1554 1233 hoc
1577 1205 1661 1239 igitur
1691 1207 1809 1233 consub-

1024 1248 1156 1276 stantialis
1169 1253 1209 1276 est
1223 1247 1302 1281 Filio,
1312 1249 1375 1284 quia
1386 1256 1435 1284 per
1447 1249 1519 1275 illum
1533 1250 1654 1284 procedit
1665 1257 1697 1276 ex
1708 1249 1788 1276 Patre
1798 1257 1811 1283 ι

1024 1293 1073 1321 hoc
1086 1298 1175 1320 autem
1191 1293 1260 1321 idem
1275 1301 1334 1321 esse
1350 1294 1420 1329 quod
1441 1301 1471 1321 ex
1492 1294 1560 1321 Filio
1579 1295 1732 1329 procedere,
1746 1295 1803 1330 plu-

1024 1339 1100 1365 rimis
1113 1345 1144 1365 ex
1161 1338 1226 1366 locis
1245 1338 1459 1366 demonstratum
1484 1344 1537 1366 est.

1058 1383 1201 1411 Enimvero
1216 1385 1302 1411 multo
1317 1385 1406 1411 minus
1418 1385 1472 1412 illis
1505 1385 1613 1412 confert
1640 1385 1686 1412 illa
1716 1384 1809 1412 Basilii

1023 1430 1167 1462 sententia,
1199 1437 1278 1464 quam
1310 1434 1339 1457 ut
1378 1437 1485 1457 murum
1522 1431 1752 1466 inexpugnabilem
1781 1432 1807 1458 in

1023 1475 1079 1502 suis
1091 1475 1316 1510 disputationibus
1334 1471 1510 1511 'prmponuut.
1528 1476 1571 1504 Ait
1591 1477 1706 1512 denique
1736 1484 1802 1505 san-

1023 1526 1082 1548 ctus
1097 1520 1155 1548 vir:
1175 1519 1263 1555 Gignit
1281 1521 1362 1553 Deus,
1380 1529 1430 1548 non
1448 1527 1475 1548 ut
1490 1521 1584 1554 homo;
1599 1523 1681 1557 gignit
1711 1527 1798 1550 autem

1026 1575 1101 1599 vere;
1113 1567 1236 1602 quodque
1252 1572 1342 1594 uatum
1358 1572 1394 1594 est
1412 1575 1443 1594 ea:
1458 1576 1498 1599 eo,
1514 1568 1615 1594 rerbum
1638 1576 1690 1594 non
1716 1568 1808 1595 Imma-

1024 1622 1085 1640 num
1095 1613 1226 1648 exprimit.
1244 1611 1345 1640 Premit
1362 1618 1447 1640 autem
1464 1612 1574 1640 Verbum
1589 1621 1675 1641 verum
1688 1622 1720 1641 ea:
1732 1615 1807 1648 ipso;

1023 1658 1119 1686 emittit
1132 1658 1259 1692 Spiritum
1277 1666 1323 1692 per
1346 1666 1387 1690 os,
1418 1667 1469 1685 non
1497 1665 1525 1685 ut
1551 1661 1708 1691 humanum,
1740 1661 1803 1695 quia

1024 1711 1103 1736 neque
1117 1702 1163 1729 Dei
1176 1711 1203 1729 os
1216 1702 1387 1734 corporaliter
1400 1707 1448 1731 est.
1461 1702 1502 1729 Ea:
1511 1704 1568 1738 ipso
1579 1709 1665 1731 autem
1679 1704 1806 1739 Spiritus,

1024 1757 1074 1776 non
1087 1748 1193 1775 aliunde
1203 1753 1250 1775 est.
1278 1748 1397 1776 Primum
1411 1749 1437 1775 in
1468 1749 1512 1777 his
1535 1754 1629 1777 notare
1658 1751 1805 1782 convenit,

1023 1794 1084 1828 quia
1099 1802 1224 1828 promere,
1240 1795 1265 1820 in
1285 1793 1346 1821 Filii
1360 1794 1523 1827 substantia,
1554 1799 1665 1822 sanctus
1690 1796 1805 1830 accepit.

1059 1838 1124 1866 Nam
1141 1840 1174 1866 de
1189 1839 1415 1867 substantialibus
1445 1832 1615 1874 processibus
1628 1840 1678 1868 hoc
1692 1841 1717 1868 in
1747 1841 1806 1868 loco

1024 1885 1060 1912 illi
1077 1892 1166 1912 sermo
1185 1890 1242 1917 est;
1257 1885 1327 1912 sicut
1338 1890 1365 1912 et
1377 1885 1518 1919 theologus
1531 1885 1677 1920 Gregorius
1691 1894 1802 1913 emana-

1023 1932 1123 1958 tionem
1139 1930 1327 1964 sempiternam
1339 1930 1516 1957 substantiam
1529 1929 1610 1957 dixit.
1627 1930 1661 1957 Et
1677 1931 1807 1965 quoniam

1023 1977 1082 2002 duae
1094 1982 1269 2010 personarum
1284 1975 1441 2003 substantia:
1457 1979 1529 2007 sunt,
1542 1975 1712 2010 invicemque
1724 1975 1801 2003 diffe-

1024 2026 1123 2053 rentes,
1139 2021 1209 2048 idem
1224 2021 1348 2054 protinus
1376 2021 1494 2054 adjecit:
1515 2020 1698 2048 Emauationis
1727 2022 1806 2056 di/I‘e-

1023 2067 1106 2093 remia
1120 2066 1281 2100 lii/ferentem
1292 2065 1370 2092 etiam
1381 2065 1498 2092 illorum'
1511 2065 1711 2099 appellationem
1727 2066 1804 2100 fecit,

1022 2111 1166 2139 utscilicet
1185 2110 1253 2137 alius
1269 2111 1377 2145 quidem
1395 2114 1467 2137 esset
1491 2109 1585 2143 Filius,
1615 2110 1683 2137 alius
1713 2116 1806 2139 autem

1023 2157 1137 2191 Spiritus
1153 2161 1275 2183 sanctus.
1301 2156 1395 2190 Itaque
1420 2162 1483 2182 cum
1517 2155 1645 2190 Spiritum
1679 2160 1802 2183 sanctum

189 2205 239 2232 hoc
257 2205 364 2235 dicunt,
375 2202 540 2237 eﬂ'erantur;
564 2203 667 2230 sanctis
687 2207 779 2230 autem
796 2203 830 2229 ita
859 2203 972 2230 dieenti-
987 2205 1009 2233 Ι)
1024 2208 1149 2236 proruere
1165 2200 1271 2227 dicatur
1283 2199 1377 2232 Filius,
1410 2203 1448 2232 et,
1475 2200 1538 2234 quia
1563 2200 1597 2227 ab
1625 2207 1657 2227 eo
1686 2201 1810 2235 Spiritus-

189 2251 247 2281 bus,
273 2257 327 2277 non
344 2248 552 2276 contradicunt?
567 2248 643 2282 Quod
658 2248 681 2275 si
709 2255 741 2275 cx
763 2247 832 2274 Filio
856 2255 917 2275 esse
939 2254 971 2274 ac

188 2295 344 2331 procedere,
359 2301 418 2320 cum
434 2294 589 2321 doctoribus
610 2293 742 2326 ecclesiae,
764 2298 792 2320 et
805 2297 902 2320 sancto
912 2292 970 2319 Ma-

187 2342 270 2373 ximo,
283 2346 311 2368 et
333 2339 472 2371 Romanis,
498 2340 545 2374 qui
563 2346 645 2373 super
659 2335 885 2366 hoc'sauctorum
897 2338 969 2366 dicta

189 2387 368 2421 protulerunt,
383 2385 427 2412 vel
443 2385 528 2412 coacti
547 2384 709 2419 suscipiunt,
723 2392 775 2412 nou
802 2389 892 2412 tamen
923 2391 971 2418 per

190 2433 238 2460 hoc
249 2439 360 2459 causam
392 2430 540 2463 signiﬁcari
566 2430 678 2457 volunt:
705 2431 821 2464 primum
849 2429 969 2464 quidem,

188 2486 273 2513 neque
286 2485 326 2504 sic
341 2477 472 2504 deberent
482 2476 516 2503 ad
533 2476 602 2503 hanc
627 2477 771 2503 dictionem
786 2476 898 2504 omnino
925 2475 968 2503 in-

188 2523 302 2557 dignari,
320 2522 428 2552 deinde,
447 2527 543 2555 ιιι-πίει·
556 2530 618 2550 suas
638 2522 781 2557 opiniones
795 2522 894 2555 volent,
918 2522 968 2549 hoc

188 2570 271 2598 enim,
288 2574 316 2595 ιιι
332 2569 402 2601 quod
425 2575 537 2594 causam
553 2568 612 2595 sine
640 2568 727 2595 medio
760 2568 904 2602 signiticet,
924 2575 968 2593 re-

187 2615 289 2648 iugiuut
304 2622 311 2646 ;
326 2618 353 2639 et
371 2621 456 2646 neque
469 2621 529 2639 cum
543 2620 574 2640 ex
599 2613 678 2640 Patre
693 2613 839 2647 procedere
859 2613 967 2644 dicitur,

185 2664 212 2686 et
225 2666 257 2685 ex
274 2659 328 2685 Duo
347 2665 416 2689 esse,
434 2665 543 2684 causam
570 2659 724 2693 signiﬁcare
749 2663 889 2693 cogentur,
917 2658 968 2685 di—

185 2713 256 2737 cere,
270 2709 446 2739 qumrentque
464 2703 578 2730 alterum
600 2704 771 2735 vocabulum,
801 2704 872 2738 quod
901 2703 967 2730 sub-

186 2750 313 2777 stantiam
327 2749 413 2775 sancti
435 2747 551 2781 Spiritus
574 2748 718 2782 signiﬁcet,
739 2749 820 2782 idque
843 2747 968 2775 iortassis

185 2793 247 2822 erit,
260 2800 327 2823 esse,
344 2792 394 2818 hoc
406 2797 494 2818 autem
504 2792 529 2817 iu
551 2791 650 2818 divinis
665 2792 787 2826 personis
802 2792 872 2819 idem
898 2792 968 2818 valet

187 2838 256 2866 uuod
275 2837 435 2870 procedere,
455 2835 587 2871 simulque
613 2843 736 2871 quamam
768 2841 795 2864 et
820 2835 890 2863 unde
912 2835 966 2862 erit

1024 2247 1134 2277 eli‘ulsit.
1147 2252 1176 2273 ut
1190 2246 1228 2273 ait
1242 2246 1268 2273 in
1281 2245 1407 2279 precibus
1429 2252 1542 2280 magnus
1557 2245 1682 2279 Basilius,
1715 2246 1804 2273 sancti

1024 2291 1139 2325 Spiritus
1152 2297 1183 2317 ex
1199 2289 1267 2317 Filio
1283 2289 1432 2316 substantia
1453 2289 1652 2316 evidentisslme
1671 2290 1807 2322 signatur.

1025 2337 1157 2373 Secundo,
1175 2336 1322 2362 notandum
1337 2334 1408 2369 quod
1424 2333 1504 2361 etiam
1532 2335 1659 2367 emittere,
1683 2335 1710 2361 in
1737 2335 1804 2362 subn

1023 2382 1121 2409 stantia
1135 2380 1221 2407 sancti
1237 2379 1354 2414 Spiritus
1379 2380 1501 2414 accepit;
1519 2380 1569 2406 hee
1583 2383 1670 2406 autem
1699 2380 1806 2414 superi-

1022 2426 1115 2452 oribus
1127 2425 1261 2457 conciuit;
1291 2424 1317 2451 in
1344 2424 1452 2458 quibus,
1470 2431 1485 2450 a
1502 2424 1603 2451 sanctis
1615 2424 1741 2451 Patribus
1757 2431 1806 2452 σει-

1024 2476 1127 2498 tensum
1143 2476 1195 2501 est,
1211 2471 1312 2496 mittere
1326 2475 1353 2497 et
1365 2471 1444 2502 mitti,
1466 2470 1656 2504 intemporalcs
1683 2469 1745 2497 Filii
1775 2475 1803 2498 et

1022 2515 1137 2550 Spiritus
1153 2515 1316 2542 substantias
1330 2515 1479 2549 designare,
1493 2521 1524 2541 ae
1540 2515 1658 2547 mittere,
1671 2522 1779 2543 causam
1791 2523 1804 2547 ;

1024 2561 1132 2588 mittere
1150 2567 1225 2592 vero,
1242 2559 1349 2587 causale
1370 2559 1487 2594 signare.

1057 2605 1109 2633 Sed
1124 2605 1229 2638 emittit,
1246 2605 1343 2640 inquit,
1369 2604 1505 2638 Spiritum,
1520 2612 1566 2638 per
1579 2612 1616 2631 os.
1648 2604 1683 2632 Os
1711 2608 1804 2632 autem

1023 2651 1111 2678 Patris
1139 2650 1234 2682 Filius,
1268 2651 1301 2676 ab
1318 2650 1445 2677 Ecclesiae
1474 2650 1612 2684 magistris
1639 2651 1802 2684 exponitur;

1021 2697 1092 2723 idem
1107 2696 1187 2730 igitur
1200 2695 1353 2726 estdicere,
1376 2695 1499 2721 emittere
1526 2694 1653 2729 Spiritum
1679 2701 1726 2728 per
1758 2702 1802 2726 os,

1021 2746 1049 2770 et
1067 2741 1196 2775 Spiritum
1208 2749 1239 2768 ex
1251 2740 1329 2768 Patre
1358 2748 1405 2774 per
1433 2739 1530 2767 Filium
1561 2740 1715 2773 procedere.
1744 2739 1801 2766 Hoc

1021 2791 1111 2814 autent
1143 2793 1189 2820 per
1218 2785 1315 2812 Filium
1342 2785 1441 2812 habere
1468 2784 1646 2811 substantiam
1670 2784 1799 2812 insinuat.

1021 2833 1088 2860 Mm
1103 2831 1249 2866 procedere
1268 2830 1384 2859 Verbum
1410 2830 1567 2859 substantia:
1597 2830 1668 2857 illius
1693 2830 1798 2863 signiti-
