1934 3063
141 131 190 164 167

766 130 966 162 ΜΛΝΙΙΕΙ.]Ξ
985 129 1139 160 CALEC/‘E

1712 128 1770 159 168

138 193 254 215 cattvnm
273 191 326 218 Csl,
342 191 502 222 constatque
519 194 565 221 per
579 187 639 219 hoc,
659 187 729 220 quod
757 194 817 213 cum
843 186 924 213 Filius
939 189 961 216 Α
976 192 1046 216 csse,
1060 185 1158 219 quippe
1173 185 1263 211 omnia
1276 191 1333 218 qua-
1348 183 1428 210 habet
1452 189 1579 218 persona,
1606 187 1769 211 cteterarnm

138 234 246 272 mittere
260 237 286 260 et
296 233 418 259 emittere
429 232 530 259 dicitur
547 232 688 266 Spiritum,
702 240 734 259 ex
750 232 830 262 Filio.
844 238 925 267 atque

138 285 186 310 per
204 277 299 304 Filium
321 275 409 304 sancti
423 277 541 312 Spiritus
566 279 717 306 substantia
743 279 924 312 significatur,

139 326 264 359 mittique
279 333 310 352 ex
322 333 354 352 eo
371 333 431 352 esse
443 325 589 360 signiﬁcat.
620 325 713 352 Verum
726 331 749 352 et
776 333 809 352 ex
828 334 868 356 eo,
900 325 926 352 id

138 377 191 402 est,
207 371 295 400 Patre.
332 371 448 405 Spiritus
483 377 601 402 sanrtus,
625 372 722 406 inquit,
745 377 795 404 est,
821 377 847 399 et
875 379 925 398 non

139 416 258 443 aliunde.
273 417 373 450 Nempe
385 425 416 443 ex
434 416 512 443 Patre
527 425 588 444 esse
603 417 733 451 Spiritum
748 422 869 445 sanetum
893 418 927 444 ab

138 462 262 487 omnibus
277 461 444 493 conceditur,
468 470 521 488 non
540 462 649 489 aliunde
662 467 750 489 autem
766 463 928 496 dixit;qno-

139 507 210 533 niam
229 508 418 535 haereticorum
433 508 520 541 plurin
533 507 551 540 i,
568 515 601 534 ex
624 507 713 535 Patris
744 508 860 535 essentia
883 506 928 534 Fi—

139 552 203 578 lium
231 553 377 580 excludere
409 553 541 585 volentes,
569 553 642 579 illum
672 560 758 586 neque
777 560 810 579 ex
838 551 927 580 Patris

139 599 269 630 essentia,
284 605 372 632 neque
381 605 411 624 ex
426 598 578 625 substantia
593 598 666 626 illius
690 606 750 625 esse
763 598 926 629 fatebantur,

139 644 186 670 sed
213 651 245 670 ex
288 644 339 669 alia
368 643 484 677 quadam
517 643 634 669 essentia
663 648 745 677 atqtte
773 643 926 670 substantia

140 689 223 724 (quod
236 689 397 715 Arianorum
414 694 471 714 erat
492 689 669 722 propositio);
684 693 764 722 atque
779 688 804 714 id
819 688 926 723 quidem

138 740 244 762 constat
260 743 292 761 ex
313 735 354 761 bis
371 742 430 768 qua:
449 735 611 768 prmdixerat
633 741 747 767 magnus
774 733 853 760 Pater
873 734 926 760 Ba-

139 781 217 808 silius
237 781 263 807 in
281 781 411 814 rescripto
428 781 536 807 dictata:
552 787 565 806 a
578 787 608 807 se
624 779 697 807 fidei.
711 779 817 807 [ndicat
831 784 922 807 autem

141 826 179 858 id,
198 826 224 852 in
243 825 416 859 Expositione
432 833 506 852 nxtt
532 826 628 860 psalmi
657 826 772 853 dicens:
801 825 926 859 Spiritus,

142 872 187 905 qui
200 879 232 898 ex
251 871 303 897 Deo
314 876 362 904 est,
378 871 423 905 qui
443 880 458 897 a
474 871 555 898 Patre
576 871 702 904 procedit,
733 879 764 898 ne
782 871 855 898 illaut
885 879 930 898 ρπ-

141 920 242 942 lernam
253 916 369 950 aliquam
386 922 535 942 creaturam
564 924 618 943 esse
644 916 801 948 arbitreris;
836 917 882 943 sed
904 921 931 944 ut

141 970 172 988 eL
186 961 238 987 Deo
256 961 391 988 habentem
409 961 588 988 substantiam
601 961 750 996 gloriﬁces;
776 969 930 997 quanquam

142 1011 169 1034 et
183 1008 233 1034 boe
244 1007 314 1041 quod
334 1007 368 1033 ait
388 1006 504 1039 aliunde,
519 1014 580 1042 quae
595 1006 724 1038 diximus,
739 1007 932 1034 commendare

143 1050 275 1084 sufﬁciat;
295 1051 368 1078 aliud
389 1051 460 1078 enim
490 1051 559 1078 unde
588 1051 694 1078 aliunde
721 1055 857 1085 sumptum
879 1055 930 1084 est,

143 1096 168 1123 iu
187 1097 266 1123 rebus
278 1096 393 1123 maxime
410 1101 506 1123 natura
518 1096 706 1124 diﬂ‘erentibus
727 1096 837 1124 dicitur.
851 1096 933 1124 Pater

142 1147 244 1174 autem,
266 1147 293 1169 et
306 1141 392 1169 Filius
419 1147 517 1169 natura
548 1149 631 1169 unum
657 1148 737 1170 sunt:
768 1142 823 1178 Ego
851 1143 930 1175 enim,

142 1189 239 1222 inquit,
252 1193 277 1216 et
292 1187 374 1215 Pater
385 1197 464 1215 unum
482 1196 572 1215 sumus
583 1188 603 1216 ⁸.
615 1189 707 1223 Itaque
721 1196 773 1216 non
789 1189 822 1216 ad
835 1188 931 1216 Filium

142 1234 261 1266 intuens,
275 1239 386 1261 sanctus
402 1234 510 1261 aliunde
532 1234 612 1266 dixit,
629 1235 676 1262 sed
711 1235 744 1262 ad
779 1239 930 1268 creaturas,

141 1284 156 1303 a
172 1277 268 1310 quibus
284 1277 357 1304 illum
372 1278 479 1312 quidam
496 1279 614 1306 haaretici
633 1279 732 1306 habere
747 1280 924 1307 substantiam

141 1322 278 1349 dicebant.
300 1323 334 1350 Et
350 1323 400 1350 ista
415 1323 497 1358 igitur
510 1324 656 1356 sententia,
676 1329 770 1351 contra
796 1324 856 1352 illos
886 1332 933 1360 po—

143 1369 196 1395 tius
210 1375 290 1403 quam
307 1376 353 1403 pro
371 1368 424 1395 illis
437 1373 489 1396 est.
507 1368 534 1395 Si
550 1374 639 1397 autem
655 1373 750 1396 contra
761 1370 831 1402 illos,
848 1370 934 1405 liquet

143 1414 205 1448 qaia
221 1421 269 1448 pro
284 1414 396 1441 veritate
421 1419 474 1446 est,
499 1422 531 1441 ac
555 1423 602 1450 per
626 1415 716 1442 omnia
749 1416 933 1450 superioribus

143 1457 273 1485 concinit.

978 237 1085 265 quoque
1100 229 1255 257 communia
1282 235 1358 260 sunt,
1377 229 1493 256 servatis
1508 233 1597 256 tamen
1614 229 1770 262 proprieta—

979 276 1051 302 tibus
1071 276 1170 310 cuique
1186 282 1317 309 personaz.
1335 275 1401 301 Nam
1417 281 1476 309 quae
1504 275 1602 301 adsunt
1626 275 1704 308 Filio,
1741 280 1770 302 et

977 321 1050 348 Patri
1067 321 1176 353 adsunt,
1193 325 1302 348 servato
1319 326 1410 348 tamen
1441 320 1518 347 alteri
1545 320 1654 347 Patrem
1693 328 1768 350 esse.

977 367 1054 394 alteri
1074 367 1184 394 Filium.
1202 366 1290 399 Unde,
1309 373 1333 394 et
1347 367 1405 401 ipse
1427 370 1535 393 sanctus
1556 366 1593 392 ait
1611 366 1636 392 in
1660 366 1706 393 lib.
1731 365 1771 392 De

979 412 1066 440 Fide:
1087 412 1183 440 Omnia
1209 413 1290 439 Filius
1314 420 1372 438 cum
1399 412 1443 444 sit,
1467 419 1525 446 qua:
1551 416 1575 437 et
1601 410 1682 438 Pater
1717 416 1768 441 est,

978 466 1052 484 serva
1075 459 1139 484 mihi
1162 458 1209 485 has
1236 459 1417 493 proprietates.
1440 457 1552 484 Manens
1571 458 1652 491 igitur
1671 456 1771 489 Filius,

979 505 1071 530 omnia
1089 508 1130 530 est
1151 511 1210 538 quae
1230 503 1320 536 Pater,
1340 503 1417 537 juxta
1438 503 1523 536 ipsius
1543 510 1636 530 vorem
1663 502 1771 528 Domitii

978 549 1111 576 dicentis:
1129 548 1236 581 Omnia,
1253 557 1311 584 qute
1340 549 1416 575 habet
1439 550 1530 581 Pater,
1552 557 1610 575 mea
1621 549 1707 574 sunt”.
1730 548 1772 575 Re

978 597 1067 619 autem
1088 601 1162 625 vera,
1184 593 1311 628 imaginis
1333 598 1397 620 sunt
1410 594 1500 620 omnia
1517 601 1577 628 quae
1595 593 1694 621 adsunt
1713 595 1771 628 pri-

979 638 1076 665 mitiva:
1093 638 1196 666 forma).
1222 638 1340 668 Joannes
1365 646 1475 673 quoque
1499 639 1709 674 Chrysostomus
1733 640 1767 666 6|

980 683 1051 709 hom.
1069 691 1149 718 super
1167 683 1247 712 Joan.
1267 694 1277 710 ι
1299 684 1355 721 Ego
1366 685 1394 712 in
1410 685 1504 718 Patre,
1518 690 1541 711 et
1555 684 1633 711 Pater
1647 685 1673 711 in
1690 693 1740 712 me.
1758 693 1768 710 ι

980 728 1055 755 Nihil
1067 730 1136 756 enim
1151 730 1225 757 aliud
1241 739 1299 758 sum
1323 739 1380 766 ego,
1409 739 1487 766 quam
1510 730 1580 765 quod
1603 730 1685 756 Pater
1717 736 1769 763 est,

978 783 1086 802 manens
1099 774 1208 809 Filius;
1224 784 1305 811 neque
1318 776 1362 803 ille
1378 776 1463 807 aliud,
1479 784 1557 810 quam
1578 784 1634 811 ego,
1661 784 1772 803 manens

980 820 1069 848 Pater.
1084 821 1117 848 Et
1132 830 1181 856 me,
1202 823 1224 849 si
1238 823 1296 857 quis
1309 823 1442 857 agnoverit
1457 821 1580 854 Patrem,
1601 823 1722 857 agnovit;
1745 827 1771 848 et

983 866 1091 894 Patrem
1103 868 1280 902 siagnouerit,
1310 868 1408 895 Filium
1436 868 1540 895 didicit.
1566 868 1613 895 Sic
1638 869 1717 902 igitur
1743 873 1773 894 et.

982 919 1043 946 qua:
1063 917 1126 939 sunt
1140 912 1227 940 Patris
1246 917 1272 940 et
1292 913 1366 946 Filii,
1379 913 1533 940 communia
1567 917 1630 940 sunt
1656 913 1770 947 Spiritui

982 964 1088 990 sancto,
1107 962 1215 985 servata
1229 959 1280 985 sibi
1307 959 1472 993 proprietate
1484 958 1634 993 personali,
1647 958 1699 985 hoc
1716 962 1769 990 est,

983 1004 1102 1031 manenti
1121 1003 1244 1038 Spiritui.
1265 1004 1352 1032 Porro
1365 1005 1391 1032 in
1407 1004 1490 1039 hujus
1516 1004 1620 1031 ratione
1649 1003 1772 1038 proprie-

984 1049 1046 1076 tatis
1066 1053 1117 1082 est,
1134 1057 1196 1078 esse
1215 1057 1246 1077 ex
1269 1049 1350 1078 Patre
1374 1057 1423 1085 per
1452 1049 1560 1077 Filium.
1599 1049 1693 1084 Itaque
1717 1057 1770 1076 non

979 1094 1036 1129 jam
1048 1096 1099 1122 erit
1109 1095 1225 1129 Spiritus
1241 1104 1273 1123 ex
1288 1104 1317 1123 se
1328 1096 1386 1130 ipso
1400 1095 1541 1130 proferens
1556 1094 1701 1130 Spiritum,
1721 1095 1768 1123 sed

983 1139 1064 1177 Pater
1076 1145 1103 1167 et
1121 1140 1217 1169 Filius.
1237 1141 1346 1168 Illorum
1362 1141 1433 1168 enim
1449 1145 1508 1168 erat
1523 1140 1658 1175 inspirare
1684 1140 1771 1175 Spiri-

985 1179 1039 1212 tum
1062 1189 1220 1220 sequentem
1250 1186 1401 1219 proprium.

1018 1230 1165 1258 Enimvero
1176 1233 1248 1265 quod
1269 1232 1362 1258 aiunt:
1388 1231 1522 1266 Siquidem
1539 1240 1628 1259 verum
1648 1236 1713 1259 esset
1738 1239 1771 1259 ea:

984 1274 1050 1301 Filio
1064 1276 1204 1309 procedere
1220 1276 1346 1310 Spiritum
1375 1282 1507 1309 sanctum,
1538 1277 1674 1311 oportebat
1700 1278 1772 1304 anti—

984 1329 1048 1356 quos
1064 1320 1170 1353 Patres,
1199 1329 1257 1347 cum
1291 1329 1340 1355 pro
1378 1321 1509 1356 Uuigeniti
1538 1322 1622 1357 gloria
1646 1322 1772 1349 adversus

984 1367 1077 1392 Arium
1103 1371 1260 1401 pugnarent,
1287 1367 1322 1394 ad
1350 1369 1587 1395 commendation":
1620 1368 1704 1403 ipsius
1737 1369 1772 1394 ad

984 1412 1090 1440 Patrem
1117 1413 1290 1447 wqualitatis,
1321 1414 1431 1441 unitatis
1453 1414 1501 1441 hoc
1528 1414 1630 1447 dicere;
1660 1415 1683 1441 si
1704 1415 1771 1441 enim

985 1466 1001 1483 ιι
1017 1457 1161 1484 minoribus
1177 1458 1226 1484 hoc
1247 1458 1432 1490 moliebantur,
1454 1458 1529 1494 longe
1553 1459 1638 1494 magis
1653 1467 1669 1486 α
1682 1459 1769 1493 majo-

180 1503 216 1530 Ex
234 1503 277 1530 his
296 1509 398 1536 antem,
415 1508 441 1531 et
452 1504 514 1539 ejus
538 1497 602 1532 dicti
631 1505 728 1533 solutio
750 1511 833 1541 patet,
862 1508 932 1541 quod

987 1502 1056 1529 ribus
1083 1503 1110 1529 id
1126 1504 1261 1536 oportebat
1275 1504 1378 1538 facere;
1402 1505 1465 1538 quia
1486 1512 1544 1531 vero
1568 1512 1618 1531 non
1646 1504 1673 1530 id
1698 1504 1771 1530 dixe-

146 1548 172 1574 in
186 1547 381 1582 Nieenoprimo
413 1550 530 1577 concilio
559 1551 592 1578 ad
618 1551 787 1579 lucsitantem
818 1553 935 1587 philoso-

148 1594 231 1627 phum
259 1594 361 1621 dictnm
389 1595 549 1629 proferunt;
585 1597 624 1624 sic
645 1597 715 1624 enim
732 1598 787 1625 illic
800 1599 876 1626 aiunt
901 1601 934 1627 ad

146 1639 221 1666 illum
238 1639 332 1667 Patres
343 1659 350 1667 .
363 1639 470 1676 Suscipe
485 1650 563 1669 unam
589 1642 754 1671 divinitatem
773 1643 873 1678 Patris,
891 1646 936 1680 qui

147 1684 430 1720 Filiumineﬂ'abiliter
440 1688 541 1722 genuit,
575 1689 688 1724 Filiiquc
713 1699 746 1718 ea:
771 1692 827 1726 ipso
844 1693 934 1727 geniti,

145 1734 169 1756 et
186 1731 274 1757 sancti
289 1730 417 1764 Spiritus,
436 1733 480 1768 qui
492 1734 590 1767 exipso
614 1735 731 1769 procedit
757 1735 847 1770 Patre,
876 1745 937 1771 pros

146 1776 270 1811 priusque
292 1776 356 1803 Filii
385 1783 433 1806 est.
463 1778 586 1814 Namque.
619 1787 652 1807 ex
674 1781 732 1814 ipso
743 1781 833 1812 Patre,
860 1783 936 1817 quasi

146 1822 231 1857 digito
245 1823 427 1862 ostenderent,
442 1825 578 1857 dixerunt,
589 1827 731 1860 pessimam
746 1828 938 1856 contradictio-

147 1875 209 1895 nem
235 1867 398 1903 auferentes,
421 1870 467 1905 qui
492 1878 546 1898 non
557 1879 589 1898 ex
612 1872 670 1907 ipso
694 1872 783 1905 Patre,
806 1881 892 1908 neque
905 1882 938 1902 ex

149 1915 208 1949 ejus
225 1915 386 1948 substantia,
400 1917 446 1943 sed
462 1923 495 1944 ex
525 1917 609 1944 altera
633 1919 753 1946 essentia
774 1924 855 1954 atque
874 1921 939 1948 sub.

148 1961 249 1987 stantia
266 1961 363 1989 Filium
381 1969 441 1989 esse
462 1962 699 1998 blasphemabant.
733 1964 762 1992 Si
789 1969 878 1992 autem
904 1973 937 1992 ex

150 2004 229 2032 Patre
246 2006 354 2040 dicitur,
370 2007 416 2034 sed
438 2007 516 2042 juxta
547 2008 720 2042 procedentis
738 2009 892 2041 terminum,
905 2017 939 2038 ex

149 2052 397 2088 PatreperFilium
411 2054 549 2088 procedit:
566 2055 601 2082 ita
615 2055 685 2082 enim
709 2063 742 2083 ex
773 2056 854 2084 Patre
877 2064 939 2092 pro-

149 2098 255 2131 cedere,
273 2106 320 2132 pro
332 2107 363 2126 eo
379 2099 450 2134 quod
467 2107 508 2127 est.
524 2107 556 2127 ex
570 2101 651 2128 Patre
680 2109 729 2135 per
758 2101 855 2129 Filium
878 2110 940 2136 pro-

149 2144 256 2175 cedere,
271 2149 443 2179 acceperunt,
456 2146 514 2180 ejus
543 2146 614 2180 quod
630 2151 668 2173 est
699 2148 855 2181 procedere,
873 2155 940 2175 Cotl-

151 2190 443 2217 uexamdelinitionem
458 2190 636 2225 explicantes.
658 2191 761 2218 Idcirco
784 2192 866 2219 etiam
890 2193 936 2220 ad-
953 2185 974 2212 Ῑ)

148 2235 249 2268 jeetum
261 2239 312 2267 est,
325 2234 502 2270 Propriusque
526 2234 592 2262 Filii
616 2240 678 2269 est;
703 2237 826 2272 proprius
846 2243 935 2265 autem

151 2278 236 2306 Filiia
250 2280 353 2306 sanctis
373 2279 499 2307 Patribus
516 2279 634 2314 Spiritus
649 2281 736 2308 dictus
756 2286 806 2314 est,
836 2287 864 2309 ut
890 2283 935 2316 qui

152 2324 178 2350 in
196 2324 254 2358 ipso
279 2328 306 2351 et
322 2331 370 2358 per
383 2325 469 2358 ipsum
488 2325 646 2352 naturaliter
677 2326 778 2360 prodit,
798 2331 879 2362 atque
902 2334 935 2354 ex

152 2369 210 2404 ipso
224 2373 275 2402 est,
293 2370 392 2404 quippe
404 2370 438 2396 ab
447 2377 479 2396 eo
494 2376 554 2397 esse
576 2370 726 2405 accipiens.

188 2414 244 2444 Ipsa
264 2415 381 2449 denique
393 2413 515 2449 synodus
539 2422 588 2449 per
615 2415 770 2451 episcopum
794 2416 937 2445 Leontium

152 2463 294 2486 attestatur
308 2459 340 2486 ad
364 2459 552 2494 philosophum
582 2460 693 2487 dicens:
714 2459 856 2496 Proprium
883 2469 938 2488 esse

153 2506 282 2540 Spiritum
297 2505 369 2537 Filii,
382 2510 459 2541 atque
470 2514 502 2532 ea:
516 2506 572 2540 ipsa
584 2515 709 2539 manare;
734 2507 779 2535 sed
794 2507 858 2535 illud
875 2515 940 2542 quo-

152 2559 205 2586 que
219 2553 289 2586 quod
301 2552 339 2579 ait
355 2559 468 2586 magnus
484 2552 615 2579 Basilius:
634 2553 765 2585 Quoniam
791 2555 940 2582 communia

154 2598 231 2624 Patri
241 2603 265 2624 et
283 2597 366 2631 Filio,
382 2599 530 2625 communia
548 2604 571 2625 et
599 2598 711 2633 Spiritui
743 2604 814 2631 sunt,
839 2601 940 2633 optime

153 2643 262 2677 quidem
276 2643 377 2670 dictum
391 2649 449 2676 est;
466 2650 621 2671 nouantem
637 2653 683 2679 per
701 2646 761 2677 hoc,
789 2645 861 2679 quod
892 2654 938 2673 vo-

154 2690 221 2721 lunt,
245 2688 470 2717 coniiciunt.lloc
496 2690 568 2716 enim
597 2690 663 2717 nihil
691 2691 773 2725 cogit,
807 2689 937 2725 Spiritum

156 2735 356 2769 velsuiipsius,
387 2735 428 2762 vel
454 2735 565 2763 alterius
597 2743 718 2770 personae
745 2737 936 2771 productorem

192 2830 201 2842 ⁸
216 2827 294 2855 Jom.
309 2838 336 2862 κ,
360 2831 388 2856 ὃ(
442 2831 452 2845 ⁵
474 2829 669 2860 Jo.tn.tv1.l5

985 1554 1058 1580 runt,
1070 1548 1150 1583 liquet
1170 1550 1233 1584 quia
1251 1557 1302 1576 non
1320 1549 1358 1576 ita
1389 1550 1489 1584 opinati
1505 1554 1577 1583 sunt,
1603 1549 1703 1577 nullam
1733 1549 1772 1577 in-

986 1595 1060 1622 ducit
1077 1595 1281 1623 necessitatem.

1021 1639 1142 1667 Priitturn
1173 1641 1293 1675 quidem,
1329 1642 1394 1677 qnia
1425 1642 1520 1670 Ariani
1555 1641 1773 1677 blasphemantes

988 1685 1085 1714 Filium
1106 1693 1166 1714 esse
1178 1688 1450 1716 ereaturam:multo
1475 1688 1595 1716 deterius
1620 1688 1654 1716 de
1679 1693 1773 1715 sancto

988 1731 1091 1766 Spiritu
1112 1737 1265 1760 senserunt.
1289 1733 1448 1760 Creaturam
1465 1734 1537 1760 cnim
1558 1732 1619 1760 Filii
1635 1732 1768 1767 Spiritum

987 1783 1110 1806 sanctum
1143 1786 1214 1811 esse,
1243 1779 1430 1814 desipiebant,
1466 1786 1583 1814 eumque
1633 1786 1665 1807 ex
1692 1779 1773 1812 Filio,

988 1824 1213 1859 quemadmodum
1238 1829 1265 1852 et
1300 1825 1391 1852 omnia
1421 1832 1482 1852 esse
1506 1825 1653 1857 dicebant;
1685 1832 1772 1860 neque

989 1870 1038 1898 hoc
1055 1871 1153 1903 solum,
1172 1871 1218 1898 sed
1236 1871 1317 1898 etiam
1333 1878 1367 1898 ex
1391 1872 1449 1899 solo
1462 1871 1541 1905 Filio,
1561 1872 1633 1906 quod
1654 1871 1773 1898 insinuat

989 1924 1104 1951 magnus
1131 1916 1248 1944 Basilius
1279 1917 1427 1952 conﬂigens
1455 1917 1586 1944 adversus
1601 1916 1773 1949 Eunomium,

989 1966 1016 1990 et
1031 1962 1142 1990 dicens:
1161 1962 1297 1995 Quomodo
1316 1963 1400 1997 igitur
1431 1963 1483 1990 soli
1508 1963 1644 1998 unigenito
1667 1970 1774 1989 causam

989 2007 1108 2042 Spiritus
1122 2008 1249 2043 applicat,
1262 2009 1546 2043 prwdicamentumque
1562 2007 1645 2042 ipsius
1659 2013 1773 2042 naturar,

989 2053 1068 2088 hujus
1079 2054 1237 2080 creationem
1260 2053 1352 2088 facit?
1371 2053 1400 2080 Si
1426 2054 1508 2089 igitur
1534 2055 1616 2082 etiam
1648 2062 1681 2082 ex
1708 2054 1775 2081 Filio

991 2099 1123 2135 Spiritum
1146 2099 1293 2134 procedere
1314 2099 1401 2133 ipsius
1416 2100 1550 2133 obiectum
1563 2100 1669 2133 fuisset,
1688 2101 1773 2127 nullm

992 2150 1069 2173 tenus
1089 2145 1122 2172 ad
1144 2144 1385 2172 commendandam
1414 2145 1473 2172 Filii
1495 2146 1528 2173 ad
1543 2145 1649 2173 Patrem
1664 2146 1775 2174 honoris

989 2191 1169 2227 aequalitatem
1195 2190 1289 2218 efﬁcax
1302 2190 1409 2219 fuisset.
1426 2191 1457 2218 Et
1473 2191 1523 2226 ipsi
1550 2191 1623 2219 enim
1663 2200 1695 2219 ex
1731 2193 1775 2220 illo

989 2244 1060 2269 esse,
1075 2241 1105 2264 ut
1121 2237 1224 2264 dictum
1240 2241 1291 2268 est,
1314 2237 1523 2270 confitebantur,
1546 2238 1593 2266 sed
1611 2242 1639 2264 ιιι
1666 2243 1773 2265 creatu-

990 2291 1055 2315 ras;
1071 2287 1201 2317 quantum
1223 2283 1294 2310 enim
1321 2290 1354 2310 ex
1378 2283 1508 2315 dictione.
1531 2291 1584 2311 non
1610 2284 1774 2318 cogebantur

989 2329 1115 2356 essentia:
1149 2328 1319 2356 identitatem
1362 2329 1496 2356 coaliteri.
1528 2328 1556 2356 Si
1580 2329 1662 2364 igitur
1688 2337 1721 2356 ex
1744 2337 1775 2356 eo

989 2375 1097 2409 quidem
1121 2373 1193 2409 quod
1224 2378 1251 2401 et
1279 2373 1364 2402 Filius
1396 2376 1486 2402 omnia
1508 2375 1572 2402 facit
1600 2375 1776 2409 quemadmo-

988 2424 1015 2447 et
1044 2420 1136 2453 Pater,
1153 2424 1181 2447 ct
1195 2419 1232 2447 ita
1246 2420 1327 2447 etiam
1343 2420 1427 2447 Filius
1459 2421 1572 2448 suscitat
1599 2426 1723 2448 mortuos
1752 2427 1775 2449 et

989 2465 1107 2493 vivificat
1124 2467 1352 2500 quemadmodum
1370 2471 1397 2493 et
1419 2466 1511 2498 Pater,
1530 2473 1584 2493 non
1610 2465 1776 2494 induceban-

991 2515 1034 2538 tur
1049 2516 1077 2538 ut
1101 2512 1173 2539 Patri
1192 2511 1290 2539 Filium
1308 2511 1437 2545 aequalem
1466 2516 1614 2546 ponerent:
1645 2513 1777 2546 quomodo

990 2562 1022 2581 ex
1036 2563 1068 2584 eo
1081 2555 1153 2590 quod
1176 2556 1293 2590 Spiritus
1307 2565 1339 2584 ex
1354 2557 1412 2591 ipso
1427 2564 1485 2584 esse
1521 2556 1670 2589 diceretur,
1697 2564 1775 2592 quem

989 2606 1142 2628 creaturam
1160 2602 1219 2635 ejus
1232 2602 1399 2637 desipiebant
1422 2608 1504 2636 atque
1516 2610 1549 2630 eo
1569 2603 1653 2630 multo
1666 2602 1777 2630 inferio-

989 2653 1056 2678 rem,
1076 2654 1235 2681 persuasum
1255 2649 1296 2676 eis
1307 2652 1380 2675 esset
1396 2653 1425 2676 ut
1450 2648 1547 2675 Filium
1576 2648 1666 2676 Patris
1693 2648 1777 2682 digni-

989 2696 1044 2718 tate
1076 2693 1261 2720 honorarent?
1291 2693 1358 2720 Nam
1379 2693 1406 2720 in
1437 2693 1681 2729 disputationibus,
1708 2693 1776 2727 quod

988 2742 1064 2773 urget
1083 2738 1179 2773 magis,
1198 2747 1229 2767 ac
1244 2740 1400 2774 persuadet,
1424 2740 1576 2775 proferunt.
1590 2741 1676 2776 Magis
1689 2745 1776 2766 autem
