1934 3063
166 133 223 164 169

718 128 919 160 ADVERSUS
939 128 1097 158 GRAECOS
1118 129 1193 159 LIB.
1212 129 1271 159 ΙΙΙ.

1754 128 1805 160 170

166 191 194 218 si
211 197 243 217 ex
262 188 343 216 Patre
359 187 448 223 ipsum
464 187 612 223 procedere
624 195 639 214 a
653 187 795 215 Salvatore
808 186 961 218 audientes,
978 187 999 214 Δ
1014 185 1094 213 rem?
1118 185 1191 213 Nihil
1208 185 1290 220 igitur
1316 192 1348 214 ex
1373 184 1414 213 his
1429 185 1614 213 necessarium
1644 186 1807 215 conﬁciunt.

167 243 225 263 non
249 235 314 262 hinc
343 235 589 270 persuademtntur,
627 234 712 262 Deum
743 240 803 261 esse
831 232 961 268 Spiritum

169 288 309 314 sanctum,
347 281 574 315 quemadmodum
613 285 640 308 et
666 280 790 312 Patrem;
821 280 854 305 de
884 279 964 306 I’atre

167 328 256 360 enim,
278 327 343 361 quin
366 326 437 353 Deus
447 333 527 353 verus
542 330 627 356 esset,
641 332 721 352 nemo
734 325 883 351 dubitavit:
899 330 965 357 qno~

171 374 253 401 modo
269 374 290 401 si
307 374 379 400 hunc
397 371 539 398 audientes
557 379 588 399 ex
611 371 678 398 Filio
707 371 865 405 procedere,
882 377 963 404 quem

170 423 327 446 creaturam
343 417 446 449 Patris,
466 417 640 451 primumque
667 421 789 443 creatum
815 416 964 451 pottebant,

171 465 278 492 inducti
302 464 421 491 fuissent
449 468 478 489 ut
502 463 573 490 hunc
596 461 671 488 Patri
696 460 965 493 consubstantialem

172 510 296 538 dicereut
308 510 320 537 ἳ

212 556 324 586 Deinde.
341 561 365 583 ct
378 561 488 584 sanctos
508 554 603 583 Patres
616 555 667 582 hoc
688 554 790 582 dixisse
803 554 966 581 invenimus.

176 602 318 636 Proprium
331 603 432 636 quippe
449 600 520 634 Filii,
540 604 567 628 ut
582 600 616 627 ab
641 607 675 628 eo
702 605 858 627 manantem
891 599 968 626 dixe-

176 653 258 679 runt;
274 649 415 682 proprium
434 655 497 675 vero
509 654 570 674 esse
588 646 650 674 Filii
681 645 829 681 Spiritum,
847 652 908 673 eum
919 652 968 680 per

175 694 275 729 ipsum,
291 699 320 721 et
334 702 367 721 ex
392 694 452 728 ipso
482 700 543 720 esse
566 692 713 727 signiﬁcat.
736 691 830 722 ,Porro
857 699 968 718 manare

179 741 306 772 verbum,
328 740 354 766 in
372 739 596 766 substantialibus
612 738 787 773 processibus
814 745 828 765 a
864 737 968 765 sanctis

173 791 344 820 assumptum
359 793 436 816 esse,
454 785 578 820 pluribus
603 792 684 818 supra
698 788 884 811 monstratum
913 788 966 812 est.

175 831 228 859 Sed
242 832 314 859 enim
329 832 355 858 in
370 832 493 866 scriptis,
519 831 564 865 qui
584 838 632 865 per
647 831 718 858 idem
745 837 849 864 tempus
861 830 968 858 clarue-

174 883 248 910 runt,
278 878 458 910 Athanasius,
485 877 610 909 Basilius,
623 876 771 912 Nysscnus,
802 873 969 911 Tlteologus-

175 931 229 958 que
239 923 386 958 Gregorius
405 931 438 952 ex
451 923 532 951 Patre
549 931 597 959 per
612 923 712 951 Filium
738 931 810 956 esse,
828 928 856 950 et
873 931 970 958 proce-

176 971 251 1002 dere,
268 978 316 1004 pro
331 977 364 997 eo
379 970 453 1004 quod
465 974 507 997 est
524 978 557 997 ex
571 969 653 997 Patre
683 977 732 1005 per
759 969 855 997 Filium
876 977 970 1004 proce-

177 1016 242 1043 dere
266 1020 444 1050 acceperunt.

215 1061 283 1088 Cum
299 1062 402 1096 itaque,
418 1062 489 1095 quod
517 1061 675 1095 quaerimus,
704 1062 845 1089 iurenlum
876 1063 969 1095 fuerit,

176 1115 231 1135 ttott
251 1107 361 1142 expedit
389 1107 466 1142 plura
487 1107 623 1135 curiosius
649 1108 807 1142 quaerendo,
830 1108 971 1136 molestias

175 1154 243 1188 pati.
266 1152 350 1180 Simul
363 1158 391 1180 et
413 1160 461 1188 per
486 1153 545 1181 Itaze
571 1153 673 1188 liquido
694 1154 834 1188 probatur,
858 1155 922 1188 quia
937 1163 970 1182 ex

179 1199 248 1227 Filio
267 1207 327 1227 esse
343 1207 455 1227 causam
472 1199 574 1234 signat,
592 1207 644 1226 non
662 1199 751 1227 solum
764 1199 969 1234 proprietatem,

178 1251 207 1272 ut
225 1246 333 1280 quidattt
351 1250 457 1280 putant,
476 1245 523 1272 sed
545 1252 669 1277 causam,
693 1246 864 1279 praecedente
888 1246 970 1273 etlam

178 1292 357 1327 proprietate,
370 1297 399 1319 ut
411 1299 484 1326 saepe
497 1291 599 1318 dictum
620 1297 672 1318 est.
688 1290 838 1318 Eunontius
854 1292 926 1319 enim
937 1299 971 1318 ex

178 1338 248 1366 Filio
267 1337 398 1372 Spiritum
417 1338 521 1370 dicens,
539 1342 566 1365 et
580 1337 638 1372 ipse
668 1338 880 1365 conditionalem
903 1346 971 1365 cau-

177 1391 235 1412 sam
252 1384 372 1419 Spiritus
386 1383 485 1411 Filium
499 1383 690 1412 commendare
704 1383 821 1416 volebat,
836 1383 969 1418 divusque

178 1430 295 1458 Basilius
311 1430 338 1457 in
360 1437 442 1457 causa
456 1430 577 1464 suscepit
610 1431 720 1457 dicens:
751 1429 887 1462 Quomodo
912 1438 973 1464 ergo

178 1476 230 1504 soli
250 1475 393 1511 Unigenito
409 1483 517 1502 causam
533 1475 647 1510 Spiritus
675 1475 814 1510 applicat?
843 1477 876 1504 Et
900 1475 974 1504 certe

179 1523 220 1550 fas
237 1527 297 1549 erat
312 1523 401 1549 dicere
416 1528 540 1557 sanctum
553 1523 652 1550 virum.
682 1522 758 1556 Quod
784 1530 850 1558 ergo
883 1531 972 1558 neque
986 1526 1007 1554 ο

178 1575 211 1595 ex
228 1567 308 1599 Filio,
333 1574 419 1601 neque
431 1574 478 1601 per
495 1575 556 1594 ettnt
583 1566 638 1594 ullo
666 1568 746 1594 tnodo
768 1571 822 1600 est,
839 1569 976 1603 quomodo

177 1619 209 1638 ex
230 1611 299 1639 Filio
312 1619 421 1638 causam
440 1612 465 1638 id
491 1611 606 1639 habeat?
624 1612 676 1640 Sed
689 1613 740 1639 ltoc
752 1620 804 1640 non
821 1613 900 1646 dixit,
915 1622 976 1641 ctntt

179 1665 242 1685 eum
262 1665 294 1685 ex
308 1657 388 1685 Patre
402 1666 449 1693 per
473 1657 571 1684 Filium
597 1666 657 1686 esse
681 1666 752 1692 sirpe
778 1658 975 1693 aﬂirtnaverit;

180 1710 262 1739 atque
274 1712 323 1739 per
335 1703 434 1731 Filiutn
449 1704 558 1739 quidem
587 1704 760 1737 naturaliter,
776 1710 804 1732 et
826 1706 977 1733 essentiali-

179 1759 230 1787 ter,
243 1755 313 1781 etab
328 1754 387 1788 ipso
401 1761 461 1781 esse
481 1753 580 1781 habere
601 1761 738 1786 asserens,
765 1751 803 1781 'ad
825 1754 853 1781 id
881 1760 972 1782 autent

179 1799 251 1835 quod
279 1805 412 1827 creatur-.e
438 1800 542 1826 ratione
570 1807 632 1827 esse
653 1799 796 1827 dicebatur
823 1800 970 1828 obsistens.

179 1847 272 1881 Itaque
281 1854 341 1874 cum
352 1854 385 1873 ex
402 1845 470 1873 Filio
487 1846 604 1874 essentia
622 1847 764 1880 asseritur,
784 1847 916 1874 naturalis
928 1854 974 1875 es-

180 1893 358 1927 scntialisque
365 1892 516 1920 substantia
529 1892 647 1927 Spiritus
657 1893 743 1920 sant-ti
754 1894 974 1920 commendatur.

216 1939 351 1966 Praeterea
363 1940 512 1965 secundum
525 1938 684 1972 praedictam
710 1939 856 1972 rationem,
887 1947 974 1974 neque

180 1985 301 2012 Sabellio
318 1985 350 2011 ad
367 1984 633 2011 commendationem
652 1985 808 2012 divinarum
827 1985 853 2011 in
881 1984 974 2012 Triui-

182 2035 237 2057 tate
264 2037 453 2064 personarum,
483 2037 516 2055 ex
548 2029 616 2056 Filio
653 2029 785 2064 Spiritum
820 2030 968 2065 procedere

180 2077 278 2103 Patres
289 2075 477 2103 obtenderent.
496 2075 529 2101 ιει
549 2076 599 2102 hoc
623 2075 696 2102 enim
723 2075 827 2102 adduttt
850 2075 972 2110 quidam.

182 2123 210 2150 Si
228 2123 300 2149 enim
317 2121 414 2149 Filium
438 2126 465 2148 et
480 2121 586 2148 Patrem
620 2121 746 2153 audiens,
780 2121 971 2156 dicentemque

182 2167 326 2195 Dontittutn
337 2175 345 2194 :
357 2166 412 2201 Ego
421 2175 453 2193 ex
463 2165 543 2193 Patre
556 2167 623 2193 exivi
632 2167 661 2199 ⁶;
677 2171 705 2194 et
720 2165 837 2199 Spiritus
849 2174 882 2193 ea:
892 2166 973 2194 Patre

181 2213 332 2249 procedit",
360 2221 412 2240 non
442 2213 631 2245 inducclnttur,
660 2219 689 2240 ut
702 2212 876 2240 'Trittitatetn
890 2213 975 2240 Deum

182 2260 358 2288 conﬁteretur
369 2267 376 2291 ;
388 2260 506 2293 profecto
515 2260 538 2286 si
547 2260 630 2286 etiam
642 2267 657 2286 a
666 2258 735 2286 Filio
746 2260 818 2286 bmtc
832 2260 977 2294 procedere

183 2306 318 2338 audisset,
338 2305 404 2332 nihil
427 2313 474 2340 per
503 2306 553 2333 hoc
582 2306 669 2340 magis
694 2304 856 2332 Trinitatem
890 2305 974 2332 Dcunt

184 2351 326 2380 confessus
341 2357 431 2379 eeset:
448 2352 503 2378 imo
520 2352 592 2378 credi
612 2355 700 2385 potest
720 2359 780 2378 eutn
797 2355 825 2377 et
840 2351 882 2378 sui
897 2351 973 2379 sitni-

184 2399 223 2426 les
241 2399 273 2425 de
286 2397 356 2425 Filio
375 2398 426 2425 ista
439 2398 538 2431 stepius
568 2397 688 2429 audisse.
706 2405 766 2424 cum
794 2404 973 2432 personarum

185 2445 364 2473 tlili’erentiant
397 2449 538 2478 ponerent,
557 2451 721 2478 causamque
737 2447 764 2470 et
795 2444 915 2476 cattsalc,
948 2449 975 2470 et

185 2499 245 2526 qua:
260 2491 383 2518 ordinent
420 2492 453 2516 ad
488 2490 603 2517 invicem
631 2491 814 2523 insinuarent;
842 2498 902 2517 nant
928 2490 974 2524 qui

184 2544 233 2571 per
243 2537 269 2563 id
283 2536 413 2570 temporis
425 2536 550 2562 doctores
559 2541 646 2567 erant,
657 2543 705 2570 per
720 2534 815 2562 Filium
830 2535 977 2570 procedere

185 2588 211 2610 et
223 2582 258 2608 ab
269 2582 327 2616 ipso
339 2582 472 2615 accipere,
491 2588 573 2615 atque
596 2583 714 2615 prodire,
730 2587 756 2608 el
769 2587 866 2608 caetera
886 2582 979 2616 hujus-

186 2629 259 2655 ntodi
274 2629 307 2655 de
328 2627 429 2662 Spiritu
447 2633 542 2655 sancto
557 2629 724 2656 asserebant.
741 2628 875 2655 Caeterum
901 2630 922 2655 si
945 2637 978 2656 cx

186 2674 396 2702 cvideutissimis
411 2673 559 2709 Scriptura:
591 2674 756 2701 testimoniis
771 2674 796 2701 id
826 2673 979 2709 percipien-

188 2726 238 2753 tes,
254 2728 346 2748 rerum
362 2729 413 2749 non
431 2721 573 2755 putabant.
587 2721 724 2754 quomodo
740 2721 761 2747 si
791 2721 825 2747 ab
862 2719 980 2748 homini-

188 2767 240 2796 bus
255 2767 391 2800 audirent,
403 2767 611 2795 concincnzibus
634 2767 694 2793 licet
718 2767 865 2801 Scripturis
882 2767 978 2794 cretic-

251 2859 329 2888 loan.
348 2867 402 2893 xw,
418 2860 464 2887 28.
503 2861 512 2875 ⁷
533 2859 615 2887 Joau.
634 2868 678 2892 xv,
695 2861 739 2886 ‘26.

322 2908 455 2938 Ριτιωι..
474 2908 532 2938 (in.
563 2908 652 2939 CLII.

1051 230 1108 258 Non
1124 232 1212 258 solum
1229 234 1319 258 autem
1336 231 1386 258 ista
1400 230 1540 265 proferunt
1552 239 1585 258 ex
1610 233 1724 266 sanctis,
1740 233 1810 261 nihil

1016 277 1056 304 eis
1069 276 1103 303 ad
1124 276 1304 310 propositum,
1331 281 1361 302 ιιι
1390 282 1528 304 ostensum
1555 282 1608 310 est,
1629 277 1810 311 conferentia,

1017 323 1071 349 into
1095 322 1175 349 etiam
1194 322 1244 349 sibi
1273 323 1384 350 omttino
1398 323 1582 355 adversantia.
1598 333 1691 352 verum
1724 331 1751 354 et
1776 327 1812 354 ad

1017 368 1133 402 ineptias
1148 372 1176 395 et
1192 376 1278 403 nugas
1303 370 1335 396 ea
1351 374 1513 397 convertere
1527 372 1710 404 contendunt,
1745 380 1811 400 ron-

1017 421 1097 441 cesso
1110 419 1137 441 et
1153 421 1187 442 ex
1203 413 1273 442 Filio
1290 415 1437 449 procedere
1454 415 1586 448 Spiritum
1614 423 1752 446 sanctam.
1770 420 1810 446 Ac

1019 459 1106 494 pritno
1119 459 1216 487 dicunt
1229 461 1282 486 duo
1300 461 1431 495 principia
1450 462 1536 488 sancti
1549 462 1665 496 Spiritus
1691 473 1736 492 eos
1753 457 1755 460 ⁴
1770 465 1812 499 [ιι-

1020 507 1068 533 teri
1081 506 1148 541 cogi,
1166 506 1212 539 qui
1227 506 1265 533 ita
1292 515 1324 533 rx
1341 505 1424 534 Patre
1449 516 1480 534 ac
1493 507 1565 535 Filio
1577 511 1718 542 procedere
1746 510 1810 544 Spi-

1019 553 1100 578 ritum
1114 556 1234 579 sanctum
1256 558 1419 581 asseverant.
1445 553 1479 583 At
1493 554 1544 582 hoc
1557 556 1658 583 sanctis
1688 556 1815 585 Patribur

1020 598 1047 625 in
1072 598 1170 632 primis
1187 598 1374 632 imputandum
1391 599 1453 631 fuit,
1468 601 1515 635 qui
1539 609 1588 635 per
1605 601 1703 629 Ftliutn
1728 609 1756 630 et
1781 613 1815 631 ex

1021 644 1089 671 Filio
1103 652 1176 677 esse,
1195 653 1226 672 ac
1237 646 1385 679 procedere
1413 645 1544 680 Spiritum
1574 654 1709 680 Sanctum,
1725 655 1752 677 et
1783 659 1817 678 ex

1019 692 1100 719 Patre
1116 699 1187 724 esse,
1197 692 1268 719 sicut
1286 698 1312 720 et
1329 701 1343 719 a
1362 692 1431 720 Filio
1455 693 1555 721 divinis
1583 696 1733 723 rationibus
1755 706 1817 732 pro-

1020 739 1095 766 bant.
1112 739 1188 772 Quod
1202 739 1225 767 si
1238 739 1290 767 hoc
1303 747 1351 768 eos
1380 740 1416 767 ita
1435 746 1592 769 asserentes
1608 750 1661 770 non
1691 745 1816 775 sequitur

1019 785 1203 819 (nequeenim
1221 786 1284 813 talia
1313 787 1454 818 dixissent,
1472 788 1494 815 si
1514 788 1565 815 ista
1577 796 1626 816 eos
1638 789 1758 817 absurda
1774 799 1818 818 sc-

1021 836 1188 866 querentur;
1207 831 1262 858 itno
1277 832 1335 859 haec
1349 832 1482 866 dicentes,
1502 834 1583 861 etiam
1611 842 1695 862 unum
1715 836 1816 870 princi-

1023 876 1095 910 pium
1113 875 1256 912 fatentur),
1275 882 1382 905 constat
1399 877 1464 912 quia
1495 886 1583 914 ncqtte
1613 880 1720 908 illorum
1743 883 1818 910 dicta

1023 922 1184 955 referentes,
1206 923 1263 951 haec
1289 923 1380 955 inepta
1403 929 1564 959 sequuntur.
1777 953 1781 958 _

1058 966 1160 994 Deinde
1168 968 1296 1003 quoniam
1306 967 1367 995 Filii
1382 970 1472 996 omnia
1482 970 1515 996 ad
1527 969 1635 999 Patrem
1648 972 1818 1005 referuntur.

1023 1017 1050 1040 et
1061 1020 1130 1040 unus
1141 1013 1212 1041 Deus
1223 1013 1303 1042 Pater
1313 1019 1340 1041 et
1349 1013 1434 1042 Filius
1443 1019 1493 1047 est,
1504 1020 1585 1051 atque
1594 1018 1673 1045 unico
1680 1027 1819 1052 processu,

1024 1059 1081 1086 sive
1093 1066 1127 1086 ex
1139 1058 1220 1086 Patre
1232 1068 1279 1094 per
1291 1059 1402 1092 Filium,
1420 1061 1477 1089 sive
1488 1069 1521 1088 ex
1538 1062 1617 1090 Patre
1631 1069 1658 1090 et
1672 1063 1740 1092 Filio
1755 1074 1819 1099 pro~

1023 1105 1120 1132 cedere
1146 1106 1278 1133 asscritur
1297 1105 1414 1141 Spiritus
1438 1113 1562 1142 sanctus,
1592 1110 1700 1137 ubinam
1728 1112 1818 1140 locum

1024 1150 1078 1177 dtto
1094 1151 1226 1185 principia
1241 1151 1399 1179 habebunt?
1412 1150 1479 1178 Nam
1493 1153 1514 1180 si
1527 1154 1635 1188 quidem
1645 1162 1716 1183 esset
1730 1156 1820 1185 Patris

1024 1195 1205 1224 substantiale
1218 1197 1380 1231 producere,
1403 1197 1453 1225 ltoe
1478 1197 1595 1226 fortasse
1616 1199 1821 1229 ltaberetratio—

1025 1251 1084 1270 uettt
1101 1252 1108 1270 :
1124 1245 1253 1279 quoniam
1269 1252 1345 1279 vero,
1362 1246 1413 1273 hoc
1437 1253 1491 1273 non
1511 1252 1562 1279 est,
1579 1252 1607 1274 ut
1627 1256 1709 1282 supra
1726 1250 1820 1277 docui-

1025 1296 1095 1321 tntts,
1115 1296 1260 1316 commune
1282 1295 1324 1316 est
1352 1290 1435 1325 igitur
1456 1291 1529 1318 Patri
1560 1297 1588 1319 et
1621 1292 1691 1320 Filio
1714 1294 1819 1328 produ-

1024 1342 1096 1361 cere.
1114 1334 1180 1361 Nam
1193 1336 1217 1362 si
1232 1336 1411 1363 substantiale
1426 1342 1508 1369 esset,
1528 1346 1666 1372 nunquam
1687 1347 1720 1367 ex
1740 1339 1821 1369 Patre

1025 1388 1073 1415 per
1091 1380 1190 1409 Filium
1217 1383 1365 1416 procedere
1389 1383 1507 1417 Spiritus
1534 1391 1646 1413 sanctus
1670 1386 1821 1418 diceretur.

1026 1428 1131 1462 Quippe
1148 1428 1261 1462 etquod
1280 1430 1412 1462 procedit,
1433 1434 1460 1457 et
1473 1430 1544 1464 quod
1566 1431 1734 1465 producitur,
1750 1433 1820 1461 idem

1025 1474 1138 1501 omnino
1153 1479 1204 1502 cst.
1218 1472 1312 1509 Itaque
1328 1474 1408 1502 Pater
1423 1475 1532 1510 quidem
1556 1484 1603 1511 per
1628 1476 1724 1505 Filium
1757 1487 1822 1514 prn-

1026 1521 1101 1547 ducit
1115 1520 1247 1554 Spiritum
1264 1525 1399 1561 sanetum,
1417 1522 1474 1556 ipse
1508 1530 1571 1550 vero
1583 1528 1625 1550 est
1645 1525 1691 1557 qui
1720 1526 1821 1560 produ-

1028 1566 1111 1592 citur.
1127 1565 1231 1593 Idcirco
1254 1566 1337 1593 etiam
1356 1569 1504 1601 productor
1522 1576 1569 1603 per
1587 1569 1704 1597 Verbum
1729 1571 1821 1599 dictos

1028 1617 1082 1639 est.
1098 1611 1132 1638 Et
1153 1617 1243 1640 tamen
1269 1620 1357 1649 neque
1378 1621 1488 1641 causam
1521 1615 1732 1644 substantialem
1758 1626 1821 1645 esse

1029 1664 1211 1685 tnottslratum
1236 1665 1291 1692 est,
1312 1667 1400 1695 neque
1421 1661 1493 1688 enim
1521 1669 1577 1688 rem
1595 1663 1742 1698 signiﬁcat,
1772 1666 1820 1692 ενα

1028 1705 1116 1732 solum
1132 1706 1373 1740 prtetlicamentutn
1387 1712 1441 1735 est.
1463 1706 1491 1734 Si
1531 1708 1605 1736 enim
1647 1717 1703 1737 rem
1737 1718 1821 1739 causa
1844 1713 1850 1715 “

1028 1752 1171 1786 sigttiliCat,
1189 1753 1270 1780 etiam
1284 1753 1474 1782 substantialis
1496 1759 1547 1784 est.
1567 1760 1595 1782 et
1617 1756 1726 1783 causalc
1754 1763 1822 1785 C0"-

1027 1803 1174 1833 seqttenter
1205 1807 1262 1826 rem
1297 1800 1448 1835 designabit
1481 1808 1513 1828 ac
1539 1802 1719 1830 sttbslantiale
1751 1804 1816 1831 erit.

1027 1843 1116 1878 Atque
1136 1845 1171 1871 ita
1189 1845 1310 1872 causalia
1336 1853 1398 1873 cum
1427 1847 1483 1874 sint
1527 1847 1611 1875 Filius
1641 1853 1669 1876 et
1699 1848 1821 1884 Spititus

1026 1894 1150 1922 sanctus,
1167 1898 1220 1917 una
1237 1898 1350 1925 persona
1363 1892 1425 1924 erit,
1448 1900 1546 1928 nempe
1575 1894 1704 1927 quoniam
1731 1900 1822 1922 Osten-

1025 1940 1138 1963 sumest
1154 1936 1310 1963 commuttia
1323 1944 1384 1965 esse
1399 1937 1489 1964 omnia
1515 1937 1588 1964 Patri
1612 1942 1639 1965 et
1670 1938 1750 1970 Filio,
1773 1940 1820 1967 ubi

1026 1989 1080 2008 tton
1096 1982 1189 2009 obstat
1204 1981 1343 2009 relationis
1365 1982 1520 2016 oppositio;
1548 1984 1702 2017 producere
1717 1990 1819 2015 autem,

1026 2035 1113 2063 neque
1128 2027 1284 2062 paternitati
1296 2028 1422 2061 congruit
1437 2029 1588 2055 secundum
1602 2030 1661 2064 ejus
1672 2031 1819 2060 rationem.

1025 2081 1113 2108 neque
1135 2073 1268 2100 nativitati
1291 2074 1448 2108 opponitur.
1480 2074 1541 2102 Ista:
1568 2075 1640 2102 cnim
1658 2076 1691 2102 ad
1705 2076 1821 2104 invicem

1025 2120 1110 2147 solam
1125 2119 1299 2150 relationem,
1314 2125 1395 2154 atque
1420 2121 1603 2148 substantiant
1621 2122 1734 2150 habent.
1777 2122 1822 2149 ltl-

1025 2165 1098 2192 rirco
1109 2165 1176 2192 nihil
1191 2165 1264 2200 cogit
1280 2173 1297 2192 a
1316 2164 1386 2193 Filio
1400 2166 1545 2200 producere
1558 2165 1684 2200 auferre;
1698 2167 1818 2202 alioquin

994 2207 1057 2237 Dut
1071 2210 1181 2245 sapiens
1207 2215 1234 2237 et
1272 2211 1370 2243 bonus,
1404 2219 1463 2245 qua:
1508 2219 1641 2246 nusquam
1682 2213 1822 2241 nativitati

1030 2263 1216 2292 opponuntur,
1232 2257 1300 2284 Filio
1317 2258 1454 2289 tollentes,
1478 2258 1611 2286 minorem
1625 2259 1713 2287 Patris
1726 2267 1821 2287 esseu-

1031 2304 1067 2332 tia
1081 2303 1178 2331 Filium
1199 2305 1354 2332 necessario
1372 2304 1527 2338 fatebimur,
1560 2306 1650 2333 innata
1671 2312 1697 2333 et
1714 2308 1821 2341 propria

1031 2358 1084 2377 tton
1099 2351 1135 2384 ei,
1151 2351 1221 2377 sicut
1234 2356 1261 2377 et
1276 2350 1347 2378 ['atri
1363 2351 1507 2378 reddentes
1524 2360 1530 2378 :
1548 2351 1584 2378 ita
1610 2357 1637 2378 et
1661 2356 1820 2387 producere.

1031 2397 1159 2430 quoniam
1179 2397 1315 2423 nativitati
1337 2405 1388 2424 non
1403 2398 1506 2431 obstat,
1525 2398 1576 2425 nisi
1595 2398 1663 2425 Filio
1677 2406 1822 2426 commune

1031 2442 1181 2482 cuml’atre
1196 2448 1249 2475 stt;
1273 2443 1388 2477 sigillum
1405 2451 1517 2477 prorsus
1526 2443 1663 2472 uniforme
1681 2453 1732 2471 nott
1758 2446 1820 2477 e.it,

1030 2493 1057 2514 et
1078 2489 1278 2516 indemutabtlis
1300 2489 1389 2523 imago
1405 2488 1504 2520 Patris,
1522 2494 1549 2517 et
1569 2497 1640 2517 titius
1650 2498 1713 2518 cum
1740 2491 1822 2518 Patre

1032 2534 1112 2563 Deus.

1065 2581 1155 2616 Itaqm.
1166 2583 1313 2622 secundum
1326 2585 1448 2618 proprias
1458 2585 1651 2612 substantiales
1664 2585 1820 2617 relationes,

1030 2627 1222 2661 paternitatetn
1237 2628 1342 2656 scilicet
1360 2637 1392 2656 ac
1421 2630 1602 2663 nativitatem,
1630 2631 1743 2659 discreti
1759 2639 1820 2657 cum

1029 2672 1083 2698 sint
1098 2673 1246 2700 secundum
1268 2681 1400 2708 personas
1415 2674 1495 2702 Pater
1523 2680 1549 2703 et
1562 2675 1659 2708 Filius,
1677 2683 1823 2703 commune

1029 2718 1176 2747 iudivisum
1203 2728 1252 2755 per
1284 2722 1337 2749 alia
1357 2722 1448 2750 omnia
1471 2723 1514 2757 pie
1542 2722 1740 2750 observabitur.
1761 2721 1821 2748 Non

1031 2765 1104 2792 enim
1118 2766 1181 2801 quia
1197 2767 1250 2795 duo
1267 2773 1330 2796 sunt
1347 2769 1483 2804 personis,
1499 2769 1558 2796 ideo
1569 2769 1650 2796 etiam
1670 2775 1716 2803 per
1730 2766 1820 2793 omnia
