1934 3063
182 202 235 238 173

729 201 930 231 ADVEiiSUS
949 201 1106 231 GRZECOS
1134 201 1207 230 LIB.
1232 200 1288 231 Ill.

1760 195 1812 228 17‘

178 270 216 291 cat
239 268 264 290 rt
286 260 382 294 Filius,
397 261 474 294 iuxta
492 268 535 288 eos
555 260 600 296 qui
629 261 707 286 etiam
727 267 759 286 ea:
782 259 853 286 Filio
876 260 969 286 dicunt
986 271 1006 298 Α
1024 260 1193 294 seuspecie).
1206 260 1252 285 scd
1265 257 1411 285 secundum
1424 253 1649 290 significationem
1662 254 1812 287 nominum.

180 309 312 343 Spiritum
332 312 464 338 sanctum,
479 307 523 341 qui
539 307 642 341 genitor
656 306 745 340 utique
771 313 823 332 non
836 311 892 338 est;
903 314 969 340 quo-

180 357 251 382 ninm
268 363 326 381 vero
338 362 389 380 non
419 354 591 385 convertitur,
614 353 737 388 diﬁ‘ereus
761 358 810 379 est.
832 351 927 386 Itaque
944 357 968 377 et

180 405 232 430 duo
248 408 324 429 erunt
341 400 609 436 praductorcs;quod
625 400 648 426 si
667 401 755 431 detur,
775 405 798 425 et
817 399 870 425 duo
888 399 967 424 etiam

179 449 322 485 principia.

221 512 298 546 Digni
313 518 381 538 sane
398 514 474 542 sunt,
490 508 536 543 qui
554 508 607 534 ista
626 507 731 538 dicunt,
748 510 776 532 ut
796 510 822 532 et
837 504 888 539 ipsi
909 511 972 530 eon-

183 565 224 588 tra
251 560 452 591 interrogentur
478 563 485 582 :
507 563 541 581 an
556 554 626 580 idem
645 552 726 579 Pater
748 550 850 585 estqui
878 550 971 581 mittit,

184 613 212 634 et
227 614 296 633 unus
313 603 438 631 mittens?
451 601 557 636 Quippe
572 601 652 627 Pater
671 604 698 627 et
713 599 823 626 mittens
839 602 890 629 est,
907 596 970 622 utit-

184 658 245 680 trns
257 659 320 679 vero
338 658 392 677 non
407 648 539 676 continuo
555 653 596 673 est
616 645 705 672 Pater.
722 644 770 671 Est
782 642 854 670 enim
879 646 907 668 et
925 639 972 666 Fi-

183 699 236 726 lius
262 698 383 727 mittens,
405 694 450 729 qui
478 701 531 720 non
546 696 589 719 est
604 691 702 722 Pater;
729 696 816 724 neque
833 688 904 715 enim
921 687 972 713 hoc

182 744 362 774 convertitur,
378 747 465 776 neque
479 740 528 774 ipsi
545 739 597 766 duo
611 737 744 772 principia
763 735 909 769 effugient;
924 732 971 767 qui

183 791 256 819 enim
271 789 354 816 mittit
369 788 439 823 ejus,
469 785 539 820 quod
564 785 689 814 mittitur.
704 790 786 810 causa
802 779 975 816 quotnotjoli-

184 838 229 865 bet
253 841 304 867 est;
322 834 345 862 si
370 837 462 860 autem
482 839 514 859 ex
532 831 624 863 Putre,
645 836 672 857 et
686 832 821 859 n‘ittettlt‘,
849 834 902 854 non
919 827 973 852 duo

183 882 346 916 colliguntur
362 878 449 910 initia,
462 883 549 912 neque
566 875 637 902 enim
653 875 732 902 Pater
752 874 870 904 mittens,
887 876 914 898 et
930 869 974 897 Fi-

184 929 236 955 lius
263 927 400 954 diceretur
427 924 536 952 mittere
564 921 695 956 Spiritum
719 923 864 951 sanctum;
890 924 924 944 ne
947 917 974 942 in

1025 313 1052 333 et
1069 306 1148 332 sicuti
1167 306 1244 332 nobis
1257 303 1388 339 possibile
1405 307 1446 330 εει
1466 310 1513 336 per
1529 305 1586 331 luce
1601 302 1692 329 divina
1713 301 1814 328 intelli-

1025 361 1100 388 gere,
1118 353 1202 379 nostri
1217 352 1326 379 habitus
1342 351 1549 378 consttetudine.

1062 409 1292 442 Quemadmmlnm
1310 408 1391 442 igitur
1402 407 1481 434 l‘atcr
1492 412 1518 434 et
1531 408 1610 436 Deus.
1628 415 1672 432 res
1684 414 1736 432 una
1748 406 1814 431 dua-

1024 458 1075 483 bus
1088 456 1220 482 intellecta
1236 455 1402 485 rationibus,
1419 454 1470 480 alia
1486 453 1594 487 quidem
1615 451 1813 482 universalius,

1026 501 1077 528 alia
1092 509 1155 527 vero
1174 500 1366 534 particularins
1381 508 1388 527 :
1405 500 1439 526 ila
1455 504 1482 526 et
1506 500 1653 533 productor
1673 504 1700 525 et
1721 497 1813 529 Pater,

1027 555 1080 574 una
1105 545 1214 581 quidem
1236 554 1279 572 res
1295 546 1373 573 ambo
1389 550 1462 577 sunt,
1480 550 1506 572 et
1520 545 1605 571 Filius
1619 550 1645 571 et
1668 544 1816 578 produt-tur

1027 593 1163 621 similiter.
1193 593 1214 619 Δ
1233 593 1310 619 nobis
1325 598 1414 618 autem
1433 592 1536 618 duabus
1551 591 1702 618 rationibus
1718 596 1816 622 agnosa

1032 638 1104 665 citur
1127 646 1133 664 :
1159 638 1244 664 altera
1274 637 1476 671 particularius,
1501 637 1585 662 altera
1619 634 1814 663 universalius.

1026 690 1056 711 ut
1072 685 1173 711 dictum
1189 688 1240 711 est.
1263 682 1355 718 Neque
1369 683 1440 709 enim
1456 683 1583 717 praevalet
1608 672 1726 709 humana
1743 689 1815 715 pau-

1027 734 1119 765 pertas
1144 729 1183 755 vel
1205 729 1284 756 aliter
1305 730 1338 756 de
1353 728 1453 755 divinis
1470 729 1553 763 loqui,
1569 728 1611 755 \el
1625 737 1680 755 uno
1707 730 1817 756 nomine

1027 780 1113 803 totum
1126 774 1276 806 insinuare,
1289 773 1419 808 quidquid
1439 781 1487 808 per
1499 773 1582 800 multa
1601 774 1710 801 nomina
1736 775 1817 803 intel-

1028 821 1208 856 ligentiasque
1229 819 1496 854 comprehendimus.

1063 876 1197 910 Quooirea
1213 875 1319 902 duabus
1333 875 1444 909 quidem
1463 875 1647 911 intelligentiis
1663 882 1691 905 et
1704 879 1815 906 rationi-

1028 922 1079 951 bus
1102 921 1183 949 Pater
1193 926 1220 949 et
1236 921 1383 956 productor
1397 921 1567 954 intelligitur.
1592 927 1621 949 ut
1643 923 1745 961 dictum
1760 929 1817 958 est;

186 975 308 1010 genitore
338 972 448 1007 quidem
466 974 493 997 et
510 969 675 1004 producturo
699 966 772 994 istud
787 965 849 992 erit.
873 963 926 991 Sed
946 962 973 989 id

1033 977 1079 995 ton
1096 973 1186 995 tamen
1204 968 1254 994 hoc
1267 967 1331 994 facit
1351 975 1442 994 rerum
1457 967 1658 997 differentiam:
1679 970 1731 998 hac
1743 971 1817 998 enim

187 1008 334 1047 dicendum
354 1015 427 1050 quod
450 1019 478 1042 et
504 1019 582 1043 antea
597 1013 726 1044 diximus,
742 1018 802 1046 qua:
817 1010 844 1037 in
863 1009 917 1036 Deo
932 1008 975 1034 tli-

186 1069 285 1093 cuntur
312 1062 358 1090 ubi
383 1069 436 1089 non
461 1061 553 1088 obstat
575 1058 713 1086 relationis
733 1055 881 1091 oppositio,
906 1053 975 1081 nihil

186 1110 332 1147 prohibere
358 1107 495 1142 personis,
522 1113 570 1133 seu
599 1110 722 1139 persome
746 1103 866 1129 adesse:
898 1104 974 1133 puta,

191 1158 262 1185 Deus
276 1155 385 1190 quidem
400 1158 428 1180 et
443 1153 530 1180 bonus
540 1155 682 1178 etcrcator
693 1157 701 1182 ;
713 1148 774 1184 quia
789 1153 874 1181 neque
884 1150 977 1180 pater-

189 1201 267 1230 nitati
285 1207 373 1234 neque
385 1197 520 1225 italivitati
533 1196 639 1230 objecta
652 1200 725 1221 sunt.
745 1194 824 1220 l‘ater
839 1197 866 1219 et
878 1190 973 1222 Filius,

188 1255 258 1274 unus
283 1246 354 1273 Deus
381 1249 409 1271 et
426 1247 533 1270 creator
557 1246 584 1269 et
605 1241 693 1268 bonus
709 1244 769 1272 est;
788 1239 873 1266 Filius
900 1244 974 1268 vero,

187 1292 316 1328 quoniam
334 1289 368 1317 ad
385 1289 494 1317 Patrem
506 1287 662 1322 opponitur,
679 1294 729 1313 non
746 1285 797 1312 crit
813 1284 884 1311 idem
903 1281 979 1316 geni-

187 1345 231 1366 tor
243 1346 275 1364 ac
291 1337 388 1367 FiliuS,
406 1341 495 1368 neque
508 1334 577 1360 idem
594 1332 678 1359 Filius
701 1336 729 1359 et
745 1331 861 1366 genitor.
877 1328 979 1356 Prodit-

191 1385 272 1413 cibilo
284 1390 359 1416 vero,
378 1387 408 1408 ut
424 1380 526 1407 dictum
544 1383 596 1411 est,
614 1386 700 1414 neque
711 1375 864 1412 paterultati
885 1373 980 1409 objici-

193 1436 247 1462 tur,
264 1436 352 1464 neque
368 1427 512 1454 nativitati.
527 1426 678 1453 Commune
694 1425 776 1459 igitur
790 1423 912 1457 utrisque
926 1425 978 1452 est.

193 1483 274 1512 atque
297 1477 369 1509 ideo,
389 1483 458 1503 unus
475 1475 622 1510 productor
637 1476 689 1504 est,
710 1478 799 1505 neque
818 1470 890 1498 enim
916 1477 980 1503 pro-

192 1525 296 1552 ducere
306 1522 377 1557 quod
390 1521 490 1549 dicitur
505 1519 593 1547 Patris
608 1522 634 1546 et
652 1517 711 1544 Filii
725 1517 915 1544 discretionem
937 1525 981 1544 se-

191 1571 310 1598 cundum
338 1575 395 1595 rem
416 1567 499 1598 facit;
520 1566 620 1601 quippe
646 1563 715 1591 hanc
737 1563 876 1598 generatio
901 1563 977 1596 fecit,

191 1622 272 1651 atque
287 1614 415 1642 nativitas
439 1613 489 1640 sibi
508 1612 656 1640 secundum
681 1617 710 1637 se
732 1610 855 1644 objecta.
880 1608 979 1642 Quent-

191 1663 334 1690 adutodtun
350 1661 432 1695 igitur
447 1659 518 1687 idem
535 1658 606 1685 Deus
622 1665 654 1684 ac
667 1656 758 1689 Pater,
775 1661 804 1683 et
817 1656 888 1683 idem
903 1656 975 1683 Deus

190 1718 223 1738 ac
246 1709 346 1740 Filius,
373 1709 409 1734 ita
437 1711 465 1734 et
483 1705 552 1732 idem
577 1704 684 1739 genitor
713 1711 744 1729 ac
770 1702 927 1737 productor,
952 1706 980 1727 et

192 1763 263 1783 unus
280 1755 371 1782 itidem
382 1752 465 1780 Filius
483 1757 564 1785 atque
579 1750 736 1785 productor.
753 1749 787 1776 Et
802 1749 882 1776 sicuti
896 1749 978 1781 Deus,

192 1803 237 1837 qui
253 1806 294 1828 est
311 1801 401 1833 Pater,
417 1804 446 1827 et
459 1798 545 1826 Filius
555 1805 616 1824 cutn
635 1796 715 1824 Patre
726 1795 844 1822 solonOu
859 1794 924 1822 facit
938 1795 981 1820 di-

193 1847 358 1875 scretionem
374 1845 423 1877 rei,
442 1844 479 1871 ita
501 1850 589 1877 neque
611 1842 769 1876 productor,
786 1841 831 1875 qni
846 1845 887 1868 est
901 1840 981 1867 Pater

193 1900 220 1921 et
236 1893 328 1924 FiliuS,
346 1899 407 1919 cum
424 1891 506 1917 Putre
519 1889 576 1917 solo
587 1889 654 1916 duas
665 1889 796 1915 discretas
808 1887 911 1914 indicat
926 1895 979 1914 res.

196 1939 305 1967 Patrem
324 1938 396 1965 enim
413 1941 440 1964 et
457 1936 647 1971 productorem
677 1934 807 1965 dicentes,
833 1932 980 1960 secundum

197 1988 222 2015 id
239 1987 359 2021 quidem,
372 1985 443 2020 quod
459 1984 576 2019 dicimus
592 1982 675 2010 Pater
688 2000 696 2014 ,
712 1981 804 2010 Putris
829 1982 862 2007 ad
879 1979 979 2007 Filium

197 2033 389 2060 discretionem
420 2030 596 2063 intelligimus
621 2037 628 2056 :
651 2028 802 2056 secundum
837 2026 863 2054 id
890 2030 980 2052 autem

195 2078 264 2113 quod
278 2079 436 2111 productor,
451 2075 582 2103 etFtlium
599 2082 651 2102 una
665 2081 726 2101 cum
740 2073 832 2105 Patre,
850 2077 981 2106 tanquam

195 2131 275 2150 unam
301 2130 357 2149 rem
378 2121 458 2149 simul
482 2120 670 2155 intelligimus.
696 2118 768 2146 Idem
791 2123 819 2146 et
841 2118 875 2146 de
901 2117 982 2144 Patre

194 2175 221 2196 et
239 2169 272 2196 de
291 2170 426 2196 mittente.

230 2214 364 2247 Quoniam
390 2213 472 2248 igitur
496 2219 556 2247 quae
580 2211 654 2239 Patri
679 2218 711 2237 ac
734 2209 802 2237 Filio
827 2208 981 2236 communia

195 2264 269 2290 sunt,
283 2259 319 2285 ita
333 2259 367 2285 ad
388 2259 496 2285 Patrem
514 2257 600 2284 solutn
611 2276 619 2289 ,
635 2255 714 2284 sicuti
728 2261 761 2282 an
777 2255 871 2282 ambos
885 2261 916 2281 se
933 2255 982 2281 lia-

1026 1014 1132 1041 ratione
1157 1022 1239 1041 unum
1263 1013 1347 1040 Deum
1390 1013 1494 1040 inlinita
1527 1014 1638 1041 nomina
1663 1016 1814 1043 secundum

1028 1060 1185 1088 differentes
1210 1060 1331 1087 rationes
1358 1059 1444 1094 ipsqu
1469 1067 1508 1092 re,
1526 1065 1554 1086 ut
1570 1061 1697 1095 possibile
1714 1068 1767 1092 est.
1779 1063 1820 1089 si-

1027 1106 1195 1140 gnificantia,
1205 1106 1232 1133 in
1241 1105 1363 1133 inﬁnitas
1372 1114 1416 1134 res
1427 1114 1611 1142 personasque
1622 1108 1818 1138 discernerent.

1027 1154 1161 1180 Caeterum
1181 1151 1265 1179 solam
1289 1151 1425 1178 rationum
1442 1150 1622 1178 differentiam
1641 1153 1775 1181 inducunt
1788 1163 1820 1182 ea

1028 1206 1089 1233 qua:
1108 1199 1178 1233 apud
1192 1206 1243 1225 nos
1261 1197 1368 1232 quidem
1385 1202 1449 1224 sunt
1463 1197 1614 1224 differentia
1625 1219 1633 1230 ,
1658 1198 1683 1225 in
1700 1199 1753 1227 Deo
1768 1208 1821 1227 au-

1030 1249 1083 1272 tem
1106 1251 1160 1271 una
1175 1243 1260 1277 ipsius
1283 1243 1434 1278 eademque
1462 1243 1614 1274 substantia
1632 1253 1640 1272 ε
1660 1245 1820 1273 admirabile

1030 1297 1140 1322 nomen,
1155 1295 1183 1317 et
1194 1297 1238 1317 res
1253 1289 1294 1317 Itis
1307 1289 1433 1318 omnibus
1445 1291 1612 1324 respondens
1626 1298 1674 1326 per
1684 1298 1820 1319 summat:

1031 1334 1237 1370 perfecdonem,
1251 1338 1278 1361 et
1295 1334 1512 1369 simplicitatem,
1526 1340 1552 1362 et
1566 1335 1705 1370 ttnionenl.
1720 1336 1818 1365 Totum

1031 1380 1104 1408 enim
1118 1380 1145 1408 in
1170 1387 1200 1408 se
1218 1381 1275 1414 ipso
1299 1381 1524 1414 comprehensum
1551 1389 1613 1408 esse
1627 1382 1718 1415 habet,
1743 1385 1821 1418 quasi

1031 1427 1168 1462 quoddam
1181 1427 1296 1462 pelagus
1308 1428 1435 1455 essentia
1455 1427 1632 1459 immensum,
1645 1428 1721 1462 juxta
1740 1429 1820 1457 Ilico-

1032 1474 1120 1508 logum
1142 1472 1315 1508 Gregorium.
1339 1473 1367 1500 lu
1389 1473 1455 1500 solis
1478 1479 1568 1500 autem
1592 1474 1822 1503 substantialibus

1033 1521 1208 1549 relativarutn
1225 1528 1314 1547 rerum
1337 1518 1488 1547 differentia
1499 1524 1550 1547 est.
1565 1519 1665 1548 Verum
1680 1522 1822 1550 enimvero

1033 1567 1202 1593 arbittantur
1222 1573 1331 1601 quoque
1353 1569 1381 1593 et
1393 1565 1501 1593 Patrem
1526 1571 1554 1593 et
1567 1566 1663 1593 Filium
1689 1567 1717 1594 in
1739 1575 1822 1595 unum

1033 1611 1211 1643 conglutiuuri
1224 1619 1375 1645 personant,
1391 1611 1414 1637 si
1436 1610 1513 1637 Patri
1532 1610 1620 1638 Filius
1635 1613 1818 1645 rontntunicet_

1033 1659 1061 1685 in
1084 1658 1273 1693 productione,
1298 1658 1352 1685 sive
1372 1659 1399 1685 in
1419 1659 1562 1693 spiratione
1583 1659 1669 1685 sancti
1692 1658 1821 1693 Spiritus.

1032 1707 1101 1739 quod
1124 1712 1205 1738 neque
1222 1704 1354 1735 naturale,
1380 1712 1461 1739 neque
1497 1711 1636 1730 commune
1665 1704 1746 1730 tribus
1771 1708 1820 1734 est.

1032 1751 1164 1786 reliquum
1177 1759 1232 1778 esse
1248 1752 1336 1781 aiunt,
1354 1754 1382 1776 ut
1399 1750 1539 1784 personate
1555 1750 1588 1776 sit
1608 1758 1617 1776 :
1636 1755 1713 1784 atque
1725 1749 1822 1784 adjun-

1032 1803 1097 1832 gunt
1112 1798 1237 1833 quoniam
1255 1797 1417 1823 naturalium
1435 1797 1583 1823 cantmuttio
1608 1801 1710 1823 nttturtz
1725 1795 1821 1822 identi—

1033 1847 1111 1869 tatem
1126 1843 1152 1869 in
1168 1842 1285 1875 personis
1301 1842 1328 1868 in
1339 1842 1420 1872 ticat;
1435 1846 1462 1866 ut
1475 1841 1593 1874 personis
1605 1841 1687 1874 igitur
1702 1847 1822 1866 commuto

1033 1889 1088 1921 nio,
1103 1888 1248 1921 personati:
1267 1887 1416 1914 identttatis
1432 1886 1613 1922 signiﬁcativa
1627 1887 1686 1919 erit,
1708 1890 1737 1913 ut
1758 1886 1820 1913 hinc

1034 1934 1180 1962 necessario
1214 1934 1349 1968 contingat
1384 1932 1493 1959 Patrem
1517 1939 1548 1958 ac
1575 1931 1686 1964 Filium,
1715 1937 1737 1958 et
1753 1932 1820 1959 duo:

1033 1989 1088 2009 esse
1113 1980 1257 2008 secundum
1274 1979 1438 2014 persouttlem
1466 1987 1556 2006 eorum
1582 1979 1783 2013 oppositionent,
1797 1985 1822 2005 et

1032 2037 1113 2056 unum
1126 2034 1218 2055 rursus
1237 2031 1344 2061 propter
1367 2025 1553 2058 idetttitutem,
1576 2030 1600 2052 et
1613 2025 1824 2052 communionem

1033 2075 1224 2110 productionis.
1240 2074 1320 2108 Atqui
1335 2072 1358 2099 si
1368 2072 1521 2107 producere
1534 2070 1713 2099 substantiale
1725 2070 1824 2106 [hypo-

1033 2121 1172 2157 staticum]
1185 2126 1267 2152 esset,
1282 2120 1415 2147 haberent
1446 2119 1496 2147 ista
1527 2120 1674 2152 rationem;
1696 2120 1824 2154 quoniam

1034 2177 1098 2197 vero
1120 2166 1298 2196 substantiale
1313 2166 1337 2193 id
1352 2174 1404 2193 non
1415 2173 1486 2197 esse,
1502 2173 1582 2200 Supra
1605 2165 1728 2200 plurimis
1741 2167 1825 2192 ratio-

1034 2215 1114 2243 nibus
1126 2219 1266 2241 ostensum
1276 2217 1329 2245 est.
1342 2212 1430 2239 inanis
1441 2216 1482 2239 est
1494 2212 1574 2244 ratio,
1592 2212 1718 2247 quodque
1727 2212 1827 2239 docere

1034 2259 1326 2295 debuerat,supponit.
1344 2257 1430 2292 Nam,
1445 2263 1473 2285 ιιι
1491 2265 1551 2292 quite
1566 2258 1637 2285 dicta
1654 2262 1717 2285 sunt
1729 2265 1826 2286 rursus

195 2307 259 2333 bent
271 2305 499 2339 quemadmmtnm
514 2303 610 2334 Pater,
626 2307 653 2329 et
673 2303 820 2336 productor
831 2321 839 2333 ,
857 2308 911 2328 non
927 2299 978 2328 duo

1036 2308 1176 2343 perspicua
1187 2307 1262 2338 liaut,
1275 2305 1325 2333 tria
1344 2308 1448 2332 tantum
1466 2304 1547 2330 trium
1564 2311 1625 2331 esse
1638 2303 1827 2331 substantialia

196 2351 261 2378 facit
276 2350 424 2384 principia.
440 2357 500 2376 cum
514 2349 541 2376 in
555 2349 613 2376 solo
630 2347 710 2375 Patre
726 2347 892 2382 intelligatur
912 2355 920 2373 :
946 2345 983 2373 ita

196 2404 284 2431 neque
295 2404 356 2424 cum
372 2396 398 2422 in
413 2395 615 2429 duot»us;quod
629 2395 652 2422 si
665 2394 781 2429 genitor,
797 2399 824 2420 et
838 2392 983 2428 productor

196 2451 250 2471 non
264 2443 444 2474 Convenitur,
459 2449 512 2468 non
532 2441 633 2468 ideirco
650 2441 704 2467 duo
719 2445 791 2466 sunt.
811 2438 877 2465 Nam
893 2442 923 2465 et
933 2437 984 2464 Pa-

195 2494 238 2517 ter
253 2495 280 2516 ct
304 2489 374 2516 Deus
399 2496 453 2515 non
474 2487 653 2519 convertitur,
671 2493 757 2519 neque
779 2484 860 2511 Pater
872 2487 900 2510 et
924 2481 985 2508 mit«

198 2542 269 2568 tens,
293 2536 341 2564 sed
362 2539 452 2562 tamen
476 2541 564 2568 neque
578 2533 632 2560 duo
655 2533 792 2559 mittentes
815 2535 878 2558 sunt
897 2536 986 2564 neque

196 2581 250 2608 duo
267 2581 323 2612 dii,
341 2587 429 2614 neque
444 2579 498 2606 duo
513 2578 691 2611 exsistenlia;
708 2586 790 2605 unutn
806 2577 878 2604 enitn
893 2575 985 2602 Trini-

198 2632 239 2654 tas
254 2631 310 2653 tota
326 2632 380 2657 est,
397 2633 484 2660 neque
497 2626 557 2652 dua:
573 2633 696 2660 persona-
718 2635 724 2652 :
744 2624 814 2651 Deus
837 2623 909 2650 enim
922 2629 985 2656 per-

199 2680 294 2700 sonam
310 2680 362 2700 non
379 2672 516 2707 designat,
530 2672 610 2699 sicuti
624 2679 712 2705 neque
730 2671 885 2705 productor,
900 2678 986 2705 neque

198 2718 321 2746 mittens.
340 2718 439 2746 Verum
455 2719 518 2753 quia
532 2719 603 2745 Deus
617 2725 716 2745 nomen
736 2717 824 2744 tribus
841 2717 935 2748 adest,
954 2724 986 2743 en

199 2764 270 2798 quod
293 2772 345 2791 non
372 2769 526 2799 apponatur
548 2763 773 2791 substantialibus
799 2771 894 2790 eorum
924 2771 986 2797 pro-

199 2811 371 2845 prietatibus,
386 2810 531 2846 productor
542 2815 632 2837 autem
647 2810 762 2841 duobus,
776 2809 954 2836 universalius
972 2817 986 2835 a

201 2857 281 2883 nobis
295 2856 373 2889 Deus,
394 2865 473 2891 quam
485 2857 634 2890 productor
655 2855 811 2890 intelligitur
828 2865 834 2882 :
852 2863 904 2882 non
916 2856 987 2889 quod

200 2902 228 2929 in
256 2902 309 2929 Deo
324 2903 360 2929 sit
383 2903 574 2934 universalius,
600 2903 657 2929 sive
680 2902 872 2935 particularius
887 2900 987 2936 (neque

201 2949 276 2975 enim
294 2948 366 2975 Deus
389 2956 472 2982 genus
491 2955 543 2983 est,
558 2955 645 2983 neque
658 2948 683 2975 in
708 2956 807 2984 genere
821 2948 987 2982 continetur,

1037 2350 1426 2389 [Itypostatica]ostendimus:
1445 2349 1534 2377 Patris
1549 2349 1658 2384 quidem
1676 2349 1829 2383 generatio-

1036 2407 1110 2431 nctu,
1117 2398 1176 2425 Filii
1186 2405 1249 2425 vero
1258 2396 1437 2428 nativitatem,
1446 2395 1631 2425 sanctiautcm
1639 2395 1755 2430 Spit-itus
1767 2403 1828 2430 pro-

1035 2445 1197 2475 cessicuem,
1211 2450 1272 2478 quae
1285 2442 1367 2470 etiam
1384 2449 1515 2477 personas
1530 2442 1701 2474 denotantia,
1718 2443 1828 2476 proprie

1037 2489 1228 2518 substantialia
1244 2493 1307 2516 sunt
1324 2497 1331 2516 :
1349 2489 1500 2524 producere
1517 2493 1618 2519 autem,
1635 2488 1706 2515 sicut
1720 2493 1748 2514 et
1763 2489 1828 2514 mit-

1037 2541 1105 2568 tere,
1135 2535 1244 2571 propria
1280 2535 1440 2570 simpliciter
1474 2534 1507 2561 ad
1534 2533 1632 2561 Filium
1659 2533 1825 2561 eoutrarimn

1038 2581 1164 2610 habentia
1180 2581 1353 2612 divisionem,
1379 2579 1606 2613 quemadmodum
1623 2583 1652 2606 et
1666 2586 1747 2606 causa
1764 2586 1827 2613 pro-

1038 2628 1097 2662 pria
1112 2626 1283 2661 simpliciter.
1307 2631 1335 2653 et
1349 2624 1533 2660 significatita
1560 2624 1621 2651 Filii
1635 2629 1663 2651 et
1679 2624 1801 2658 Spiritus
1817 2630 1825 2649 :

1038 2682 1098 2708 qua:
1124 2678 1215 2700 autem
1234 2672 1269 2699 ita
1288 2676 1351 2699 sunt
1369 2671 1488 2706 propria,
1516 2677 1546 2697 ut
1560 2677 1690 2703 personas
1705 2677 1824 2704 sequan-

1040 2725 1093 2751 tur,
1110 2726 1224 2753 qnmque
1239 2725 1292 2744 non
1316 2722 1380 2744 sunt
1402 2716 1602 2747 substantialia,
1624 2723 1711 2749 neque
1730 2722 1825 2748 perso-

1040 2772 1101 2790 nam
1131 2763 1273 2794 denotant,
1299 2768 1388 2796 neque
1418 2762 1487 2788 duas
1513 2767 1646 2795 persOnas
1668 2768 1748 2786 unam
1764 2766 1826 2795 esse

1041 2810 1152 2837 faciunt.
1166 2808 1260 2843 Neque
1275 2808 1348 2835 enim
1365 2807 1448 2834 Filius
1464 2812 1491 2834 et
1508 2806 1625 2841 Spiritus
1637 2811 1824 2837 sanctus,un.a

1040 2862 1156 2890 persona
1173 2859 1216 2881 est
1231 2857 1342 2888 propter
1355 2852 1473 2880 causalis
1489 2852 1706 2879 communionem
1719 2859 1725 2881 ς
1739 2858 1828 2883 neque

1041 2901 1121 2933 Pater
1140 2905 1167 2928 ct
1180 2899 1265 2927 Filius
1282 2906 1335 2926 uua
1361 2906 1477 2933 persona
1496 2903 1570 2929 sunt,
1587 2902 1696 2931 propter
1709 2896 1827 2930 S‘tll‘llu!

1042 2947 1128 2975 sancti
1146 2946 1301 2974 missionem
1313 2965 1320 2979 ,
1346 2945 1409 2980 quia
1425 2943 1519 2971 miSsio
1538 2943 1680 2978 personalc
1703 2950 1758 2970 non
1775 2947 1827 2968 est.
