1934 3063
158 188 208 217 lTS

782 187 981 219 MANUELIS
1012 190 1166 221 CALECE

1727 192 1776 224 l'i’ti

153 245 286 272 Sintniter
307 251 372 279 ergo
388 244 551 279 producendi
568 244 672 271 ratione
687 243 779 276 Pater,
800 250 827 272 et
841 244 935 278 Filius,
949 249 974 277 A
989 239 1052 275 liter
1065 249 1159 282 etiatn,
1186 249 1220 277 ad
1236 255 1381 286 utrumque
1399 251 1542 279 referetur.
1568 251 1660 286 Itaque
1674 259 1720 279 aut
1735 255 1772 280 si-

152 300 206 319 ttnn
224 300 275 319 una
302 299 415 327 persona
428 297 506 324 sunt;
540 292 690 326 producere
710 293 783 319 enim
800 293 929 321 substan-

149 339 215 366 tiale
231 345 281 364 non
298 343 349 365 est.

188 384 259 411 Nihil
276 384 365 418 itaque
392 389 502 410 necesse
529 388 572 409 est
590 390 671 410 unam
689 390 831 417 personant
855 391 933 418 esse;

150 431 269 465 alioquin
287 430 368 456 etiam
386 429 507 455 mittendi
526 429 631 455 ratione
646 436 697 455 una
712 437 825 462 persona
841 435 932 457 erunt.

149 478 300 503 Commune
311 480 352 501 est
364 474 444 509 igitur
455 475 528 501 Patri
543 479 570 501 et
583 474 652 501 Filio
667 474 832 509 producere;
846 482 932 502 unus-

148 511 202 555 que
220 520 375 554 productor,
399 525 445 545 aut
461 519 567 553 spirans
585 519 617 546 ad
645 520 823 553 productum,
850 527 876 547 et
891 521 933 547 iii—

148 568 288 602 spiratum,
313 565 524 599 sive,Spiritnm
540 586 547 597 ,
575 566 732 593 relationetn
759 566 838 594 habet
862 575 934 593 :na-

149 613 241 640 sccndi
274 613 379 639 scilicet
399 612 580 645 gignendique
609 612 772 639 discretione
812 618 929 644 servata,

147 657 205 684 Non
227 657 298 684 enittt
325 664 357 682 ex
382 655 463 682 Patre
480 663 511 682 ae
528 655 602 682 Filio
617 661 668 687 est,
686 655 712 682 in
729 661 858 690 quantum
876 656 930 683 duo

147 706 262 730 disert-ta
287 707 360 735 suitl,
384 703 537 728 secundant
563 702 706 729 relationes
725 710 799 734 suas,
832 703 878 729 sed
906 702 933 728 iit

146 754 277 783 quantum
296 755 377 773 lllllllll
393 753 466 773 SUIII.

182 794 266 820 Porro
280 794 301 820 si
321 794 383 827 quis
407 792 555 819 secundum
571 793 642 826 quotl
659 800 742 820 unum
757 798 830 821 sunt.
844 801 927 820 untttn

146 840 211 867 illud
230 839 341 873 Spirittti
372 839 486 865 reddens
497 858 505 870 ,
531 838 576 872 Qui
592 838 711 872 ejusdem
725 839 859 871 essentize,
875 839 933 866 vttlt

145 885 226 912 etiam
242 885 373 919 Spiritum
387 892 418 910 ex
435 891 465 911 se
479 884 537 916 ipso
550 892 628 916 esse;
643 883 689 910 sed
704 884 930 918 quemadmodum

989 296 1089 322 mililer
1111 297 1216 330 utrique
1235 297 1346 332 aequalis
1366 299 1428 331 erit,
1463 299 1584 333 nihilque
1601 299 1705 326 distans
1733 305 1772 326 at-

987 345 1041 373 que
1059 339 1207 368 dissimilis.

1025 384 1077 411 Sed
1091 383 1163 412 enim
1188 387 1416 420 quemadmodum
1431 389 1510 415 Pater
1529 397 1582 415 tton
1608 390 1694 423 magis
1710 398 1773 423 per-

987 429 1074 457 fectus
1098 437 1141 458 est
1162 440 1242 466 qtiatn
1269 430 1370 466 'Filius,
1392 433 1464 467 quod
1490 433 1535 460 ille
1556 442 1636 461 causa
1656 442 1706 466 est,
1724 436 1773 461 iste

987 475 1106 504 causalis
1129 477 1175 509 sit,
1194 485 1281 511 neque
1295 478 1356 505 ideo
1380 479 1413 505 ab
1430 479 1475 505 illo
1496 480 1587 511 distat,
1601 480 1652 506 etsi
1676 487 1772 506 secun—

987 522 1038 549 dus
1061 522 1095 549 ab
1118 530 1150 549 co
1164 530 1252 550 causa:
1269 524 1372 551 ratione
1388 526 1488 551 dicitur
1503 525 1644 559 (divinitas
1659 527 1731 552 enim
1746 526 1771 552 in

988 573 1104 601 utroque
1131 568 1195 602 una)
1214 577 1220 594 :
1240 569 1276 596 ita
1295 574 1322 596 et
1343 569 1460 604 Spiritus
1485 576 1596 597 sanctus
1619 572 1669 598 etsi
1693 572 1771 605 juxta

987 613 1095 640 unicum
1112 614 1170 648 ejus
1183 615 1388 650 siuiplicemque
1412 624 1569 651 processum
1584 625 1616 644 ex
1634 618 1712 645 Patre
1725 626 1772 652 per

987 658 1084 686 Filium
1104 655 1158 691 est,
1169 665 1196 686 et
1212 661 1244 686 ad
1256 660 1367 688 Patrem
1379 667 1406 689 et
1421 661 1518 690 Filium
1538 663 1618 689 veluti
1634 664 1666 689 ad
1686 671 1770 691 unum

987 706 1176 738 productoretn
1209 707 1441 742 ittspiravntemque
1463 708 1589 742 refertur,
1615 717 1729 743 quorum
1745 715 1772 736 ct

982 748 1105 784 Spiritus
1120 755 1173 783 est,
1191 756 1218 779 et
1241 752 1404 786 spiraculum
1422 754 1535 786 dicitur;
1552 762 1603 781 non
1617 760 1705 781 tamen
1722 756 1771 781 itii-

987 804 1037 823 nor
1054 796 1131 829 Filio,
1151 805 1237 833 neque
1254 799 1333 826 Patre
1355 799 1442 826 iniuor
1455 800 1517 831 erit,
1540 800 1601 827 licet
1617 801 1769 834 pchiliuui

987 841 1061 868 Patri
1081 835 1271 878 coniungatur,
1286 845 1404 878 alioquin
1421 850 1449 872 et
1461 844 1546 872 Filius
1558 845 1611 872 erit
1630 846 1770 873 dissimilis

985 888 1056 915 Patri
1069 897 1101 916 eo
1115 890 1185 923 quod
1197 891 1315 917 causalis
1330 891 1382 923 sit;
1396 895 1422 917 et
1437 891 1458 917 si
1475 899 1526 918 non
1547 891 1585 918 ita
1598 892 1668 919 sicut
1682 891 1769 926 Spiri.

147 928 297 958 Secundum
323 931 469 957 essentiam
494 929 579 957 Filius
602 938 662 957 etim
691 930 772 957 Patre
794 937 864 957 tinus
886 934 929 957 est
946 924 967 952 Β
983 940 1035 966 ως,
1051 935 1126 968 juxta
1141 940 1230 963 tamen
1247 937 1431 972 proportionis
1444 938 1587 964 rationem.

145 982 171 1003 et
185 977 263 1004 Pater
272 976 379 1010 quidem
396 975 478 1010 gignit
496 974 604 1005 Filium.
621 975 706 1002 Filius
722 980 810 1002 autem
827 984 878 1002 itou
900 983 929 1003 se

145 1024 233 1056 ipstntt
259 1021 354 1057 gignit,
378 1030 430 1047 non
449 1027 536 1048 tanien
560 1022 661 1048 ideirco
678 1022 790 1048 alterius
804 1022 929 1049 essentia!

143 1077 224 1103 quam
243 1069 322 1095 Pater
336 1073 378 1094 est
394 1077 401 1095 :
418 1069 454 1094 ita
473 1074 498 1095 et
529 1068 646 1101 Spiritus
673 1073 783 1096 sanctus
806 1068 927 1102 ejusdem

143 1114 267 1141 essentia!
279 1121 340 1141 cum
363 1114 443 1140 Putre
469 1118 495 1140 ct
516 1113 584 1140 Filio
600 1115 745 1146 exsistens,
771 1121 803 1140 ex
825 1121 854 1140 se
870 1113 928 1148 ipso

143 1166 231 1186 tamen
244 1155 300 1186 ἲιοτι
314 1166 364 1186 est.
383 1160 543 1186 Communis
559 1159 630 1186 enini
649 1165 743 1186 natura
760 1160 785 1185 in
802 1167 924 1193 unaqua-

141 1213 194 1239 que
206 1213 381 1240 personarum
398 1209 452 1236 est,
464 1205 610 1232 secundum
629 1206 822 1239 proprie-tulerit
836 1212 925 1232 suam.

141 1251 169 1279 In
185 1252 265 1279 Patre
284 1253 395 1286 quidem
417 1257 446 1278 ut
472 1259 486 1277 a
502 1246 620 1277 'neuiine
647 1252 774 1282 habente,
791 1251 837 1278 alii
862 1259 926 1278 vero

141 1299 225 1331 ipsum
242 1298 376 1332 gignendo
392 1298 491 1328 dante;
509 1296 534 1322 in
552 1295 620 1322 thlt)
635 1300 724 1322 autent
741 1297 879 1323 nascendo
892 1305 924 1323 ex

141 1343 220 1369 Patre
248 1342 411 1376 acei‘pientc;
437 1342 463 1368 iu
485 1347 580 1368 sancto
605 1345 692 1367 autem
713 1340 814 1375 Spirittt
840 1341 924 1375 ipsam

139 1389 308 1424 procedendo
322 1388 457 1422 capiente,
479 1388 529 1414 hoc
546 1391 597 1417 est,
608 1395 639 1413 ex
658 1387 738 1414 Patre
752 1395 800 1421 per
812 1386 922 1414 Filium.

144 1439 147 1442 ‘
174 1431 204 1459 Si
222 1433 281 1466 qttis
294 1439 360 1466 ergo
377 1432 449 1458 illum
463 1432 544 1458 etiam
560 1432 708 1465 producere
722 1433 788 1464 \‘tlll,
805 1437 851 1458 aut
873 1431 924 1458 Pa-

136 1483 181 1505 ter
206 1479 276 1510 erit;
297 1482 323 1504 et
344 1477 480 1511 quomodo
500 1486 513 1502 a
540 1477 634 1503 Patre?
649 1482 694 1503 aut
718 1477 875 1510 productor,
896 1482 924 1504 et

136 1523 276 1558 quomodo
288 1522 422 1556 Spiritus?
440 1522 572 1548 Processu
589 1522 688 1556 quippe
704 1523 924 1554 Sublato,sccun-

138 1570 201 1596 dtiiti
218 1576 296 1603 quem
323 1569 499 1595 substantiam
520 1568 612 1600 habet,
631 1569 698 1595 ordo
720 1573 746 1594 et
765 1568 860 1595 relatio
878 1576 922 1595 se-

136 1617 255 1642 cundum
282 1622 402 1647 causam,
423 1619 451 1641 et
465 1615 583 1646 causale,
613 1615 754 1650 ipsutnqne
780 1623 921 1649 personam

137 1669 208 1692 esse,
237 1669 287 1687 una
313 1661 431 1688 tolletur.
458 1660 514 1687 Non
533 1661 616 1695 igitur
637 1662 788 1696 producere
814 1661 924 1688 habebit

137 1707 214 1742 quasi
235 1707 386 1741 oppositum
407 1706 580 1733 sulstantiali
607 1708 782 1741 proprietatis
799 1715 865 1734 suae.

174 1753 271 1780 Putant
285 1761 331 1786 pra
341 1757 413 1779 terea
426 1753 487 1778 inde
502 1752 580 1778 aliain
597 1753 791 1779 absurditatein
808 1753 883 1787 sequi
895 1758 921 1780 et

136 1799 230 1825 dicutit
246 1807 252 1824 :
268 1797 299 1824 Si
323 1797 439 1832 Spiritus
461 1802 567 1824 sanctiu
587 1799 667 1825 etiam
681 1807 714 1825 ea:
735 1797 806 1825 Filio
824 1807 916 1833 proce-

136 1842 278 1876 dilmiujur
291 1843 393 1877 quidem
408 1842 510 1876 Spiritu
528 1842 614 1869 Filius
629 1844 688 1876 erit,
701 1846 844 1870 secundum
857 1853 920 1870 cau-

135 1896 204 1919 suiii,
220 1888 318 1922 criiqxe
338 1887 430 1913 tertius
448 1896 463 1913 (ι
489 1887 579 1914 Patre.
598 1889 635 1914 Ac
657 1887 745 1915 Filius
762 1889 869 1923 quidem
882 1889 919 1915 si-

135 1934 224 1959 milior
249 1932 337 1963 l'atri,
360 1937 448 1967 utpote
472 1941 504 1960 ea;
528 1935 583 1967 ipso
602 1935 657 1960 εἰπε
680 1935 765 1961 medio
780 1934 917 1965 exsistet”,

135 1978 248 2011 Spirius
265 1985 323 2004 t'ero
341 1973 424 2004 Putri‘
436 1980 599 2010 dissimilior,
621 1987 701 2012 neque
718 1980 755 2005 itu
770 1980 835 2005 idem
850 1981 918 2006 sicut

134 2030 158 2050 rt
174 2023 270 2051 Filius.
290 2023 347 2049 Erit
360 2025 436 2050 etimit
456 2023 528 2051 Frio
550 2033 572 2051 in
587 2034 644 2057 itur,
658 2027 750 2060 quippe
762 2028 805 2060 qui
820 2036 866 2062 per
885 2029 918 2054 it-

134 2071 187 2096 l‘tm
214 2076 336 2103 majorem
355 2071 517 2096 connectitur
545 2070 631 2098 I‘utrt.
653 2071 684 2096 Et
709 2072 793 2098 [Vi/ins
814 2074 916 2106 quidem

134 2116 259 2141 minorem
281 2115 435 2140 distantium
461 2116 562 2142 [iubebit
587 2118 621 2142 ml
648 2115 779 2149 Putrem;
802 2117 915 2151 Spiritus

133 2165 231 2192 nutent,
246 2160 383 2194 majorem,
399 2161 510 2187 maxime
527 2169 584 2187 rum
598 2162 696 2188 nullius
711 2171 792 2189 causa
815 2169 861 2192 sit.

169 2207 247 2239 Atqui
272 2207 320 2232 ista
337 2213 442 2240 quoque
468 2206 624 2234 doctoribus
647 2209 804 2242 imputanda
825 2211 915 2243 potius

1018 979 1050 1006 Et
1080 980 1160 1007 sicuti
1194 980 1274 1008 Pater
1296 989 1385 1009 causa:
1413 982 1517 1009 ratione
1544 982 1610 1009 Filio
1641 982 1726 1016 major
1754 990 1768 1008 :t

980 1026 1116 1061 plerisque
1135 1027 1262 1053 Patrilius
1275 1027 1416 1059 asseritur,
1435 1035 1524 1062 neque
1563 1028 1665 1054 idcirco
1678 1033 1768 1053 tamen

979 1070 1059 1098 Patre
1082 1071 1170 1097 minor
1188 1077 1229 1098 est
1256 1071 1340 1098 Filius
1369 1080 1375 1099 :
1393 1075 1428 1099 ita
1443 1078 1470 1099 et
1491 1072 1584 1104 Filius,
1606 1073 1657 1099 etsi
1683 1072 1769 1106 major

979 1115 1081 1150 Spiritu
1097 1116 1206 1148 dicitur,
1226 1125 1276 1142 nun
1292 1122 1381 1143 tamen
1410 1122 1551 1152 propterea
1576 1117 1694 1152 Spiritus
1707 1118 1767 1151 ipso

977 1161 1030 1188 erit
1047 1161 1143 1188 minor.
1163 1162 1296 1194 Quoi-irea
1323 1171 1435 1196 magnus
1457 1171 1566 1197 quoque
1590 1163 1703 1189 Basilius
1722 1163 1767 1189 di-

978 1206 1055 1232 (Chal
1073 1214 1080 1232 :
1101 1205 1159 1233 Etsi
1172 1206 1240 1233 Filio
1255 1208 1370 1233 succedit
1386 1209 1479 1234 ordine
1508 1215 1531 1234 et
1554 1209 1692 1243 dignitate,
1714 1216 1766 1234 itan

976 1257 1064 1279 tamen
1080 1253 1172 1280 ulieita'
1190 1259 1293 1281 natura:
1307 1259 1355 1281 est.
1374 1254 1426 1281 Ista
1445 1256 1516 1282 eiiitn
1536 1263 1645 1290 propter
1662 1264 1765 1288 causae,

977 1304 1003 1325 et
1015 1299 1133 1325 eausalis
1146 1300 1177 1325 ad
1191 1299 1305 1327 inticem
1322 1301 1443 1327 ordinem
1461 1306 1487 1327 tt
1501 1302 1658 1328 relationem
1671 1302 1766 1329 dicun-

980 1349 1035 1370 tur.
1057 1344 1128 1371 Ordo
1144 1350 1233 1371 :tutem
1252 1352 1277 1373 et
1297 1347 1330 1373 ad
1351 1347 1450 1382 aliquid
1480 1349 1682 1382 quoutodolihet
1714 1349 1764 1376 lia-

976 1390 1049 1422 bere,
1066 1395 1224 1421 naturarum
1245 1400 1297 1419 non
1314 1393 1380 1420 facit
1397 1393 1586 1422 diﬂ'erentiam.

1011 1436 1088 1467 Nam,
1108 1437 1180 1464 verbi
1206 1439 1303 1470 gratia,
1320 1447 1352 1466 eo
1366 1441 1438 1474 quod
1455 1442 1559 1468 anticus
1570 1442 1616 1472 sit,
1643 1443 1682 1470 vel
1699 1443 1764 1469 viet—

976 1485 1036 1510 nus,
1056 1478 1094 1504 vel
1116 1479 1254 1513 magister,
1275 1481 1340 1507 nihil
1358 1482 1382 1507 in
1401 1490 1430 1509 se
1443 1483 1533 1518 ipsum
1552 1483 1632 1510 alicui
1646 1486 1761 1517 accedit,

976 1528 1004 1548 ut
1021 1528 1130 1557 propter
1143 1524 1263 1551 liahiltitn
1283 1527 1429 1560 perfectior
1445 1529 1471 1556 iit
1487 1537 1516 1556 se
1530 1530 1588 1564 ipso
1599 1532 1761 1558 secundum

975 1570 1119 1595 essentiam
1136 1571 1179 1597 siL
1198 1570 1291 1605 Neque
1302 1573 1323 1599 si
1337 1574 1470 1608 quispiam
1487 1576 1568 1603 filiuni
1586 1584 1617 1604 ac
1633 1583 1757 1612 nepotem

979 1613 1088 1645 habeat,
1109 1616 1205 1643 tertius
1230 1619 1348 1645 maxime
1359 1621 1421 1651 erit,
1440 1621 1481 1649 \el
1499 1622 1667 1653 siiiiiliiir,ve|
1683 1624 1759 1650 tiiSsiv

972 1660 1063 1686 mitior
1076 1668 1124 1686 avo
1139 1663 1286 1688 secundum
1299 1666 1458 1697 essentiam,
1474 1675 1556 1702 quam
1575 1668 1646 1695 Iilins
1662 1678 1668 1696 :
1688 1670 1760 1703 quod

971 1704 993 1730 si
1020 1705 1044 1730 in
1063 1707 1144 1732 rebus
1166 1706 1292 1734 humanis
1315 1708 1350 1735 ita
1375 1711 1516 1746 contingit,
1531 1713 1616 1740 multo
1629 1715 1714 1748 magis
1732 1715 1758 1741 in

971 1750 1069 1776 divinis
1091 1752 1225 1792 personis,
1240 1753 1282 1780 tibi
1297 1763 1348 1781 una
1363 1757 1494 1784 asseritur
1509 1765 1617 1791 natura,
1640 1768 1670 1787 ac
1691 1768 1759 1794 piac-

972 1800 1012 1820 ter
1033 1796 1115 1821 solatii
1133 1805 1206 1830 ,quze
1226 1800 1374 1826 secundum
1389 1808 1500 1829 causam
1525 1809 1552 1830 et
1567 1806 1677 1834 caustle
1702 1812 1757 1838 est,

970 1842 1158 1876 differentiam,
1175 1844 1245 1871 nulla
1258 1846 1310 1872 alia
1322 1847 1451 1875 discretio
1471 1855 1523 1876 est.

1004 1887 1044 1913 Ad
1059 1886 1115 1914 llaec
1128 1908 1136 1919 ,
1160 1889 1233 1916 aliud
1252 1898 1360 1925 quoque
1379 1893 1563 1929 subjunguttt,
1586 1901 1613 1922 et
1631 1897 1726 1924 dicunt
1747 1906 1754 1925 :

969 1932 1001 1958 Si
1022 1933 1153 1966 perfectus
1175 1940 1213 1961 est
1235 1935 1352 1970 Spiritus
1368 1941 1454 1965 sancti
1474 1950 1489 1965 ll
1511 1940 1590 1968 Patre
1606 1951 1755 1976 praecauta,

968 1981 1118 2015 super/Inus
1132 1982 1167 2007 sit
1183 1989 1286 2009 necesse
1302 1990 1342 2010 est
1363 1992 1504 2020 pl'Oct‘SSllS
1519 1995 1550 2013 ex
1564 1987 1642 2016 Ftl.o.
1662 1989 1692 2015 lit
1711 1990 1755 2017 h.c

968 2025 1061 2057 igitur,
1087 2026 1108 2052 si
1134 2029 1242 2060 quidem
1271 2029 1426 2062 diceretur,
1455 2032 1523 2059 duos
1547 2041 1607 2060 esse
1635 2034 1754 2068 Spir.tus

961 2072 1054 2098 sancti
1068 2081 1221 2105 processus,
1236 2074 1323 2101 locum
1337 2076 1449 2103 haberet
1462 2077 1588 2105 fortassis
1604 2081 1659 2106 Iia-c
1673 2082 1752 2108 ratio.

966 2118 1100 2144 tlzeietnnt
1117 2118 1139 2146 si
1161 2119 1228 2145 tinos
1244 2127 1305 2146 esse
1321 2125 1347 2147 et
1366 2121 1402 2148 illi
1427 2128 1545 2156 negant,
1562 2126 1699 2158 quietiam
1720 2135 1753 2154 ex

966 2161 1035 2189 Filio
1054 2164 1202 2196 procedere
1218 2166 1366 2198 allirniant,
1379 2175 1514 2203 unumque
1532 2178 1647 2198 numero
1664 2172 1752 2199 faten-

968 2213 1028 2239 tur,
1051 2208 1194 2236 ridieulutn
1220 2216 1260 2237 est
1286 2212 1487 2241 conclusionem
1515 2215 1614 2243 inferre
1638 2216 1680 2244 his
1705 2219 1750 2252 qui

133 2256 205 2282 sunt,
233 2250 255 2276 si
271 2251 377 2283 quidem
400 2252 514 2276 absurda
548 2252 698 2278 videantur.
731 2253 784 2286 Ipsi
815 2255 914 2289 quippe
929 2264 952 2293 ι)
967 2255 1176 2288 propositionem
1193 2262 1304 2291 negant.
1323 2258 1414 2284 Sancti
1429 2260 1500 2286 enim
1519 2260 1634 2295 Spiritus
1651 2271 1682 2290 ex
1699 2250 1751 2290 Pa-

133 2301 206 2326 sunt,
222 2296 266 2328 qui
281 2294 409 2328 Sptiituiti
425 2303 440 2320 a
455 2294 535 2322 Patre
552 2298 660 2323 tertium
676 2300 784 2330 docent,
808 2305 914 2333 sonipta

133 2340 234 2366 scilicet
250 2341 284 2366 ab
302 2342 359 2374 ipso
385 2340 499 2366 Domino
510 2342 665 2374 oecasioue,
683 2343 707 2368 iii
722 2345 916 2371 sahttaristra—

132 2387 233 2412 ditiotte
244 2385 419 2419 baptismatis,
436 2393 467 2411 ac
481 2386 632 2420 perFilintn
648 2389 793 2422 procedere
804 2390 909 2422 dicunt.

133 2439 231 2464 perque
250 2431 336 2464 ipsum
349 2430 421 2456 Patri
437 2430 573 2465 conjungi.
599 2431 729 2466 Alajarem
746 2442 851 2469 quoque
868 2436 914 2463 Fi-

132 2476 196 2502 lium
210 2475 312 2510 Spiritu
335 2480 429 2502 sancto
453 2484 565 2510 magnus
589 2477 626 2503 ait
643 2480 815 2507 Athanasius.
835 2481 912 2514 Quod

132 2522 153 2547 si
166 2522 215 2549 ista
248 2529 261 2547 ti
278 2526 381 2548 sanctis
398 2521 469 2547 tlirla
488 2529 561 2554 sunt,
584 2524 695 2550 t-ttzttino
710 2525 780 2551 nulla
797 2534 843 2553 cos
866 2529 911 2561 qui

132 2569 181 2594 ista
198 2567 299 2598 dicunt,
325 2568 478 2593 absurditas
494 2569 624 2602 sequitur.
648 2568 837 2606 l‘iteiereaquc
853 2573 913 2607 Spi-

133 2621 202 2641 ritus
221 2621 330 2642 sanctns
357 2615 379 2641 si
404 2623 417 2640 ει
436 2614 516 2641 Patre
544 2615 651 2649 quidem
669 2617 721 2643 alio
744 2625 880 2652 processu,
896 2629 909 2645 a

129 2661 199 2688 Filio
219 2667 308 2688 autent
325 2662 380 2687 alio
397 2661 563 2695 procederet,
584 2668 709 2696 exsulque
724 2671 865 2697 processus
878 2674 910 2692 ex

128 2707 257 2732 ainbobus
280 2705 390 2739 duplex,
414 2705 539 2733 fortassis
561 2705 672 2732 habetet
692 2708 824 2733 tationem
851 2709 908 2734 cul-

128 2758 192 2785 pare
215 2750 396 2777 differentiam
419 2758 605 2785 processuum,
632 2752 703 2785 quod
728 2753 808 2779 ctiant
834 2754 918 2792 dill'e-_

128 2801 218 2822 tenter
240 2804 254 2822 a
268 2795 348 2824 Patre
370 2802 397 2823 et
410 2795 476 2823 Filio
491 2797 603 2825 distaret
623 2796 750 2831 Spiritus,
775 2806 806 2825 ac
828 2807 908 2833 prop-

128 2846 199 2868 teiea
213 2843 310 2876 gradus
324 2843 348 2870 in
363 2843 487 2878 personis
497 2844 628 2877 quosdam
638 2845 773 2879 cogitare;
791 2845 831 2872 sin
846 2853 908 2872 retu

120 2896 196 2924 ⁴ιιιιυδ
219 2891 341 2926 idemque
357 2890 407 2918 sibi
423 2889 457 2917 ab
470 2895 585 2925 utroque
603 2898 744 2925 proccss=Is
758 2897 810 2926 est,
827 2894 903 2921 sitni-

968 2304 1008 2325 tre
1023 2298 1144 2333 Pilioque
1160 2308 1304 2334 [tl‘UtiCSslls
1326 2311 1394 2330 unus
1409 2309 1491 2339 atque
1515 2306 1585 2333 idem
1602 2313 1653 2340 est,
1672 2313 1696 2335 ct
1715 2311 1749 2336 ab

966 2350 1081 2378 utroque
1098 2346 1216 2380 peifeete
1234 2349 1366 2381 procedit,
1379 2349 1454 2382 juxta
1470 2360 1517 2377 eos
1528 2353 1572 2386 qui
1587 2353 1659 2380 illutn
1675 2356 1750 2382 dixe-

965 2395 1029 2416 runt
1051 2399 1083 2418 ex
1112 2392 1189 2419 Patre
1215 2402 1262 2428 per
1277 2393 1374 2421 Filium
1392 2398 1549 2428 procedere.
1568 2398 1599 2425 lit
1617 2408 1746 2433 quoniam

965 2437 1136 2470 piocedentis
1151 2443 1193 2465 est
1211 2440 1280 2466 ratio
1296 2448 1327 2467 ex
1345 2441 1424 2467 Patre
1442 2451 1503 2469 esse
1529 2452 1576 2477 per
1601 2452 1718 2479 κς-ιιιιιιυι
1739 2454 1746 2472 :

964 2491 1049 2517 neque
1064 2483 1143 2511 Pater
1157 2486 1231 2512 solus
1248 2486 1376 2520 producet
1395 2487 1524 2522 Spiritum
1543 2498 1668 2518 sanctum
1687 2495 1759 2528 (uc-'

963 2537 1015 2563 que
1030 2531 1099 2556 enim
1121 2533 1269 2564 procedens
1287 2539 1368 2565 esset,
1387 2535 1408 2560 si
1433 2541 1505 2562 esset
1522 2537 1581 2564 sine
1607 2540 1694 2566 medio
1713 2538 1744 2567 ei

963 2576 1073 2608 jl‘illlu).
1092 2583 1181 2610 neque
1193 2576 1277 2604 Filius
1294 2579 1379 2613 solus,
1395 2588 1446 2607 non
1461 2582 1531 2609 cnim
1549 2584 1688 2618 dieeretur_
1699 2595 1747 2620 per

964 2621 1061 2647 Filium
1084 2629 1116 2648 ex
1142 2622 1222 2649 Patre
1238 2629 1396 2658 procedere,
1418 2628 1465 2654 sed
1484 2634 1525 2656 est
1549 2638 1580 2656 ex
1603 2631 1682 2659 Patre
1699 2641 1747 2667 per

962 2667 1060 2693 Filium
1081 2673 1107 2694 et
1131 2676 1163 2695 ex
1188 2668 1269 2703 Filio,
1285 2673 1361 2705 quasi
1377 2681 1409 2699 ex
1428 2682 1480 2700 titta
1496 2683 1535 2706 re,
1554 2682 1582 2703 ut
1596 2685 1667 2711 srepe
1687 2679 1744 2714 jam

961 2713 998 2739 dit
1009 2712 1062 2738 tuin
1077 2718 1118 2739 cst
1132 2721 1141 2741 :
1156 2714 1227 2748 ideo,
1241 2724 1353 2750 magnus
1367 2726 1474 2753 qttoque
1490 2721 1653 2751 Athanasius
1666 2712 1742 2752 dixit:

961 2757 1065 2784 Idcirco
1084 2766 1116 2785 ea:
1134 2759 1215 2787 Patre
1230 2762 1367 2794 procedere
1387 2765 1496 2800 dicitur,
1506 2769 1627 2802 quoniam
1643 2779 1659 2796 α
1672 2769 1743 2798 Filio

961 2809 1017 2834 est;
1030 2805 1108 2831 aliter
1124 2813 1195 2832 en:m
1215 2811 1364 2841 procedens
1378 2818 1431 2839 non
1448 2820 1517 2840 esset
1531 2834 1539 2846 ,
1563 2817 1609 2842 sed
1633 2823 1677 2843 aut
1695 2826 1744 2844 ne-

960 2858 1012 2884 que
1032 2858 1146 2884 persona
1170 2858 1253 2884 esset.
1280 2855 1302 2881 si
1327 2856 1416 2884 dicere
1435 2858 1476 2886 fas
1496 2861 1542 2891 sit,
1568 2867 1614 2888 aut
1633 2862 1716 2890 Filius
1733 2871 1741 2890 :

960 2897 1083 2930 quamvis
1100 2898 1155 2926 hinc
1170 2898 1322 2929 absurditas
1341 2907 1366 2930 et
1392 2911 1438 2932 eos
1452 2906 1628 2935 nihilominus
1642 2916 1743 2944 seque-
