1934 3063
172 149 234 182 ΠῚ.

723 151 927 182 ADVERSUS
947 147 1104 182 GRAECOS
1125 153 1198 184 LIB.
1217 153 1274 182 lll'.

1753 153 1802 184 178

170 212 213 232 tur
230 213 238 232 :
253 212 317 232 nam
332 205 353 233 si
369 205 487 240 perfecte
503 215 517 233 a
533 206 613 234 Patre
629 206 746 234 mittitur
766 207 884 242 Spiritus
898 214 960 233 sau-
978 212 998 240 Α
1014 215 1123 241 quoque
1137 207 1286 242 produt-ere
1299 211 1411 243 cogunt,
1426 207 1466 234 vel
1482 215 1511 235 sc
1525 208 1623 242 Ipsum,
1635 206 1676 234 vel
1689 207 1802 234 altenuu

170 255 242 282 ctus,
263 252 431 285 superﬂuum
457 253 521 285 erit,
535 257 561 280 et
578 260 592 279 a
611 252 678 279 Filio
702 253 793 284 mitti;
813 253 856 280 sitt
873 256 963 278 autem

171 295 341 330 imperfecte,
374 305 427 324 non
448 306 513 332 ergo
542 298 676 331 perfectus
699 303 741 325 est
765 298 854 324 Pater.
885 297 918 323 Et
941 297 963 324 si

170 343 292 376 perfecte
308 344 398 369 ontuia
417 351 431 370 a
457 343 537 372 Patre
554 350 646 371 creata
671 349 732 371 sunt
744 365 752 376 ,
769 344 834 378 quid
851 350 964 370 necesse

171 388 221 415 fuit
237 389 326 416 dicere
342 397 349 416 :
363 389 458 417 Omnia
475 398 521 425 per
534 391 617 425 ipsum
631 391 703 426 facta
718 395 778 417 sunt
789 391 802 418 3
815 391 857 417 sin
873 395 963 416 autem

170 434 329 467 imperfecte
342 455 350 466 ,
367 441 462 463 contra
481 437 587 476 Patrem
607 437 765 472 blasphema
783 437 962 463 nihilominus

169 487 215 506 ora
228 480 367 508 lambunt.
384 481 448 514 Sed,
461 482 581 510 absurda
599 491 645 510 eos
663 483 819 510 necessario
839 489 960 516 sequun-

172 530 226 557 mr,
247 527 293 560 qui
313 527 380 553 duos
397 535 541 561 processus
555 534 672 561 ponunt.

205 571 301 602 Porro,
317 572 363 606 qtti
382 580 463 599 nnaut
481 577 588 600 tantum
606 582 697 602 rerutn
720 575 842 602 omnium
859 575 962 610 produ-

171 616 288 643 ctionem
306 617 474 644 confitentur
488 625 520 645 ex
535 618 614 646 Patre
631 626 679 654 per
696 618 794 646 Filium
813 620 840 646 in
857 619 961 654 Spiritu

169 669 272 692 sancto,
289 670 425 696 uttamque
441 664 610 697 missionem,
623 669 651 692 et
666 665 850 700 largitionem,
867 670 893 692 et
909 665 960 692 da-

171 709 268 735 tionem
293 709 382 736 sancti
407 709 526 745 Spiritus
560 718 593 738 ex
617 711 707 745 Patre,
732 716 760 739 et
790 711 859 739 Filio
898 712 962 747 (una

169 755 266 788 quippe
284 754 413 788 dationc,
431 759 458 783 et
474 755 618 791 largitione
641 757 712 784 mittl
728 766 742 784 a
763 749 895 791 theoloigis
916 765 961 784 as—

169 800 290 833 seritur);
307 808 390 827 unttm
407 807 515 836 quoque
532 802 710 837 inspirantem
725 805 899 838 contitentur,
910 804 962 832 dif-

170 844 284 871 ferentia
301 845 336 872 ad
355 846 470 873 invicem
492 852 600 874 servata
617 856 624 875 :
641 856 688 876 eos
711 847 780 876 nihil
795 849 892 876 durutn
915 853 962 876 attt

1016 253 1158 287 Spiritum,
1175 259 1220 280 aut
1230 253 1339 287 Filium;
1357 255 1378 281 si
1394 260 1482 282 autem
1495 263 1528 282 ex
1544 255 1693 282 substantia
1706 254 1800 290 [hpr

1015 298 1092 335 stasi]
1107 300 1234 333 quoniam
1253 300 1310 327 duae
1326 301 1483 328 substantive
1500 300 1679 333 sunt,Patris,
1693 305 1720 327 et
1731 300 1800 332 Filii,

1015 347 1037 373 si
1051 345 1159 379 quidem
1175 353 1207 372 ex
1222 346 1311 373 Patris
1326 346 1475 373 substantia
1491 352 1542 377 est,
1556 351 1659 373 constat
1674 346 1801 380 quoniam

1015 399 1047 418 ex
1064 390 1144 418 Patre
1161 391 1217 418 solo
1238 399 1246 418 :
1261 392 1396 426 quomodo
1420 392 1501 426 igitur
1520 399 1551 418 ex
1569 392 1657 418 Filio?
1673 392 1694 418 si
1712 396 1802 417 autem

1014 444 1045 463 ex
1061 437 1119 464 Filii
1133 437 1351 468 substantia,aut
1365 438 1585 465 substantialium
1601 438 1724 464 confinio
1737 437 1800 468 erit,

1015 489 1062 510 aut
1082 483 1135 510 duo
1149 483 1291 517 principia,
1313 484 1384 511 sicut
1399 488 1425 510 et
1444 484 1602 511 substantiae
1616 482 1801 518 [hypnstmesl

1014 528 1074 555 duae
1089 537 1096 555 :
1120 529 1166 556 sed
1184 529 1256 556 enim
1277 530 1323 564 qui
1348 530 1397 556 ista
1412 529 1518 559 dicunt.
1532 529 1659 556 arbitrari
1679 529 1804 555 videntur

1014 574 1087 600 aliud
1106 573 1215 608 quidem
1232 575 1380 601 secundum
1397 582 1426 601 se
1442 582 1503 602 esse
1520 574 1712 604 substantiam.
1731 573 1803 599 alittd

1014 627 1079 647 vero
1095 621 1244 648 essentiam
1265 629 1272 648 :
1291 621 1395 655 istaque
1409 620 1560 648 secundum
1577 627 1633 646 rem
1649 627 1663 646 a
1687 627 1716 646 se
1731 620 1802 646 invi-

1014 673 1072 692 cem
1087 665 1206 693 diﬂerre.
1217 665 1274 692 Hoc
1286 670 1376 692 autem
1391 670 1418 692 et
1434 665 1529 691 falsum
1542 665 1620 692 simul
1634 669 1661 692 et
1676 665 1804 697 blasphe-

1014 720 1088 739 tnum
1104 719 1164 739 esse
1177 719 1211 740 ex.
1224 711 1410 745 superioribus
1426 716 1567 738 ostensum
1583 715 1635 742 est,
1653 710 1804 744 adjectum-

1013 765 1066 791 que
1091 758 1238 784 secundum
1258 764 1338 790 quant
1358 757 1491 783 rationem
1506 777 1513 788 ,
1535 755 1607 782 aliud
1634 756 1782 782 essentiam
1795 776 1802 786 ,

1013 804 1086 830 aliud
1101 803 1295 834 substantiam,
1313 807 1359 829 aut
1379 810 1430 830 non
1448 802 1518 829 ideut
1537 803 1565 828 in
1583 801 1637 828 Deo
1652 808 1712 828 esse
1729 802 1807 828 theo-

1014 849 1066 884 logi
1078 849 1229 880 atlirmant;
1242 849 1289 876 sed
1303 847 1446 875 dicendum
1459 852 1510 878 est,
1524 852 1678 874 sanctorum
1692 847 1803 881 vestigia

169 897 294 923 asperum
308 891 444 924 sequitur.
460 891 536 918 Idem
554 891 620 919 etin
638 900 767 927 processu
789 892 877 920 sancti
897 892 960 927 Spi-
976 899 998 928 η
1014 895 1231 929 theologiamque
1246 894 1394 928 sequendo,
1410 901 1441 921 ex
1458 893 1548 920 Patris
1563 898 1590 920 et
1606 893 1665 919 Filii
1681 893 1802 920 essentia

169 936 238 963 ritus
254 936 419 969 dicendum;
438 937 510 964 sicut
533 938 607 970 enim
624 958 632 970 ,
651 938 721 973 qttod
738 938 851 972 dicitur,
868 939 959 966 omnia

146 1001 151 1004 -
169 981 242 1009 facta
257 989 318 1009 esse
335 990 384 1017 per
394 982 504 1016 Filium,
516 984 662 1012 voluntatis
677 985 807 1011 unitatem
823 992 962 1012 commen-

169 1028 214 1053 dat
229 1035 237 1054 :
253 1027 288 1054 ita
301 1033 326 1054 et
340 1036 388 1063 per
402 1028 498 1056 Filium
515 1029 662 1064 procedere
675 1029 807 1064 Spiritum
823 1035 961 1064 sanctutn,

169 1073 300 1100 unitatem
317 1074 508 1101 substantialis
537 1083 682 1110 processus
697 1077 766 1111 ejus,
777 1077 964 1113 productionis

168 1121 388 1154 procrssionisve
405 1121 588 1149 demonstrat.

204 1166 302 1192 Putant
318 1171 449 1199 praeterea
472 1174 585 1195 necesse
599 1175 670 1200 esse,
685 1170 861 1204 compositum
877 1169 964 1204 Spiri-

169 1216 225 1238 tmr.
242 1218 365 1238 sottrtum
385 1213 520 1246 conﬁteri,
537 1214 577 1241 Itis
590 1215 635 1244 aui
646 1215 720 1242 illum
738 1220 763 1242 et
776 1223 809 1243 ea:
820 1216 888 1243 Filio
904 1224 965 1250 pro-

167 1259 258 1284 cedere
272 1259 390 1293 fatentur
401 1267 412 1285 :
425 1259 555 1293 istttdque,
572 1261 633 1296 quia
657 1262 689 1288 ab
709 1262 828 1297 utrisque
846 1263 965 1293 accipere

167 1313 274 1332 nectsse
297 1310 355 1337 est;
378 1306 402 1332 si
421 1310 506 1332 autent
525 1308 582 1334 duo
607 1314 679 1341 sunt,
703 1317 721 1335 α
747 1310 842 1344 quibus
857 1309 963 1343 accipit,

167 1352 279 1378 omnino
295 1360 326 1378 ea:
343 1352 446 1379 duobus
461 1354 621 1386 compositus
640 1355 701 1381 erit.

208 1397 261 1424 Sed
279 1398 330 1425 ltoc
346 1406 455 1433 quoque
467 1399 585 1434 primum
601 1401 707 1434 quidem
724 1401 827 1427 sanctis
840 1400 966 1428 Patrilms

169 1442 354 1476 obiiciendum
374 1443 435 1470 fuit.
452 1443 483 1471 lli
509 1445 581 1472 eniut
606 1450 688 1478 sunt,
704 1446 749 1480 qui
768 1446 794 1473 id
808 1446 879 1480 quod
898 1446 966 1473 dici-

170 1492 217 1514 tur
232 1496 240 1514 :
258 1488 296 1514 De
319 1497 375 1515 utea
391 1489 521 1522 accipiet,
536 1497 583 1523 pro
599 1498 641 1521 eo,
658 1490 730 1524 qttod
753 1496 812 1523 est,
829 1499 862 1518 ex
882 1490 964 1523 Filio,

169 1540 356 1568 exposuerunt
373 1543 381 1561 :
401 1535 502 1569 quique
528 1543 542 1561 a
566 1535 657 1569 Patre,
681 1542 706 1563 et
733 1536 802 1564 Filio
828 1537 964 1572 aCeipere,

164 1583 257 1613 atque
271 1581 366 1605 audire
382 1581 520 1608 dixerunt.
538 1585 566 1608 ut
579 1589 660 1617 supra
679 1582 831 1609 docuimus.

209 1625 323 1657 Deinde,
335 1634 421 1660 neque
430 1627 486 1661 ipse
494 1627 610 1661 Spiritus
621 1633 731 1655 sanctus
742 1628 814 1655 aliud
823 1629 969 1664 exsistcns,

169 1671 246 1697 aliud
257 1679 271 1697 a
283 1672 374 1702 Patro,
387 1677 414 1700 et
425 1672 491 1699 Filio
500 1673 608 1707 accipit;
618 1675 674 1702 sive
683 1675 755 1702 aliud
767 1675 877 1709 quidem
893 1682 907 1701 ε
922 1675 972 1702 Pa-

169 1722 226 1745 tre.
242 1717 314 1744 aliud
327 1723 415 1744 antem
428 1728 442 1745 a
454 1718 531 1752 Filio;
546 1720 603 1748 sive
622 1720 705 1755 igitur
714 1728 762 1754 per
776 1721 886 1754 se'quis
899 1727 971 1748 com-

168 1762 334 1794 positionem
344 1763 484 1794 vult,nihil
499 1765 569 1791 aliud
583 1773 663 1799 qttatn
678 1766 823 1793 essentiam
836 1770 861 1793 et
874 1773 935 1793 esse
943 1770 971 1792 et

169 1808 244 1841 quod
254 1813 308 1840 est,
327 1809 441 1843 accipit:
457 1817 518 1837 esse
537 1817 613 1842 vero,
627 1816 653 1838 et
667 1812 785 1839 essentia
807 1812 894 1839 sancti
909 1811 970 1846 Spi-

171 1853 253 1885 ritus,
265 1859 290 1881 et
300 1855 371 1887 quod
384 1859 436 1887 est,
448 1863 529 1883 unum
540 1857 668 1891 quiddatu
678 1863 704 1884 et
716 1857 828 1890 sintpch
842 1862 883 1885 est
894 1865 902 1884 :
914 1859 971 1885 sive

172 1905 285 1933 propter
300 1908 347 1926 cos
365 1902 408 1934 qui
423 1903 497 1934 dant,
516 1907 564 1930 aut
577 1904 740 1938 producunt,
759 1911 843 1931 unum
856 1908 898 1931 est
915 1903 969 1931 Pa-

173 1949 216 1972 le:
233 1951 257 1972 et
274 1945 369 1973 Filius.
391 1946 449 1974 Non
466 1947 538 1974 enim
555 1948 582 1975 in
608 1952 738 1982 quantum
755 1949 808 1975 duo
824 1952 905 1980 sttnt,
922 1948 969 1975 sed

172 1991 201 2019 in
228 1997 359 2026 quantum
391 2000 473 2019 unum
496 2000 528 2020 ex
564 1993 646 2020 Patre
665 1998 691 2020 et
714 1993 836 2020 Filioest
852 1993 969 2028 Spiritus

173 2044 304 2071 sanctus;
329 2039 376 2066 sed
392 2037 721 2073 quemadmodumFilius
743 2044 816 2067 totus
842 2048 875 2067 ex
901 2045 967 2072 toto,

175 2084 214 2110 ita
230 2089 257 2110 et
273 2083 389 2118 Spiritus
407 2090 479 2112 totus
493 2093 525 2112 ex
541 2090 596 2113 toto
620 2085 762 2114 asseritur.
784 2085 877 2119 Neque
895 2086 966 2113 aliud

170 2130 284 2163 quidem
298 2134 382 2157 totum
398 2130 488 2162 Pater,
505 2131 576 2158 aliud
592 2137 681 2159 autem
693 2136 779 2158 totum
802 2131 895 2162 Filius,
919 2133 966 2159 sed

175 2184 259 2203 unum
279 2182 363 2203 totout
379 2182 418 2203 est
434 2177 510 2211 juxta
531 2177 591 2205 fidei
608 2178 780 2212 positionem,
795 2178 920 2211 gignendi
936 2185 967 2204 ac

1013 948 1076 968 esse
1092 939 1224 974 Spiritum
1240 943 1377 971 sanctum,
1395 943 1424 965 ut
1451 946 1482 966 ex
1497 938 1681 973 superioribus
1703 939 1806 964 consti-

1015 986 1058 1013 tit.
1077 985 1162 1012 Porro
1178 984 1266 1012 Patris
1282 984 1400 1012 essentia
1419 984 1508 1011 Patris
1525 991 1639 1018 persona
1653 988 1705 1014 est,
1724 983 1803 1009 sicuti

1013 1032 1074 1060 Filii
1090 1031 1207 1060 essentia
1218 1051 1225 1064 ,
1240 1030 1299 1058 Filii
1314 1030 1406 1057 itidem
1424 1037 1539 1064 persona
1565 1034 1617 1061 est,
1645 1037 1693 1063 per
1717 1028 1807 1055 Patris

1014 1086 1113 1105 nomen
1125 1085 1156 1104 ac
1169 1076 1231 1104 Filii
1243 1075 1405 1104 substantiis
1417 1074 1637 1111 [ltypostasibus]
1650 1074 1806 1106 insinuatis;

1004 1123 1096 1151 .Pater
1109 1124 1182 1151 ettlm
1205 1127 1232 1151 et
1252 1122 1336 1150 Filius
1353 1122 1567 1149 sub~tantiarunt
1595 1126 1658 1148 sunt
1675 1121 1806 1151 nomina;

1015 1177 1064 1204 per
1074 1177 1173 1197 nomen
1188 1174 1278 1196 autem
1291 1169 1431 1201 essentia',
1442 1168 1560 1195 essentia
1578 1167 1634 1201 ipsa
1648 1171 1806 1201 apparentr.

1015 1214 1109 1249 Neque
1132 1214 1204 1241 enim
1232 1214 1349 1241 essentia
1376 1218 1418 1241 est
1442 1213 1500 1240 sine
1526 1212 1691 1242 substantia,
1717 1219 1804 1244 neque

1015 1260 1168 1290 substantia
1186 1260 1246 1288 sine
1257 1260 1395 1292 essentia;
1418 1266 1480 1286 nam
1496 1263 1522 1285 et
1537 1258 1690 1284 substantia
1708 1257 1810 1283 dicitur

1015 1314 1161 1335 commune
1174 1314 1234 1334 eutn
1250 1306 1376 1340 proprio;
1393 1314 1445 1332 non
1465 1309 1568 1336 tamen,
1586 1304 1650 1338 quia
1666 1304 1746 1330 unius
1766 1309 1809 1330 est

1016 1353 1142 1381 essentia:
1159 1359 1220 1380 eum
1243 1351 1323 1379 Patre
1341 1357 1368 1378 et
1384 1351 1453 1378 Filio
1467 1350 1586 1385 Spiritus
1607 1354 1729 1380 sant-tus,
1749 1349 1809 1375 ideo

1016 1407 1129 1427 necesse
1142 1404 1184 1426 est
1198 1399 1297 1433 ipsttm,
1313 1397 1353 1425 vel
1375 1405 1405 1424 se
1429 1397 1529 1431 ipsum,
1554 1395 1595 1421 vel
1623 1395 1744 1426 Filium,
1767 1396 1808 1420 vel

1016 1446 1098 1474 alium
1115 1445 1247 1479 Spiritum
1265 1445 1425 1478 producere.
1438 1442 1661 1476 Dietuutquippe
1675 1447 1728 1472 cst,
1742 1449 1811 1475 quo-

1017 1491 1089 1517 niam
1102 1495 1198 1517 natttra
1210 1494 1341 1524 operatur
1351 1489 1427 1524 juxta
1440 1488 1633 1523 preprietatem
1648 1495 1770 1522 persona:
1782 1487 1808 1514 in

1018 1545 1070 1572 qua
1083 1541 1135 1564 est.

1057 1583 1150 1617 Itaque
1166 1581 1273 1609 Patrem
1293 1581 1404 1616 qtttdetn
1422 1588 1453 1607 ac.
1475 1581 1571 1608 Filium
1587 1601 1593 1613 ,
1617 1580 1673 1607 sive
1692 1580 1808 1608 Mentem

1023 1636 1054 1656 ac
1071 1628 1210 1660 Verbum,
1227 1635 1287 1662 quae
1309 1627 1420 1654 relative
1436 1627 1563 1654 dicuntur
1580 1628 1728 1654 secundum
1744 1634 1809 1660 pro-

1004 1692 1008 1694 -
1022 1674 1166 1708 prietaletn
1183 1681 1271 1706 suam,
1286 1681 1314 1700 et
1331 1672 1462 1707 Spiritum
1476 1674 1576 1700 habere
1590 1673 1723 1706 sequitur;
1744 1679 1809 1706 pr0<

1022 1720 1109 1754 prium
1123 1719 1196 1747 cttim
1220 1720 1291 1754 quod
1309 1719 1425 1747 Mentem
1441 1719 1577 1754 sequitur,
1593 1723 1634 1745 est
1651 1727 1683 1746 ex
1703 1726 1733 1745 se
1749 1720 1808 1752 ipsa

1022 1765 1145 1801 proferre
1153 1765 1271 1793 Verbum
1282 1766 1342 1793 sine
1353 1765 1452 1798 medio,
1463 1765 1612 1792 secundum
1626 1764 1808 1799 intelligentia:

1022 1819 1191 1846 processum.
1202 1812 1288 1839 Aliter
1298 1812 1370 1838 enim
1382 1819 1459 1838 mens
1472 1812 1533 1838 sine
1543 1809 1631 1837 Verbo
1651 1815 1734 1841 esset,
1744 1809 1808 1836 Vor-

1022 1857 1141 1891 bumque
1155 1857 1213 1884 sine
1227 1861 1317 1883 mente
1333 1863 1413 1891 porro
1430 1855 1589 1891 intelligibili
1605 1863 1637 1882 ac
1655 1855 1781 1882 rationali
1797 1874 1805 1886 ,

1021 1903 1174 1938 cujusmodi
1198 1903 1314 1938 primum
1335 1911 1366 1930 ac
1382 1910 1519 1930 ευιιιηιιιιιι
1539 1903 1611 1930 Deus
1636 1907 1697 1933 rst,
1724 1902 1807 1928 etiam

1021 1949 1151 1983 Spiritum
1170 1948 1270 1976 habere
1295 1949 1429 1982 seqttitur,
1448 1957 1528 1983 quem
1555 1949 1720 1975 voluntatrm
1733 1967 1740 1978 .
1759 1955 1807 1973 seu

1020 1994 1192 2026 charitatem,
1206 2001 1252 2020 sctt
1268 1992 1471 2027 quoumdoltbct
1487 2000 1546 2019 eaut
1563 1993 1624 2026 quis
1640 1999 1738 2018 νιιιτιιιλο
1761 1998 1807 2015 rr-

1021 2041 1061 2071 lit.
1077 2048 1091 2066 a
1108 2039 1240 2074 theologis
1254 2039 1368 2072 dictum,
1383 2045 1463 2072 supra
1481 2042 1658 2066 monstratum
1668 2041 1710 2063 est
1723 2044 1729 2061 :
1741 2043 1808 2070 quo-

1021 2085 1091 2112 niam
1109 2084 1227 2119 Spiritus
1243 2089 1357 2111 sauctus
1372 2091 1405 2110 ex
1420 2082 1509 2109 Mente
1530 2091 1577 2117 per
1600 2081 1717 2109 Verbum
1728 2101 1735 2112 ,
1763 2089 1807 2108 se‘

1020 2131 1137 2158 cundum
1161 2129 1303 2156 ebaritzuis
1323 2137 1479 2164 processum
1504 2124 1611 2164 prodit,
1636 2135 1715 2163 quem
1733 2127 1806 2154 enim

1020 2176 1096 2203 Meus
1111 2183 1158 2210 per
1170 2175 1289 2202 Verbum
1306 2174 1445 2209 intelligit,
1463 2174 1534 2201 httnc
1553 2180 1579 2201 et
1593 2173 1690 2208 diligit,
1700 2179 1724 2199 et
1739 2173 1806 2203 \ult',

176 2223 305 2249 nascendi
319 2222 483 2250 discretione
497 2228 615 2250 servata.
628 2223 704 2250 Nullo
714 2231 779 2259 ergo
795 2225 874 2250 modo
890 2232 963 2250 ('tml-
984 2234 1005 2262 ο
1022 2228 1102 2253 atque
1117 2221 1197 2248 aliter
1210 2224 1239 2247 ut
1254 2221 1300 2253 sit,
1316 2220 1445 2256 possibile
1462 2229 1514 2247 non
1534 2225 1586 2247 est.
1605 2220 1642 2246 Ita
1660 2219 1741 2253 igitur
1758 2227 1807 2245 vo-

177 2269 340 2303 pcsitiouetn
357 2270 478 2304 cogitare
502 2270 583 2301 licet,
600 2277 753 2304 quanquam
777 2270 885 2296 etiatnsi
907 2270 967 2305 plus

177 2322 258 2349 quant
285 2321 340 2342 tres
366 2323 486 2350 pet-sonte
514 2322 587 2343 esset
610 2316 702 2347 Deus,
728 2316 802 2343 nulla
821 2318 969 2343 llBCEsSllad

178 2362 386 2396 compositionis
402 2367 485 2394 esset,
498 2368 525 2390 et
535 2363 606 2397 quod
619 2367 768 2390 extremum
786 2362 969 2396 prm-essionis

178 2409 276 2435 ordine
293 2417 306 2434 a
323 2409 435 2443 singulis
447 2409 592 2441 acciperet.
610 2403 668 2435 Non
680 2409 751 2436 enim
764 2409 886 2435 daulium
904 2409 970 2435 mul-

183 2454 311 2485 titudine,
328 2454 374 2480 sed
398 2461 434 2480 ex.
451 2461 545 2480 corutn
563 2454 608 2488 qtti
627 2454 703 2489 dant,
724 2460 885 2487 eorumque,
908 2462 969 2487 qua:

181 2499 284 2531 insunt,
301 2499 452 2526 differentia
467 2518 475 2530 ,
489 2499 648 2533 compositio
664 2499 820 2533 iudicatur;
835 2499 857 2526 si
877 2504 966 2526 autem

180 2553 241 2580 quzc
252 2546 362 2577 dantur,
373 2545 524 2572 diti-nenda
543 2550 618 2576 sunt,
634 2551 659 2571 et
671 2552 730 2578 quae
746 2545 848 2576 insttut,
861 2545 969 2572 differre

181 2599 295 2618 necesse
313 2595 354 2618 est
371 2598 378 2616 :
394 2597 475 2624 atque
492 2591 528 2617 ita
543 2590 723 2624 compositum
745 2591 815 2622 erit;
840 2592 911 2625 quod
935 2599 967 2618 ett

183 2637 338 2671 huiusmodi
354 2637 500 2668 t’onslaltlt,
518 2636 591 2670 quod
610 2636 637 2663 in
652 2641 748 2665 saucto
770 2636 873 2671 Spiritu
905 2645 969 2664 nus-

183 2691 264 2717 quam
284 2683 361 2708 habet
384 2683 482 2709 locutu.

222 2728 254 2755 Et
271 2728 297 2754 id
318 2735 434 2760 quoque,
457 2727 532 2760 quasi
558 2727 712 2755 inevitabile
727 2727 882 2762 percontari
908 2735 970 2762 per—

185 2778 251 2807 guul
266 2780 274 2799 :
293 2771 383 2799 Unum
401 2779 435 2799 ca:
448 2773 558 2800 enemin
577 2781 611 2808 (ut
624 2781 657 2800 ea:
671 2774 817 2801 substantia
831 2782 870 2802 est
880 2774 968 2809 Spiri-

187 2823 228 2843 tus
246 2817 373 2843 mnum?
388 2818 414 2843 Si
430 2818 501 2844 cuitu
516 2826 546 2844 cx
564 2819 695 2853 essentia,
712 2819 775 2853 quia
788 2819 907 2854 ejusdem
923 2828 968 2847 es-

187 2863 283 2890 sumite
294 2867 399 2889 cstcum
411 2863 486 2889 Patre
505 2869 529 2890 et
544 2863 612 2891 Filio
622 2863 739 2898 Spiritus
748 2870 868 2898 s-tnetus,
879 2865 966 2898 ipsum

1023 2268 1122 2298 luntas,
1143 2267 1200 2294 sive
1212 2274 1298 2298 amor,
1311 2271 1338 2293 et
1351 2267 1459 2294 dilectio
1476 2274 1507 2292 ex
1526 2265 1614 2293 Monte
1630 2274 1677 2300 per
1689 2265 1805 2292 Verbum

1020 2314 1126 2348 prodit;
1139 2313 1311 2348 przccogitato
1343 2312 1451 2346 quidem
1469 2320 1595 2346 processu
1610 2320 1643 2338 ex
1660 2312 1749 2338 Mente
1759 2319 1807 2346 per

1019 2357 1149 2390 Verbum,
1167 2357 1395 2392 quemadmodum
1416 2365 1524 2384 causam
1538 2363 1601 2384 ante
1616 2358 1722 2384 causde
1739 2366 1807 2392 pra-.-

1020 2405 1132 2440 cogitari
1157 2405 1292 2435 dicimus,
1321 2404 1372 2430 etsi
1399 2404 1479 2430 simul
1506 2405 1636 2430 asset-itur
1654 2412 1661 2430 :
1677 2405 1806 2438 quoniam

1020 2451 1091 2476 aliud
1109 2450 1216 2482 quidem
1235 2449 1409 2476 continenter
1423 2457 1455 2474 ex
1472 2449 1569 2482 primo,
1586 2449 1658 2475 aliud
1681 2457 1744 2475 vero
1759 2457 1807 2483 per

1021 2494 1045 2521 id
1064 2494 1133 2528 quod
1147 2499 1189 2520 est
1208 2494 1380 2521 continenter
1391 2501 1424 2520 cx
1440 2494 1539 2527 primo.

1055 2541 1236 2575 Quanquam,
1259 2540 1311 2567 etsi
1329 2540 1444 2574 primam
1468 2547 1577 2566 causam
1599 2540 1709 2567 Patrem
1728 2547 1819 2568 voca--

1021 2595 1091 2620 mus,
1105 2591 1133 2614 et
1146 2591 1340 2620 eottsequenter
1359 2585 1487 2616 Verbum,
1507 2585 1616 2617 Filium,
1633 2585 1730 2613 Filium
1744 2586 1806 2620 qui-

1019 2635 1079 2661 dem
1103 2633 1161 2660 sine
1184 2633 1272 2660 ntedio
1289 2641 1320 2659 ex
1337 2632 1416 2658 Patre
1437 2632 1510 2658 nasci
1528 2632 1655 2665 dicimus,
1673 2632 1805 2667 Spiritum

1020 2687 1084 2707 vero
1096 2684 1221 2707 sanrttun
1233 2686 1264 2704 ex
1276 2678 1354 2704 Patre
1372 2685 1419 2711 per
1431 2677 1526 2704 Filium
1540 2677 1697 2712 procedere.
1715 2677 1808 2711 Itaque

1020 2726 1095 2754 Patri
1111 2730 1137 2752 et
1150 2724 1228 2754 Filio,
1249 2723 1453 2759 quomodolibet
1469 2724 1530 2758 quis
1548 2723 1652 2750 divinus
1675 2730 1806 2756 personas

1019 2779 1120 2800 vorare
1141 2770 1216 2805 velit,
1241 2771 1388 2796 secundum
1412 2776 1589 2804 personarum
1613 2768 1803 2795 substantiales

1020 2817 1211 2853 proprlt‘lntcs,
1227 2815 1309 2842 etiam
1324 2814 1452 2848 Spiritum
1469 2814 1578 2845 habere,
1595 2813 1727 2847 sequitur.
1742 2813 1802 2840 Ideo

1019 2870 1044 2891 et
1059 2862 1175 2898 Spiritus
1193 2860 1280 2889 Patris
1297 2867 1330 2888 ac
1347 2860 1407 2888 Filii
1425 2859 1544 2895 Spiritus
1560 2859 1668 2890 dicitur,
1692 2865 1718 2886 et
1738 2860 1801 2893 Spi-
