1934 3063
152 130 203 161 179

782 130 861 161 MAN
869 129 980 160 UELIS
998 128 1151 159 CALEC/E

1730 124 1784 159 ίΣῸ

150 185 270 212 nculutn
295 184 383 212 Patris
402 191 429 212 et
455 185 526 218 Filii,
548 186 610 219 quia
634 190 660 213 et
685 186 766 220 lmjus
793 192 937 220 processus
953 188 973 215 Α
990 184 1016 210 in
1032 185 1208 215 Filioautem,
1223 183 1358 216 liliariter,
1370 184 1422 211 hoc
1432 189 1472 211 est
1482 185 1636 217 causaliter,
1648 185 1781 212 nascendi

149 231 286 262 spiraeulo
297 232 474 264 aSsituilntur,
487 232 636 259 secundum
650 232 840 261 Athanasium,
855 235 937 264 atque

150 278 183 304 ad
198 276 304 304 l’atretn
330 282 355 303 rt
367 277 463 304 Filium
477 277 589 305 relative
602 278 711 309 dicitur,
728 283 757 314 ut
769 278 939 305 demonstras

151 330 207 350 tum
223 329 281 355 est;
297 323 377 350 vrluti
394 325 545 357 procedens
558 328 586 351 ct
603 323 766 357 inspiratum
785 323 816 350 ad
835 323 938 357 produ-

149 373 255 396 rcntem
272 373 353 402 atque
371 369 550 403 inspirantem
574 378 581 396 :
604 369 761 402 indicatque
777 372 804 394 et
817 367 888 402 quod
905 376 936 394 ex

151 414 231 440 Patre
266 415 387 448 genitum
408 419 467 446 est,
500 419 530 441 ιιι
556 415 637 442 etiam
664 416 698 441 ad
732 414 838 441 Patretn
857 418 938 447 atque

152 459 250 486 Filium
268 460 378 489 relatio.
392 461 469 493 quasi
486 460 512 487 in
531 468 613 487 unum
628 460 835 495 produce-mem.
852 460 938 490 inspi-

151 511 310 539 nantemque
325 506 473 532 reducatur
486 526 494 538 ,
510 513 590 540 quain
608 506 643 533 ob
657 512 767 532 causam
780 499 796 536 .’
805 505 886 532 etiam
904 504 937 531 ad

150 551 264 578 invicem
281 550 362 578 simul
385 552 549 584 cogitantur,
566 551 714 579 secundum
731 551 872 578 relationis
888 551 937 577 ha-

149 597 234 623 bitutn
252 605 259 624 ε
276 605 339 624 nam
364 597 410 631 qui
435 597 566 632 Spiritum
584 598 667 628 dicit.
688 605 749 624 eum
763 597 843 624 simul
860 597 938 630 cuius

149 647 191 670 est
206 643 327 676 Spiritus
344 643 509 678 cogitatione
523 643 742 677 comprelteudit.
758 643 795 669 ita
812 650 877 677 ergo
891 650 936 669 ne-

148 689 270 716 cessario
295 696 467 723 consequens
489 694 542 720 est.
572 692 720 715 secundum
745 687 938 714 substantiales

149 742 243 762 eorum
257 736 449 770 proprietates,
465 735 573 762 Patrem
594 743 625 762 ac
640 735 738 761 Filium
762 734 880 765 habere,
907 741 938 761 ac

150 781 268 815 mittere,
282 787 309 809 et
323 789 452 809 emanare
470 782 601 817 Spiritum
614 787 747 813 sanetum,
760 785 939 808 attestantur-

149 834 203 860 qtte
219 827 262 854 his
273 827 400 855 Ecclesiae
413 828 544 862 magistri.
559 827 706 861 Gregorius
721 827 830 862 quidem
847 825 937 853 Theo-

989 231 1153 264 proprietate
1166 230 1281 265 adjerta,
1297 230 1374 265 juxta
1397 231 1548 258 nativitatis
1566 231 1733 262 terminum;
1749 231 1780 261 In

989 281 1081 302 hunc“)
1099 280 1187 302 autent
1201 274 1303 309 Spiritu
1318 276 1483 310 processive.
1497 275 1548 302 hoc
1560 280 1602 303 est
1613 276 1775 306 causaliter,

989 327 1094 348 servata
1114 322 1164 348 sibi
1184 322 1349 356 proprietate
1366 329 1523 356 processus.
1558 329 1568 333 ‘

1024 368 1259 400 Quemadmodum
1286 367 1367 402 igitur
1385 367 1465 395 Pater
1487 376 1539 395 non
1558 373 1630 396 esset
1644 369 1738 399 Pater,
1753 370 1777 395 si

988 413 1070 439 etiam
1084 412 1151 439 Filio
1168 412 1253 440 Filius
1268 418 1350 443 esset,
1365 413 1399 439 ita
1414 413 1485 439 enim
1501 418 1574 441 essct
1587 418 1613 441 et
1628 413 1714 440 Filius
1728 413 1781 440 Pa-

990 463 1040 490 ter,
1063 466 1297 493 personarumque
1312 458 1438 485 confusio
1452 464 1630 492 sequeretur;
1649 465 1675 486 cl
1692 465 1779 489 certe,

990 511 1051 531 cum
1069 511 1121 530 una
1137 504 1173 530 sit
1187 505 1261 532 Patri
1274 525 1282 536 .
1310 512 1341 532 ac
1354 504 1422 531 Filio
1439 506 1559 532 essentia
1580 514 1587 532 :
1605 511 1633 533 et
1649 507 1781 539 quemad-

990 548 1097 577 niodum
1114 550 1198 578 Filius
1217 558 1269 578 non
1285 556 1357 578 esset
1374 551 1457 578 Filius
1478 551 1529 580 nisi
1553 557 1624 578 esset
1642 559 1673 578 ex
1698 551 1780 578 Patre

989 596 1048 624 sine
1070 598 1169 630 medio,
1184 598 1208 624 id
1226 604 1277 630 est,
1299 599 1450 632 nascendo;
1468 598 1504 625 ita
1523 603 1549 625 et
1572 598 1689 632 Spiritus
1712 606 1779 625 san—

990 648 1049 669 ctus
1074 650 1125 669 non
1149 649 1220 670 esset
1245 643 1361 676 Spiritus
1390 644 1442 670 nisi
1475 649 1548 671 esset
1570 652 1602 670 ex
1631 643 1712 670 Patre
1731 651 1780 678 per

990 687 1120 716 Verbum.
1136 688 1202 715 Nam
1219 690 1241 716 si
1255 697 1286 716 ex
1307 689 1387 716 Patre
1404 694 1475 717 esset
1493 690 1551 716 sine
1569 689 1652 716 Verbi
1675 690 1775 722 medio,

990 735 1126 761 nascendo
1145 740 1216 762 esset
1231 755 1238 767 ,
1257 740 1282 762 ct
1298 741 1506 770 Consequenter,
1535 735 1630 763 Filius.
1648 735 1681 762 Et
1706 736 1780 763 sit-ut

989 781 1073 808 Filius
1091 789 1123 808 ex
1139 781 1331 808 conuuunioue
1350 787 1452 808 natura.-
1477 783 1509 808 ad
1537 781 1664 812 Patrem,
1690 788 1780 815 neque

989 827 1097 854 Patrem
1114 836 1164 855 nec
1182 829 1298 862 seipsum
1315 829 1412 863 gignit,
1429 828 1454 855 id
1476 829 1574 863 quippe
1593 833 1666 855 esset
1681 832 1780 862 praeter

150 872 228 906 logus
247 873 342 900 dicens
359 881 367 899 :
385 873 444 901 Νοη
464 875 532 901 enim
549 874 657 900 decebat
675 873 714 901 vel
731 873 835 900 Filium
856 872 936 900 Patri
955 862 976 891 Β
991 873 1051 901 Filii
1066 874 1222 907 terminum,
1241 882 1288 909 per
1305 862 1385 909 quem
1403 862 1518 908 persona
1537 880 1595 906 est,
1612 875 1647 901 ita
1663 879 1691 901 ct
1713 874 1777 908 Spi—

151 918 192 945 vcl
209 918 340 952 Spiritum
356 918 428 946 Filio
442 927 557 954 unquam
572 920 673 946 deesse.

184 965 303 992 Sanctus
322 965 485 992 Anastasius
503 966 689 992 Αιιιῑοίιιιεηης
709 966 734 992 in
753 966 810 1000 ipso
825 974 875 993 suo
889 965 938 993 do-

151 1011 273 1045 gtnalico
291 1012 359 1040 libro
375 1021 382 1038 :
397 1013 515 1046 Spiritus
530 1017 648 1042 mortus,
665 1013 712 1044 ait,
728 1020 785 1038 cum
808 1012 898 1043 Patre,
913 1017 938 1039 et

150 1057 224 1084 Filio
248 1058 328 1084 simul
353 1063 484 1093 apparet,
505 1058 584 1085 veluti
601 1066 658 1084 tum
680 1063 775 1090 mente,
801 1063 825 1085 et
849 1059 938 1085 t'erbo.

151 1104 336 1131 Damascenus
357 1112 468 1139 quoque
489 1105 527 1132 ait
554 1113 574 1142 εγ
589 1103 696 1137 Oportet
718 1109 807 1130 autem
826 1103 938 1131 Verbum

149 1150 229 1177 etiam
244 1149 372 1182 Spirituut
388 1150 492 1179 habere.

187 1194 314 1230 Magnum
339 1196 402 1223 item
428 1197 559 1224 Basilium
583 1197 753 1224 ostendimus
777 1196 804 1223 in
823 1195 938 1229 quodam

149 1240 281 1267 adversus
297 1241 460 1269 Eunominm
478 1243 597 1277 capitulo
613 1242 747 1269 dicentem
767 1250 775 1270 :
797 1240 856 1268 Nisi
878 1240 940 1275 Spi-

149 1285 230 1311 ritum
244 1293 275 1312 cx
290 1284 343 1313 Deo
356 1286 420 1312 dicit
432 1286 575 1320 quispiam,
592 1294 624 1313 ne
640 1285 753 1313 Verbum
769 1286 884 1321 quidem.

188 1331 320 1363 Quoniam
338 1332 420 1366 igitur
435 1333 573 1367 propritim
588 1337 631 1359 est
651 1340 768 1367 seqttens
785 1333 939 1360 necessario

150 1377 272 1405 Verbutn
298 1383 325 1404 et
347 1379 479 1412 Spiritum
503 1379 605 1406 habere
625 1387 633 1406 :
654 1379 746 1406 omnia
771 1385 861 1405 autent
881 1386 941 1412 quze

150 1425 235 1450 Pater
250 1424 331 1451 habet
344 1443 352 1455 ,
377 1425 458 1451 habet
475 1429 502 1451 et
515 1424 615 1457 Filius;
633 1425 684 1452 nisi
701 1432 767 1452 vero
789 1425 871 1452 Pater
889 1425 941 1452 ha«

151 1470 225 1502 L-eat,
242 1476 291 1496 nec
306 1469 389 1496 Filius
406 1470 507 1503 habet;
523 1471 564 1496 sin
580 1476 670 1497 autem
686 1478 738 1497 non
756 1471 837 1498 habet
853 1478 941 1505 neque

150 1515 271 1543 Verbum
283 1515 346 1547 erit,
360 1522 449 1548 neque
457 1523 489 1541 ex
499 1514 597 1548 Patre;
614 1522 722 1549 oportet
737 1515 810 1542 enim
821 1515 938 1542 Verbum

150 1562 233 1588 etiam
253 1561 352 1589 habere
368 1560 510 1595 Spiritum.
525 1565 556 1588 ut
574 1561 726 1588 rectissime
740 1561 868 1596 magister
883 1560 940 1596 (58)

151 1609 229 1635 dixit.
246 1607 274 1635 Si
289 1608 362 1635 enim
376 1607 506 1642 Spiritum
524 1615 555 1635 ex
570 1607 636 1639 Deo,
649 1613 676 1634 et
689 1608 770 1635 Patre
783 1608 847 1634 dicit
864 1608 942 1642 quis“

152 1654 235 1688 piam,
253 1662 285 1680 ne
302 1653 420 1681 Verbum
434 1654 560 1689 quidem;
576 1654 704 1688 quoniam
720 1661 785 1680 vero
799 1654 878 1680 Pater
894 1654 941 1680 ha-

153 1699 198 1724 bet
211 1703 237 1725 et
254 1698 339 1725 Filius
353 1699 444 1726 habet.
463 1697 580 1726 Sanctus
594 1699 665 1726 enim
680 1699 799 1733 Spiritus
813 1707 874 1726 ctnn
889 1698 941 1725 Pa-

154 1750 205 1776 tre,
230 1750 258 1772 et
281 1744 349 1772 Filio
365 1744 445 1771 simul
468 1749 592 1780 apparet,
611 1745 695 1772 veluti
722 1753 783 1772 cum
809 1749 898 1771 incute
912 1748 941 1771 et

151 1790 246 1821 vcrho,
277 1797 309 1817 ac
333 1790 482 1818 secundum
503 1789 629 1817 eumdem
653 1790 782 1822 modum,
811 1790 850 1816 sic
868 1790 940 1816 enim

152 1835 240 1862 sancti
263 1835 349 1862 aiunt.
376 1835 478 1863 Deinde
499 1834 667 1862 concludens
684 1833 787 1860 infert:
805 1832 940 1864 Quomodo

151 1882 235 1916 igitur
250 1881 368 1915 separari
384 1886 493 1915 possunt
504 1880 705 1914 intepumbiliu,
719 1879 830 1907 Verbum
842 1878 940 1905 scilicet

150 1936 185 1955 ex
203 1927 266 1959 Deo.
284 1932 308 1954 et
323 1926 439 1961 Spiritus
456 1934 489 1954 ea;
506 1926 560 1954 Deo
573 1932 619 1960 per
633 1926 755 1954 Filium?

189 1972 304 2005 Magnus
318 1972 381 1999 item
407 1972 574 2000 Athanasius
588 1972 627 1998 ait.
644 1980 651 1999 :
668 1971 801 2004 Quoniam
821 1971 940 2005 Spiritus

151 2028 204 2047 non
220 2024 256 2047 est
268 2024 344 2047 extra
364 2018 486 2046 Verbum.
505 2018 539 2046 Et
555 2026 661 2046 rursum
676 2028 682 2046 :
707 2017 779 2045 Eu‘et
794 2018 874 2045 etiam
890 2019 942 2044 im-

123 2090 125 2092 .
152 2065 277 2100 possibile
303 2065 332 2092 in
361 2064 503 2092 Trinitatis
523 2065 610 2100 gloria
634 2063 765 2098 Spiritum
785 2063 939 2098 glori/ictui,

153 2113 203 2139 nisi
219 2120 355 2147 processus
375 2111 478 2139 ratione
499 2116 565 2138 esset
589 2107 621 2138 ex
647 2111 700 2137 Deo
718 2119 764 2144 per
778 2110 884 2137 Filium.
904 2109 942 2136 De

152 2158 270 2185 naturali
289 2158 349 2192 ejus
369 2157 596 2191 substantialique
621 2164 749 2191 processu
771 2155 881 2182 verbum
899 2155 942 2182 hic

151 2204 269 2231 faciebat
286 2207 408 2233 satu-tus.
434 2202 584 2230 secundum
597 2210 678 2237 quem
693 2207 735 2229 est
752 2206 834 2236 atque
850 2202 940 2228 subsi-
957 2221 979 2248 ι)

152 2251 199 2277 stit
219 2250 337 2284 Spiritus
352 2255 474 2276 sanctus.
493 2248 555 2276 Non
569 2253 607 2275 est
628 2248 696 2274 enim
712 2254 787 2274 extra
808 2247 939 2280 Verbum;

152 2303 282 2331 tauquam
299 2297 321 2323 si
338 2296 441 2323 diceret
458 2303 465 2322 :
484 2294 542 2322 Non
557 2294 682 2322 subsistit
697 2293 759 2321 sine
770 2293 878 2326 Verbo;
893 2302 941 2329 per

153 2344 241 2378 ipsum
256 2343 327 2368 cuitu
344 2342 467 2376 procedit
495 2349 528 2368 ex
551 2340 643 2368 Patre.
663 2341 724 2368 lltec
741 2341 832 2375 itaque
857 2341 896 2367 sic
912 2348 942 2367 se

153 2390 264 2420 habent,
280 2394 307 2416 et
322 2396 382 2423 qua:
399 2388 450 2414 alia
467 2389 499 2415 de
515 2388 566 2415 hoc
583 2388 712 2421 przedicta
729 2392 794 2414 sttnt
814 2395 822 2414 :
846 2393 942 2414 sancto

154 2441 244 2463 autetu
263 2434 388 2470 Spiritui,
405 2434 555 2462 secundum
568 2442 645 2462 suam
660 2435 865 2462 substantialeut
881 2443 945 2470 pro-

155 2481 308 2516 prietatem,
321 2480 443 2514 sequitur
456 2488 488 2507 ex
505 2479 597 2507 Mente
616 2488 663 2514 per
672 2480 793 2508 Verbum
809 2490 880 2510 esse.
895 2482 945 2509 llic

153 2527 227 2553 enim
241 2532 283 2553 est
300 2526 484 2561 procedentis,
500 2526 543 2553 vel
556 2525 673 2561 Spiritus
691 2528 834 2559 terminus,
848 2535 945 2555 secun-

153 2574 218 2600 dutu
235 2580 315 2606 quem
337 2572 418 2599 etiam
443 2577 471 2598 ttt
492 2572 647 2600 subsistens
667 2573 724 2606 sit,
749 2575 896 2601 secundum
916 2583 945 2603 se

155 2627 272 2654 persona
297 2619 388 2645 habet.
414 2618 471 2646 Una
490 2618 608 2654 denique
634 2625 660 2646 et
684 2620 780 2647 eadem
804 2622 944 2655 essentia,

157 2665 257 2697 l’atris,
269 2671 296 2693 et
308 2664 380 2697 Filii,
395 2671 421 2692 ct
431 2664 551 2699 Spiritus
568 2666 653 2693 sancti
672 2674 678 2692 :
692 2667 717 2693 in
730 2666 809 2694 Patre
823 2667 943 2702 quidem,

156 2715 267 2744 patet-nc
287 2715 328 2737 est
339 2730 347 2743 ,
367 2710 418 2738 hoc
435 2714 487 2741 est.
505 2711 564 2739 sine
579 2718 661 2738 cauSa
674 2731 681 2744 ,
699 2711 804 2747 adjecta
821 2710 945 2747 proprie-

157 2761 213 2783 tate
237 2755 385 2790 giguendi_
410 2756 558 2784 secundum
590 2756 761 2792 paternitatis
781 2757 941 2791 tcrmiuuut;

192 2847 248 2885 (58)
267 2849 392 2878 nasutus.

991 921 1060 947 ritus
1075 926 1184 948 sanctus
1199 928 1246 955 per
1259 926 1362 948 naturze
1378 921 1410 947 ad
1423 920 1530 947 Patrem
1547 925 1574 946 et
1587 920 1684 947 Filium
1702 920 1780 946 iden-

992 968 1105 999 litatem.
1117 972 1144 994 et
1159 967 1389 1000 comtuunimtetn,
1408 967 1613 1001 productionem
1631 974 1683 992 non
1700 966 1780 992 babe-

991 1014 1045 1046 bit;
1061 1014 1160 1048 quippe
1174 1013 1240 1040 alias
1252 1013 1358 1041 desinet
1373 1020 1434 1040 esse
1449 1013 1598 1047 procedens
1612 1012 1740 1046 Spiritus;
1751 1016 1781 1038 ct

991 1060 1047 1088 sive
1062 1059 1195 1095 gignendo
1212 1059 1292 1086 Pater
1306 1059 1368 1091 erit,
1386 1064 1413 1086 et
1430 1059 1564 1092 quomodo
1581 1065 1595 1085 a
1609 1058 1709 1085 Patre?
1722 1058 1779 1085 sive

991 1107 1149 1142 productor,
1174 1111 1202 1134 et
1220 1106 1354 1141 quomodo
1379 1104 1517 1139 Spiritus?
1544 1113 1721 1139 prorsusqttt‘,
1754 1105 1777 1132 si

990 1153 1097 1187 quidem
1112 1159 1192 1179 causa
1205 1152 1240 1179 sit
1254 1152 1315 1179 Filii
1329 1172 1336 1184 ,
1352 1157 1550 1185 consequenter
1568 1151 1618 1177 erit
1643 1158 1676 1177 ex
1699 1152 1779 1177 Patre

991 1197 1075 1224 Filius
1089 1205 1136 1232 per
1155 1197 1297 1232 Spiritum,
1315 1197 1464 1231 tertiusque
1479 1197 1532 1223 erit
1547 1204 1560 1222 a
1574 1195 1665 1228 Patre,
1685 1203 1780 1223 secuti.

991 1245 1055 1272 dum
1076 1244 1244 1277 personalem
1268 1243 1409 1277 ordinem;
1424 1243 1494 1277 quod
1511 1242 1633 1277 proiecto
1649 1247 1690 1269 est
1709 1249 1778 1276 prte-

993 1294 1032 1317 ter
1045 1289 1105 1316 Filii
1120 1297 1151 1316 ac
1166 1288 1284 1324 Spiritus
1301 1289 1459 1316 terminum.

1027 1335 1062 1361 At
1077 1341 1167 1368 neque
1180 1334 1220 1361 stti
1240 1333 1325 1368 ipsius
1346 1341 1427 1360 causa
1451 1340 1512 1360 esse
1529 1336 1627 1366 potest.
1645 1332 1686 1359 Nil
1704 1332 1776 1359 enim

993 1382 1080 1416 ipsutn
1098 1381 1138 1408 sui
1160 1380 1246 1414 ipsius
1263 1386 1345 1406 causa
1365 1384 1417 1406 est.
1434 1378 1684 1406 Contradictionem
1703 1378 1776 1404 enim

993 1428 1030 1455 ita
1044 1427 1202 1457 continebit,
1219 1426 1366 1453 secundum
1383 1425 1465 1452 idem.
1482 1424 1574 1458 Neque
1592 1424 1704 1450 alterius
1719 1423 1780 1457 Spi-

992 1474 1061 1501 ritus
1091 1480 1171 1500 causa
1197 1480 1258 1499 esse
1284 1476 1382 1506 potest,
1407 1470 1464 1498 llac
1489 1471 1561 1497 enim
1587 1470 1702 1500 ratione,
1725 1477 1777 1496 non

951 1530 976 1562 ﬂ
993 1524 1064 1547 esset
1075 1518 1194 1545 TriuitaP
1213 1518 1282 1544 Deus
1299 1525 1306 1544 :
1323 1517 1467 1550 simulque,
1484 1523 1533 1542 nec
1551 1516 1628 1542 nobis
1642 1515 1708 1542 rietes
1724 1519 1777 1541 tra.

992 1565 1057 1593 didit
1070 1564 1211 1599 Spiritum.
1225 1564 1266 1590 vel
1280 1562 1322 1590 sui
1337 1562 1432 1597 ipsius,
1447 1562 1487 1589 vel
1503 1561 1634 1596 Spiritum
1649 1561 1777 1595 Spiritus.

990 1613 1094 1647 Nempe
1113 1612 1184 1639 euitn
1202 1611 1224 1639 si
1240 1609 1402 1637 Trinitatem
1416 1609 1622 1640 exeesserimus,
1639 1608 1704 1635 nihil
1721 1616 1781 1643 pro-

991 1658 1105 1690 hibebit,
1122 1661 1149 1684 et
1163 1658 1297 1692 quintam,
1313 1659 1341 1683 et
1353 1658 1457 1682 sextam
1474 1661 1617 1689 personam
1638 1653 1664 1680 in
1680 1653 1780 1681 divinis

992 1709 1125 1735 quaerere.
1143 1728 1162 1737 ,

1029 1748 1090 1775 Πιεο
1114 1747 1195 1784 igitur
1218 1747 1297 1778 velle.
1323 1745 1462 1774 hominum
1480 1749 1542 1778 est,
1559 1751 1621 1779 quae
1635 1744 1668 1772 de
1683 1747 1779 1771 sancta

992 1794 1126 1822 Trinitate
1140 1799 1201 1822 sunt
1220 1794 1329 1825 tradita,
1345 1793 1453 1820 auferre
1468 1793 1623 1823 nitentium.
1640 1791 1781 1826 ipsamque

993 1848 1008 1867 e
1024 1841 1135 1875 regione
1159 1839 1416 1874 blasphemantiunt.
1435 1838 1527 1872 Neque
1548 1837 1620 1865 enim
1637 1837 1781 1864 multitudo

993 1893 1170 1921 personarum
1186 1889 1226 1912 est
1236 1905 1243 1918 ,
1261 1885 1308 1912 scd
1325 1892 1410 1920 usque
1425 1885 1459 1911 ad
1474 1884 1637 1911 Trinitatem
1651 1889 1780 1918 progrer

993 1939 1039 1959 SUS
1054 1937 1096 1958 est
1112 1938 1251 1958 numerus.

1031 1977 1164 2010 Quocirca
1189 1982 1230 2004 est
1246 1975 1354 2010 quidem
1380 1975 1497 2010 Spiritus
1517 1980 1628 2003 sanctus
1645 1982 1677 2001 ex
1693 1973 1782 2002 Patris

994 2031 1024 2051 ac
1040 2023 1100 2050 Filii
1116 2022 1247 2054 essentia,
1265 2023 1323 2050 sive
1334 2030 1368 2049 ex
1385 2021 1539 2050 substantia
1554 2021 1643 2048 Patris
1659 2029 1691 2048 ac
1707 2020 1780 2053 Filii,

993 2069 1143 2096 secundum
1164 2068 1291 2095 traditam
1305 2068 1448 2101 rationem,
1460 2075 1513 2094 non
1533 2067 1559 2094 iu
1576 2070 1706 2102 quantum
1724 2067 1783 2092 dua:

994 2115 1153 2142 substantiae
1174 2119 1253 2147 sunt,
1274 2114 1320 2141 sed
1347 2121 1377 2141 ea
1400 2114 1516 2144 ratione,
1536 2120 1588 2148 qua
1612 2120 1694 2139 unum
1719 2117 1783 2138 sunt

993 2161 1074 2188 Pater
1087 2165 1114 2188 et
1133 2160 1229 2193 Filius,
1249 2160 1423 2194 producendo
1447 2159 1563 2191 scilicet,
1581 2158 1652 2192 quod
1674 2158 1783 2190 utrique

993 2213 1138 2233 commune
1157 2210 1198 2232 cst
1211 2225 1217 2237 ,
1236 2210 1264 2232 ut
1282 2212 1352 2239 strpe
1369 2204 1425 2238 jam
1442 2204 1582 2235 diximus;
1601 2208 1682 2238 atque
1700 2203 1762 2230 hinc
1774 2222 1782 2235 ,

994 2258 1082 2285 neque
1097 2250 1291 2285 eonglutinatio
1308 2251 1361 2277 crit.
1382 2250 1471 2278 Patris
1497 2255 1525 2277 ct
1544 2246 1624 2283 Filii;
1644 2257 1694 2277 nec
1709 2249 1781 2276 enim

995 2297 1174 2325 Substantiale
1187 2302 1239 2330 est,
1256 2298 1423 2331 producere;
1439 2304 1528 2330 neque
1550 2304 1603 2323 una
1626 2296 1781 2323 substantia

997 2348 1037 2370 est
1063 2343 1145 2371 Pater
1159 2350 1186 2371 et
1205 2343 1310 2379 Filius;
1326 2351 1413 2378 neque
1433 2343 1486 2370 dtto
1511 2343 1642 2377 principia
1657 2362 1665 2374 ,
1682 2342 1782 2376 quippe

998 2398 1068 2417 unus
1083 2390 1234 2424 producens
1249 2378 1365 2422 est.'Qui
1377 2390 1451 2416 etiim
1469 2388 1638 2423 producitur,
1655 2395 1687 2415 ex
1703 2387 1783 2414 Patre

997 2443 1044 2469 per
1059 2435 1156 2462 Fdium
1178 2436 1347 2471 producitur,
1365 2440 1392 2462 et
1416 2435 1540 2469 procedit
1568 2442 1622 2461 uno
1641 2441 1779 2469 processu.

997 2481 1089 2516 Neque
1104 2481 1165 2509 Filii
1181 2489 1262 2509 causa
1282 2486 1341 2514 est;
1358 2481 1409 2508 hoc
1423 2480 1495 2507 enim
1520 2485 1618 2514 praeter
1638 2479 1782 2506 terminum

996 2528 1098 2563 proprii
1119 2535 1262 2562 processus
1274 2532 1326 2554 est.
1344 2527 1404 2561 Ipse
1426 2526 1525 2561 quippe
1548 2533 1597 2559 per
1616 2524 1713 2551 Filium
1729 2530 1780 2553 est.

993 2573 1088 2608 Neque.
1101 2573 1142 2601 sul
1157 2573 1253 2607 ipsiusI
1270 2572 1339 2600 nihil
1355 2572 1426 2598 cnim
1441 2572 1528 2606 ipsunt
1545 2571 1586 2598 sui
1603 2571 1689 2606 ipsius
1701 2578 1782 2597 causa

993 2625 1044 2648 est.
1060 2619 1153 2654 Neque
1166 2626 1289 2654 personae
1307 2619 1438 2650 alterius;
1459 2617 1581 2645 Trinitas
1599 2618 1670 2645 enim
1691 2625 1783 2652 persu-

994 2674 1089 2693 narum
1109 2666 1180 2693 Deus
1191 2671 1242 2693 est.
1257 2665 1338 2700 Atqui
1354 2672 1405 2692 nec
1419 2664 1488 2692 Filio
1504 2668 1546 2691 est
1558 2664 1656 2691 minor.
1673 2663 1739 2690 Nam
1757 2667 1784 2690 et

994 2712 1081 2740 Filius
1104 2711 1221 2739 causalis
1241 2712 1388 2742 cxsistens.
1411 2719 1443 2738 ae
1460 2710 1598 2738 secumlus
1615 2718 1628 2737 a
1645 2709 1725 2737 PatFe
1741 2718 1784 2736 se-

997 2758 1115 2786 cundum
1130 2758 1300 2793 perSOualetu
1316 2757 1457 2791 ordinem;
1475 2765 1529 2786 non
1554 2757 1614 2785 ideo
1631 2763 1719 2785 tamen
1737 2755 1785 2783 Pa-
