1934 3063
149 178 197 214 181
700 187 901 218 ADVERSUS
917 185 1074 216 GKECOS
1091 187 1154 217 LIB
1185 187 1243 218 ill.

1735 185 1786 218 182

149 243 191 264 tre
206 238 296 266 minor
312 242 351 266 est
366 260 373 272 ,
391 247 425 267 ne
449 239 530 267 Pater
545 238 653 275 quidem
676 241 824 276 profectinr
839 241 943 267 idcirco
958 243 980 271 Α
995 241 1057 273 erit.
1074 241 1120 268 sed
1138 241 1232 273 Filius,
1251 246 1277 267 ut
1296 241 1396 268 dictum
1413 245 1454 268 cst
1470 249 1476 268 :
1494 242 1600 276 duoque
1617 242 1662 268 ﬁlii
1681 242 1707 268 in
1722 242 1785 269 Tri-

149 289 199 316 cst,
219 285 348 319 quoniam
368 293 402 313 ex
429 286 502 313 nullo
529 291 581 314 est.
610 286 664 314 Ista
689 287 762 314 enim
791 287 941 313 secundum

147 331 345 364 substantiales
359 332 507 359 relationes
532 338 613 366 sunt,
631 341 691 368 qua:
710 338 868 361 natttrarum
887 341 942 360 non

146 376 279 403 inducunt
297 376 490 405 diliercntiam.

185 421 233 450 llis
258 423 341 458 igitur
360 423 397 450 ita
414 425 577 459 enucleatis,
601 433 633 457 ac
660 425 741 454 Patre
769 427 880 461 quidem
895 428 941 454 "ex

148 466 223 494 nullo
236 467 397 500 exsistente,
414 467 482 495 Filio
497 475 587 496 autent
603 478 633 497 ex
656 478 710 497 uno
722 474 749 497 et
765 471 824 497 solo
848 470 940 505 Patre,

146 517 246 538 sancto
256 518 346 539 autem
361 513 466 547 Spiritu
483 523 514 542 ex
535 516 622 549 primo
639 524 687 551 per
700 516 828 549 medium,
844 517 940 545 tertius

145 564 195 590 per
214 557 332 584 medium
358 559 448 592 primo
463 561 648 595 conjungitnr.
669 561 729 588 Filii
755 562 856 596 quippe
880 571 940 590 me-

145 601 230 629 dlatio
245 607 272 629 el
292 603 342 630 sibi
361 604 412 638 ipsi
427 605 557 639 unigeniti
581 607 709 634 honorem
725 614 826 640 servat,
841 613 868 635 et
881 609 940 643 Spi-

146 647 229 674 ritum
245 649 362 676 naturali
379 651 412 676 ad
430 650 537 678 Patrem
556 652 651 680 itabitu
673 653 785 681 minime
800 654 917 682 excludit
930 675 938 687 ,

146 698 174 719 ut
191 694 229 720 ait
245 693 395 730 Gregorius
408 693 559 731 Nyssenus;
576 700 671 733 sicque
685 699 761 734 juxta
779 701 869 734 magni
886 702 938 728 Ba-

145 740 199 766 silii
216 741 394 775 sententiam,
412 747 437 768 et
455 744 614 771 substantia:
633 744 819 782 [hypostascs]
836 754 938 774 conce-

145 786 258 819 duntur,
273 792 298 814 et
314 788 388 823 piutn
402 789 475 817 unici
493 790 664 825 principatus
679 791 777 828 dogma
794 800 847 820 non
865 794 939 820 deci-

144 830 193 858 dit.
208 832 300 867 Atque
322 834 358 860 ita
383 841 475 862 sermo
494 835 574 862 nobis
596 836 629 862 ad
653 836 816 871 principium
833 838 936 870 rediit;

144 879 248 913 quippe
264 887 328 906 cum
353 885 456 907 sanctae
473 881 618 909 Trinitatis
642 882 743 910 ordine
762 883 937 911 inchoaveri-

144 933 219 956 mus,
237 926 270 952 ad
287 927 375 961 ipsum
391 935 500 955 rursum
514 928 636 956 ordinem
653 930 838 964 pervenimus.

179 972 208 999 Si
227 973 308 1007 igitur
324 973 415 1000 hisita
433 974 585 1007 concessis,
603 975 670 1002 nihil
687 975 797 1010 quidem
814 984 845 1004 ex
859 978 936 1010 ratis,

142 1024 226 1054 atque
239 1021 375 1047 communi
397 1020 459 1049 ﬁdei
475 1022 651 1050 confessione
669 1024 873 1058 comprehensis
887 1025 938 1052 tol-

143 1065 221 1098 litur,
249 1065 368 1100 ﬁdeique
391 1068 533 1102 principiis
558 1075 590 1095 ac
614 1074 770 1096 sanctorum
791 1071 937 1098 sententiis

141 1112 234 1138 omnia
252 1118 421 1146 consonant;
435 1121 586 1148 eorumque
599 1116 645 1149 qui
667 1123 699 1142 ex
720 1115 812 1147 Patre,
827 1122 854 1143 ct
868 1116 937 1145 Filio

141 1157 275 1192 Spiritum
293 1164 418 1186 sanctum
439 1159 614 1194 conﬁtentur,
632 1162 733 1188 veritas
759 1163 886 1198 utrinque
906 1171 937 1191 se

140 1205 242 1239 aperit,
259 1213 292 1232 ex
308 1206 429 1240 propriis
445 1207 551 1234 scilicet
572 1215 604 1234 ac
620 1209 769 1235 secundum
786 1217 815 1236 se
836 1211 937 1244 produ-

139 1252 194 1278 etis
211 1251 366 1279 rationibus
381 1259 390 1279 :
409 1253 489 1280 nobis
507 1253 616 1288 quidem
635 1255 659 1281 id
674 1255 747 1289 quod
762 1255 842 1283 initio
858 1257 938 1284 insti-

139 1301 297 1328 tueramus,
313 1297 393 1325 ﬁnem
407 1299 534 1334 accipiet.
551 1299 665 1327 Constat
681 1309 755 1333 vero,
771 1309 820 1329 eos
834 1302 882 1337 qui
903 1310 936 1329 ex

139 1342 223 1370 Patre
240 1343 301 1370 solo
316 1344 484 1372 conﬁtentur
507 1345 639 1379 Spiritum
659 1351 782 1374 sanctum
795 1368 803 1380 ,
821 1348 936 1375 veritate

137 1388 291 1423 frustrari;
310 1391 400 1425 ipsunt
415 1392 487 1419 enim
510 1391 653 1420 Trinitatis
669 1393 793 1421 ordinem
817 1395 936 1426 tollunt,

139 1443 190 1470 per
205 1443 288 1470 quem
304 1436 374 1464 alius
390 1438 500 1472 quidem
522 1443 573 1470 cst,
596 1446 629 1466 ex
652 1439 740 1474 primo
767 1445 850 1476 atque
873 1442 937 1469 hinc

139 1481 270 1511 miscent.
284 1486 312 1509 et
324 1483 496 1510 confundunt
512 1484 673 1517 discretum,
687 1491 714 1513 et
726 1487 937 1520 supersubstan-

139 1526 205 1552 tiale
217 1534 329 1557 nomen,
341 1531 368 1554 et
383 1535 439 1554 rem
457 1527 558 1560 Patris,
570 1529 642 1562 Filii,
657 1536 682 1556 et
697 1529 817 1564 Spiritus
834 1533 935 1565 sancti,

138 1570 333 1606 Spiritumque
348 1578 472 1600 sanctum
490 1582 522 1601 ex
536 1573 619 1601 Patre
634 1582 694 1602 csse
713 1576 773 1603 sine
790 1577 878 1605 medio
892 1578 935 1604 di-
948 1582 970 1611 α

137 1623 246 1649 centes,
261 1617 351 1652 ipsum
364 1619 445 1646 etiam
462 1620 580 1654 proprie,
596 1627 628 1647 ac
639 1622 861 1649 substantialiter
874 1631 936 1651 esse

138 1664 276 1699 Spiritum
294 1664 434 1697 auferunt;
449 1665 556 1693 sublato
571 1667 671 1701 quippe
684 1667 858 1695 substantiali
875 1669 936 1704 ejus

137 1718 285 1745 proecssu,
296 1711 372 1745 juxta
388 1711 559 1745 procedentis
576 1713 720 1746 rationem,
739 1714 781 1740 vel
803 1721 856 1741 non
871 1723 935 1749 pro—

137 1757 243 1783 cedens
255 1756 313 1788 erit
320 1755 450 1791 Spiritus,
461 1757 501 1784 vel
514 1757 591 1792 juxta
604 1758 753 1786 nativitatis
764 1767 934 1793 processum,

137 1802 228 1830 Fliltl’s‘
242 1803 315 1834 erit,
330 1803 480 1830 secundum
499 1810 582 1839 quem
606 1804 692 1832 Filius
713 1812 746 1831 ex
768 1803 850 1833 Patre
875 1807 936 1834 sine

138 1849 232 1876 medio
248 1850 381 1877 nascitur.
696 1852 699 1855 ’

173 1893 263 1921 Porro
282 1894 400 1922 Verbum
424 1895 470 1923 Dei
491 1896 660 1930 unigenitum
674 1916 682 1930 ,
705 1898 937 1934 signaculumque

137 1941 281 1968 uniforme
304 1941 404 1974 Patris,
421 1947 505 1977 atque
530 1943 698 1971 immobilem
721 1945 934 1973 incommutabi-

137 1987 250 2022 lemque
266 1987 393 2021 ﬁguram,
408 1994 434 2016 et
449 1996 511 2016 eum
529 1989 576 2024 qui
591 1997 623 2017 ex
640 1989 721 2018 Patre
740 1995 817 2018 totus’
831 1998 864 2019 ex
880 1996 936 2019 tolo

137 2033 262 2067 perfecte
272 2033 436 2066 resplendet,
450 2034 759 2070 incommutabilemque
774 2036 934 2071 imaginem,

137 2083 164 2105 et
175 2077 269 2105 Palris
280 2078 478 2113 deﬁnitionem,
493 2087 524 2107 ac
537 2079 666 2114 Verbum,
676 2082 795 2109 maxime
807 2088 935 2117 paterno-

137 2131 196 2151 rum
207 2124 340 2151 bonorum
352 2125 519 2158 fraudantes,
541 2125 692 2158 identitate,
714 2135 774 2162 quae
790 2128 868 2156 illiad
885 2128 936 2156 Pa-

138 2175 207 2197 trem
228 2175 281 2201 rst,
297 2176 484 2206 perpetuaque
497 2173 649 2200 constantia
670 2173 836 2207 excludunt;
860 2177 932 2210 quod

138 2216 247 2243 Ariana:
261 2217 409 2251 impietatis
423 2222 473 2245 est.
493 2217 525 2245 Et
543 2219 673 2253 quoniam
690 2219 735 2255 qui
751 2228 804 2248 non
816 2221 933 2249 honorat

137 2262 248 2293 Filium,
269 2270 319 2289 nec
339 2262 444 2290 Patrem
466 2265 593 2298 honorat,
611 2270 639 2292 ut
658 2265 716 2300 ipse
730 2265 860 2294 Dominus
872 2268 909 2295 ait
925 2277 932 2297 :

138 2308 190 2341 Qui
205 2309 274 2335 ridet
289 2317 338 2341 me,
356 2309 424 2336 ridet
437 2315 461 2336 et
478 2310 586 2338 Patrem
601 2320 611 2339 .'
623 2313 747 2347 quoniam
763 2314 864 2342 omnia.
877 2322 935 2349 qtuz

136 2353 212 2380 habet
226 2354 387 2388 l‘ater,,mea
401 2357 494 2387 sunt’;
507 2365 594 2392 neque
608 2357 716 2386 Patrem
728 2365 835 2391 natura,
846 2365 874 2387 et
889 2354 935 2387 ve;

137 2408 196 2427 rum
211 2401 322 2428 P~trcm
337 2422 344 2433 ,
363 2409 393 2427 ac
410 2401 562 2437 perfectum
577 2409 709 2439 cogentur
725 2405 863 2438 confiteri,
881 2407 939 2434 nisi'

138 2446 210 2473 Patri
232 2447 329 2474 similis
355 2448 441 2476 Filius
459 2449 511 2481 sit,
530 2455 612 2484 atque
628 2451 654 2477 in
672 2458 702 2478 se
721 2451 780 2485 ipso
799 2451 908 2479 Patrem
923 2473 930 2485 ,

138 2493 210 2519 unde
225 2494 371 2527 processit,
387 2494 508 2528 perfecte
523 2495 624 2522 indicet
639 2504 645 2522 :
658 2502 758 2530 prteter
770 2497 856 2523 solum
870 2506 931 2525 esse

139 2537 258 2571 Patrem,
272 2539 350 2572 juxta
365 2548 523 2568 sanctorum
540 2541 714 2569 sententiam.
729 2542 797 2570 Nam
811 2543 856 2577 qui
871 2543 933 2578 Spi-

139 2584 221 2610 ritum
243 2588 369 2612 sanctmn
388 2585 413 2612 in
441 2585 509 2614 F-ilio
533 2595 586 2614 non
612 2588 766 2623 conspicit,
790 2596 879 2623 neque
905 2589 932 2617 in

140 2627 220 2656 Patre
235 2630 397 2665 conspicict.
412 2630 462 2664 Qui
476 2632 548 2659 enim
568 2633 639 2660 videt
652 2632 763 2663 Eilitun.
777 2639 804 2660 et
823 2633 931 2662 Patrem

139 2673 223 2701 videt.
240 2675 309 2708 luto,
325 2676 401 2711 juxta
420 2686 546 2713 magnum
563 2680 757 2712 Athanasium,
775 2682 903 2716 quoniam
917 2689 932 2708 a

141 2717 221 2746 Patre
235 2723 382 2756 procedere
399 2724 500 2751 dicitur
510 2745 517 2758 ,
540 2726 601 2753 ideo
622 2728 751 2762 quoniant
767 2735 782 2753 a
797 2727 865 2755 Filio
879 2734 931 2759 est.

140 2766 184 2798 qui
207 2773 269 2793 cum
284 2774 345 2794 esse
367 2775 446 2803 negat
468 2778 501 2798 cx
527 2770 606 2804 Filio,
632 2780 719 2807 neque
738 2781 752 2800 a
769 2773 850 2801 Patre
872 2782 933 2802 esse

141 2811 326 2841 conﬁtebitur.
349 2813 375 2840 ld
394 2815 416 2842 si
434 2816 470 2843 ita
493 2817 563 2850 erit,
579 2819 691 2847 omnino
709 2827 762 2847 nou
781 2821 932 2855 procedens

166 2892 187 2916 n'
213 2900 293 2930 Joan.
324 2904 512 2940 xtv,'9;X\’i,
534 2907 574 2935 15.
614 2908 623 2923 ’
638 2907 718 2936 Joan.
736 2915 776 2943 tu,
795 2909 839 2936 56.

997 287 1082 314 nitate
1097 292 1188 316 erunt.
1206 287 1272 314 nihil
1288 288 1442 315 differentes
1461 295 1474 314 a
1499 296 1528 315 se
1544 289 1658 315 invicem
1672 308 1679 318 ,
1703 294 1786 322 atque

995 333 1029 359 ita
1048 333 1156 360 habitus
1172 334 1203 359 ad
1223 334 1358 364 invicem,
1378 341 1409 360 ac
1427 333 1556 360 discretio
1572 334 1700 366 tolletur;
1723 335 1782 360 sola

993 379 1066 406 enim
1083 387 1172 406 causa:
1187 379 1358 414 causalfsque
1375 380 1478 407 ratione
1493 400 1499 410 ,
1527 380 1633 407 divinas
1657 380 1778 407 discerni

993 432 1123 458 personas
1144 433 1159 452 a
1177 426 1280 453 sanctis
1297 426 1464 460 accepimus,
1489 432 1515 453 et
1539 426 1627 453 Verbo
1654 435 1667 452 a
1698 435 1783 454 causa

993 471 1140 504 Subdiviso,
1154 477 1275 498 sanctam
1291 472 1449 499 Trinitatem
1461 473 1494 499 ad
1513 481 1542 499 se
1557 473 1642 506 ipsam
1665 474 1690 499 in
1709 473 1783 500 nullo

991 516 1044 542 nisi
1061 518 1233 544 concorditer
1248 517 1358 544 habere.
1383 518 1419 544 lia
1443 518 1525 552 igitur
1542 519 1707 546 beatissima:
1723 519 1784 546 Tri—

993 562 1084 588 uitatis
1107 563 1206 589 serietn
1231 568 1313 597 atque
1338 563 1483 591 insolubile
1512 565 1618 592 ordinis
1642 565 1781 591 vinculum

992 607 1138 640 auferunt,
1158 609 1332 643 singulasque
1357 609 1511 636 divinarum
1531 618 1727 643 personarum,
1754 617 1782 638 et

991 654 1122 688 dignitate
1138 662 1269 689 congrua,
1281 658 1308 682 et
1325 655 1436 689 propria
1450 655 1601 682 substantia
1616 663 1665 690 per
1678 664 1709 683 ea
1722 664 1783 691 quae

990 699 1092 732 dicunt.
1109 701 1249 735 deponunt
1266 710 1272 727 ε
1290 701 1347 728 sive
1365 701 1474 736 penitus
1499 702 1641 736 dejiciunt.
1666 703 1782 738 Oblique

990 751 1081 773 autem
1099 747 1255 780 hujusmodi
1269 747 1436 782 blasphemia
1454 747 1553 774 Filium
1571 748 1702 783 respicit,
1720 757 1781 784 quae

989 797 1016 819 et
1033 792 1084 819 aiia
1103 793 1220 827 plurima
1239 793 1357 820 absurda
1375 800 1468 820 secum
1487 794 1583 821 trahit.
1603 794 1664 821 Uno
1682 796 1757 822 enim
1770 815 1778 826 ,

990 837 1089 872 inquit,
1108 845 1249 871 concesso,
1276 838 1394 873 plurima
1418 839 1508 874 inepta
1530 845 1690 874 sequuntur.
1707 841 1738 867 Et
1758 841 1782 869 si

990 884 1062 911 enim
1078 892 1125 912 ore
1141 891 1193 911 non
1215 884 1266 912 ista
1284 884 1464 918 conﬁtentur,
1481 893 1566 920 neque
1580 893 1609 913 se
1626 887 1661 913 ita
1677 888 1782 914 sentire

991 934 1163 962 asseverant,
1179 930 1260 957 etiam
1276 930 1298 957 si
1315 930 1414 963 nolint,
1430 931 1457 958 in
1473 938 1506 958 eo
1526 932 1732 966 prrtralmntur.
1750 933 1782 959 Et

989 975 1012 1003 si
1033 975 1132 1003 Filium
1151 976 1415 1004 consubstantialem
1433 977 1613 1010 conﬁtentur,
1629 978 1673 1004 illa
1689 983 1780 1005 tamen

989 1021 1083 1049 dicunt
1102 1029 1134 1048 ex
1151 1023 1253 1056 quibus
1268 1022 1320 1049 hoc
1337 1023 1452 1049 tollitur.
1476 1023 1571 1056 Neque
1589 1024 1662 1050 enim
1681 1024 1781 1051 suiﬁrit

989 1067 1106 1094 absurda
1124 1075 1223 1102 negare
1236 1088 1243 1100 ,
1258 1068 1300 1094 rei
1317 1068 1368 1095 ista
1386 1076 1434 1096 ore
1453 1076 1508 1095 non
1524 1069 1626 1102 diecre,
1644 1077 1728 1104 seque
1744 1071 1781 1097 ita

988 1114 1103 1145 sentire,
1122 1114 1268 1149 denegare,
1286 1114 1338 1140 nisi
1355 1119 1381 1141 et
1401 1114 1446 1140 illa
1468 1115 1561 1142 dicere
1577 1122 1704 1145 caveant.
1720 1116 1780 1151 qui-

988 1160 1039 1187 bus
1059 1160 1173 1195 positis,
1190 1160 1348 1187 necessario
1373 1159 1489 1187 absurda
1509 1165 1670 1194 sequantur.
1691 1161 1758 1188 Nam
1771 1182 1780 1194 ,

989 1205 1064 1231 verbi
1081 1205 1167 1239 gratia
1182 1225 1189 1234 ,
1209 1204 1345 1232 Sabellins
1361 1205 1469 1240 quidem
1487 1213 1516 1233 se
1539 1206 1681 1238 jndaitarc
1697 1207 1783 1233 dona-

988 1249 1080 1284 gabat.
1102 1250 1148 1276 sed
1172 1249 1325 1276 divinarum
1342 1257 1519 1284 personarum
1538 1249 1703 1278 Trinitatem
1727 1259 1781 1278 non

989 1295 1148 1325 admittens.
1165 1295 1192 1322 in
1207 1295 1233 1321 id
1245 1315 1252 1325 .
1268 1295 1310 1322 vel
1331 1295 1433 1322 invitus
1460 1295 1660 1330 impellebatur.
1678 1297 1710 1324 Et
1731 1296 1781 1324 Ju-

988 1341 1038 1368 daei
1061 1341 1169 1376 quidem
1191 1341 1328 1368 honorare
1350 1348 1378 1368 se
1404 1339 1489 1368 Deum
1509 1343 1688 1374 arbitrantur,
1707 1342 1780 1369 illius

988 1394 1019 1414 se
1034 1387 1133 1421 legem,
1153 1391 1182 1413 ut
1206 1386 1259 1414 illis
1283 1387 1336 1414 lata
1361 1392 1414 1419 est,
1444 1387 1522 1422 sequi
1549 1393 1712 1419 asserentes.
1734 1389 1780 1416 sed

988 1433 1024 1461 ita
1043 1433 1199 1467 Scripturas
1216 1437 1378 1468 exponunt,
1397 1439 1426 1460 ut
1442 1434 1482 1462 eis
1505 1435 1545 1462 lex
1564 1443 1651 1469 neque
1665 1435 1705 1462 vel
1723 1443 1782 1464 mo-

988 1479 1049 1506 dice
1067 1479 1162 1514 prosit.
1178 1479 1272 1514 Neque
1294 1479 1366 1506 enim
1391 1480 1498 1508 salvare
1523 1486 1628 1516 potest,
1653 1489 1676 1509 et
1696 1482 1781 1509 Deum

987 1532 1037 1559 per
1056 1532 1087 1552 ea
1103 1533 1163 1560 qua:
1179 1525 1290 1557 dicunt,
1307 1526 1483 1554 inhonorant.
1499 1527 1550 1559 Qui
1567 1529 1638 1555 enim
1663 1537 1714 1555 nou
1733 1529 1779 1554 ho-

987 1575 1067 1596 norat
1090 1570 1200 1602 Filium,
1227 1578 1316 1604 neque
1330 1571 1437 1598 Patrem
1455 1571 1590 1604 honorat;
1603 1579 1629 1600 et
1644 1582 1650 1600 :
1667 1574 1717 1605 Qui
1729 1582 1782 1601 non

989 1616 1074 1643 credit
1089 1616 1169 1649 Filio,
1189 1625 1240 1644 non
1257 1616 1354 1643 uidebit
1375 1617 1468 1650 vitam,
1484 1618 1530 1644 sed
1555 1619 1596 1646 ira
1621 1619 1670 1646 Dei
1692 1625 1781 1646 manet

987 1670 1067 1697 super
1081 1671 1152 1696 enin,
1169 1667 1199 1690 ut
1213 1664 1251 1691 ait
1265 1663 1323 1698 ipse
1338 1664 1470 1691 Doutinus
1486 1665 1507 1691 ‘.

1022 1707 1137 1735 Constat
1151 1715 1185 1735 ex
1200 1707 1243 1735 Itis
1269 1716 1333 1739 una,
1353 1716 1406 1735 non
1434 1715 1544 1743 parvam
1573 1710 1692 1744 aliquam
1721 1718 1782 1738 esse

987 1753 1168 1782 diﬂ‘erentiam
1181 1761 1274 1781 comm
1292 1754 1338 1789 qui
1357 1761 1389 1781 ex
1403 1755 1482 1782 Patre
1497 1760 1525 1783 et
1542 1756 1622 1788 Fliio,
1633 1757 1734 1792 quique
1747 1765 1781 1784 ct:

986 1800 1071 1828 Patre
1086 1801 1144 1828 solo
1159 1800 1290 1834 Spiritum
1314 1806 1439 1828 sanctum
1472 1803 1620 1836 procedere
1648 1803 1782 1830 sentiunt.

987 1845 1018 1873 in
1033 1846 1090 1880 ipsa
1108 1854 1224 1881 namque
1237 1847 1298 1874 ﬁdei
1314 1846 1400 1878 initia,
1410 1849 1780 1883 sanctorumquedoctrinam

987 1893 1167 1924 intuentibus,
1186 1893 1255 1919 nihil
1273 1892 1326 1920 erit
1341 1892 1484 1920 didercns.
1502 1893 1688 1922 Connnunitcr
1706 1895 1777 1921 enim

987 1940 1038 1966 hos
1054 1939 1109 1967 Deo
1126 1939 1318 1974 conjungentc,
1335 1940 1368 1966 de
1393 1939 1444 1966 hoc
1470 1947 1566 1966 omnes
1593 1941 1779 1969 censentium.

988 1985 1027 2013 Illi
1043 1986 1152 2020 quidem
1177 1990 1205 2012 et
1227 1985 1329 2012 eisdem
1355 1991 1464 2013 utentes
1481 1986 1662 2019 dictiOuiluts;
1680 1988 1706 2014 hi
1729 1996 1779 2014 au-

988 2035 1042 2058 tem
1063 2038 1112 2065 per
1134 2031 1201 2058 alias
1225 2031 1423 2066 mquivalcntes
1449 2032 1482 2058 ad
1512 2032 1636 2059 eumdem
1657 2035 1779 2062 veritatis

987 2078 1070 2104 finem
1091 2077 1297 2104 contendentes.
1317 2077 1418 2108 Veluti,
1431 2077 1453 2104 si
1469 2078 1530 2112 quis
1547 2079 1674 2113 patriam,
1692 2081 1779 2108 solttm

987 2123 1120 2158 patrium,
1147 2131 1195 2150 seu
1211 2130 1314 2150 reetam
1332 2123 1441 2156 lineam,
1459 2125 1634 2164 mquamavcl
1650 2126 1778 2160 parilem,

987 2169 1030 2196 vel
1047 2176 1154 2200 novem,
1167 2176 1208 2195 ter
1219 2169 1269 2195 tria
1282 2169 1352 2196 dicat
1367 2177 1375 2202 ;
1389 2169 1516 2204 nullaque
1527 2168 1597 2205 apud
1608 2171 1778 2206 Scripturam

988 2221 1123 2246 sanctam,
1144 2220 1309 2247 sanctosque
1325 2215 1419 2243 Patres
1435 2217 1572 2244 inVenitur
1584 2219 1737 2252 contentio,
1753 2220 1777 2246 si

948 2251 1049 2297 anis
1075 2263 1108 2288 ad
1135 2262 1220 2288 solam
1245 2262 1283 2289 rei
1306 2262 1444 2290 intueatur
1467 2263 1636 2292 veritatem:
1661 2267 1729 2293 adeo
1750 2272 1780 2293 ut

988 2316 1048 2343 quae
1064 2316 1078 2335 a
1097 2309 1201 2336 sanctis
1214 2308 1352 2341 orttnibus,
1367 2314 1448 2343 atque
1463 2309 1496 2336 ab
1508 2310 1631 2344 utrisque
1643 2312 1777 2344 partibus.

987 2355 1031 2388 pie
1062 2353 1232 2387 ﬁdeliterque
1254 2353 1326 2380 dicta
1343 2358 1418 2384 sunt,
1436 2353 1487 2380 sibi
1505 2354 1621 2381 invicem
1635 2362 1694 2381 esse
1711 2363 1777 2381 conv

987 2407 1066 2431 sena,
1088 2407 1232 2434 sacrisque
1258 2399 1356 2426 litteris
1370 2406 1492 2434 congrua
1518 2400 1599 2427 fateri
1623 2402 1779 2428 necessario

986 2454 1128 2480 cogamur.

1023 2492 1133 2525 Verum,
1147 2500 1195 2527 pro
1213 2491 1346 2527 memimn
1367 2492 1550 2525 expositione,
1573 2499 1619 2520 seu
1643 2500 1779 2527 pra‘sunt-

987 2539 1089 2574 ptioue,
1106 2546 1155 2566 seu
1175 2538 1324 2571 vohmtate,
1341 2545 1388 2566 seu
1401 2538 1454 2565 alia
1470 2539 1566 2573 quavis
1582 2539 1735 2567 intentione
1749 2539 1777 2566 in

989 2590 1086 2617 totum,
1104 2589 1131 2612 el
1146 2585 1267 2618 omnino,
1292 2585 1363 2619 quod
1391 2585 1500 2617 dicitur,
1528 2584 1628 2617 differt,
1652 2593 1777 2619 prorsus-

986 2640 1040 2667 qne
1076 2631 1249 2659 manifestam
1279 2631 1505 2658 contradictionis
1537 2639 1654 2666 pugnam
1682 2632 1774 2658 habet.

989 2680 1087 2715 Liquet
1103 2684 1192 2706 autem
1208 2678 1234 2704 id
1248 2677 1320 2712 quod
1345 2677 1383 2704 illi
1405 2677 1514 2712 quidem
1533 2677 1644 2704 tertium
1663 2685 1677 2703 a
1696 2677 1777 2704 Patre

988 2726 1120 2761 Spiritum
1146 2724 1311 2752 conﬁtentur
1331 2723 1408 2759 juxta
1431 2724 1602 2758 personalem
1632 2723 1776 2755 ordinem;

987 2779 1014 2801 et
1037 2773 1081 2807 qui
1098 2771 1178 2799 aliter
1197 2770 1328 2802 sentiunt,
1353 2778 1400 2798 eos
1417 2771 1510 2797 divino
1531 2769 1658 2798 reluctari
1683 2769 1775 2796 ordini

987 2820 1166 2849 existimant:
1183 2826 1236 2848 non
1262 2825 1320 2845 eam
1345 2818 1529 2846 observantes.
1545 2823 1625 2852 qualn
1666 2821 1777 2850 accepe-
