1934 3063
183 150 240 190 tto‘

793 160 844 191 ΜΛ
851 162 871 191 .‘i
878 160 991 192 UELIS
1008 163 1050 192 (Σ).
1058 163 1160 193 ΗΞΟΕ

1753 164 1807 198 184

181 220 240 242 rant
255 223 376 243 normam
388 216 604 251 glorificatiouis,
620 224 713 244 verum
731 217 805 244 vocis
819 221 963 251 captantes
981 222 1000 248 Α
1031 223 1209 252 τινοιιιεειιιιιε
1236 218 1458 246 contradictionis
1482 224 1556 248 sunt.
1584 219 1618 247 Et
1639 219 1689 255 ipsi
1716 226 1806 248 autem

181 262 337 289 novitatem.

216 307 274 338 Isti.
290 308 437 335 scentulum
452 317 466 336 a
481 309 560 336 Patre
575 316 635 337 esse
650 310 739 338 aiunt.
754 310 842 345 Atque
856 310 893 337 1111
909 310 968 344 qni-

180 353 241 380 tlem
253 353 351 381 Filium
366 362 397 381 ex
412 355 491 381 Patre
505 356 563 382 sine
587 355 675 382 medio
691 357 763 383 nasci
792 357 969 387 confitentur,

180 404 264 434 atque
280 400 347 427 Filio
362 405 524 435 pra'ponunt
540 401 682 436 Spiritum.
697 401 749 429 Eos
760 402 884 430 vitandos
897 403 970 429 arbi—

181 449 300 477 trantur,
326 451 353 473 ttt
373 452 463 480 aperte
483 448 576 482 pietati
601 449 777 480 reluctantes,
795 455 875 482 quam
894 450 967 476 scili-

180 495 224 517 cet
242 491 320 518 nobis
351 491 478 519 Dominus
498 493 607 520 tradidit
624 493 650 520 itt
669 494 798 522 salutaris
823 494 970 530 baptisma-

179 537 217 564 tis
243 539 397 565 traditione.
418 538 464 565 isti
483 547 558 570 vero,
589 541 656 568 nihil
673 541 820 576 prohibere
836 541 928 569 dicunt
943 547 970 568 et

180 583 277 610 Ftlintn
294 585 385 611 dicere
405 593 437 612 ex
451 586 614 619 productore
631 594 679 621 per
697 587 857 621 productum
875 586 967 618 nasci;

179 635 261 665 atque
285 631 322 657 illi
340 631 448 665 quidem
464 631 525 659 Filii
546 632 739 659 mediationent
757 640 818 658 cutn
840 621 969 659 Ecclesite

178 677 317 708 magistris
333 677 513 710 confitentur;
529 678 584 709 isti,
601 678 671 704 hanc
695 678 837 705 manifeste
859 683 967 710 negant.

179 721 213 748 Et
230 721 267 748 illi
280 723 388 755 quidem
403 730 434 749 ex
449 722 528 749 Patre
537 731 584 757 per
596 722 694 750 Filium
716 724 864 758 procedere
879 729 905 750 et
922 731 969 756 per

180 774 255 799 cunt,
271 768 316 801 qtti
342 772 395 799 est,
420 769 593 795 continenter
615 777 645 796 ex
665 769 753 803 primo
777 777 838 795 esse
857 769 971 795 credunt

182 811 314 847 Spiritum
331 815 466 840 sanctum.
495 814 527 841 111
545 818 648 846 autem,
669 822 701 842 ex
730 815 789 842 solo
807 814 897 847 Patre,
918 815 971 841 hnc

180 864 233 891 eat,
249 860 308 886 sine
331 860 420 887 medio
441 861 527 894 ipsum
545 862 693 895 procedere
712 861 857 887 allii-mani.
883 861 970 893 Atque

181 905 335 939 illiquitlent
354 914 448 938 unttm,
461 911 487 932 et
505 907 755 940 intemporalem.et
770 911 900 933 :cteruttm
911 906 972 940 Spi-

180 953 248 978 ritus
264 960 431 986 processum.
448 954 595 980 secundum
619 960 698 988 quem
720 960 750 979 ex
767 952 846 980 Patre
872 960 920 986 per
931 951 974 978 Fi-

180 997 246 1024 iiutn
263 999 426 1032 procedil,et
444 999 485 1025 his
497 999 541 1033 qtti
559 1000 708 1026 secundum
727 1004 832 1032 tempus
847 1002 973 1033 possunt,

180 1045 348 1078 agnoseitur,
376 1044 511 1077 fatentur;
543 1052 595 1071 non
622 1045 693 1071 enini
725 1045 814 1078 prodit
849 1044 876 1071 in
907 1048 973 1071 tem-

181 1099 247 1125 pore
269 1091 341 1126 quod
370 1091 494 1126 procedit
527 1099 560 1118 ex
594 1091 659 1123 Deo,
677 1091 785 1117 etiamsi
804 1090 830 1116 1ιι
852 1095 974 1124 tempore

181 1138 307 1164 videatur
336 1137 454 1170 operari.
485 1137 520 1164 lli
550 1141 663 1169 autent,
692 1137 764 1170 quod
796 1143 842 1170 per
876 1134 972 1162 Filium

181 1183 284 1210 dicitttr
307 1183 468 1218 procedere,
490 1183 666 1218 temporalem
693 1182 837 1216 quemdam
861 1188 972 1215 proces-

181 1237 241 1256 sutn
257 1229 400 1263 designare
417 1229 511 1256 dicttnt
527 1237 534 1256 :
552 1236 583 1256 ac
600 1229 746 1262 procedere
757 1227 888 1258 Verbum,
900 1227 972 1261 qttod

180 1281 276 1300 omnes
293 1273 410 1308 Spiritus
426 1273 512 1300 sancti
524 1273 686 1300 substantia:
702 1272 913 1307 signiﬁcatirum
926 1279 973 1299 ac-

181 1325 324 1354 Ceperunt,
349 1324 379 1346 ttt
398 1319 511 1354 intelligi
545 1321 634 1351 datur,
659 1319 709 1353 ipsi
735 1318 892 1350 diliitentur,
908 1319 971 1345 dtttn

184 1371 344 1398 processum
359 1364 434 1391 illum
445 1364 622 1399 temporalem
635 1365 725 1391 dicere
737 1367 889 1397 coguntur:
906 1363 971 1397 quin

186 1409 253 1436 hinc
269 1416 378 1444 quoque
403 1409 472 1436 Filio
493 1414 520 1436 et
538 1409 652 1444 Spiritui
669 1409 829 1444 temporalia
846 1409 970 1441 quaedam

183 1454 312 1481 accedere
331 1463 337 1481 :
357 1454 393 1481 illi
408 1454 533 1489 quidem,
548 1457 632 1486 dare;
649 1454 711 1481 huic
737 1459 836 1485 autem,
857 1453 919 1480 dari
938 1454 971 1480 ab

183 1498 229 1526 illo
245 1503 327 1533 atque
340 1500 420 1530 mitti,
439 1499 532 1526 dicere
547 1504 689 1534 cogentur.

1021 270 1114 298 aperte
1129 265 1259 298 indicant,
1277 273 1330 292 non
1347 273 1455 301 parram
1466 273 1527 293 esse
1537 266 1730 300 dili‘erentiam,
1741 267 1806 294 dum

1021 310 1156 337 abstinent
1171 311 1205 338 ah
1219 312 1345 344 invicem,
1356 311 1563 346 sequeinvicem
1579 312 1726 347 impietatis
1739 313 1808 340 insi-

1019 354 1123 381 mulant
1140 365 1147 382 :
1161 363 1278 389 suosque
1294 356 1513 390 singniialiorunt
1530 357 1748 383 communionem
1764 358 1808 384 fu.

1020 410 1094 436 gere,
1112 403 1241 430 etvitare
1257 402 1414 435 admouent,
1427 409 1458 430 ιιι
1478 404 1635 437 perniciem,
1649 409 1677 430 et
1694 409 1806 437 pestem.

1022 449 1087 476 Utra
1101 453 1190 476 autem
1206 456 1269 482 pars
1283 449 1473 476 cotutnuuibtts
1491 449 1643 476 rationibus
1674 448 1745 480 fidei,
1760 449 1810 475 Pa-

1021 498 1146 528 trttmqne
1166 494 1307 528 theologia:
1328 495 1462 530 cont-inut,
1487 501 1519 520 ex
1551 494 1738 528 superioribus
1751 493 1806 519 cla-

1019 540 1073 566 ruit
1088 547 1237 574 eorumque
1252 540 1425 567 conscientia:
1441 540 1614 574 relinquitur,
1627 540 1671 573 qui
1687 540 1736 566 ista
1755 539 1808 565 iec-

1021 585 1073 611 tttri
1082 590 1154 616 sunt.
1167 585 1217 612 sub
1229 585 1283 612 Deo
1294 589 1406 617 teste,et
1419 590 1514 612 cunt-ta
1531 586 1713 619 inspectante:
1729 585 1808 611 modo

1020 631 1152 665 quispiam
1168 632 1240 658 omni
1253 632 1454 665 anticipatione.
1469 637 1494 658 et
1504 631 1682 658 irrationabili
1699 631 1762 656 odio
1773 638 1806 657 et

1020 678 1112 704 animo
1123 678 1247 712 depulso,
1264 685 1350 712 neque.
1363 686 1415 704 una
1426 678 1514 712 aliqua
1528 678 1661 712 particula
1677 683 1701 704 et
1714 685 1744 703 ea
1762 685 1811 703 ne-

1019 723 1153 756 gligenter
1170 723 1297 757 perlecta,
1311 724 1358 750 sed
1378 724 1503 750 omnibus
1527 725 1674 757 prudenter
1689 728 1713 749 ci
1731 727 1809 749 caute

1019 767 1155 801 decursis,
1167 768 1271 795 medius
1296 769 1438 794 ambarum
1464 769 1579 801 partium
1599 768 1679 802 iudex
1706 770 1809 799 sedeat,

1021 818 1102 846 atque
1134 814 1172 844 ita,
1195 814 1228 841 de
1252 814 1378 840 omnibus
1406 815 1568 841 sententiam
1599 814 1678 841 ferat.
1709 815 1809 848 Aperta

1022 859 1093 886 enim
1105 859 1165 885 fidei
1190 859 1257 886 ratio
1271 864 1483 894 sanctorumque
1492 860 1612 887 doctrina
1623 862 1744 894 exposita
1757 864 1810 886 est.

1026 903 1159 938 Atqueita
1173 909 1261 938 utque
1280 904 1374 931 fierent
1385 905 1528 938 apertiora,
1542 905 1636 932 eadem
1653 906 1693 931 his
1705 910 1811 939 terque,

1025 957 1056 976 ae
1065 949 1172 984 smpius,
1183 951 1296 984 repetita
1309 955 1371 977 sunt
1384 959 1392 978 :
1403 951 1523 986 nihilque
1534 952 1680 983 curiosum,
1697 951 1739 977 rei
1753 958 1796 976 am
1805 966 1812 970 -

1026 993 1158 1020 hitionem
1173 1001 1204 1020 ac
1219 994 1378 1028 jactantiam
1408 995 1533 1022 redolens
1549 996 1574 1021 in
1595 995 1747 1026 huiusmodi
1763 1003 1812 1028 ap-

1025 1045 1102 1073 paret
1127 1039 1297 1073 expositione
1319 1049 1325 1067 :
1353 1048 1440 1074 neque
1467 1041 1565 1074 aliquid
1593 1041 1810 1075 syllogismorum

1025 1085 1184 1120 adjunctutn
1217 1091 1283 1114 est:
1304 1087 1354 1114 ttisi
1373 1087 1473 1121 aliquid
1499 1091 1601 1120 aperte,
1629 1091 1657 1113 et
1679 1087 1750 1120 quod
1777 1087 1811 1112 alt

1025 1133 1150 1159 omnibus
1179 1140 1335 1159 concessum
1357 1137 1440 1164 esset,
1466 1137 1636 1167 sequeretur.
1660 1131 1759 1159 Verum
1778 1139 1810 1158 ex

1024 1178 1091 1212 ipsis
1117 1178 1267 1206 Saivatoris
1289 1179 1390 1211 verbis,
1412 1186 1561 1209 eorumque
1583 1178 1811 1213 expositionibus,

1025 1230 1053 1250 ut
1066 1232 1080 1250 a
1095 1225 1198 1252 sanctis
1216 1225 1341 1252 Patribus
1354 1225 1466 1260 digesta
1483 1230 1556 1256 sunt,
1577 1229 1704 1251 constant
1720 1224 1809 1250 omnia

1025 1270 1150 1304 praedicta
1167 1280 1173 1298 :
1191 1278 1226 1297 ne
1241 1271 1301 1305 quis
1325 1278 1373 1298 nos
1401 1271 1426 1296 itt
1441 1270 1615 1304 persuasione
1629 1269 1752 1296 humana:
1766 1276 1809 1295 sa-

1024 1315 1133 1349 pientiae
1147 1324 1254 1343 crucem
1267 1316 1368 1343 Christi
1395 1323 1526 1343 evacnaru
1553 1317 1633 1348 dicat,
1651 1317 1811 1349 inanemque

1024 1361 1244 1395 prmdicationem
1270 1362 1370 1392 facere.
1387 1362 1410 1388 si
1441 1362 1490 1388 has
1517 1362 1635 1400 argutias
1651 1368 1809 1396 prrst'qttar,

1024 1415 1084 1441 qua
1109 1408 1318 1435 adolescentulis
1341 1414 1448 1442 quoque
1473 1413 1544 1434 nota;
1570 1412 1643 1439 sunt,
1672 1407 1734 1434 inde
1752 1407 1810 1441 glo-

1024 1453 1092 1481 riam
1104 1454 1252 1488 inanesqtte
1269 1453 1440 1480 rumusculos
1459 1461 1605 1487 aucupans.

1059 1499 1126 1532 Quis
1141 1499 1211 1526 enim
1226 1499 1333 1534 ignorat
1348 1499 1431 1526 Deum
1450 1506 1536 1532 neque
1553 1506 1636 1531 genus
1652 1505 1711 1525 esse
1724 1505 1810 1531 neque

221 1546 308 1580 Atque
321 1545 476 1579 illiquidem
486 1546 574 1573 Patris
584 1546 674 1572 omnia
685 1545 895 1580 propria,atqne
904 1552 973 1580 prm—
988 1542 1012 1574 C
1028 1545 1157 1580 speciem,
1179 1553 1267 1580 tthue
1283 1545 1309 1571 in
1326 1545 1368 1571 his
1391 1545 1457 1578 ipsis
1469 1545 1612 1574 contineri.
1637 1544 1682 1570 sed
1701 1544 1809 1570 initium

183 1599 263 1626 ctpua
279 1591 376 1618 Filium
392 1591 494 1618 habere
509 1595 645 1623 asserunt,
658 1596 755 1626 [ιτα-ιρι
764 1591 850 1618 solum
864 1591 970 1618 Patrem

182 1645 262 1666 esse:
277 1644 340 1664 es<e
354 1642 445 1663 autem
469 1636 566 1664 Filium
580 1637 639 1664 sine
659 1637 824 1672 patet-nitate
842 1637 911 1667 sola.
927 1641 970 1663 at-

183 1690 237 1717 que
253 1684 323 1710 ineo
335 1682 393 1709 solo
405 1681 535 1715 diﬂ'erre;
551 1683 603 1710 alia
619 1687 709 1710 autem
721 1683 826 1715 Omnia,
840 1683 878 1709 illi
895 1691 970 1710 cout-

186 1730 315 1762 tnuniler’,
331 1735 356 1756 et
374 1729 477 1764 absque
493 1729 544 1756 ulla
570 1729 701 1756 varietate
716 1729 821 1756 adesse.
834 1728 865 1755 iii
880 1734 970 1756 autem

188 1776 239 1801 ista
257 1774 401 1802 manifeste
414 1780 524 1810 negant.
547 1774 579 1801 Et
595 1774 634 1801 illi
645 1776 751 1808 quidem
769 1775 898 1809 genitoris
912 1774 972 1808 Spi-

183 1821 266 1848 ritum
280 1821 362 1849 etiam
378 1820 474 1848 Filiotn
491 1820 590 1847 ltahere
611 1821 783 1854 confitentur,
796 1821 911 1854 propria‘
925 1828 972 1846 tta-

184 1871 253 1893 tura:
283 1866 394 1897 bonttm,
411 1865 638 1899 quemadmodum
656 1871 683 1891 ct
706 1864 799 1891 Pater.
824 1864 855 1890 111
879 1869 970 1899 autem

186 1909 285 1937 habere
297 1910 406 1944 quidem
433 1909 518 1940 illum.
536 1911 582 1936 sed
609 1918 660 1937 non
680 1910 775 1937 eodem
793 1910 883 1941 modo,
902 1918 971 1937 con-

185 1956 310 1983 tendunt.
327 1957 462 1991 Atqueilli
479 1957 590 1991 quidem
609 1956 740 1991 Spiritum
757 1965 788 1983 cx
802 1956 863 1983 Filii
877 1965 971 1983 essu-n-

183 2002 232 2035 tia,
246 2008 295 2036 pro
312 2009 344 2029 eo
359 2001 430 2036 quod
443 2005 494 2034 est,
508 2008 540 2028 ex
558 2001 707 2028 substantia
717 2000 973 2037 [hypostasi],:dlir-

184 2052 258 2074 mant
270 2055 329 2074 esse
342 2056 349 2074 :
364 2047 435 2074 sit-ut
449 2046 558 2081 etquod
572 2054 604 2074 ex
621 2047 709 2074 Patris
722 2047 839 2074 essentia
847 2048 972 2074 substan-

183 2094 247 2121 tiam
267 2097 408 2127 ponentes.
422 2097 449 2120 et
463 2092 640 2122 substantiam
651 2093 760 2128 quidem
770 2094 828 2121 sine
839 2093 969 2126 essentia,

182 2143 330 2166 essentiam
350 2145 413 2165 vero
427 2139 486 2164 sine
501 2138 653 2166 substantia
668 2139 759 2165 dicere
771 2144 914 2174 coguntur.
930 2138 970 2166 llli

151 2176 154 2180 ’
182 2186 253 2220 quod
262 2186 359 2212 dicitur
371 2192 403 2211 ex
415 2184 473 2212 Filii
487 2185 616 2217 essentia,
628 2192 735 2212 causam
748 2186 855 2220 signare
865 2187 968 2218 dicunt,

182 2241 204 2258 si
218 2237 243 2258 t-t
255 2231 325 2266 quod
339 2231 438 2258 dicitur
452 2238 483 2257 ex
495 2230 585 2257 Patris
598 2233 729 2264 essentia,
746 2232 923 2267 similiterque
936 2241 967 2260 ex

183 2277 252 2304 Filio
263 2276 343 2303 sicuti
354 2277 436 2303 etiam
446 2283 476 2303 ex
488 2275 578 2308 Patre,
596 2276 726 2310 Spiritum
741 2278 897 2311 procedere.
912 2278 968 2311 Isti,

183 2327 212 2353 et
229 2322 306 2349 talde
335 2322 513 2348 reluctantur.
531 2320 583 2352 illi.
602 2322 658 2348 sola
682 2330 771 2350 causa:
799 2325 971 2360 cansalisque

174 2360 302 2400 ’ratiOne.
321 2367 427 2394 divinas
441 2367 561 2394 discerni
577 2368 610 2394 ab
634 2367 748 2395 invicem
769 2377 910 2404 personas.
927 2371 970 2403 lii,

185 2421 238 2440 non
262 2413 320 2440 sola
338 2413 444 2439 dicunt.
469 2411 507 2439 liii
536 2413 739 2446 generationem
767 2414 862 2447 solum,
881 2415 970 2444 Patris

186 2459 366 2487 substantiale
379 2462 493 2492 ponunt.
514 2458 544 2485 lli
558 2463 675 2493 quatuor
693 2459 765 2486 illius
782 2460 970 2490 sttbstautialia

185 2513 247 2533 esse
263 2505 366 2536 volunt.
388 2512 420 2532 ex
433 2504 532 2538 quibus
561 2506 606 2537 sit,
625 2506 767 2540 ingenitum
784 2514 849 2539 esse,
871 2512 896 2533 ει
915 2508 971 2535 sine

187 2551 328 2586 principio.
347 2551 386 2578 liii
403 2552 555 2585 producere
575 2552 755 2579 substantiale
773 2553 846 2580 nttlla
865 2554 970 2581 ratione

186 2605 247 2625 esse
260 2598 350 2625 dicunt
361 2606 369 2631 ;
380 2601 473 2624 contra
489 2597 527 2630 hi,
537 2598 716 2625 substantiale
728 2605 897 2632 asserentes;
914 2600 969 2627 bel-

188 2645 244 2671 lum
265 2644 337 2671 enim
360 2643 579 2679 pertinacissime
604 2645 767 2679 suscipiunt.
791 2645 841 2677 1111,
868 2654 919 2673 nou
936 2655 969 2674 cx

187 2691 244 2716 solo
261 2689 339 2717 Patre
356 2688 502 2724 procedere
521 2689 660 2724 fatentur;
680 2690 723 2718 isti
741 2699 773 2719 ex
794 2691 851 2719 solo
865 2697 892 2718 et
908 2700 969 2721 seu-

186 2737 304 2770 tiunt,et
314 2736 444 2764 scribunt.

222 2781 326 2809 Omitto
339 2782 411 2809 cnim
433 2790 493 2817 quat
510 2783 535 2809 in
557 2783 706 2818 prmtttissis
724 2784 926 2812 evidentissime
939 2792 969 2811 se

185 2825 298 2860 ingerit,
312 2829 413 2855 variam
427 2829 568 2864 uttiusqt'c
583 2830 667 2862 partis
676 2837 805 2865 pugnam,
821 2835 903 2864 atque
917 2830 968 2856 dif-

184 2871 339 2908 ferentiam,
367 2880 393 2902 ct
410 2881 469 2910 qum
494 2876 581 2903 etttil
603 2880 769 2910 sequuntur;
799 2883 857 2910 qme
876 2876 967 2903 omnia

1024 1591 1079 1625 ipse
1092 1598 1154 1618 cum
1167 1591 1201 1618 sit
1212 1591 1344 1622 Omnium,
1360 1594 1441 1624 atque
1454 1590 1578 1616 omnibus
1595 1598 1707 1624 prorsus
1719 1590 1808 1617 excel-

1023 1636 1172 1663 lentissime
1181 1637 1314 1668 eminens,
1328 1637 1495 1663 documentis
1504 1636 1630 1662 omnibtts
1645 1636 1810 1670 superiorem

1023 1681 1100 1707 esse?
1114 1680 1168 1707 Etsi
1186 1681 1257 1707 enim
1271 1680 1355 1708 Deum
1369 1688 1428 1708 esse
1445 1681 1581 1711 novimus,
1592 1681 1655 1715 quid
1669 1686 1758 1707 tamen
1775 1681 1810 1708 sit

1024 1727 1196 1761 ignoramus;
1213 1734 1264 1753 nott
1283 1731 1383 1758 tamen,
1405 1726 1532 1760 quoniant
1555 1726 1619 1760 qttid
1646 1727 1681 1753 sit
1701 1727 1811 1760 ignora-

1027 1781 1087 1800 mus
1101 1774 1161 1800 ideo
1174 1773 1381 1808 profundiSsima
1397 1774 1556 1807 ignorantite
1566 1778 1644 1800 nocte
1652 1773 1812 1807 caligantes,

1024 1819 1090 1846 nihil
1107 1820 1218 1846 omnino
1233 1819 1266 1849 de
1285 1819 1339 1845 Deo
1351 1825 1443 1846 nostro
1455 1820 1557 1846 scimus
1571 1828 1578 1846 :
1596 1827 1684 1854 neqtte
1697 1827 1760 1852 ergo
1772 1824 1811 1845 tc-

1024 1870 1093 1896 tttttt,
1111 1869 1142 1891 ut
1155 1869 1196 1891 est
1222 1864 1293 1891 scire
1308 1872 1395 1898 ncqtte
1412 1864 1518 1899 penitus
1538 1864 1642 1891 nescire
1657 1872 1715 1894 nos.
1737 1866 1812 1899 iugc-

1024 1919 1077 1938 nue
1090 1911 1224 1941 fatemur;
1243 1910 1265 1937 si
1284 1913 1356 1938 enim
1381 1910 1448 1937 nihil
1465 1911 1576 1938 omnino
1592 1911 1705 1942 scimus,
1721 1910 1821 1938 inanis,

1023 1957 1155 1984 erit'lides
1169 1961 1279 1989 nostra;
1294 1956 1353 1984 etsi
1367 1956 1472 1983 divinos
1491 1956 1552 1983 illos
1567 1963 1736 1989 arcanosqoe
1747 1964 1810 1987 pro-

1024 2010 1117 2030 ccssus
1144 2002 1317 2035 conlitetnur,
1332 2002 1470 2037 quomodo
1493 2007 1583 2029 tamen
1601 2002 1626 2028 id
1651 2002 1698 2033 sit,
1724 2009 1811 2035 neque

1024 2049 1126 2080 dicere,
1153 2056 1240 2083 neque
1258 2048 1409 2082 intelligere
1427 2055 1582 2084 possumus,
1597 2053 1626 2075 nt
1645 2048 1700 2082 ipse
1717 2055 1746 2074 se
1771 2047 1811 2082 ip-

1023 2102 1082 2122 sum
1101 2094 1170 2122 Deus
1186 2095 1272 2121 novit.

1058 2140 1192 2167 Cteternm
1218 2141 1390 2167 nativitatem
1410 2141 1518 2174 quidem
1541 2139 1668 2170 alterum.
1692 2139 1807 2166 alterum

1024 2193 1090 2213 vero
1107 2186 1326 2219 processionem;
1342 2189 1370 2212 et
1385 2186 1458 2213 ilittm
1473 2186 1581 2220 quidem
1594 2185 1725 2220 genitum,
1738 2184 1810 2211 hunc

1023 2238 1113 2260 autem
1132 2233 1340 2266 procedentem;
1358 2237 1386 2259 et
1400 2231 1474 2258 illum
1492 2231 1604 2264 Filium,
1628 2231 1699 2258 hunc
1722 2230 1810 2263 Spiri-

1024 2283 1092 2310 tum,
1112 2277 1242 2311 illumqtte
1261 2278 1322 2304 sine
1341 2277 1432 2304 tnedio
1451 2285 1483 2303 ex
1502 2276 1602 2311 primo,
1630 2277 1702 2303 hunc
1718 2280 1807 2301 autem

1023 2331 1071 2357 per
1091 2330 1152 2349 eutn
1176 2323 1265 2356 ipsum
1282 2323 1327 2357 qui
1345 2326 1387 2349 est
1404 2323 1576 2348 continenter
1590 2329 1622 2349 ex
1642 2321 1808 2356 primoessc,

1022 2376 1083 2396 cum
1099 2375 1113 2396 a
1139 2369 1190 2395 ﬁdo
1203 2368 1260 2403 ipsa
1279 2373 1306 2396 et
1321 2376 1337 2395 a
1359 2368 1462 2395 sanctis
1477 2367 1603 2394 Patribus
1617 2368 1654 2394 ita
1671 2366 1809 2401 acceperi-

1015 2408 1093 2440 ἰιιιιε.
1108 2414 1255 2441 credimus.
1274 2413 1380 2445 Quibus
1396 2413 1536 2446 subjectis.
1556 2412 1718 2440 Trinitatem
1741 2419 1807 2438 cett-

1023 2459 1139 2491 fitemur,
1163 2466 1250 2493 neque
1283 2464 1393 2493 propter
1421 2466 1551 2494 personas
1588 2457 1718 2484 unitatem
1742 2457 1809 2482 divi-

1022 2506 1126 2538 dentes,
1148 2512 1235 2539 ncqne
1257 2512 1388 2539 personas
1415 2509 1526 2539 propter
1541 2504 1671 2531 unitatem
1694 2503 1809 2530 centun-

1020 2552 1124 2580 dentes.

1057 2598 1115 2625 Non
1145 2599 1217 2625 enim
1247 2606 1307 2625 cum
1336 2598 1370 2624 de
1399 2597 1474 2624 hisce
1505 2597 1629 2623 doctores
1660 2595 1806 2626 disserunt,

1020 2643 1123 2671 Christi
1136 2651 1245 2670 crucem
1260 2647 1405 2675 cvacuant,
1430 2643 1565 2675 fidemque
1584 2642 1610 2668 in
1627 2640 1807 2676 persuasione

1021 2690 1148 2717 humatur,
1164 2690 1304 2723 sapientia:
1324 2690 1488 2716 atutttnliant
1503 2697 1510 2716 :
1526 2696 1692 2723 quanquam,
1710 2687 1756 2722 qtti
1771 2688 1805 2713 ita

1020 2736 1149 2771 loquitur,
1169 2737 1190 2763 si
1213 2735 1326 2762 omnino
1341 2735 1512 2771 syllogismos
1527 2740 1554 2762 et
1571 2734 1804 2761 ratiocinationem

1021 2783 1101 2815 tollitI
1125 2783 1243 2816 pritnnm
1259 2783 1368 2816 quidem
1392 2782 1463 2816 quod
1480 2782 1605 2808 humana:
1628 2785 1729 2807 naturzc
1744 2786 1806 2814 pto-

1020 2829 1108 2864 priunt
1125 2833 1178 2860 est,
1195 2828 1389 2862 hominumque
1409 2827 1441 2854 ad
1457 2827 1572 2854 invicem
1588 2829 1745 2853 consuetam
1761 2824 1803 2850 lo.

1020 2874 1155 2902 cutiouctn
1171 2877 1198 2900 ct
1212 2873 1428 2901 communionem
1444 2881 1524 2900 unam
1537 2871 1625 2900 aufert
1642 2880 1648 2898 :
1669 2870 1802 2906 culpabit-
