1960 3063
143 120 193 152 191

779 114 978 147 MANUIELIS
998 116 1153 146 CALECgE

1721 112 1803 147 {02‘

141 179 163 206 si
181 178 302 211 quidem.
317 178 382 205 dum
402 177 438 205 illi
452 180 638 212 superessent,
655 176 688 203 de
704 175 757 203 hoc
775 181 846 202 mota
863 183 938 209 qua»
954 176 973 203 Δ
990 176 1059 209 Quid
1084 176 1168 211 ergo?
1180 175 1250 203 Num
1275 175 1317 203 his
1340 175 1402 203 ideo
1425 184 1477 203 non
1497 174 1660 205 credemus?
1672 182 1733 208 qua:
1760 183 1810 201 cx

142 224 196 252 stlo
217 224 321 256 fuisset.
340 225 398 252 sive
418 232 490 251 nunc
505 223 583 251 nobis
596 224 731 256 adessent,
747 231 883 257 nunquam
897 223 936 249 illi

144 273 223 300 aliter
253 271 397 301 dixissent,
415 277 462 296 seu
481 269 728 303 conscripsissent.
753 276 832 302 quam
859 269 939 295 modo

145 324 195 343 nos
212 316 338 344 facimus.
353 314 574 341 constantissime
594 314 814 341 asseverantibns
835 314 903 350 (l3).

183 363 221 389 Ita
239 367 266 389 ct
276 360 511 394 Constantinopoli
525 360 657 387 adversus
667 367 714 387 eos
726 361 770 394 qtti
783 360 867 387 Deum
881 368 942 388 csse

148 408 279 442 Spiritum
307 412 429 434 sanctum
456 406 647 440 denegabant,
674 406 796 439 nihilque
822 405 856 433 de
883 405 942 440 ejus

148 455 249 480 dcitate
265 453 290 479 in
308 452 437 488 Symbolo
466 452 575 479 Niczeno
599 452 732 487 scriptum
761 453 941 487 obiectantes.

149 500 221 534 quod
252 499 352 527 solum.
362 500 529 532 sequendum
550 499 709 526 asserebant
724 508 731 526 :
746 499 778 526 de
791 499 943 534 adjectionc

150 546 359 578 respotnlerunt,
375 545 577 580 hmreticisqne,
594 546 616 573 si
638 546 807 579 adiectiones
823 545 944 581 Sytnboli

152 591 300 623 auferrent,
316 599 345 618 se
359 592 501 626 quieturos
522 591 724 625 pollicentibus.
743 592 865 618 veritatis
883 593 947 619 doc-

155 642 228 664 tores
242 637 274 663 ad
288 644 333 664 cos
352 638 549 671 responderunt
567 646 573 664 :
586 637 664 665 Esset
677 637 785 672 quidem
801 638 944 672 optimum,

153 682 174 708 si
192 687 222 709 ιιι
245 683 332 716 prius,
347 682 410 709 fidei
434 690 502 717 pura
527 683 703 717 simplicitas,
720 684 827 711 nemine
841 685 948 711 obstre-

154 733 243 762 pente,
258 734 425 760 servaretur,
440 729 513 756 nulla
529 730 600 756 enim
612 730 762 764 adiectione
773 738 840 764 opus
855 737 946 764 esset;

154 774 282 808 quoniam
303 782 367 801 vero
391 775 499 808 quidatn
527 781 718 809 surrexerunt,
747 777 948 811 corruptionem

156 825 184 847 et
213 820 360 847 novitatem
384 820 443 848 lidci
467 822 606 853 docentes,
624 826 652 848 et
681 822 860 856 adiectionem
891 823 948 850 fieri

159 873 270 893 necesse
290 871 342 898 est,
362 866 516 902 factamque
536 873 566 894 ut
589 868 691 902 scripta
707 873 758 899 est.
777 876 949 903 permanere,

158 918 187 939 ut
200 920 248 947 per
264 912 336 940 hanc
361 913 606 947 deprehendantur,
630 914 675 948 qui
701 914 844 949 malignari
860 915 952 949 elege-

159 963 233 988 runt.
249 958 395 993 infectique
419 960 453 986 ab
474 960 588 994 integris
604 960 682 995 hujus
699 961 861 997 adjectionis
873 962 952 996 signo

160 1005 366 1038 dignoscantur.
380 1006 523 1040 Simulque
544 1015 578 1033 ne
601 1007 739 1034 videamur
753 1016 801 1043 per
814 1008 952 1036 silentium

160 1051 322 1083 adjoclinnis
343 1051 590 1085 blasphemantimn
613 1053 754 1080 erroribus
770 1054 952 1088 acquievissc.

162 1096 301 1131 SYquidem
330 1097 413 1132 igitur
441 1091 485 1133 pie
516 1099 641 1130 sentitis,
668 1099 816 1126 dictionem
847 1108 955 1135 quoque

163 1143 346 1176 coulltcmiui;
372 1144 414 1171 sin
442 1152 506 1171 vero
530 1145 610 1176 alias,
636 1154 686 1173 nos
700 1147 810 1181 quidem
830 1147 910 1179 hanc,
928 1152 957 1174 ιιι

163 1188 235 1222 piatn
254 1194 280 1216 ct
297 1195 453 1217 sanctorum
471 1190 582 1218 Patrum
595 1192 738 1219 sententiae
755 1193 873 1220 maxime
892 1201 957 1220 cou-

164 1242 259 1268 gruam
281 1236 463 1270 suscipimus;
483 1244 531 1264 vos
554 1242 663 1270 autem,
680 1238 713 1265 ab
733 1239 860 1266 Ecclesiae
886 1240 957 1267 inte-

164 1281 262 1315 gritate
277 1281 450 1310 scindemini.

202 1326 248 1353 Sic
270 1326 414 1356 Nestorius
438 1329 572 1361 Θεοτὸκος
603 1330 628 1356 ΙιΙ
655 1335 708 1363 est,
743 1330 789 1357 Dei
815 1330 957 1364 Gcnitrix,

166 1380 261 1399 vocent
285 1374 435 1409 denegans,
452 1374 555 1402 Nicaani
579 1376 687 1403 concilii
707 1380 821 1409 statuta,
843 1376 959 1412 Symbo-

167 1419 280 1454 lumque
298 1421 449 1455 transgredi
471 1430 523 1448 non
537 1426 664 1455 oportere
680 1423 823 1449 asserebat
838 1431 845 1449 :
861 1423 960 1456 qttibus

168 1465 256 1492 solum
270 1466 424 1494 suffecisset
437 1467 538 1501 dicere,
551 1467 687 1495 Christum
700 1477 732 1495 ea:
749 1468 838 1495 Maria
855 1468 961 1503 Virgine

169 1517 274 1539 nolunt.
291 1512 344 1540 Sed
367 1513 487 1540 occurrit
510 1513 628 1549 Cyrillus
653 1521 779 1547 arguens,
807 1521 839 1540 ac
865 1513 962 1541 dicens

172 1558 271 1584 frustra
292 1559 366 1585 illum
379 1560 412 1585 ad
430 1559 522 1587 Patres
538 1564 565 1586 et
577 1561 610 1587 ad
627 1559 785 1596 Symbolum
801 1560 961 1595 confugere.

171 1604 250 1636 quasi
270 1604 311 1631 fas
326 1613 379 1631 non
391 1605 427 1632 sit
439 1605 509 1639 quod
526 1605 563 1632 illi
582 1606 722 1633 siluissent
734 1606 844 1638 addere.
854 1614 965 1634 causam

172 1657 222 1677 cur
245 1650 282 1677 illi
307 1650 418 1677 Mariam
436 1650 482 1678 Dei
496 1651 661 1679 Genitricem
677 1659 732 1679 non
750 1652 869 1680 dixerint
889 1660 967 1685 aper-

174 1696 229 1722 tius
240 1696 275 1723 ob
289 1696 371 1723 futuri
387 1697 567 1732 ignorantiam
577 1706 585 1730 ;
596 1703 622 1724 et
632 1699 703 1732 quod
714 1699 827 1726 necdum
838 1698 890 1725 orti
902 1699 968 1725 fuis-

175 1746 246 1772 sent,
265 1742 309 1774 qui
334 1743 402 1768 hanc
426 1743 620 1770 ahsnrditatem
639 1734 806 1777 peperissent
822 1751 967 1771 asserem:

176 1788 208 1815 Et
224 1787 315 1814 Patres
327 1790 406 1822 enim,
422 1789 518 1822 inquit,
530 1790 697 1823 mljecisscnl,
709 1791 732 1816 si
747 1790 848 1825 aliqua;
862 1791 896 1816 ad
912 1796 970 1817 tau-

178 1837 232 1861 lam
251 1836 383 1861 vesaniam
403 1841 578 1869 prorupluros
591 1837 712 1864 scissent.

214 1881 410 1916 Compellitqne
439 1882 592 1909 Nestorium
618 1883 702 1909 etiant
737 1883 772 1910 ab
808 1890 841 1909 co
871 1882 970 1917 scripta

179 1930 296 1964 capitula
315 1931 465 1964 suscipere.
477 1937 505 1958 et
525 1931 649 1958 confiteri
668 1939 697 1957 se
716 1932 763 1963 ita,
781 1937 810 1958 nt
825 1931 868 1957 illa
880 1932 970 1957 conti-

180 1981 287 2007 nerrnt.
303 1984 446 2004 sensurum
465 1985 473 2005 :
490 1977 564 2010 quasi
578 1971 693 2004 tton'sibi
707 1977 827 2012 Syutboli
839 1977 975 2004 coufcssio

181 2022 328 2054 sufficeret,
342 2024 469 2056 minatus,
481 2023 533 2051 nisi
545 2024 570 2051 in
584 2023 625 2050 his
644 2028 774 2053 maneret.
787 2031 847 2057 quze
861 2024 976 2050 ihisrri-

181 2073 225 2103 pta
236 2073 325 2102 erant,
337 2070 490 2097 sacerdotio
503 2069 577 2097 illttm
593 2074 620 2097 et
630 2070 663 2097 ab
682 2069 801 2097 Ecclesia
814 2069 974 2104 ejectttrutn.

217 2123 306 2152 Atque
331 2118 421 2144 omnia
444 2116 571 2151 deinceps
598 2117 716 2144 concilia
740 2123 826 2150 usque
841 2115 874 2142 ad
889 2116 976 2149 scptl-

184 2178 257 2196 tnnm
282 2167 490 2202 pervenientes,
519 2164 554 2190 ita
584 2163 760 2196 respondisse
794 2163 974 2190 inveniemus.

183 2215 261 2248 Quod
290 2213 312 2240 si
339 2213 437 2245 ubique
464 2211 555 2237 omnis
581 2209 703 2244 Sytnholi
732 2208 849 2243 adiectio
866 2209 977 2236 ha‘rcsis

186 2261 302 2295 putanda
336 2264 378 2285 est
394 2266 402 2283 ε
418 2255 544 2282 laudandi
574 2260 653 2281 ertmt
679 2255 768 2283 Arius.
790 2253 977 2287 Macedonius,

187 2307 339 2333 Nestorius.
360 2308 387 2330 et
415 2301 518 2333 carteri,
535 2301 581 2334 qui
604 2305 699 2327 contra
723 2301 865 2328 veritatem
887 2301 979 2327 raltit'e

187 2353 323 2379 latmrnnt
349 2359 356 2377 ι
387 2357 439 2375 non
462 2348 645 2382 susripientes
670 2346 847 2380 adiectiones,
867 2352 980 2381 proptvr

190 2400 278 2426 fictam
293 2403 320 2425 et
337 2397 455 2424 fucatam
472 2393 643 2428 antiquitatis
669 2395 861 2422 reverentiam.
878 2395 978 2423 Contra

189 2443 330 2477 cnlpabilis
344 2441 441 2477 (hisce)
459 2439 548 2467 omnis
564 2438 696 2466 Ecclesia.

228 2491 325 2517 Verum
348 2488 462 2522 plurima
490 2493 599 2522 quoque
640 2486 796 2513 necessario
829 2488 979 2515 secundum

193 2535 271 2562 ﬁdem
293 2532 458 2564 conﬁtenda,
476 2530 607 2566 Symhnlo
622 2538 674 2558 non
691 2532 875 2559 continentur.
891 2531 983 2567 Neque

192 2580 265 2607 enim
281 2579 316 2606 ibi
333 2579 412 2605 beata
438 2576 522 2603 Maria
545 2575 628 2610 Virgo
650 2574 696 2602 Dei
728 2575 851 2602 Gv-nitrix
872 2576 983 2608 dicitur,

194 2624 242 2652 sed
263 2623 346 2656 Virgo
370 2621 469 2649 solum.
484 2620 576 2656 Neque
594 2620 666 2654 quod
692 2620 737 2647 Dei
755 2619 871 2647 Verbum
888 2629 986 2648 secun-

196 2672 259 2697 dum
277 2677 358 2696 unam
383 2667 562 2696 substantiam
578 2674 657 2702 quem
672 2667 820 2701 assumpsit
847 2666 985 2694 hominem

197 2717 286 2744 nnivit
311 2716 360 2742 sibi
386 2715 454 2750 ipsi:
473 2721 571 2748 ncqtte.
593 2714 664 2748 quod
685 2713 809 2741 Christus
830 2714 862 2740 al
888 2713 989 2741 inferos

199 2761 464 2793 dcscetnlcrit,qitod
492 2760 517 2787 in
547 2759 731 2794 apostolorum
758 2759 886 2794 Symbolo
903 2759 989 2786 fuerat

201 2810 344 2838 scrinttt-n.
367 2807 459 2843 Neque
474 2807 592 2841 Spiritus
614 2811 724 2834 Sil'lCltlS
752 2807 884 2834 asseritur
902 2807 980 2834 Deus.

238 2866 293 2901 (45)
310 2866 419 2895 Videtur
432 2867 532 2902 aliquid
552 2866 655 2894 deesse.

994 223 1036 250 his
1061 230 1121 257 qua:
1147 223 1247 256 scripta
1272 229 1347 253 sunt.
1376 223 1542 258 colliguntur
1568 223 1738 254 necessario,
1761 229 1810 246 an

994 269 1163 303 simplicibus
1187 269 1289 300 verbis.
1303 274 1332 296 ιιι
1356 277 1371 296 a
1393 269 1519 296 conciliis
1532 269 1717 300 sunttradita,
1735 271 1812 294 stn-

994 316 1101 343 himus?
1113 317 1157 348 At,
1174 316 1238 343 illtnl
1256 317 1367 350 quidem
1393 323 1488 343 eorum
1513 321 1567 347 est,
1583 315 1629 350 qui
1648 316 1679 341 de
1699 314 1807 340 notui-

996 363 1077 390 nilms
1103 361 1290 394 contendunt;
1308 367 1334 389 et
1361 369 1441 389 omne
1457 362 1528 396 quod
1556 366 1654 394 prmtcr
1670 361 1809 386 litteram

996 411 1142 445 accipitur,
1155 409 1314 437 scandalum
1333 413 1429 442 putant
1444 417 1452 435 :
1469 409 1550 442 juxta
1563 407 1668 434 scilicet
1681 406 1789 434 Jndrn
1799 419 1811 424 -

998 465 1058 484 rum
1078 456 1225 486 vilitatem,
1252 455 1298 489 qui
1325 462 1435 487 semper
1455 455 1522 489 legis
1545 454 1669 480 assident
1681 452 1809 478 litterzn.

998 505 1076 538 Quod
1101 504 1183 531 etiam
1208 503 1287 530 divus
1307 502 1464 537 Dionysius.
1479 500 1668 528 irrationabile
1685 506 1716 525 ac
1731 505 1812 532 pu-r-

1000 560 1107 578 versum
1125 558 1186 578 csse
1198 551 1246 580 ait,
1258 558 1310 576 non
1325 549 1430 576 Scilicet
1450 547 1612 575 intentionis
1625 546 1734 577 virtuti.
1750 545 1810 571 sed

1000 597 1141 625 vocabulis
1154 597 1305 636 intendi-re.

1037 645 1123 672 Porro
1157 637 1269 679 proprie
1311 643 1450 676 expositos
1478 650 1492 668 a
1519 639 1632 675 synodis
1664 638 1812 665 terminos

1001 691 1085 718 veluti
1107 697 1251 717 commune
1281 689 1438 723 Symbolum
1468 686 1580 714 minime
1612 684 1812 718 atnplecti,ac

1002 738 1155 772 suscipere.
1183 743 1277 764 eorum
1299 740 1351 767 est,
1383 735 1428 768 qui
1450 733 1565 759 concilia
1595 731 1672 758 irrita
1695 731 1811 758 volunt.

1003 783 1093 819 Eque
1108 783 1189 818 igitur
1205 790 1237 809 ac
1253 781 1414 816 Symbolum
1428 786 1599 813 qumcnnque
1623 778 1671 804 llla
1693 782 1816 803 Statue-

1005 831 1075 862 rint,
1093 829 1265 863 suscipienda
1283 831 1357 855 sunt.
1374 827 1468 860 Neque
1482 826 1555 853 enim
1577 824 1713 858 proli-clo.
1727 823 1811 856 quod

1005 877 1032 905 in
1046 875 1175 911 Symbolo
1187 875 1297 908 quidem
1311 873 1478 903 continetur,
1492 871 1687 899 honorahimus
1705 879 1711 896 :
1728 870 1811 902 quo]

1006 928 1096 950 autem
1127 929 1160 950 ex
1191 921 1262 948 illius
1296 919 1395 954 pendet
1425 919 1489 949 line,
1507 919 1549 944 vel
1573 917 1643 951 quod
1663 922 1723 952 post
1741 915 1811 946 eius

1006 968 1150 996 lectionem
1175 966 1285 997 dicitur,
1303 965 1344 992 vel
1361 973 1388 992 tn
1413 965 1470 992 suis
1486 963 1612 991 terminis
1642 962 1810 994 exponitur.

1007 1021 1061 1041 non
1087 1010 1301 1040 honorahimus?
1330 1009 1386 1037 lloc
1414 1009 1486 1037 enim
1525 1007 1655 1035 stolidum
1681 1005 1814 1032 simuch

1009 1059 1197 1088 trrationahile
1210 1063 1264 1085 est.

1046 1106 1123 1139 Quod
1135 1106 1158 1134 si
1171 1105 1287 1133 concilia
1300 1110 1375 1131 sacra
1387 1109 1563 1132 veneramur,
1575 1099 1683 1127 illorum
1694 1105 1812 1133 quoque

1010 1152 1164 1180 sententias
1191 1149 1314 1177 venerari
1345 1148 1483 1180 convenit,
1500 1144 1582 1180 atque
1598 1145 1646 1175 ita.
1662 1149 1692 1171 ut
1709 1144 1745 1171 de
1763 1143 1811 1170 his

1012 1206 1061 1226 nos
1088 1205 1151 1226 esse
1174 1196 1355 1225 certissimos.
1370 1201 1431 1221 cum
1451 1192 1527 1219 omni
1557 1190 1655 1218 fiducia
1672 1189 1810 1216 confitea-

1012 1253 1084 1276 ntur.
1101 1251 1201 1278 eosque
1216 1242 1262 1277 qui
1279 1245 1389 1275 negant.
1409 1245 1596 1266 evsecremur.
1616 1236 1682 1263 Nam
1708 1236 1754 1269 qui
1782 1236 1810 1262 in
1828 1236 1829 1240 “

1012 1289 1126 1326 synodis
1141 1288 1280 1324 expositas
1300 1285 1453 1312 sententias
1468 1288 1559 1317 negat.
1596 1282 1686 1316 poenis
1703 1289 1811 1313 negan-

1013 1338 1081 1364 tium
1100 1335 1257 1371 Symbolum
1284 1333 1336 1360 erit
1361 1331 1506 1358 obnoxius.
1526 1328 1642 1355 Prorsus
1657 1332 1684 1354 ct
1700 1334 1731 1353 ea
1748 1333 1811 1360 qme

1014 1382 1143 1418 Symbolo
1170 1372 1383 1413 inscripta'noa
1414 1381 1487 1407 situt,
1511 1383 1590 1410 :rque
1618 1382 1649 1400 ac
1668 1381 1690 1401 SI
1706 1372 1810 1405 St‘rip'ﬂ

1014 1433 1118 1460 essent,
1136 1427 1339 1454 honorahimus.
1357 1426 1443 1459 Atque
1468 1424 1531 1450 hinc
1551 1422 1574 1449 si
1592 1420 1662 1448 ratio
1686 1418 1811 1446 veritati;

1015 1475 1146 1510 exegerit,
1162 1474 1185 1501 si
1200 1480 1282 1499 casus
1298 1471 1455 1498 necessario
1471 1469 1619 1503 impulerit,
1631 1467 1698 1494 nihil
1709 1465 1809 1499 differt,

977 1529 999 1557 ο
1015 1520 1095 1547 etiam
1103 1527 1161 1554 qua:
1169 1526 1220 1546 non
1229 1523 1292 1546 Sunt
1300 1518 1413 1552 scripta,
1421 1514 1556 1548 conﬁteri.
1566 1521 1627 1542 cum
1640 1513 1667 1540 in
1683 1512 1811 1549 Sytnhoio

1016 1566 1170 1601 complexa.
1186 1565 1385 1598 comprehensa
1400 1563 1466 1590 sint.

1053 1613 1199 1646 Quocirca.
1213 1617 1303 1645 neque
1316 1610 1371 1638 illis
1385 1609 1504 1644 adjectio
1527 1607 1681 1641 obiicienda
1699 1611 1750 1637 est.
1765 1605 1810 1640 qui

1017 1660 1099 1687 etiam
1118 1667 1150 1686 ex
1178 1657 1248 1685 Filio
1272 1656 1402 1690 Spiritqu
1427 1660 1550 1683 sanctum
1562 1653 1711 1689 procedere
1728 1651 1811 1678 faten-

1020 1711 1074 1734 tur.
1099 1705 1163 1736 Sed.
1183 1709 1211 1731 ut
1235 1704 1338 1731 dicttnu
1371 1707 1423 1734 est.
1444 1708 1577 1729 verumne
1594 1700 1646 1727 hoc
1664 1699 1709 1729 sit,
1727 1698 1811 1730 inspi-

1020 1751 1145 1778 ciendum
1160 1754 1211 1778 cst.
1230 1749 1298 1777 Nam
1314 1753 1495 1783 prmterqttam
1514 1747 1585 1782 quod
1601 1745 1734 1778 subjectis
1751 1743 1809 1770 fidei

1022 1798 1164 1833 principiis
1178 1803 1292 1824 necesse
1309 1800 1362 1824 est.
1383 1796 1404 1822 si
1429 1795 1545 1822 velimus
1567 1800 1598 1820 ea
1618 1800 1678 1827 quae
1694 1798 1812 1818 conmut-

1023 1845 1092 1871 nitcr
1107 1851 1121 1870 a
1139 1842 1272 1877 theologis
1288 1843 1320 1868 de
1331 1841 1467 1868 Trinitate
1479 1839 1636 1871 traduntur,
1652 1837 1811 1868 observare;

1023 1891 1105 1917 etiam
1124 1897 1156 1917 ex
1169 1889 1238 1916 Filio
1258 1888 1416 1923 procedere,
1433 1885 1532 1919 fateri;
1548 1885 1616 1911 alios
1630 1883 1738 1917 quidem
1754 1889 1811 1907 san-

1024 1941 1082 1963 ctos
1098 1936 1241 1966 habemus,
1259 1941 1292 1960 ea:
1313 1932 1384 1960 Filio
1413 1932 1489 1960 illum
1517 1937 1579 1958 esse.
1592 1930 1724 1960 dicentes,
1736 1932 1763 1954 et
1781 1925 1812 1953 ab

1026 1983 1084 2014 ipso
1100 1981 1200 2008 habere
1215 1987 1286 2012 esse,
1302 1984 1329 2006 et
1339 1986 1371 2006 ex
1389 1979 1448 2012 ipso
1463 1976 1623 2004 naturaliter
1635 1979 1715 2009 atque
1733 1980 1813 2000 essm-

1027 2028 1135 2059 tialiter,
1151 2032 1182 2054 nt
1198 2025 1286 2061 ipsius
1300 2025 1486 2059 operationem
1502 2022 1653 2049 naturalem
1679 2025 1707 2047 et
1728 2027 1813 2046 (εδει-ιιι

1029 2074 1120 2101 tialem
1143 2072 1273 2106 prodire.
1294 2069 1327 2097 Et
1357 2068 1437 2097 sicuti
1463 2075 1496 2095 ex
1518 2066 1614 2097 Patre;
1632 2065 1667 2091 ita
1690 2064 1767 2097 etiam
1781 2069 1812 2088 ex

1028 2121 1097 2148 Filio
1115 2127 1189 2150 esse.
1205 2118 1356 2146 secundum
1376 2116 1502 2143 eumdem
1522 2113 1642 2140 modum.
1662 2111 1736 2137 Alios
1751 2117 1811 2135 vero

1031 2175 1076 2201 per
1105 2165 1202 2193 Filium
1225 2162 1387 2191 naturaliter
1407 2161 1527 2196 prodire.
1542 2163 1570 2186 ct
1591 2166 1639 2193 per
1662 2165 1722 2184 eum
1739 2161 1812 2190 atque

992 2198 1017 2228 Ῑ)
1031 2220 1064 2239 cx
1088 2220 1120 2238 co
1143 2211 1278 2244 accipere,
1293 2214 1320 2236 ct
1334 2216 1367 2235 ex
1388 2207 1471 2234 Putre
1486 2214 1533 2238 per
1547 2205 1644 2232 Filium
1661 2203 1811 2238 procedere,

1031 2259 1087 2285 imo
1105 2257 1186 2284 etiam
1203 2264 1236 2283 ex
1258 2254 1325 2282 Filio
1335 2254 1493 2289 procedere,
1506 2257 1532 2279 et
1548 2259 1608 2285 qua:
1624 2250 1675 2276 alia
1695 2248 1811 2284 prmdicta

1031 2309 1103 2333 suttl.
1126 2304 1164 2330 ita
1179 2303 1251 2329 enim
1279 2301 1330 2335 ipsi
1348 2301 1449 2327 dictttm
1470 2298 1533 2326 illud
1551 2297 1733 2331 evangelicum
1747 2303 1753 2322 τ
1768 2294 1813 2326 Qui

1032 2360 1048 2378 a
1082 2349 1164 2377 Patre
1203 2347 1339 2384 procedit,
1368 2349 1569 2380 exposuerunt;
1603 2343 1812 2377 complexumque

1033 2387 1192 2432 procedendi
1206 2394 1352 2422 terminum
1370 2393 1509 2424 addentes,
1522 2397 1555 2417 ex
1569 2389 1650 2416 Patre
1663 2395 1710 2422 per
1729 2387 1811 2414 Filium

1034 2443 1183 2478 procedere
1198 2439 1416 2468 declaraveruut.
1436 2437 1511 2470 Quos
1529 2435 1664 2470 profecto,
1682 2441 1756 2461 nemo
1770 2433 1813 2460 erit

1033 2488 1070 2515 ita
1087 2486 1249 2521 amens.qui
1271 2485 1370 2513 audeat
1391 2489 1522 2511 accusare
1542 2480 1666 2508 fallaciae.
1687 2479 1739 2513 ipsi
1753 2478 1811 2504 enim

1034 2539 1107 2565 sum.
1121 2533 1168 2568 qui
1179 2532 1295 2559 concilia
1308 2531 1486 2558 instittternnt
1503 2537 1510 2556 :
1528 2535 1576 2562 per
1591 2533 1659 2561 quos
1674 2525 1719 2552 illa
1735 2524 1812 2554 robur.

1038 2587 1069 2606 ac
1099 2578 1235 2605 munimen
1260 2579 1436 2611 acceperunt.
1464 2579 1546 2608 atqtte
1575 2573 1611 2599 ab
1630 2572 1681 2604 eis,
1699 2578 1754 2598 cum
1769 2569 1812 2595 ulla

1039 2625 1121 2652 fuerit
1140 2625 1172 2652 de
1192 2624 1244 2651 fide
1263 2622 1378 2658 quzestio
1391 2620 1532 2651 solvenda.
1549 2619 1582 2646 ad
1597 2618 1709 2645 istorum
1729 2615 1812 2642 docui-

1041 2680 1102 2697 nam
1131 2678 1162 2697 ac
1193 2660 1378 2703 magisterium
1408 2666 1552 2699 mittimur,
1582 2664 1641 2692 haec
1666 2667 1694 2690 ct
1713 2662 1752 2689 illa
1773 2668 1817 2695 nns‘

1044 2716 1098 2751 pili
1113 2714 1285 2746 addentibus,
1301 2712 1353 2740 nisi
1371 2712 1438 2739 istos
1453 2710 1644 2745 Suscipiamus.
1666 2708 1722 2735 Cur
1748 2707 1811 2733 etiam

1046 2762 1088 2788 hic
1104 2761 1283 2796 adjectiortem
1305 2767 1357 2786 non
1378 2758 1532 2793 culpamus.
1547 2764 1577 2783 ac
1593 2763 1641 2790 per
1658 2752 1751 2781 Filium
1764 2760 1812 2787 prir-

1039 2809 1135 2836 ccdcrc
1151 2814 1290 2843 negamus,
1304 2805 1431 2841 quoniam
1449 2806 1475 2832 in
1494 2803 1642 2837 EVdngCllU
1660 2800 1685 2828 id
1701 2800 1813 2834 scriptum
