1960 3063
137 130 203 162 193

705 131 908 162 ADVERSUS
926 131 1083 161 GRAECOS
1101 132 1175 161 LIB.
1200 133 1248 162 iV.

1728 135 1780 166 194

132 196 200 214 nun
223 187 289 214 est?
311 188 345 214 At
366 194 479 221 magnus
497 187 532 213 nit
553 187 728 219 Athanasiiu,
746 189 867 221 pOSsit'iIe
893 196 942 213 mm
958 190 981 219 Α
998 188 1059 214 hinc
1082 189 1156 214 solus
1182 189 1215 215 dc
1235 189 1293 215 solo
1323 189 1459 221 ere-litor,
1485 190 1586 217 idcirco
1600 195 1627 218 ct
1648 189 1780 224 Spiritum

133 241 203 260 esse
225 235 251 259 in
270 233 411 259 Trinitatis
429 233 526 267 gloria,
544 233 674 267 Spiritum
697 239 817 260 murium
842 234 943 268 glori/i-

133 280 217 310 εστὶ,
236 279 287 305 nisi
313 279 477 314 procedendo
495 280 527 305 sit
548 287 581 306 ea:
597 279 680 306 Patre
702 288 746 313 per
761 279 941 312 I"ilium;scd

132 332 166 352 et
185 326 303 360 septima
318 327 447 361 synodus,
466 330 491 352 et
509 326 638 352 'l'arusius
655 326 808 359 patriarcha
825 326 943 353 sanctis-

135 372 246 404 simus,
271 377 298 398 ct
323 376 479 398 sanctorum
512 372 619 405 plurimi
642 373 667 397 in
687 372 747 398 lidci
762 380 816 398 sua:
833 371 941 398 emites-

133 417 226 444 sione
253 425 286 444 cx
324 417 405 444 Patre
436 426 483 451 ιιι-ι’
508 417 604 444 Filium
633 418 780 452 procedere
810 418 941 452 Spiritum

135 470 170 489 Sil
177 469 274 489 uctum
299 463 405 490 insinua
411 467 516 489 verunt.

180 509 335 540 Caeterum,
364 509 386 536 si
415 509 477 543 quis
503 509 569 535 illud
594 509 779 542 evangelicum
804 518 810 536 :
840 509 892 541 Qui
910 517 944 535 ετ

144 555 237 582 Putre
256 556 383 588 procedit,
409 555 450 581 his
464 556 508 588 qui
531 556 613 581 etiam
640 563 671 581 ex
701 555 768 581 Filio
795 555 943 590 procedere

138 601 282 635 Spiritum
313 601 428 631 dicunt,
454 600 584 634 objiciet,
611 608 662 626 non
695 601 748 626 illis
778 601 942 626 contrariam

139 647 263 678 opponit
281 653 386 672 vocem.
414 645 504 680 Neque
535 646 622 678 enirn,
638 646 660 673 si
686 655 718 672 ex
745 646 814 672 Filio
836 652 888 677 est,
909 654 941 673 ex

141 692 233 719 Patre
263 699 324 719 esse
353 692 477 725 desinet;
495 700 582 726 neque
604 693 655 720 ista
684 693 797 720 invicem
824 693 942 727 objecta,

143 738 270 764 invicem
290 742 460 771 pervertunt.
473 738 541 770 luto,
555 744 585 765 ut
605 738 723 772 pluribus
746 739 898 770 docuimus,
910 747 943 765 ex

141 783 231 810 Patre
244 792 305 810 esse
319 783 389 817 quod
414 783 525 815 dicitur,
540 791 601 811 esse
618 783 699 811 etiam
714 791 747 810 ex
764 784 835 811 Filio
849 784 944 811 subin-

142 831 232 865 gerit.
250 829 303 856 Sed
322 838 410 864 neque
433 838 464 857 ex
481 829 562 857 Patre
581 837 630 864 per
643 830 739 857 Filium
762 830 911 864 procedere
928 838 943 857 a

993 238 1130 266 sanctum,
1147 235 1275 268 quoniam
1297 242 1329 261 ex
1344 235 1423 262 Patre
1440 236 1587 270 procrdere
1607 235 1708 262 dictum
1728 241 1780 267 est.

992 288 1024 306 ex
1037 280 1104 312 solo,
1122 280 1172 314 ipsi
1205 280 1361 314 adjiciunt:
1389 282 1505 316 primum
1533 281 1654 316 quidem,
1684 286 1711 308 et
1730 282 1780 316 ipsi

993 326 1153 359 adjicientcs
1179 332 1347 361 arguuntur,
1378 335 1466 362 neque
1484 328 1555 362 digni
1578 332 1641 354 sunt
1660 329 1703 361 qui
1733 336 1780 353 au-

993 371 1110 403 diantur,
1127 380 1187 399 cum
1208 373 1368 400 insimulant
1379 382 1426 400 eos
1446 373 1489 408 qui
1510 382 1542 400 ea:
1558 373 1624 400 Filio
1642 374 1723 400 etiam
1738 375 1780 400 di-

992 423 1057 444 cmit
1071 418 1231 453 adjectionis
1244 426 1336 445 causa.
1351 418 1457 446 Eisdem
1483 420 1554 445 enim
1571 425 1597 446 et
1615 420 1664 452 ipsi
1681 424 1779 445 tonen-

993 469 1037 490 tur
1055 464 1286 491 olmosiiJJeinde
1306 469 1449 498 cogentur,
1468 465 1489 492 si
1507 465 1672 498 unigenitum
1685 464 1780 490 Filium

994 515 1022 536 ut
1039 510 1125 536 solum
1145 518 1177 537 ex
1197 511 1255 538 solo
1270 511 1446 543 conﬁtentur,
1465 512 1613 537 secundum
1632 511 1781 536 nativitatis

996 557 1153 587 terminum,
1183 558 1219 583 ita
1244 561 1270 582 et
1300 557 1430 590 Spiritum
1459 561 1602 587 sanciunt,
1619 555 1722 582 subluto
1748 564 1781 581 ex

995 600 1076 628 Patre
1106 601 1280 635 processione
1302 609 1349 635 per
1364 601 1482 631 Filium,
1505 601 1673 635 unigenitum
1704 600 1782 626 lateri

994 647 1091 674 Filium
1106 652 1134 673 ut
1148 647 1234 674 solum
1248 655 1279 674 ex
1297 647 1365 676 solo.
1383 647 1608 681 quemadmodum
1632 646 1716 673 Filius
1738 654 1782 672 so-

995 694 1037 720 lus
1054 701 1086 720 ex
1099 694 1157 720 solo
1170 699 1208 720 ρει
1218 701 1226 725 ;
1238 701 1324 727 neque
1335 694 1407 720 enim
1423 701 1455 720 ex
1469 693 1526 719 solo
1542 698 1644 719 tantum
1655 692 1782 723 dicimus,

995 740 1042 766 sed
1057 739 1223 774 unigenitum
1239 746 1347 774 quoque
1361 739 1469 766 Filium.
1485 738 1586 772 Nempe
1599 739 1669 764 ctiiui
1690 745 1784 772 quem-

995 786 1138 812 admolum
1166 786 1191 812 iu
1211 786 1298 812 sueris
1313 786 1409 812 litteris
1425 785 1497 812 solas
1525 793 1599 812 verus
1622 784 1701 810 Pater
1714 785 1780 810 dici-

997 836 1051 862 tur,
1068 832 1167 864 etquia
1186 831 1270 858 Nemo
1284 832 1352 858 norit
1375 831 1492 863 Filium,
1519 832 1570 858 nisi
1591 831 1684 862 Pater,
1702 839 1782 864 neque

143 875 252 902 sanctis
265 875 402 901 diceretur
422 883 429 901 :
446 875 467 902 si
480 875 591 909 quidem
608 875 659 902 ista
678 875 813 902 contraria
830 875 943 902 invicem
961 867 983 894 Β
999 876 1116 909 Pati-cm,
1133 877 1185 903 nisi
1203 876 1285 903 Filius
1298 877 1317 892 ¹¹
1330 884 1337 908 ;
1352 881 1378 903 ct
1393 885 1400 904 :
1418 876 1470 908 Qui
1486 877 1568 902 credit
1585 877 1611 902 in
1624 884 1672 904 me.
1690 883 1740 901 non
1755 876 1782 901 in

143 924 256 947 essent.
268 920 337 946 Nam
351 921 373 947 si
390 927 422 947 ex
435 919 514 947 Patre
529 920 587 947 solo
604 921 704 948 dictum
718 921 822 952 fuisset,
834 920 947 948 haberet

149 967 292 993 rationem
320 967 475 1000 huiusmodi
511 966 640 1001 olijectio.
660 967 791 999 Quoniam
820 975 883 994 vero
911 975 944 994 ex

146 1012 236 1039 Patre
254 1017 358 1039 tantum
378 1012 481 1039 dictum
501 1017 553 1045 est,
572 1013 623 1040 hoc
635 1020 723 1039 autem
740 1018 767 1040 et
781 1012 814 1040 ab
824 1014 945 1048 utrisque

145 1066 201 1094 pro
228 1058 354 1086 confesso
383 1060 510 1090 habetur,
534 1066 763 1094 supervacaneum
789 1064 831 1086 cst
864 1064 945 1093 atque

146 1105 346 1137 vanissimum,
358 1105 461 1132 omisso
476 1105 601 1140 eo,quod
614 1105 697 1138 prius,
713 1110 743 1132 ut
758 1105 945 1140 ostenderent,

145 1159 254 1178 curare
272 1151 436 1184 debuerant,
451 1158 484 1178 ex
499 1151 557 1178 solo
575 1150 680 1177 scilicet
693 1150 772 1178 Patre
788 1152 945 1183 procedere,

146 1198 227 1232 quod
254 1199 421 1224 contrarium
445 1202 488 1224 est
503 1197 538 1230 ei,
557 1197 630 1232 quod
656 1202 708 1229 est.
728 1204 760 1224 ex
778 1196 846 1224 Filio
860 1205 922 1224 esse
938 1207 945 1225 :

148 1251 183 1270 ex
201 1242 287 1270 Patre
313 1243 461 1277 procedere
477 1243 547 1278 quod
562 1243 674 1275 dicitur,
688 1243 765 1277 quasi
794 1251 946 1278 repugnans

147 1288 257 1317 ducere
274 1290 317 1316 his
334 1289 380 1323 qui
396 1289 448 1316 hoc
467 1288 624 1315 nullatenus
641 1296 749 1322 negant.

183 1333 330 1361 Concesso
343 1341 408 1368 ergo
430 1336 463 1360 ab
487 1334 630 1367 utriusque
647 1333 778 1368 Spiritum
803 1342 836 1361 ex
865 1334 947 1362 Patre

147 1381 314 1416 procedere,
328 1379 508 1414 reliquasjam
520 1380 669 1406 sententias
681 1380 880 1414 inspiciemltnn
894 1386 947 1413 est,

150 1427 257 1461 quibus
273 1426 361 1460 magis
387 1426 568 1453 conveniant:
585 1426 673 1458 hisne,
687 1427 732 1461 qui
749 1435 782 1453 ex
797 1427 854 1454 solo
868 1426 948 1454 Patre

151 1471 307 1505 procedere
334 1470 429 1498 dicunt
446 1471 577 1505 Spiritum
602 1477 725 1498 sanctum
741 1491 748 1503 ,
767 1479 800 1497 an
815 1480 877 1499 vero
907 1473 948 1500 his

996 931 1037 949 me
1053 923 1146 955 credit,
1163 923 1208 949 scd
1224 923 1251 949 in
1261 931 1330 954 eum,
1345 923 1390 958 qui
1409 923 1479 949 misit
1501 923 1584 955 me";
1599 925 1644 949 et:
1659 921 1718 947 Mea
1732 921 1782 946 do-

996 968 1066 994 triua
1082 976 1132 994 non
1150 972 1188 994 est
1202 975 1258 994 mea
1272 967 1310 998 ¹³;
1328 975 1414 1002 neque
1431 964 1620 1001 compellimur
1639 966 1703 992 solis
1721 972 1783 999 per-

997 1015 1074 1040 sonis
1095 1014 1124 1040 in
1149 1013 1247 1048 quibus
1267 1013 1419 1047 huiusmodi
1440 1014 1551 1040 detinite
1575 1013 1717 1042 dicuntur,
1732 1013 1782 1037 ista

997 1058 1173 1092 distribuere;
1200 1059 1246 1086 sed
1268 1059 1340 1086 solus
1355 1059 1459 1093 quidem
1475 1065 1570 1089 verus,
1591 1062 1617 1084 et
1637 1057 1729 1088 Patri,
1756 1063 1784 1083 ct

998 1103 1068 1131 Filio
1103 1109 1285 1138 congruenter
1311 1109 1435 1138 aptatur;
1459 1104 1535 1138 quasi
1565 1111 1616 1129 non
1648 1102 1783 1136 olijei-tum

997 1151 1104 1178 illorum
1120 1150 1344 1178 substantialibus
1358 1150 1567 1185 proprietatibus
1578 1149 1653 1184 (illi);
1667 1157 1784 1182 cognos-

997 1206 1059 1226 cere
1071 1205 1161 1225 autem
1178 1197 1305 1228 Patrem.
1331 1203 1358 1223 et
1374 1195 1483 1227 Filium,
1501 1200 1528 1222 et
1543 1196 1576 1222 ab
1594 1196 1634 1222 eis
1663 1195 1783 1228 agnosci,

998 1246 1079 1271 etiam
1097 1243 1318 1277 Spirituisnncto
1333 1242 1528 1274 distribuitur;
1554 1248 1585 1268 eo
1600 1242 1671 1274 qttod
1697 1240 1785 1273 objec-

998 1296 1053 1317 ttuu
1072 1298 1124 1317 non
1141 1292 1177 1317 sit
1193 1291 1265 1316 scire
1281 1290 1352 1316 illius
1373 1289 1544 1316 substantiali
1562 1288 1735 1323 proprietati,
1753 1294 1785 1312 ae

999 1337 1032 1364 de
1052 1336 1114 1363 aliis
1131 1336 1267 1363 similiter.
1284 1335 1334 1363 Ubi
1351 1336 1421 1362 enim
1450 1343 1503 1362 non
1530 1336 1619 1362 obstat
1647 1334 1786 1361 relationEs

999 1382 1136 1416 eppositio
1148 1401 1155 1413 ,
1183 1381 1248 1408 nihil
1275 1380 1403 1415 prohibet
1420 1381 1491 1415 quod
1509 1380 1608 1406 dicitur
1624 1387 1785 1413 congruere.

1000 1428 1038 1455 Ita
1059 1435 1148 1461 neque
1164 1427 1185 1454 si
1202 1435 1216 1453 ιι
1234 1427 1314 1453 I’atrc
1334 1427 1472 1453 diceretur
1500 1427 1646 1460 procedere
1670 1425 1786 1459 Spiritus

999 1479 1111 1501 sanctus
1128 1477 1155 1499 cl.
1170 1473 1314 1499 adderetur
1331 1473 1399 1504 salo,
1412 1472 1498 1498 valide
1510 1477 1599 1506 posset
1611 1473 1660 1497 hoc
1676 1477 1700 1497 et
1717 1471 1786 1496 Filio

151 1517 197 1551 qui
211 1518 288 1544 hunc
300 1524 333 1543 ex
351 1516 432 1543 Patre
447 1516 629 1548 confitentur,
661 1525 692 1543 ac
712 1516 799 1543 Filio?
813 1517 844 1544 lli
864 1518 949 1552 siqui-
963 1537 985 1565 c
1002 1521 1105 1554 negari.
1129 1519 1205 1546 Nune
1232 1525 1320 1545 autem
1346 1520 1453 1553 quando
1481 1519 1642 1552 simpliciter
1663 1527 1677 1545 a
1707 1517 1788 1544 Pazie

152 1565 214 1591 dem
240 1563 326 1596 illud,
355 1564 426 1598 quod
440 1564 559 1590 dicitur:
581 1562 618 1589 De
638 1572 692 1590 meo
713 1565 821 1598 accipiet
841 1565 868 1596 3;
896 1571 922 1592 et
942 1574 949 1591 :

153 1610 236 1643 Quem
257 1617 305 1644 ego
323 1610 425 1636 mittant
439 1609 470 1642 ‘;
494 1617 520 1636 et
536 1617 544 1636 :
567 1609 699 1644 Spiritum
719 1613 836 1637 reri/mis
850 1611 881 1644 ‘;
905 1619 950 1638 et:

153 1656 244 1683 Mitte!
264 1656 346 1682 Pater
364 1656 391 1682 in
407 1656 510 1682 notitiae
534 1664 591 1683 mea
604 1656 636 1689 ⁸;
662 1662 688 1683 et
705 1665 711 1684 :
736 1657 800 1692 Ego,
821 1662 846 1684 et
871 1659 952 1684 l’ater

154 1711 238 1729 unum
258 1711 350 1729 sumus
363 1702 390 1734 ';
420 1707 468 1729 ct:
484 1702 593 1734 Omnia,
618 1711 676 1738 quae
696 1704 774 1730 liabet
795 1704 874 1730 Pater
894 1712 951 1730 mea

155 1748 256 1782 sunt';
270 1753 295 1775 et
313 1757 319 1774 :
335 1747 364 1775 Si
384 1747 410 1774 in
424 1747 505 1782 digito
523 1747 570 1774 Dei
589 1749 645 1775 sive
658 1749 683 1775 in
699 1749 800 1783 Spiritu
818 1748 862 1775 Dei
876 1750 951 1782 ejirio

156 1794 290 1821 (lanionia
302 1795 324 1821 ’.
356 1793 511 1828 lusnfﬂavit
541 1800 565 1820 et
588 1794 674 1827 dixit,
688 1795 806 1828 Arcipite
820 1794 950 1826 Spiritum

157 1846 279 1867 sanciunt
292 1840 326 1872 '°,
342 1846 369 1867 et
385 1844 515 1867 sexcenta
533 1840 596 1867 talia
607 1860 615 1873 ,
640 1848 696 1867 sua:
723 1841 823 1879 habent
845 1842 949 1867 confes-

158 1887 228 1914 εἰοιιὶ
252 1895 384 1914 consona.
403 1887 450 1914 llis
466 1888 557 1917 enim,
575 1891 604 1913 ut
630 1889 756 1920 superius
778 1887 880 1914 dictum
897 1892 950 1920 est,

160 1933 283 1968 magistri
307 1933 436 1960 Ecclesia:
463 1933 589 1964 inducti,
616 1934 760 1967 praedictas
789 1933 822 1960 de
845 1933 948 1968 Spiritu

161 1984 255 2006 Sancto
276 1979 365 2006 tulere
377 1979 538 2011 sententias,
555 1984 584 2005 et
607 1985 651 2011 per
666 1978 764 2005 Filium
782 1972 807 2005 ei
823 1985 855 2005 ea:
878 1978 951 2006 Filio

161 2026 311 2059 pret-edere
331 2024 455 2052 discrerit
470 2032 479 2057 ;
506 2025 552 2058 qui
581 2029 670 2050 autem
687 2032 720 2051 ex
735 2024 793 2051 solo
809 2024 888 2051 Patre
903 2033 951 2052 vo-

161 2071 219 2100 lunt
236 2072 341 2103 dicere,
354 2070 456 2097 nullum
471 2070 584 2097 omnino
601 2077 648 2103 pro
668 2078 697 2097 se
715 2069 817 2097 habent
832 2071 952 2098 testiino-

163 2119 252 2150 nium;
272 2118 337 2149 imo,
366 2121 393 2144 et
413 2117 538 2151 pr-rdicta
565 2116 657 2142 munia
679 2116 730 2143 sibi
761 2117 950 2151 adversantur,

164 2165 308 2198 hostesque
324 2163 423 2190 habent
437 2168 546 2190 sanctos
563 2161 669 2194 Patres,
684 2161 731 2196 qui
750 2161 796 2188 illa
814 2163 854 2190 sic
869 2171 952 2198 expo-

163 2216 241 2237 suerit
247 2215 287 2237 ιιι.

197 2256 274 2290 Quod
288 2256 311 2284 si
330 2256 357 2283 id
372 2255 517 2290 objiciunt,
531 2254 662 2288 scriptum
680 2262 732 2281 nou
746 2261 816 2286 esse,
830 2262 862 2280 ex
873 2255 951 2287 Filio,

165 2302 278 2335 pritnmu
295 2301 414 2336 quidem,
440 2299 475 2326 De
499 2308 554 2326 meo
579 2299 706 2331 accipiet,
725 2304 753 2325 et
770 2298 863 2325 omnia
891 2306 952 2332 quae

167 2350 234 2375 dicta
251 2354 325 2379 sunt,
342 2347 375 2373 ad
394 2347 466 2373 istud
481 2347 607 2377 tendunt,
624 2353 676 2372 nisi
699 2347 811 2372 vocibus
827 2345 953 2371 maximis

168 2395 347 2421 clamantibus
363 2393 481 2425 sanctis,
501 2393 608 2418 illormu
629 2400 709 2418 aures
725 2392 832 2426 penitus
851 2393 951 2419 obsur-

170 2441 281 2468 duerunt
293 2449 302 2473 ;
316 2441 521 2473 dciudc.ncque
536 2446 567 2465 es
583 2438 642 2465 solo
656 2437 735 2464 l’atrc
751 2437 882 2472 scriptum
898 2443 952 2464 est.

171 2485 259 2520 Itaque
272 2495 325 2512 non
337 2485 422 2519 magis
437 2492 486 2519 pro
501 2492 542 2515 se,
557 2492 638 2518 quatit
652 2489 747 2510 contra
759 2489 800 2516 se,
816 2489 871 2509 non
891 2490 952 2510 esse

172 2534 297 2567 Scriptum
313 2533 453 2566 obj.t:iunt.

205 2579 231 2604 Si
255 2584 358 2608 autem,
386 2577 513 2611 quoniam
534 2576 618 2602 Filius
640 2583 673 2602 cx
697 2574 777 2602 Patre
801 2574 912 2607 dicitur,
927 2580 954 2602 et

725 2643 736 2657 ⁵
747 2641 812 2669 ibid.

715 2678 735 2693 “
748 2677 843 2704 Matth.
859 2685 898 2709 ιι,
911 2677 956 2704 27.

208 2646 303 2673 ‘Jmll.
319 2653 374 2673 va.
390 2645 432 2672 14.

368 2665 374 2677 _,
390 2645 432 2672 Η.
470 2644 570 2671 ‘Joiu.
587 2651 629 2676 xv,
642 2643 687 2675 ‘26,

176 2679 222 2712 ‘38;
238 2682 301 2708 Luc.
314 2689 350 2712 λι,
361 2681 405 2707 2‘0.

445 2679 467 2695 ¹⁹
483 2679 560 2706 Jouu.
574 2687 620 2711 xx,
631 2678 674 2705 ‘21.

208 2751 260 2785 Hi)
277 2751 332 2778 lloc
347 2751 401 2777 vult
417 2751 506 2778 dicere
524 2758 577 2777 esse
599 2751 684 2776 solum
700 2756 786 2775 verum
799 2755 864 2785 rnon
894 2756 955 2775 esse

179 2790 338 2820 personati-in
357 2791 548 2820 proprietatem
571 2785 672 2816 Patris,
690 2791 721 2810 ac
749 2784 860 2818 proinde
873 2785 953 2820 etiam

181 2819 241 2845 Filio
263 2819 425 2855 competere,
454 2829 506 2847 non
524 2823 649 2846 obstante
672 2819 804 2855 vocabulo
819 2826 904 2844 verus.
923 2819 954 2844 lL't

186 2856 304 2883 similiter
327 2853 466 2891 Spiritqu
485 2861 607 2883 sumtum
624 2862 771 2889 agnoscere
798 2853 903 2880 Patrem
926 2859 952 2879 et

851 2641 860 2657 ‘
874 2641 952 2670 Joan.
965 2642 1074 2673 xtv,26.
1112 2642 1121 2657 ⁷
1133 2641 1231 2668 Idan.)

859 2685 898 2707 ιι,
911 2677 956 2704 27.
997 2678 1017 2692 ¹¹
1028 2677 1108 2704 Juau.
1124 2685 1172 2707 xu.
1187 2677 1231 2704 44.

1003 1567 1103 1594 dictum
1128 1571 1169 1592 est
1186 1586 1192 1598 ,
1211 1573 1297 1600 neque.
1318 1565 1452 1597 adjectqu
1471 1570 1512 1590 est
1531 1565 1587 1590 solo
1600 1584 1607 1596 ,
1627 1572 1687 1590 cum
1704 1566 1786 1589 etiam

1004 1612 1163 1646 producere,
1182 1616 1210 1638 ut
1228 1611 1298 1637 nativ
1312 1611 1359 1636 tati
1382 1618 1435 1636 nou
1458 1610 1601 1636 adversum
1620 1610 1700 1635 etiam
1718 1608 1787 1634 Filio

1002 1658 1158 1688 conveniat.
1185 1665 1216 1683 ac
1237 1663 1378 1691 propterea
1408 1664 1550 1682 comnnine
1573 1662 1634 1682 esse
1654 1654 1724 1680 Patri
1756 1662 1788 1681 ac

1003 1701 1073 1730 Filio
1089 1703 1248 1736 inspiciatttr
1259 1723 1266 1735 ,
1281 1703 1471 1729 stultissimum
1490 1701 1653 1728 omnimodis
1670 1707 1708 1727 cst
1727 1709 1788 1726 vcr-

1004 1750 1065 1776 luuu
1087 1757 1196 1783 rapere,
1213 1756 1245 1775 ac
1261 1757 1307 1783 per
1333 1749 1384 1775 hoc
1403 1747 1502 1774 Filium
1522 1755 1536 1773 ιι
1555 1746 1644 1773 l’atris
1666 1755 1789 1773 commu-

1003 1795 1084 1820 nione
1104 1794 1255 1821 secludere.

1038 1841 1130 1875 Atqui,
1147 1840 1189 1866 vel
1205 1838 1542 1873 dispensationisitnplens
1556 1843 1736 1869 sacramenta,
1748 1838 1789 1864 vel

1003 1885 1143 1919 discipulis
1174 1892 1306 1918 parcetis,
1329 1884 1370 1910 sui
1400 1891 1453 1910 non
1473 1883 1617 1914 meminit,
1634 1883 1704 1916 quod
1720 1883 1790 1910 forte

1003 1932 1103 1966 majora
1122 1931 1156 1957 de
1170 1931 1217 1957 illo
1233 1938 1284 1956 non
1300 1934 1446 1964 caperent:
1461 1938 1470 1954 ι
1492 1929 1579 1956 Multa
1594 1930 1672 1961 enim,
1691 1927 1789 1962 inquit,

1002 1978 1084 2004 habeo
1099 1976 1170 2003 vobis
1181 1976 1277 2008 dicere,
1292 1978 1336 2002 sed
1351 1983 1401 2002 non
1415 1976 1520 2009 potestis
1534 1980 1639 2008 portare
1649 1974 1765 2005 modo";
1777 1983 1786 1998 ι

1001 2026 1055 2052 sive
1069 2026 1103 2051 ad
1121 2023 1279 2058 principium
1297 2027 1373 2049 suum
1400 2012 1491 2048 omnid
1508 2022 1639 2055 refert-ns,
1656 2030 1670 2048 α
1695 2029 1744 2056 quo
1764 2027 1789 2048 et

1002 2072 1055 2106 ipse
1074 2075 1123 2103 est,
1137 2075 1161 2096 et
1179 2078 1227 2096 sua
1240 2069 1339 2099 omnia,
1364 2072 1393 2095 ut
1405 2068 1443 2094 ait
1465 2069 1607 2102 theologus
1620 2067 1786 2100 Gregorius;

1003 2120 1060 2147 sive
1076 2118 1169 2148 etiam,
1186 2117 1257 2150 quod
1274 2120 1301 2140 et
1322 2114 1476 2141 necessario
1497 2114 1521 2140 id
1536 2113 1702 2140 credendum
1717 2119 1788 2139 esset

1005 2167 1117 2199 propter
1144 2168 1278 2189 summam
1301 2159 1335 2186 ad
1365 2159 1472 2185 Patrem
1497 2159 1696 2192 arqualitatem,
1716 2158 1788 2185 istud

968 2202 991 2229 Ῑ)
1005 2210 1097 2236 dicere
1116 2208 1218 2235 omisit.
1248 2206 1334 2234 Filius
1348 2205 1445 2240 quippe
1466 2203 1555 2231 Patris
1579 2209 1630 2237 est,
1648 2203 1791 2238 Patrisque

1006 2254 1128 2283 definitio
1145 2259 1172 2281 et
1191 2252 1321 2280 Verbum.

1041 2300 1202 2334 Quanquam
1217 2307 1249 2325 ex
1268 2297 1455 2332 superioribus
1472 2295 1612 2323 sententiis
1623 2295 1788 2320 tantumdem

1005 2345 1170 2377 valentibus,
1184 2351 1270 2378 neque
1288 2345 1338 2369 hoc
1351 2342 1462 2369 otnniuo
1481 2341 1597 2368 tacuisse
1613 2341 1791 2374 deprehendi-

1007 2397 1050 2419 tur
1065 2399 1072 2418 :
1090 2398 1184 2418 verum
1210 2390 1281 2425 quod
1305 2389 1349 2416 isti
1366 2389 1499 2415 instanter
1515 2392 1624 2419 negant,
1652 2386 1789 2419 prendit-at.

1005 2438 1072 2465 Nam
1106 2428 1254 2470 Scriptura:
1278 2435 1377 2468 duplex
1401 2434 1498 2460 modus
1530 2436 1572 2459 est
1599 2431 1706 2458 dicendi
1730 2439 1791 2465 qua:

1006 2483 1082 2510 velit.
1110 2484 1164 2509 Alit
1193 2482 1266 2508 enim
1289 2481 1365 2514 puris
1387 2479 1557 2514 propriisque
1584 2476 1749 2507 nominibus,
1762 2481 1791 2503 ut

1008 2537 1068 2556 eum
1085 2528 1206 2560 Patrem,
1223 2533 1248 2555 et
1269 2527 1382 2558 Filium,
1407 2532 1434 2553 et
1452 2525 1582 2559 Spiritum
1600 2527 1723 2550 sanctum
1743 2529 1791 2548 uo-

1008 2576 1112 2607 tninat;
1131 2575 1187 2601 sive
1211 2582 1272 2601 cum
1288 2581 1321 2601 ex
1345 2572 1549 2608 aperterdictis,
1577 2570 1619 2597 his
1640 2570 1722 2596 etiam
1746 2576 1791 2595 sc-

1345 2638 1443 2667 “Joao.
1457 2638 1570 2671 “1,15.
1610 2638 1620 2653 ’
1632 2636 1727 2663 litauit.
1741 2643 1790 2667 xu,

1345 2684 1379 2701 ιιι.
1397 2682 1446 2701 vtt.
1461 2675 1504 2700 16.
1544 2674 1565 2688 ¹⁸
1579 2673 1656 2701 Joan.
1672 2677 1726 2701 xit,
1747 2671 1788 2697 Η..

1596 2680 1656 2699 oan.
1672 2677 1726 2702 xu,
1747 2677 1788 2697 t'.'..

1112 2642 1121 2657 ⁷
1133 2641 1211 2668 .Ioan.
1226 2640 1307 2674 .v,50.
1345 2640 1443 2667 “Joao.
1457 2646 1499 2665 xvt

1124 2685 1172 2707 xu.
1187 2677 1231 2704 44.
1274 2674 1379 2703 "Juau.
1397 2675 1504 2708 vtt,1ti.

1005 2747 1102 2774 Filium
1120 2748 1194 2774 etab
1214 2747 1266 2774 illis
1283 2745 1392 2781 agnosci
1409 2745 1555 2772 convenire
1577 2745 1658 2772 etiam
1675 2742 1789 2781 Spiritui

1004 2789 1101 2810 Soliclu
1117 2792 1149 2810 eo
1160 2785 1230 2817 quod
1253 2780 1320 2808 scire
1333 2782 1373 2808 vel
1398 2783 1507 2815 agnosci
1529 2789 1581 2808 tton
1595 2781 1628 2807 sit
1640 2780 1792 2814 ιιειδυιιιιιςά

1006 2820 1155 2853 proprietas
1169 2819 1287 2852 Spiritus
1298 2817 1396 2849 sancti.
