1960 3063
133 131 185 164 197

685 132 1053 164 ADVERSUSGR/ECO.$
1073 134 1146 165 LIB.
1166 134 1213 164 ἰν.

1716 136 1766 167 198

125 189 282 220 Marinum.
298 190 462 219 additiouem
479 191 551 218 hanc.
562 190 628 226 (46),
639 199 692 218 non
707 192 814 225 quando
830 190 925 218 Eccle-
939 191 963 219 Δ
978 195 1059 224 atque
1075 190 1200 224 Basilius,
1214 190 1344 225 Spirttum
1357 198 1372 218 a
1392 190 1459 218 Filio
1475 199 1535 220 ρετ-ρ
1552 191 1652 220 habere
1664 193 1768 220 dicunt.

127 237 235 262 siaruta
250 237 371 263 scissura
393 237 466 264 [acta
484 242 525 264 est
536 258 552 269 ,ς
563 238 610 264 scd
633 237 711 269 longe
727 242 788 264 aule
804 237 924 264 additam

127 282 228 313 fuisse,
255 288 281 309 ct
300 283 427 310 fortaSsis
445 288 509 310 ante
525 291 572 310 sua
598 289 728 317 tempora.
759 282 821 310 Fuit
834 287 924 308 autem

126 336 163 355 eo
180 335 315 364 tempore,
334 336 388 363 quo
407 334 482 357 sexta
510 329 630 364 synodus
652 329 768 356 conﬂata
792 333 843 356 cst.
860 329 925 356 l’ro-

125 379 235 407 ptcrca,
257 375 336 401 rebus
359 375 528 410 urgentibus,
553 383 615 402 cum
642 375 772 410 quosdam
788 374 924 402 Occiden-

126 421 194 447 talis
216 421 346 448 Ecclesia.-
360 422 417 448 haec
432 422 515 455 pcstis
539 421 669 455 paulatim
693 429 725 448 ac
741 419 841 448 sensim
866 421 924 448 illii-

126 472 216 496 ceret.
238 467 406 494 conveniens
421 468 540 502 synodus
553 474 586 494 ex
604 466 672 493 Filio
691 467 774 494 etiam
793 466 923 502 Spiritum

127 514 281 547 procedere
301 513 430 548 Symbolo
449 513 602 547 adjecit,ad
620 514 691 548 quod
704 513 817 540 Romani
834 515 924 548 ponti-

128 561 193 586 licis
209 559 361 587 suffecisset
379 559 538 592 auctoritas,
554 567 613 594 quae
632 561 714 587 etiam
733 560 852 595 synodos
867 559 925 587 reli-

128 613 202 640 quas
214 607 333 632 roborat.

171 651 264 686 Neque
278 661 344 679 sane
360 652 512 679 mirandum
526 657 568 679 est
582 651 734 679 Romanum
753 652 923 687 episcopunr,

130 697 262 725 Ecclesiae
282 699 452 733 principem,
472 698 559 731 ipsum
584 703 735 725 convocato
762 698 924 726 Occidenta-

131 741 198 768 limn
213 744 401 777 episcoporum
424 743 554 774 concilio,
571 742 636 768 illud
661 743 826 770 decrevisse.
842 743 922 776 Nam,

129 789 153 814 si
169 788 316 822 provincia.-
337 796 408 822 sa-pe
430 788 544 822 singulae
559 789 674 815 concilia
692 788 922 822 celebraverunt,

129 835 227 868 eisque
258 834 407 860 auctoritas
434 833 564 868 derogata
595 841 649 860 non
673 839 724 865 est,
759 834 841 860 multo
858 841 923 861 sane

982 238 1165 272 tnajorcmque
1189 237 1294 272 Spiritu
1317 237 1413 264 Filium
1437 245 1528 265 causa:
1561 239 1666 265 ratione
1694 248 1768 266 asse—

980 290 1053 313 runt.
1069 283 1242 318 Cyrillusque
1259 291 1340 318 super
1354 282 1467 311 Joannis
1480 283 1636 319 Evangelia,
1667 290 1693 312 et
1708 286 1766 319 plu-

950 333 961 340 ·
980 329 1056 356 rimis
1071 329 1264 363 opusculorum
1277 336 1391 356 suorum
1402 329 1480 361 locis,
1493 330 1544 357 hoc
1559 331 1644 365 ipsum
1655 331 1767 362 clamat,

978 381 1079 410 praeter
1096 375 1253 403 Occidentis
1270 376 1482 410 tnagistros,qui
1501 377 1651 403 innumeris
1662 377 1687 403 in
1702 377 1768 403 locis

978 423 1082 455 dicunt,
1099 430 1130 449 ex
1150 422 1242 454 Patre,
1264 430 1294 449 ac
1313 423 1399 454 l’ilioZ,
1415 423 1495 450 veluti
1515 432 1546 449 ex
1565 430 1618 454 uno
1635 423 1768 457 principio

979 470 1125 503 procedere
1142 468 1272 503 Spiritum
1291 474 1415 496 sanctum
1436 478 1444 496 :
1462 478 1530 503 opus
1542 477 1602 496 esse
1619 477 1673 495 non
1689 471 1766 496 vide-

979 515 1068 546 batur,
1086 520 1119 542 oe
1142 517 1183 542 nis
1204 522 1263 549 qua:
1280 522 1409 542 concessa
1427 520 1532 546 essent,
1545 514 1698 542 Orientales
1714 515 1766 541 Pa-

978 565 1033 587 tres
1050 561 1187 588 molestias
1204 562 1269 595 pati.

1013 606 1098 633 Porro
1116 607 1137 633 si
1152 608 1211 640 quis
1229 607 1390 642 interroget,
1407 606 1470 641 quid
1486 607 1623 641 sit.quod,
1637 615 1699 634 cutn
1715 607 1766 635 ista

978 653 1080 679 additio
1094 653 1206 687 antiqua
1225 653 1270 683 sit,
1284 660 1336 679 non
1352 654 1433 679 etiam
1446 653 1479 679 ab
1496 651 1679 679 Orientalibus
1689 653 1767 687 Sym-

978 698 1149 725 boloiuserla
1168 698 1348 732 sit?primum
1360 698 1468 732 quidem
1479 699 1581 731 ,debita
1596 699 1766 733 subiectione

978 751 1009 771 ac
1022 744 1174 771 reverentia
1192 744 1314 770 Romano
1330 744 1455 771 Pontilici
1470 764 1477 776 ,
1495 744 1611 778 ejusque
1632 743 1763 771 Ecclesiae

978 790 1125 816 secundum
1141 790 1343 817 ecclesiasticas
1367 790 1473 824 regulas
1500 790 1603 817 reddita
1618 808 1626 820 ,
1644 789 1710 816 nillil
1732 797 1765 816 cx

980 835 1032 862 hoc
1049 836 1075 862 in
1091 835 1153 868 ﬁde,
1170 837 1210 863 vel
1235 835 1363 868 dillerre,
1381 836 1423 862 vel
1447 841 1541 862 contra
1559 835 1658 862 sentire
1683 839 1766 869 puta-

129 881 218 912 nvagis
237 881 288 906 hoc
303 880 346 906 ille
366 880 463 914 potuit,
479 887 539 906 eum
554 879 682 906 omnibus
700 881 801 906 circum
823 887 852 906 se
866 880 924 914 epi-
942 871 962 899 Β
979 883 1088 914 bantur,
1102 883 1172 916 quod
1200 883 1282 910 etiam
1299 890 1362 910 vere
1389 882 1429 910 sic
1449 888 1519 909 erat.
1534 881 1636 908 Deinde
1653 889 1766 909 necesse

126 926 232 960 Scopis,
248 926 293 958 qui
309 930 403 959 pastor
419 926 533 960 primus,
556 931 584 952 et
614 925 742 952 Ecclesia:
778 925 861 953 totius
878 934 921 961 pa-

128 977 183 1003 ter,
211 972 428 1006 universalisth
450 971 668 998 Christianorum
693 972 814 999 omniutn
839 972 923 1007 judex

127 1027 193 1046 esse
222 1019 440 1052 cotnprobalur,
470 1017 621 1052 apostolica
657 1017 730 1044 lntltc
760 1018 923 1052 antiquitate

129 1066 286 1100 princi,em
302 1072 459 1099 supremum
472 1064 638 1098 appellaute,
655 1064 828 1100 decretisque
842 1066 924 1099 regiis

128 1112 222 1144 ipsum
241 1110 436 1142 statuentlbus,
452 1118 484 1137 ac
500 1111 581 1138 rebus
601 1111 666 1144 ipsis
681 1111 716 1138 ita
731 1119 792 1139 esse
805 1112 925 1139 claman-

128 1158 215 1188 tibus,
231 1162 258 1184 et
273 1164 327 1191 quo
344 1157 414 1188 sine,
433 1156 600 1190 impossibile
617 1157 738 1191 profecto
755 1162 813 1190 est,
834 1158 923 1185 cccle-

127 1205 244 1231 siastica
260 1204 369 1238 negotia
383 1203 506 1236 tractari,
522 1209 606 1237 atque
622 1204 701 1237 dirigi
713 1224 721 1237 ,
739 1204 810 1232 sicut
828 1206 924 1234 beatus

127 1249 289 1284 Stephanus
304 1249 398 1283 junior
423 1249 480 1284 (47)
500 1251 632 1277 adversus
651 1257 698 1277 eos
718 1250 776 1285 qui,
793 1251 922 1285 quoniam

127 1296 265 1329 imagines
293 1303 388 1322 omnes
415 1296 593 1322 dcstrnendas
624 1297 799 1329 statuebant,
824 1297 925 1324 εἰκονο-

128 1343 215 1376 μὰχιιι
237 1341 363 1375 appellati
378 1347 450 1372 sunt.
476 1342 600 1368 restitit:
619 1349 680 1368 cutn
704 1342 744 1369 illi
775 1343 922 1370 concilium

101 1387 104 1390 “
126 1387 367 1420 (ληιδιιιιιιιιιυμυιι
390 1386 527 1419 fecissent,
544 1394 598 1413 non
619 1387 660 1415 eis
679 1387 763 1415 licere
777 1389 923 1416 concilium

128 1433 272 1460 celebrare
288 1440 414 1460 asserens
430 1433 480 1460 nisi
493 1433 630 1460 ltontanus
646 1434 803 1468 episcopus,
821 1435 861 1462 vel
876 1443 924 1469 per

126 1487 157 1506 se
175 1480 266 1513 ipsum
284 1486 403 1512 prmsens
417 1478 587 1513 przesideret,
603 1480 644 1507 vel
663 1480 697 1507 ab
723 1488 756 1508 eo
770 1482 858 1513 missi,
875 1482 922 1510 alii

122 1526 202 1559 juxta
219 1526 444 1552 consuetudinem
464 1525 551 1552 locum
569 1525 629 1560 ejus
651 1526 805 1560 implerent.
822 1527 923 1562 Nempe

126 1571 200 1598 enim
216 1573 250 1597 ab
270 1570 392 1598 Ecclesm
409 1571 463 1601 illa,
480 1571 551 1598 nulla
567 1579 686 1606 unquam
703 1573 736 1599 de
751 1573 803 1600 ﬁde
815 1580 924 1600 scnlen-

127 1619 163 1645 tia
184 1619 320 1650 manavit,
341 1625 420 1652 quam
439 1623 469 1644 ut
495 1617 681 1652 blasphematur
698 1625 724 1646 et
740 1621 848 1646 noxiam
870 1620 923 1647 Ec-

127 1665 214 1691 tlcsia
242 1672 315 1691 nunc
341 1664 430 1690 onuds
460 1663 584 1696 damnet,
620 1672 668 1691 seu
698 1666 921 1698 anatltetnatizet,

127 1712 239 1745 quando
250 1712 376 1745 ingentes
386 1710 482 1736 ﬂuctus
496 1711 669 1744 plurimaque
677 1710 816 1745 naufragia
827 1716 921 1738 contra

128 1757 281 1784 Eucti-siam
296 1756 381 1784 fuere.
396 1756 450 1783 Nisi
461 1757 532 1783 cnim
550 1758 602 1783 ista
615 1757 805 1790 suscipiamus,
823 1758 918 1784 nescio

127 1805 192 1839 quid
210 1803 330 1830 valulnm
345 1809 370 1829 et
386 1808 474 1829 ratutn
492 1802 645 1836 suscepturi
670 1804 755 1830 simus
773 1811 780 1830 :
798 1803 840 1830 vel
856 1804 921 1837 quid

129 1850 334 1884 apertissiumn
352 1849 437 1880 licet,
465 1854 547 1883 atque
566 1849 754 1883 conspicuum,
780 1849 924 1884 impuden-

129 1898 236 1923 lt>sillre
254 1895 420 1929 repudiaturi
435 1903 487 1921 non
504 1895 602 1921 simus.

165 1942 194 1969 SI
216 1942 300 1975 igitur
330 1941 380 1967 ista
400 1942 432 1967 de
450 1941 494 1967 illo
506 1947 568 1967 vera
597 1945 672 1971 sunt,
685 1940 744 1968 sine
766 1948 819 1975 quo
835 1941 924 1975 possi-

128 1988 182 2016 bile
200 1996 255 2014 non
271 1991 313 2014 est
326 1986 509 2014 ecclesiastica
527 1986 649 2018 decerni,
665 1987 699 2013 ad
726 1994 756 2014 ea
774 1987 924 2014 decernen-

130 2035 208 2066 dum.
226 2042 289 2061 cum
305 2034 399 2067 paucis
419 2037 466 2060 aut
482 2039 545 2059 cum
565 2032 689 2067 pluribus
702 2033 857 2065 conveniat,
872 2034 923 2060 tui-

130 2082 236 2108 nimum
255 2079 338 2106 relert
355 2087 361 2105 :
377 2078 512 2112 simulun
528 2079 555 2105 in
572 2086 602 2106 re
625 2085 731 2112 aperta,
759 2083 785 2105 et
812 2086 873 2111 qua:
889 2080 923 2106 ab

129 2128 260 2154 munibus
284 2125 411 2152 Ecclesiae
437 2125 575 2160 magistris
611 2125 675 2151 trita
702 2129 761 2156 est,
778 2125 812 2152 de
834 2126 923 2152 sancti

131 2175 237 2201 scilicet
257 2172 376 2206 Spiritus
391 2172 574 2206 processione,
587 2179 655 2206 opus
670 2178 722 2198 non
733 2170 821 2198 fuisse
836 2172 923 2198 citare

976 937 1029 955 non
1057 929 1116 960 fuit,
1144 934 1246 956 rectam
1262 934 1290 956 et
1307 936 1456 963 congruam
1475 928 1508 955 de
1531 927 1601 954 Filio
1628 933 1654 954 et
1671 932 1767 954 sancto

976 973 1078 1008 Spiritu
1093 974 1297 1008 intelligentiam
1311 973 1452 1004 habentes,
1462 980 1524 999 cum
1534 972 1672 999 additimte
1684 971 1765 1006 Synt-

975 1019 1065 1047 bolutn
1084 1019 1173 1054 legere
1186 1028 1194 1052 ;
1217 1027 1270 1046 non
1285 1027 1348 1046 esse
1360 1019 1504 1046 contraria:
1519 1018 1667 1053 opinionis,
1677 1024 1766 1051 neque

975 1070 1071 1100 putare
1096 1073 1144 1093 eos
1166 1066 1232 1100 qui,
1249 1073 1310 1092 cum
1337 1065 1388 1092 ista
1417 1064 1555 1097 legerent,
1572 1064 1632 1090 ﬁdei
1650 1063 1764 1090 veritate

974 1112 1120 1144 excidisse,
1148 1111 1257 1145 illisque
1283 1111 1374 1138 unitos
1397 1118 1471 1138 esse.
1490 1109 1555 1136 Nam
1581 1114 1608 1137 et
1622 1114 1682 1143 post
1696 1109 1768 1136 auli-

975 1165 1058 1192 qumn
1075 1157 1206 1190 schisma,
1219 1165 1281 1184 cum
1297 1165 1391 1184 rursus
1403 1157 1543 1191 utriusque
1555 1155 1683 1183 Ecclesia:
1694 1156 1766 1182 facta

975 1208 1046 1231 esset
1061 1204 1135 1235 unio,
1152 1202 1262 1231 Graecos
1277 1202 1366 1230 Latini
1382 1202 1450 1229 lllltll
1466 1207 1632 1236 coegerunt,
1653 1201 1767 1237 Symbo-

975 1249 1029 1276 luru
1045 1257 1106 1277 cum
1125 1248 1263 1276 additione
1291 1248 1390 1283 legere,
1413 1248 1455 1275 vel
1486 1247 1547 1274 aliis
1568 1247 1765 1275 ecclesiasticis

975 1295 1073 1323 ritibus
1099 1303 1175 1322 mere
1198 1302 1248 1322 suo
1272 1294 1311 1321 uti
1326 1315 1334 1326 ,
1354 1294 1401 1321 sed
1419 1294 1472 1320 tria
1490 1293 1579 1320 solum
1595 1293 1628 1320 ab
1641 1293 1681 1319 eis
1703 1297 1766 1327 post

975 1344 1075 1369 factam
1092 1343 1239 1374 unionem,
1256 1340 1387 1376 requisita
1414 1343 1489 1367 sunt.
1508 1339 1627 1368 Primum
1643 1341 1764 1374 quidem.

975 1393 1005 1415 ut
1029 1389 1145 1416 Romm‘t
1168 1384 1292 1422 episcopi
1314 1386 1473 1414 memoriam
1495 1387 1520 1413 in
1539 1386 1695 1420 diplycltis,
1713 1386 1765 1412 hoc

975 1441 1027 1467 est,
1045 1436 1072 1462 itt
1089 1442 1192 1462 canone
1205 1434 1294 1460 Missa:
1318 1433 1457 1465 lacerent;
1473 1433 1634 1463 secundum,
1651 1437 1680 1458 ut
1706 1432 1766 1458 uui-

976 1482 1109 1508 versalem
1120 1481 1240 1515 judicent
1256 1479 1475 1507 Christianorum
1488 1478 1609 1505 otnniunl
1626 1482 1766 1512 putarent;

938 1546 960 1574 ς
977 1529 1001 1554 ei
1022 1528 1171 1555 secundum
1183 1526 1322 1560 antiquam
1340 1525 1465 1552 Ecclesia:
1479 1524 1701 1551 consuetudinem
1723 1532 1767 1550 rc-

979 1575 1127 1601 vorentiam
1154 1574 1322 1603 reddemus;
1352 1572 1473 1603 tertium,
1499 1575 1529 1597 ut
1547 1570 1696 1597 Romanam
1715 1569 1767 1596 Ec-

979 1620 1088 1647 clesiam
1111 1620 1136 1645 in
1164 1617 1359 1645 ecclesiasticis
1382 1617 1556 1651 dogmatibus
1569 1620 1683 1642 matrem
1700 1614 1768 1642 [ido-

977 1667 1042 1693 lium
1058 1671 1139 1700 atque
1156 1664 1314 1699 magistram
1341 1671 1406 1690 salta
1426 1670 1535 1696 semper
1549 1661 1600 1688 (ide
1623 1669 1694 1692 esse,
1710 1667 1768 1687 cre-

977 1711 1083 1738 derent.
1109 1711 1214 1737 thera
1238 1709 1304 1736 locis
1322 1708 1381 1735 suis
1407 1715 1516 1734 manere
1544 1706 1673 1740 permissa
1690 1710 1764 1732 sunt.

977 1757 1029 1784 Sed
1045 1763 1116 1783 nunc
1127 1763 1234 1790 quoque
1251 1756 1276 1781 in
1294 1754 1432 1786 Sic.lia,et
1447 1761 1477 1780 ea
1492 1761 1552 1788 qua:
1565 1760 1660 1786 magna
1673 1757 1700 1779 et
1715 1759 1767 1779 an-

978 1805 1052 1839 tiqua
1068 1803 1171 1830 Grtccia
1190 1802 1289 1829 dudum
1302 1801 1460 1832 vocabatur,
1475 1807 1536 1826 cum
1552 1798 1638 1826 Graeci
1657 1798 1767 1832 plurimi

976 1850 1140 1882 iuhabilent,
1157 1848 1356 1882 Orientalisque
1368 1846 1495 1886 Ecclesiae
1520 1845 1642 1872 Ittul'illus
1659 1850 1686 1871 et
1707 1845 1766 1871 riti-

978 1899 1028 1924 bus
1047 1902 1156 1924 utanlur
1170 1894 1250 1930 ;qcia
1266 1895 1354 1921 solum
1373 1893 1501 1920 Romanae
1520 1892 1649 1918 Ecclesiae
1666 1890 1765 1918 subditi

977 1950 1052 1975 sunt,
1062 1951 1113 1969 non
1125 1947 1258 1977 coguntur
1269 1939 1425 1975 Symbolum
1437 1946 1498 1966 cum
1515 1938 1652 1964 additione
1664 1938 1764 1971 legere;

976 1989 1024 2016 sed
1044 1989 1112 2020 sola,
1137 1994 1165 2014 ut
1190 1987 1291 2014 dictum
1309 1992 1350 2013 est
1363 2005 1371 2017 ,
1389 1985 1546 2012 obedienlia
1562 1983 1689 2010 Ecclesiae
1713 1982 1766 2009 im-

977 2044 1071 2071 pcnsa,
1092 2043 1152 2062 cum
1176 2041 1228 2061 non
1251 2034 1307 2060 sint
1321 2033 1466 2059 contrariae
1476 2031 1624 2066 opinionis,
1643 2029 1710 2056 nillil
1730 2029 1765 2055 ab

977 2083 1017 2108 eis
1034 2080 1148 2114 atnplius
1163 2079 1290 2113 exigitur,
1308 2086 1360 2105 una
1375 2078 1424 2105 hac
1442 2085 1471 2104 rc
1487 2083 1586 2105 caetera
1602 2078 1683 2104 etiam
1697 2085 1766 2105 cort-

980 2129 1058 2155 tineri
1077 2126 1272 2153 arbttl‘altllbus
1287 2124 1410 2153 Latinis:
1425 2123 1536 2159 quippe,
1552 2131 1606 2151 non
1622 2124 1648 2150 in
1664 2125 1767 2156 verbis,

977 2174 1024 2201 sed
1038 2174 1063 2200 iu
1083 2173 1207 2200 sensibus
1225 2171 1321 2206 religio
1339 2175 1432 2199 uOstra
1452 2170 1597 2202 consistit,
1615 2170 1763 2197 secandum

131 2222 239 2251 urbem,
271 2219 353 2245 veluti
381 2225 412 2244 ca
431 2219 543 2250 quasstio
557 2217 635 2244 Valde
649 2221 722 2245 essot
733 2218 869 2252 ambigua,
883 2223 925 2244 al-
942 2217 962 2244 υ
979 2220 1131 2253 theologum
1149 2219 1322 2252 Gregorium.

133 2274 185 2301 quc
200 2266 274 2298 ideo,
290 2265 418 2292 munibus
431 2264 670 2293 communicanda.
686 2264 737 2298 Qui
749 2265 822 2292 cnint
840 2265 925 2292 semel

133 2313 322 2347 percepisseut
349 2311 421 2338 Patri
448 2311 546 2338 Filium
571 2317 632 2338 esse
646 2310 921 2343 consubstanthlem,

133 2358 247 2393 ejOSthe
266 2357 514 2385 incommutabilem
529 2357 673 2391 imaginem
690 2364 767 2389 esse,
784 2360 810 2383 et
836 2356 924 2385 Patris

135 2405 235 2432 habere
249 2404 353 2435 omnia,
368 2408 465 2438 prmter
478 2403 566 2430 solum
581 2402 690 2430 Patrem
710 2410 789 2435 esse.
806 2409 832 2430 et
852 2411 924 2430 nunc

136 2453 244 2486 quidem
257 2450 383 2477 audirent
408 2450 538 2484 Spiritum
558 2449 680 2476 veritatis
696 2454 724 2476 et
739 2448 799 2476 Filii
817 2457 878 2476 esse
899 2455 925 2476 et

136 2499 167 2524 ab
183 2498 243 2531 ipso
260 2497 394 2530 accipere,
411 2502 484 2522 nunc
496 2501 586 2522 autem
603 2503 651 2529 per
666 2494 764 2521 Filium
780 2495 926 2529 procedere

137 2548 162 2570 et
179 2551 213 2570 ex
239 2541 311 2569 Filio
326 2549 403 2574 esse,
419 2541 497 2568 sicuti
517 2541 599 2568 etiam
614 2548 646 2568 ex
670 2540 761 2573 Patre,
774 2546 802 2568 et
816 2541 849 2568 ab
865 2541 924 2575 ipso

139 2589 239 2615 habere
255 2594 326 2618 esse.
343 2593 369 2614 et
386 2595 447 2621 quae
464 2587 528 2614 laiia
553 2586 682 2617 praedicta
703 2592 765 2614 sunt
779 2595 787 2616 ;
802 2594 835 2614 ex
857 2587 925 2614 Filio

139 2635 218 2661 etiam
234 2633 392 2669 procedere,
400 2634 526 2661 dubitare
535 2642 586 2660 non
599 2639 721 2668 possent,
733 2633 851 2661 maxime
864 2642 924 2661 cum

139 2682 250 2711 scirent.
267 2681 347 2714 quod,
366 2681 410 2714 qui
427 2675 733 2715 lmjusmodi'principia
760 2683 924 2715 concedunt,

140 2727 165 2754 id
178 2735 291 2762 quoque
308 2727 379 2761 quod
391 2734 423 2755 ea
433 2726 567 2760 sequitur,
586 2726 741 2753 necesSario
757 2726 902 2754 admittunt
917 2735 924 2759 ;

142 2779 223 2808 utque
255 2771 399 2800 Uricutalis
427 2771 556 2799 Ecclesia:
588 2771 733 2806 magistri,
762 2771 927 2800 Athanasius

172 2844 229 2876 (an)
249 2841 318 2875 lsi-ge
329 2841 518 2868 B~‘ll.tl'tl|illllln
535 2849 553 2868 ll
567 2841 604 2867 De
621 2841 738 2872 Chrtsto,
752 2848 776 2868 c.
790 2841 834 2869 21.

1014 2267 1062 2294 llis
1076 2267 1098 2293 si
1114 2266 1175 2299 quis
1191 2265 1313 2297 ob,icial,
1327 2264 1483 2299 oportuisse
1503 2263 1611 2291 GI-aec'os
1621 2264 1705 2291 etiant
1721 2271 1767 2290 vo-

978 2312 1047 2344 cari,
1060 2312 1205 2345 ct-synodo
1219 2312 1252 2337 de
1268 2310 1403 2337 sententia
1412 2311 1534 2337 omnium
1544 2311 1746 2338 communicare
1759 2319 1766 2338 :

978 2359 1096 2394 primmn
1110 2356 1230 2392 quidem,
1242 2364 1303 2383 cum
1316 2357 1496 2384 uotaomnino
1510 2364 1554 2384 res
1562 2363 1645 2388 esset,
1657 2365 1769 2384 necesse

979 2393 1098 2431 non-fuit
1116 2403 1242 2430 ouutibus
1261 2403 1333 2430 hanc
1352 2402 1533 2430 conveniendi
1558 2403 1769 2430 molestiamiu-

978 2450 1082 2480 dicere.
1099 2457 1186 2483 neque
1212 2456 1324 2476 necesse
1341 2454 1382 2476 est
1406 2456 1501 2476 omnes
1522 2449 1648 2476 omnibus
1672 2450 1769 2476 adesse

979 2497 1115 2529 conciliis,
1129 2498 1175 2524 sed
1187 2496 1304 2530 primum
1321 2496 1430 2529 quidem
1446 2495 1568 2526 Patrem,
1586 2495 1768 2529 Ecclesiasqtte

979 2550 1127 2577 pastorem.
1140 2542 1193 2570 lstu
1212 2543 1283 2569 enim
1298 2543 1320 2569 si
1335 2550 1348 2568 a
1367 2541 1500 2576 principio
1509 2549 1557 2576 per
1567 2542 1769 2569 ecclesiasticas

979 2591 1054 2625 leges
1068 2595 1192 2625 separata
1210 2595 1284 2622 sunt,
1299 2594 1325 2616 et
1344 2588 1420 2616 valde
1443 2589 1572 2615 convenit
1596 2594 1626 2614 ιιι
1651 2589 1691 2616 vel
1720 2596 1768 2623 per

980 2638 1110 2672 seipsum,
1127 2636 1172 2663 vel
1205 2644 1253 2671 per
1277 2636 1387 2663 nuntios
1412 2635 1528 2663 concilio
1558 2634 1626 2662 :tdsil
1651 2642 1682 2662 ac
1698 2642 1769 2668 prae-

980 2682 1025 2708 sit.
1039 2681 1106 2708 Nam
1122 2682 1144 2708 si
1161 2681 1205 2708 ille
1220 2689 1272 2707 non
1287 2680 1407 2715 adjuvat,
1422 2680 1513 2707 inania
1529 2686 1556 2706 et
1570 2681 1694 2707 hesterna
1705 2683 1769 2707 sunt

981 2728 1070 2754 omnia
1090 2727 1171 2754 :sine
1187 2727 1238 2754 ltoc
1253 2727 1325 2754 enim
1351 2727 1537 2755 ecclesiastica
1564 2727 1672 2754 tractari
1685 2747 1691 2758 ,
1710 2731 1767 2753 sta—

981 2774 1075 2809 tuique
1087 2783 1139 2801 non
1157 2779 1286 2809 possunt;
1300 2779 1472 2802 constatoue.
1487 2775 1543 2803 sive
1559 2781 1620 2802 cum
1633 2773 1768 2809 pluribus,

174 2872 231 2914 (ti)
248 2872 343 2903 Ελὲιειι
364 2876 420 2904 Vita
436 2877 515 2912 hujus
538 2877 567 2904 15.
593 2877 724 2912 Stephani
749 2878 819 2905 inter
837 2885 919 2914 opera
940 2877 1102 2906 Dalnasccui
1112 2878 1183 2905 edita
1202 2885 1217 2905 a
1233 2877 1323 2905 Billio.
