1960 3063
208 149 261 181 199

839 149 1039 180 MANUELIS
1058 148 1212 179 CALECi‘E

1822 76 1836 87 ὁ

1791 146 1857 178 200

207 208 265 234 sive
292 213 353 233 cum
379 205 495 241 paucis,
519 205 590 239 quod
617 204 651 232 ad
671 212 700 232 se
731 205 861 240 pertinet,
887 203 1233 241 intplcrerbedientiarn
1246 203 1403 230 redderent.
1428 200 1533 230 Idcirco
1545 202 1642 237 smpius
1655 201 1688 230 ad
1715 201 1858 230 Ecclesiae

207 258 306 287 potest.

245 299 317 325 Alios
334 306 399 325 vero
417 306 470 324 non
496 305 565 331 opus
579 301 621 324 cst
644 297 733 324 vocari
748 305 854 330 omnes,
880 297 998 324 maxime

209 345 255 380 qtti
280 349 343 371 sunt
371 345 541 374 reruotinrcs,
557 351 679 377 quosque
704 343 743 369 vel
772 343 820 370 via:
848 343 997 378 longitudo,

210 390 251 416 vel
266 390 312 416 alii
327 394 439 415 eventus
466 396 567 415 rerum.
588 387 681 422 quales
704 395 889 421 sarpcnuntero
909 396 999 415 emer-

209 434 492 471 gunt,.intpcdierint.
515 435 603 468 Atque
633 433 694 465 ista,
723 441 786 461 curn
815 441 911 469 magna
944 441 998 462 non

210 486 289 516 urget
314 481 475 512 neeeSsitas,
504 487 565 506 cum
588 479 702 514 quaestio
717 480 861 514 perspicua
886 486 940 512 est,
967 488 1000 508 ne

209 527 301 554 urbem
324 526 416 553 vocati
442 533 510 560 opus
533 526 588 553 sit:
606 526 715 559 qnarnlo
742 526 797 560 ipse
809 533 900 553 secum
924 526 1001 553 l'acil-

209 573 273 600 lime
294 580 418 607 magnam
442 577 546 606 parlent
569 579 684 599 evocare
710 573 805 606 possit,
823 576 849 598 et
873 580 935 599 cum
961 572 1000 599 eis

209 624 341 648 statuere,
366 622 446 652 atque
472 618 627 644 decernere.
649 617 760 649 Deinde.
777 625 830 644 non
858 618 997 649 convenit,

209 670 323 692 vocatus
347 664 493 698 quispiam,
522 672 556 690 an
578 663 722 690 invoeatus
735 663 829 695 fuerit,
847 663 1000 698 inspicere;

209 713 269 743 sed,
287 718 320 736 an
337 718 398 737 vera
411 711 475 741 sint,
492 717 550 744 qua:
565 714 665 736 statuta
691 709 802 741 fuerint,
817 710 1001 744 perpendere:

211 763 245 782 ne
263 756 384 783 videatur
400 755 532 789 quispiam
558 763 613 782 non
631 756 752 782 veritatis
776 763 870 782 curant
890 755 1001 788 habere,

209 802 257 829 scd
275 802 371 834 solum,
387 801 432 836 qui
449 806 560 829 vocatus
587 809 639 828 non
668 801 758 833 fuerit,
777 801 886 836 indigne
905 801 977 829 ferre
995 813 1002 829 :

211 849 282 882 quod
299 848 342 875 isti
361 848 439 874 trrodo
453 847 565 878 faciunt,
581 848 643 874 dunt
661 847 776 874 honores
802 854 834 874 ac
855 847 1002 882 primatum

211 899 358 925 sectantur,
375 899 402 920 ut
417 894 466 920 sirb
481 893 594 920 [lomani
613 894 727 928 pastoris
750 901 813 920 etrra
831 898 859 920 et
874 894 1003 921 obedien-
1020 892 1040 919 Β
1057 892 1194 926 magistris
1229 892 1450 925 concinentibus,
1478 900 1559 927 quant
1586 893 1661 919 nefas
1690 899 1763 920 esset

213 940 259 970 tia,
279 940 355 973 juxta
377 940 516 974 antiquum
535 946 638 965 rrrorerrr
656 946 707 965 non
732 939 796 971 sint,
821 939 999 972 adiectionem

212 985 343 1020 Sytnbuli,
360 992 391 1012 ut
405 993 514 1012 causam
532 985 718 1011 rationabilem
733 986 937 1019 praetendentes.

247 1031 304 1058 lloc
319 1036 410 1058 autent
429 1039 483 1058 ttotr
508 1031 647 1066 religionis
682 1038 714 1057 ac
745 1031 817 1063 ﬁdei,
834 1031 881 1057 sed
907 1038 1004 1065 super-

211 1077 262 1104 bia:
282 1077 372 1111 potius
387 1082 510 1112 apertutn
540 1078 732 1104 documentum
752 1082 802 1105 est.
818 1075 902 1110 Nam,
920 1077 941 1104 si
957 1077 1006 1105 ad-

212 1124 341 1150 ditionetn
353 1124 461 1157 impiam
471 1123 640 1154 existimant,
657 1130 705 1150 cur
715 1123 801 1150 sancti
814 1122 923 1149 Maximi
939 1127 1005 1149 teor-

211 1170 333 1203 poribus,
349 1176 430 1204 atque
446 1169 528 1196 etiam
549 1175 612 1195 attte
626 1170 709 1200 hunc,
725 1168 834 1202 quando
845 1167 1003 1203 Symbolum

212 1216 247 1242 ita
262 1215 350 1242 amnis
363 1214 542 1242 Cccidetrtalis
556 1214 675 1242 Ecclesia
693 1214 808 1249 legebat,
823 1214 920 1242 Oriens
933 1218 1005 1242 totus

212 1260 282 1286 hanc
301 1260 468 1294 impietatem
489 1267 541 1286 ttort
562 1259 700 1294 redarguit
724 1266 812 1293 neque
836 1259 871 1286 ab
884 1259 1004 1286 Ecclesia

212 1303 331 1330 ltotnana
344 1305 481 1331 abscissus
497 1303 559 1331 est?
575 1306 608 1330 At
624 1304 650 1330 id
675 1304 785 1339 quidem
811 1303 847 1330 illi
866 1311 918 1330 non
934 1304 1006 1331 l'ece-

212 1354 293 1382 rurtt;
310 1349 363 1376 into
380 1355 475 1376 coacta
492 1355 577 1380 sexta,
595 1355 621 1376 et
635 1349 750 1383 septima
778 1350 893 1384 synodo,
910 1349 1002 1384 adjec-

213 1395 314 1421 tinnern
343 1396 411 1421 lrartc
432 1400 462 1421 ut
494 1396 565 1429 piam
602 1394 704 1428 liquido
739 1394 1004 1428 comprolurvcrun':

213 1449 311 1476 neque.
330 1443 392 1475 quia
422 1446 507 1468 \oc2ttr
539 1449 593 1468 non
623 1447 699 1474 sunt,
725 1442 846 1476 graviter
872 1442 1004 1475 tulerunt,

212 1494 242 1515 ιιι
259 1490 338 1514 modo
357 1489 399 1514 isti
417 1488 529 1515 faciunt.

247 1535 302 1560 Cur
334 1535 404 1561 ettittt
422 1539 448 1560 et
478 1534 533 1565 isti,
561 1538 590 1560 ut
621 1534 670 1565 illi,
691 1534 804 1568 hisqna:
820 1539 883 1561 tunc
897 1535 1004 1562 decreta

214 1580 334 1611 luerunt,
353 1579 474 1606 contenti
494 1588 546 1606 rtntt
564 1579 794 1606 sunt?Auteninr
812 1580 878 1607 istas
889 1582 1006 1615 synodos

213 1626 349 1651 exsecrari
371 1632 481 1651 necesse
500 1631 551 1654 est,
565 1629 592 1650 ut
605 1625 638 1650 ab
653 1624 805 1651 hominibus
831 1625 920 1659 impiis
940 1633 1006 1651 con-

213 1670 308 1702 ﬂatus;
323 1676 403 1704 atque
417 1670 452 1696 ira
465 1678 513 1697 eos
536 1673 581 1704 qttl
603 1671 628 1696 itr
654 1670 704 1697 illis
716 1671 800 1702 luere,
818 1678 936 1702 sanctos,
955 1679 1006 1697 una

215 1717 352 1751 reiicitnns
369 1725 376 1743 :
395 1717 436 1743 vel
451 1717 515 1743 istas
531 1717 656 1750 probare,
668 1722 695 1743 et
708 1717 753 1750 qui
772 1716 831 1743 illas
845 1722 1005 1751 coegerunt,

215 1768 245 1789 ut
266 1763 325 1797 pios
354 1771 386 1789 ac
415 1763 557 1797 religiosos
587 1770 639 1788 uta
666 1763 816 1796 suscipere.
833 1762 891 1789 Hoc
916 1770 1006 1790 autent

216 1815 325 1836 nostros
340 1814 405 1836 tunc
431 1809 651 1836 Occidentalibus
677 1811 835 1844 congruissc
859 1810 1005 1843 signiﬁcat.

214 1855 359 1889 Quocirca,
386 1862 500 1882 necesse
523 1863 576 1881 rion
600 1854 661 1888 l'nit,
685 1860 713 1880 ut
740 1856 839 1882 dictum
874 1855 1006 1886 t-st,istos

215 1904 371 1937 congregari
387 1911 394 1935 ;
409 1910 468 1929 cunt
496 1902 539 1928 vel
553 1908 583 1928 ex
615 1901 676 1928 lidei
706 1901 857 1936 principiis,
875 1910 906 1928 ac
925 1910 1006 1928 sanc-

215 1954 302 1974 torum
336 1947 491 1978 sententiis,
520 1946 687 1974 additionent
720 1947 900 1973 rectissimam
935 1955 1004 1978 esse,

214 2001 375 2028 persuasum
395 1994 434 2020 eis
460 1994 621 2026 luisset,vel
638 1994 673 2020 ab
692 1993 735 2020 his
761 1995 806 2028 qtti
832 1994 1005 2026 addiderunt,

215 2048 326 2067 causam
356 2048 388 2067 ac
418 2042 629 2072 necessitatem,
657 2040 932 2074 consonantiantque,
959 2048 1007 2075 per

190 2084 192 2086 ’
213 2087 304 2115 omnia
329 2087 479 2115 audissent.

250 2135 289 2162 Ac
313 2135 410 2166 nostri,
425 2136 456 2161 ut
471 2137 551 2161 datur
566 2133 689 2167 intelligi,
721 2133 906 2169 religiosiores
934 2135 1006 2161 circa

215 2180 307 2212 ﬁdem,
330 2189 410 2215 quam
435 2180 483 2213 illi,
505 2181 584 2207 modo
611 2180 851 2214 inquirunt,un
872 2184 936 2207 tunc
966 2180 1006 2206 illi

1050 251 1176 278 unionem
1204 250 1302 281 vocati,
1318 247 1499 282 adiectiorrenr
1523 249 1599 283 prius
1624 249 1723 276 aulerri
1751 254 1858 283 postn-

1050 295 1166 322 labant:
1191 296 1289 331 quibus
1315 301 1474 329 responsum
1500 299 1559 328 est,
1575 294 1646 329 quod
1676 294 1700 322 si
1732 294 1855 328 quidem

1053 341 1126 368 nulla
1143 340 1240 368 l'nisst-t
1260 340 1419 372 adiectionis
1445 348 1541 372 causa,
1560 349 1611 367 non
1627 341 1722 367 l'nissct
1737 349 1751 366 ιι
1769 341 1858 374 prin-

1050 388 1120 422 cipio
1134 387 1266 422 apposita.
1281 387 1348 414 Erat
1360 387 1443 419 enim,
1460 388 1567 422 quando
1594 391 1708 421 utraque
1723 387 1857 414 Ecclesia

1051 434 1110 460 sine
1137 432 1183 460 illa
1210 433 1362 467 adiectione
1388 432 1547 468 Symbolum
1576 432 1692 466 legetur,
1713 437 1797 466 atque
1816 439 1856 459 ex

1051 479 1122 506 Filio
1137 479 1284 514 procedere
1312 478 1441 513 Spiritum
1464 484 1600 511 sanciunt,
1616 478 1686 512 apud
1705 486 1802 505 omnes
1823 480 1853 505 in

1052 524 1171 552 Ecclesia
1185 524 1359 556 rcticcbatur,
1370 531 1430 551 curn
1444 524 1515 551 trulla
1527 525 1558 551 de
1574 524 1624 551 hoc
1631 529 1704 551 esset
1717 524 1854 558 quaestio.

1088 570 1185 597 Postea
1211 577 1371 604 veroquam
1397 569 1558 604 quibusdam
1583 570 1855 602 contradicentibus,

1052 617 1147 651 positis
1157 616 1219 643 ﬁdei
1231 616 1363 649 terminis,
1376 615 1529 650 Filiunrquc
1539 617 1668 642 minorem
1682 615 1760 643 l’atre
1772 616 1855 643 blas-

1055 662 1260 696 phert:antibus,
1276 663 1338 696 quia
1359 663 1489 697 scripturn
1506 663 1532 690 in
1547 663 1675 697 Symbolo
1697 670 1749 689 non
1774 667 1856 690 esset

1055 709 1184 743 Spiritum
1213 714 1337 736 sanctum
1366 709 1448 735 etiam
1465 717 1498 736 ex
1529 703 1791 744 Filio‘procedere;
1818 717 1855 736 ac

1055 759 1195 789 propterea
1215 754 1279 781 Filii
1306 755 1339 781 ad
1364 753 1471 782 Patrem
1499 754 1853 786 identitatcm,incommu-

1056 801 1269 836 tabilitaternque
1294 801 1492 833 auferentibus,
1509 801 1593 828 diC'io
1617 801 1661 827 illi
1687 809 1734 835 pro
1757 801 1855 827 dulla-

1057 848 1160 874 ratione
1180 847 1296 882 symboli
1313 847 1417 882 adiecta
1431 851 1472 875 est
1488 855 1495 873 :
1512 848 1704 874 communibus
1720 847 1855 874 Ecclesia:

1801 901 1854 919 HU-

1059 937 1141 970 ferre,
1170 946 1204 965 ne
1228 939 1342 966 adversa
1371 939 1615 966 contradicentiurn
1644 939 1735 972 opinio
1762 939 1870 964 Incutrr‘

1058 983 1166 1016 ltabeat,
1181 991 1212 1011 ac
1240 991 1288 1018 per
1314 984 1468 1018 huiusmodi
1495 985 1669 1011 abolitionem
1699 991 1762 1010 vera
1788 992 1854 1010 csse

1054 1030 1186 1056 videatur.

1091 1076 1230 1111 Siquidem
1260 1078 1342 1113 igitur
1365 1076 1526 1104 consentitis
1554 1076 1682 1110 veritati,
1722 1085 1770 1110 pro
1799 1077 1852 1104 hac

1056 1123 1196 1151 nobiscum
1222 1128 1338 1155 stantes,
1362 1129 1409 1150 aut
1436 1129 1484 1150 vos
1508 1123 1590 1150 etianr
1613 1130 1674 1150 cum
1699 1122 1852 1157 adiectione

1055 1170 1147 1204 legite,
1161 1177 1222 1204 quae
1236 1169 1403 1204 blasphemis
1430 1176 1476 1196 ora
1495 1169 1631 1202 obstruit;
1645 1169 1697 1201 ve',
1713 1170 1772 1195 sine
1799 1169 1851 1196 hac

1056 1214 1177 1249 legentes
1194 1215 1277 1241 nolite
1292 1214 1427 1248 opinionis
1444 1221 1506 1241 esse
1522 1213 1680 1245 contrariae,
1699 1221 1787 1248 neque
1800 1221 1851 1241 nos

1056 1265 1152 1295 putare
1167 1261 1347 1294 blaspltenros.
1356 1260 1435 1288 Etsic
1444 1261 1516 1287 crritrr
1529 1267 1590 1288 cum
1601 1261 1717 1288 veritate
1727 1260 1847 1287 stabilis.

1043 1305 1114 1332 ’Nun
1137 1305 1208 1332 enim
1223 1305 1249 1332 in
1278 1306 1378 1337 verbis,
1395 1307 1442 1332 sed
1466 1306 1493 1332 in
1514 1305 1651 1338 sensibus,
1667 1306 1760 1340 religio
1785 1314 1850 1332 tros-

1056 1357 1095 1377 rra
1113 1350 1247 1378 consistit.
1264 1349 1308 1382 Et,
1322 1352 1345 1378 si
1361 1351 1454 1383 vultis,
1471 1351 1522 1378 ltoc
1541 1356 1644 1378 tantum
1671 1351 1745 1379 vobis
1761 1351 1850 1378 irtan-

1057 1404 1161 1431 gemus,
1188 1401 1216 1424 ut
1244 1397 1384 1424 nobiscum
1412 1397 1618 1430 convenientes,
1636 1405 1693 1424 rem
1721 1398 1791 1423 ltanc
1822 1398 1848 1424 in

1057 1450 1201 1470 commune
1227 1443 1358 1477 agitemus
1372 1450 1380 1475 ;
1392 1450 1607 1476 communesque
1626 1451 1706 1477 super
1730 1443 1780 1469 Irae
1796 1442 1848 1470 Pa-

1059 1494 1129 1515 truur
1147 1488 1299 1516 sententias
1314 1489 1503 1521 discutiamus,
1529 1489 1629 1523 quibus
1649 1491 1704 1516 Irtee
1729 1489 1845 1523 adiectio

1059 1542 1119 1561 vera
1149 1542 1209 1561 esse
1230 1535 1432 1569 cornpr-olretur.
1448 1534 1524 1567 Quod
1550 1535 1573 1562 si
1603 1535 1690 1562 aliena
1722 1535 1849 1570 opinone

1058 1582 1134 1613 estis,
1146 1582 1366 1615 additionenrque
1381 1581 1460 1607 istam
1472 1581 1579 1614 penitus
1593 1583 1705 1608 renuitis
1722 1589 1729 1607 :
1743 1587 1849 1608 currstat

1058 1628 1178 1660 quidem,
1195 1634 1243 1654 vos
1259 1627 1332 1654 circa
1350 1626 1412 1654 ﬁdei
1428 1627 1571 1654 veritatem
1599 1634 1660 1653 cum
1686 1626 1848 1663 adt‘c:9_.rlll§

1057 1680 1168 1706 errare;
1195 1673 1319 1706 hancque
1346 1672 1524 1704 additionctn,
1550 1672 1639 1704 vobis,
1665 1677 1692 1699 et
1719 1673 1771 1699 illis
1796 1680 1848 1700 una

1059 1720 1158 1746 bellum
1190 1720 1322 1752 indicere,
1352 1719 1451 1754 quippe
1485 1724 1596 1754 propter
1632 1719 1848 1747 contradicentes

1057 1767 1161 1802 adjecta
1179 1771 1230 1794 est.

1094 1814 1204 1847 Verum,
1224 1815 1296 1850 sicut
1320 1815 1362 1841 his
1384 1814 1430 1848 qui
1461 1813 1594 1849 negabant
1616 1813 1716 1841 Nicaeni
1742 1814 1846 1841 macilii

1058 1861 1228 1896 Symbolum,
1244 1862 1302 1888 sive
1324 1861 1350 1888 id
1380 1860 1451 1896 quod
1469 1861 1638 1894 postmodum
1658 1861 1847 1888 Constantino-

1058 1906 1110 1941 poli
1122 1907 1223 1932 cdittttrr
1237 1911 1288 1938 est,
1308 1905 1386 1933 antbo
1397 1906 1468 1932 etrirrt
1487 1913 1569 1932 unum
1585 1905 1671 1937 luere,
1688 1905 1741 1932 etsi
1758 1905 1846 1933 verbis

1057 1952 1167 1980 dilierre
1195 1951 1350 1984 videantur,
1381 1951 1447 1978 nillil
1475 1951 1578 1986 proluit
1603 1950 1844 1985 all-apostolorum

1059 1998 1218 2034 Symbolum
1246 2005 1399 2030 recurrere,
1430 1998 1507 2032 quasi
1524 1997 1607 2024 tutius
1628 2002 1711 2032 atque
1737 1998 1845 2032 religio-

1058 2046 1136 2077 sius;
1163 2045 1235 2080 quod
1262 2045 1334 2071 enim
1362 2052 1423 2071 curti
1453 2043 1605 2079 adiectione
1632 2043 1720 2071 fuerat
1747 2044 1845 2071 editurrr

1058 2095 1203 2124 negantes,
1221 2095 1249 2117 et
1273 2089 1339 2116 illud
1369 2096 1421 2116 una
1451 2090 1605 2122 negabant;
1636 2096 1716 2120 nam,
1736 2094 1763 2116 et
1789 2097 1846 2124 qua:

1059 2132 1231 2171 postmodum
1259 2132 1393 2163 videntur’
1413 2134 1527 2169 adjecta,
1546 2135 1573 2162 in
1598 2139 1753 2162 sanctorum
1769 2142 1844 2167 apus-

1060 2182 1175 2209 tnlorum
1193 2181 1324 2217 Symbolo
1350 2181 1489 2215 complexa
1518 2181 1700 2208 continentur.
1719 2179 1758 2207 lta
1784 2180 1845 2207 nilril

215 2235 270 2253 non
297 2227 472 2261 qua-sierurrt.
493 2226 607 2252 Constat
627 2226 699 2252 enim
721 2226 781 2252 illos
807 2233 880 2258 tunc,
897 2226 1007 2252 utver‘i—
1024 2240 1044 2267 υ
1061 2228 1135 2255 vobis
1165 2227 1285 2261 proderit
1306 2227 1445 2257 Nicaeuum
1470 2225 1640 2261 Symbolum,
1654 2226 1705 2253 etsi
1732 2233 1779 2253 vos
1799 2227 1846 2253 hoc

214 2273 278 2299 tatis
294 2273 426 2302 fautores.
446 2272 626 2306 legitirna‘que
655 2271 829 2306 subiectionis
852 2277 1006 2300 servatores

214 2319 343 2349 cessisse.
359 2318 483 2352 nihilque
507 2318 654 2351 inquisisse
681 2318 807 2352 amplius.
835 2317 890 2344 Nos
915 2324 1006 2345 autem

216 2368 308 2392 nostra
329 2368 482 2398 quazrcntes
508 2365 560 2390 sub
577 2369 710 2398 pr'tctcxtu
743 2365 1007 2398 dogmatumlﬁccle-

215 2410 264 2439 sia:
279 2410 426 2438 scissuram
442 2410 643 2440 rnaclrirtamur,
656 2409 830 2443 adiectionem
841 2412 865 2437 in
877 2411 1006 2438 auxrliurn

216 2462 364 2484 sumentes.
380 2456 461 2491 Atqui
477 2456 563 2483 nostri
589 2456 709 2490 quidem,
735 2459 853 2491 quandiu
880 2466 1007 2486 necessa-

216 2502 286 2530 rium
317 2502 437 2528 debitum
467 2506 607 2528 servantes
644 2501 822 2535 obedicbant,
848 2503 915 2530 rtibil
940 2511 1008 2538 opus

216 2555 277 2575 esse
285 2547 487 2575 arbitrabantur
496 2554 619 2574 seorsum
630 2547 743 2574 concilia
757 2547 844 2575 facere
856 2557 864 2582 ;
879 2549 1006 2583 adiectio-

217 2603 279 2622 ncnr
308 2594 407 2629 quippe
433 2599 462 2620 ιιι
490 2602 594 2621 summe
628 2594 720 2621 utilem
757 2602 790 2622 ac
823 2596 1005 2623 ocoessariaut

216 2642 349 2668 sciebant.
383 2641 477 2668 l’oSIea
497 2649 561 2667 vero
584 2649 665 2675 qtrartr
686 2649 808 2668 seorsum
824 2649 883 2669 esse
911 2643 1005 2669 volue-

216 2693 290 2719 runt,
316 2688 480 2714 additionent
505 2688 580 2714 illarrt
607 2688 783 2715 discessionis
809 2695 918 2716 causam
947 2689 1006 2716 ido-

219 2741 319 2766 neam,
347 2740 377 2761 trt
404 2734 455 2760 sibi
490 2733 650 2766 videbatur,
683 2734 766 2766 nacti,
797 2741 884 2767 neque
919 2734 1005 2760 vocati

215 2779 327 2808 obedire
362 2780 514 2807 volurrunt.
542 2779 627 2812 Nam,
644 2780 667 2807 si
681 2780 887 2811 convenissent,
912 2778 1005 2808 contra

215 2833 247 2852 se
259 2827 397 2854 ferendam
410 2828 571 2854 sumentium
586 2826 829 2861 nonatnbigcbant,
842 2827 1005 2861 compellen-

217 2873 329 2908 dosquc,
346 2880 374 2902 ut
390 2882 471 2909 quant
489 2874 538 2909 ipsi
554 2873 733 2908 rclugirbant,
748 2873 870 2903 llomano
885 2873 1005 2908 pontiﬁci

1060 2279 1152 2300 tenere
1191 2272 1311 2307 iactatis,
1338 2272 1417 2299 istaut
1444 2271 1608 2299 additiunetn
1636 2271 1844 2304 eisocrantibus,

1058 2327 1138 2353 quam
1154 2318 1191 2345 illi
1217 2326 1367 2345 connexatn
1394 2317 1533 2353 Syntbolo,
1548 2318 1772 2351 complexamque
1796 2322 1846 2343 tra-

1062 2365 1198 2397 diderunt,
1228 2370 1255 2392 et
1282 2372 1362 2399 quam
1395 2365 1446 2398 ipsi
1479 2364 1589 2392 omnino
1617 2363 1844 2397 adiecissentmi,

1061 2412 1102 2438 vel
1118 2411 1158 2438 eis
1174 2411 1328 2438 viventibus
1344 2411 1458 2445 quaestio
1483 2410 1534 2438 ista
1564 2410 1657 2437 luisset
1682 2410 1792 2443 agitata,
1807 2409 1845 2435 vel

1059 2466 1129 2483 nunc
1149 2457 1303 2492 huiusmodi
1321 2456 1511 2483 controversic
1525 2457 1661 2487 adessent,
1680 2457 1733 2488 vel,
1747 2455 1769 2482 si
1783 2461 1844 2489 quos

1058 2511 1079 2530 ει
1089 2503 1173 2530 issent
1188 2504 1221 2530 ad
1239 2509 1342 2530 tantum
1357 2504 1473 2529 vesaniae
1484 2503 1679 2537 per'vcltettdos.

1096 2548 1176 2584 Atqui
1195 2557 1242 2576 vos
1258 2556 1310 2575 non
1326 2554 1353 2574 ut
1373 2549 1406 2574 ab
1427 2548 1480 2575 illis
1494 2549 1611 2582 positum
1637 2552 1688 2580 est,
1716 2547 1762 2574 sed
1787 2555 1842 2574 cant

1059 2595 1211 2629 adiectione
1242 2595 1340 2629 legitis.
1372 2594 1439 2620 Nam
1463 2596 1578 2626 sublato,
1596 2594 1666 2628 quod
1692 2593 1841 2623 dicitur,”

1059 2641 1142 2674 Filio,
1158 2642 1329 2676 perspicuum
1346 2646 1387 2668 est
1413 2649 1475 2675 quia
1491 2648 1522 2668 ex
1547 2641 1606 2668 s-tlo
1632 2640 1714 2668 l'atre
1736 2641 1842 2674 adiectio

1059 2688 1182 2714 inicitur.
1201 2686 1257 2713 Etsi
1274 2688 1346 2713 erritrr
1362 2679 1413 2714 lioc
1430 2688 1511 2714 \ct'bu
1525 2694 1577 2714 non
1594 2687 1695 2718 dicitis,
1713 2695 1775 2714 cum
1794 2687 1842 2713 Deo

1058 2739 1148 2760 tamen
1177 2732 1330 2767 loquentes,
1348 2734 1410 2760 dum
1439 2741 1471 2760 cx
1494 2733 1575 2761 l‘atre
1603 2734 1703 2766 dicitis,
1732 2741 1764 2760 ex
1782 2734 1840 2764 solo.

1057 2779 1138 2805 etiam
1169 2777 1305 2812 adiicitis,
1340 2778 1465 2814 Deoqttc,
1491 2780 1535 2806 cui
1563 2786 1666 2806 nentes
1691 2783 1788 2806 nostra:
1819 2784 1843 2806 ct

1055 2827 1139 2854 Corda
1156 2830 1249 2860 aperta
1264 2831 1338 2859 sunt,
1356 2827 1509 2860 huiusmodi
1527 2827 1616 2859 lidcm,
1639 2828 1693 2854 imo
1709 2827 1841 2860 perﬁdiam

1059 2873 1170 2900 oﬁcttis.
1189 2872 1235 2900 list
1247 2874 1318 2900 enin:
1339 2873 1452 2901 validius
1467 2879 1580 2906 senttrc,
1596 2882 1674 2907 quam
1690 2875 1790 2902 dicere.
1804 2867 1845 2901 λε’
