1960 3063
151 171 206 204 201

703 168 902 202 ADVERSUS
921 168 1076 200 GRAECOS
1094 168 1169 200 LIB.
1190 169 1240 199 IV-

1728 167 1782 200 212

153 239 208 264 que
225 237 291 257 vero
306 229 332 257 id
345 229 451 257 sentitis
463 229 562 261 solum,
580 228 626 256 sed
642 227 722 256 etiam
741 227 869 260 scribitis,
885 233 946 254 cum
961 229 983 258 Α
998 225 1087 260 potius
1118 233 1196 260 quam
1229 224 1394 260 principem,
1424 227 1450 252 ct
1473 224 1583 252 militem
1609 223 1668 260 plus
1698 231 1778 259 quam

154 279 219 305 illos
237 277 283 311 qui
308 276 390 303 etiam
405 283 437 303 ex
453 275 520 302 Filio
545 275 691 309 procedere
715 274 818 306 dicunt,
833 280 946 308 arguere

155 323 285 352 nitiruini.
308 323 411 357 Itaque,
426 322 448 348 si
473 321 630 356 vituperatis
648 320 822 352 additionem,
836 319 885 354 ipsi
908 323 949 346 ts-

155 378 218 396 rncn
238 368 415 396 nihilominus
443 366 571 401 adiit-itis.
588 365 622 392 Et
649 365 728 392 nobis
750 364 856 399 quidem
871 364 947 390 adest

155 423 208 450 per
226 414 318 441 omnia
348 413 503 445 concordia,
524 411 645 446 nihilque
671 411 789 442 illorum,
811 417 869 445 qua:
896 409 948 436 ﬁde

156 459 334 487 continentur
349 458 479 490 tolliruus,
497 457 574 484 vobis
587 461 676 483 autem
702 460 796 483 contra
828 455 944 489 penitus.

194 503 398 532 Consideranda
425 507 514 530 autem
539 502 616 530 vobis
642 505 684 529 est
701 501 828 528 Ecclesia:
850 505 948 528 nostra:

158 550 287 583 dignitas,
301 557 363 584 qua:
377 556 514 584 nunquam
527 548 561 575 de
577 547 630 575 ﬁde
650 547 702 574 nisi
718 554 836 582 congrua
863 546 949 574 sensit

160 604 193 623 ac
225 595 320 623 statuit
337 604 345 622 :
361 599 388 621 et
417 601 477 629 qua:
502 593 571 625 sola,
600 593 677 620 vobis
697 593 823 620 omnibus
844 591 949 619 caeteris

159 642 233 669 circa
257 640 335 667 ﬁdem
360 637 595 672 naufragantibus,
610 645 663 664 non
677 637 764 664 solum
785 636 850 664 nihil
869 644 948 671 passa

161 690 204 713 est
219 684 385 720 Iinjusmodi,
401 690 494 710 verum
510 687 537 709 et
550 682 673 716 iacentes
687 686 799 709 ceteras
814 680 949 708 Ecclesias

161 732 270 762 erexit;
285 735 324 762 et,
345 729 431 757 sicubi
459 728 598 762 religionis
623 727 713 754 fervor
740 730 888 761 supererat,
914 725 948 752 ad

162 777 231 803 hanc
258 773 444 809 confugiebat,
470 773 541 800 hanc
567 772 729 807 appellabat.
758 771 822 798 llaec
846 774 947 802 autem,

164 829 274 849 manum
285 821 435 856 porrigens,
447 827 505 854 qua:
518 819 640 854 dispersa
652 822 740 852 erant,
750 817 777 845 in
790 816 949 844 unnrnovile

162 869 288 902 cogebat,
304 872 387 901 atque
401 865 593 901 coniungebat,
607 870 636 892 ut
654 872 703 891 vos
728 863 823 890 melirrs
850 862 946 890 nostis.

162 912 220 938 Non
238 919 301 946 ergo
312 911 438 938 convenit
451 915 479 938 ut
495 918 555 938 cum
577 910 630 937 tale
654 910 688 937 ab
704 909 781 936 initio
796 907 948 943 exemplum

163 956 298 988 habeatis,
314 963 474 990 semperque
499 957 531 983 ad
560 955 603 982 illa
634 955 738 982 fueritis
761 954 860 986 edoeti,
878 959 949 980 nunc

163 1007 269 1029 mutato
286 1002 395 1034 ordine,
410 1009 460 1029 vos
484 1001 556 1028 illam
582 1001 679 1028 docere
692 1000 838 1031 conemini,
853 999 949 1026 adver-

162 1055 210 1075 sus
224 1055 303 1083 quam
320 1053 404 1082 porta?
418 1047 497 1081 inferi
516 1055 649 1082 nunquam
672 1045 886 1080 prwvalituras"
907 1045 951 1072 ille

164 1094 303 1129 promisit,
322 1094 368 1128 qui
385 1093 492 1120 mentiri
508 1101 560 1120 non
577 1097 676 1127 potest.

199 1138 303 1173 Itaque,
319 1143 348 1165 ut
364 1145 398 1165 ex
414 1138 558 1173 praemissis
583 1137 710 1169 innotuit,
726 1141 822 1172 praeter
845 1143 950 1164 omnem

166 1184 301 1212 rationem
324 1189 374 1215 est,
392 1189 486 1218 putare
507 1184 578 1212 hanc
601 1191 616 1211 a
629 1184 743 1211 veritate
769 1183 911 1214 excidisse,
926 1185 953 1209 et

165 1229 311 1255 occasione
329 1229 467 1263 religionis
487 1229 559 1256 circa
589 1229 678 1260 iidem,
704 1228 767 1255 dum
791 1227 952 1254 additionem

167 1275 297 1309 abjicitis,
313 1274 371 1308 ejus
384 1275 464 1302 etiam
488 1274 691 1309 intelligentiam
713 1273 845 1308 negando,
857 1273 892 1300 ab
905 1273 954 1299 hu-

166 1320 288 1354 jnsmodi
311 1321 429 1348 Ecclesia
445 1320 564 1355 praecidi,
579 1320 648 1347 sicut
665 1325 690 1347 et
705 1319 770 1346 alias
788 1324 868 1346 ante:
884 1327 954 1347 nunc

167 1366 277 1399 quidem
298 1369 408 1400 propter
429 1365 664 1392 consubstantialis
675 1372 772 1392 nomen
788 1372 795 1396 ;
810 1372 880 1391 nunc
908 1372 955 1392 au-

169 1415 235 1442 tem,
260 1409 330 1443 qrtud
360 1409 410 1436 hoc
435 1416 534 1436 nomen
566 1410 636 1436 Deus
666 1409 700 1436 de
730 1408 830 1443 Spiritu
860 1414 955 1436 sancto

167 1455 298 1488 scriptum
327 1463 378 1482 non
410 1459 492 1488 esset,
506 1458 534 1482 et
557 1455 624 1484 alias
653 1455 740 1488 aliter,
763 1461 874 1491 propter
887 1462 955 1490 quas

170 1502 260 1528 nostis
273 1508 381 1534 causas,
397 1500 624 1536 pra‘cidebamini.

205 1546 252 1574 Est
284 1551 374 1574 autem
409 1546 515 1580 plenum
552 1546 728 1575 absurditatis
764 1552 792 1575 et
819 1548 993 1596 amentim,c

172 1596 268 1626 putare
293 1591 371 1618 vobis
389 1591 497 1625 quidem
521 1591 602 1618 licere
616 1592 734 1626 synodos
758 1599 864 1627 cogere,
879 1600 910 1620 ac
924 1594 957 1620 dc

169 1637 222 1664 ﬁde
244 1637 353 1664 decreta
370 1636 539 1664 conscribere
549 1636 623 1672 (48);
640 1644 699 1664 cum
724 1637 795 1664 nulla
809 1638 883 1666 illinc
897 1645 957 1666 sen-

175 1683 257 1710 tentia
287 1682 414 1711 rnanarit.
440 1690 491 1709 non
515 1683 701 1710 consentiente
718 1683 758 1710 vel
786 1691 834 1719 per
861 1691 900 1716 se,
916 1684 956 1712 vel

170 1735 219 1762 per
251 1727 320 1755 alios
346 1727 467 1755 Romano
496 1728 632 1761 pontiﬁce,
661 1735 721 1763 qua
744 1736 796 1756 non
821 1733 850 1756 ut
877 1729 955 1756 noxia

170 1773 334 1805 existimata,
349 1773 466 1801 Ienebris
475 1774 600 1800 damnata
610 1774 653 1801 sit.
666 1773 695 1800 Ei
709 1782 781 1806 vero,
793 1779 819 1801 et
833 1774 957 1802 Ecclesire

170 1826 236 1850 suat,
249 1825 310 1853 qua:
321 1825 335 1844 a
348 1819 457 1845 nemine
466 1825 582 1853 unquam
601 1819 796 1853 quomodnlibet
809 1821 958 1846 communi-

168 1870 214 1890 (er
231 1863 274 1890 vel
292 1864 404 1891 seorsim
422 1863 456 1891 de
479 1863 531 1891 ﬁde
557 1864 718 1898 reprehensa
727 1869 778 1898 est,
792 1869 820 1892 et
834 1865 891 1892 sine
903 1873 956 1900 quo

172 1909 303 1944 possibile
328 1916 381 1936 nen
397 1914 439 1936 est
463 1909 647 1936 ecclesiastica
674 1911 766 1943 statui,
785 1915 812 1937 et
838 1911 956 1938 ordinari

170 1956 361 1991 negotiaznon
391 1956 503 1988 dicere,
529 1957 642 1983 concilia
671 1964 733 1983 cum
759 1958 817 1984 suis
842 1956 956 1992 agendo,

170 2003 242 2037 quod
259 2002 292 2029 ad
318 2009 347 2029 se
375 2002 501 2036 pertinet,
518 2002 700 2030 ecclesiastica
729 2007 844 2030 tractare
860 2010 892 2029 ac
914 2003 957 2030 di-

177 2046 276 2080 rigere.
294 2045 347 2073 Sed
366 2045 441 2072 vobis
468 2045 576 2079 quidem
613 2046 809 2081 praesentibus,
838 2047 954 2081 primum

170 2091 307 2124 conﬁteri,
329 2098 357 2118 et
380 2092 499 2119 orunium
524 2099 583 2120 esse
609 2092 758 2127 principem
783 2094 955 2120 concedere:

170 2144 319 2171 omnesque
339 2142 448 2172 propter
461 2138 617 2172 dignitatern
632 2138 731 2165 incum
754 2139 890 2173 respicere
910 2139 957 2166 de-

170 2182 233 2210 bere
266 2183 411 2216 arbitrari,
438 2189 531 2217 utpote
571 2184 652 2212 totius
680 2184 782 2220 collegii
811 2189 908 2220 caput,
931 2190 958 2212 et

174 2236 330 2262 supremum
350 2229 489 2256 verticem:
504 2230 660 2257 absentibus
676 2235 776 2263 autem,
793 2238 880 2266 neque
894 2231 957 2258 ulti-
972 2220 994 2247 D

176 2281 248 2300 mum
266 2274 303 2300 illi
319 2273 406 2301 locum
420 2274 583 2308 relinquere,
599 2282 630 2300 ne
642 2275 782 2302 minimum
800 2276 922 2310 quidem,‘
930 2282 958 2303 ut

172 2326 222 2345 vos
237 2319 349 2345 seorsim
364 2318 424 2345 ﬁdei
451 2319 557 2346 decreta
571 2323 598 2346 et
618 2319 742 2353 dogmata
757 2320 887 2354 scribitis,
907 2321 958 2356 ipsi

172 2363 253 2391 licere
274 2364 300 2390 in
316 2364 508 2391 ecclesiasticis
535 2364 649 2399 agendo,
664 2372 726 2399 quae
738 2372 785 2392 sua
813 2370 876 2393 sunt
901 2371 957 2393 sta-

174 2412 258 2439 tuere,
274 2412 355 2442 atqrre
377 2407 535 2440 decernere,
548 2408 674 2435 omnibus
698 2408 747 2442 illi,
760 2416 820 2443 quas
845 2409 959 2437 habebat

173 2453 279 2480 abiatis.
297 2454 355 2483 Hoc
377 2459 467 2480 autem
496 2457 538 2480 est
561 2454 643 2481 vestri
663 2460 743 2481 causa
767 2459 862 2488 putare
885 2455 959 2482 illum

173 2499 317 2531 primatum
344 2504 372 2525 et
399 2499 586 2526 auctoritatem
619 2499 645 2526 in
676 2500 821 2528 sententiis
849 2501 960 2534 habere,

174 2551 226 2570 non
256 2551 304 2571 vos
329 2544 401 2571 illius
431 2551 513 2571 causa
539 2545 565 2572 in
593 2546 704 2580 synodis
723 2547 825 2579 ornari,
841 2551 869 2574 et
881 2554 962 2581 posse

173 2589 274 2622 aliquid
296 2594 402 2624 putare,
415 2590 554 2624 sequendo
570 2591 595 2618 id
612 2593 683 2626 quod
701 2598 798 2627 praeter
821 2594 960 2626 antiquam

175 2635 297 2662 Ecclesia:
313 2636 533 2663 consuetudinem
549 2643 600 2668 est.
615 2638 695 2666 veluti
710 2646 732 2666 si
743 2640 803 2673 quis
817 2640 955 2667 subditum

211 2701 232 2716 "
260 2700 356 2728 Matth.
382 2709 436 2734 xvi,
458 2702 501 2728 i8.

213 2770 270 2804 (i8)
288 2770 383 2797 Notcnt
394 2770 450 2805 lucc
465 2770 594 2802 haeretici,
606 2775 632 2797 et
648 2771 673 2796 in
687 2770 746 2804 jura
772 2776 880 2805 pectora
909 2771 954 2797 de-

176 2805 283 2831 mittant
296 2805 338 2831 isti
351 2805 422 2837 impii
438 2804 582 2840 Lutherani
596 2810 623 2831 et
641 2804 796 2832 Calvinistat
812 2807 855 2840 qui
870 2814 900 2834 se
911 2813 959 2839 per

175 2847 308 2875 summam
319 2839 509 2875 impudentiam
522 2839 696 2874 Evangelicos
705 2841 805 2868 audent
816 2839 959 2875 appellare.

212 2873 403 2907 (-59)Syttmlns
414 2873 683 2907 Lugdunicelebrata
709 2883 754 2902 an.
784 2873 857 2903 cur;
879 2876 958 2904 ιειῖτι.

337 2918 470 2948 ΡΑτιιοιι.
491 2918 549 2948 Gn.
572 2919 652 2950 CLll.

997 272 1186 305 imperatorem
1211 271 1235 298 In
1259 271 1376 298 decretis
1401 270 1512 302 bellicis,
1526 277 1605 304 posse
1632 275 1778 297 asseverat.

999 318 1052 343 Sed
1078 317 1127 344 ista
1156 317 1287 351 superbire
1316 321 1408 350 aperta
1433 316 1590 343 documenta
1621 315 1730 349 habent,
1754 319 1781 343 et

997 363 1216 391 irrationabiliter
1230 361 1448 390 distribuentinm
1465 365 1538 388 sunt.

1034 407 1086 434 ista
1117 413 1180 435 tunc
1207 408 1306 435 nostris
1341 408 1374 434 ab
1403 406 1620 434 Occidentalibus
1654 414 1781 441 responsa

997 460 1060 482 sunt
1093 461 1155 482 cum
1190 453 1370 488 adjectionem
1413 452 1514 480 aboleri
1541 452 1718 486 postularent.
1749 453 1782 480 Et

998 504 1074 532 tunc,
1094 499 1187 527 eadem
1213 499 1315 530 dicunt,
1333 503 1360 525 et
1385 498 1469 524 modis
1494 497 1630 530 omnibus,
1645 499 1678 524 ad
1704 498 1783 525 unio-

998 553 1058 573 nent
1081 549 1188 572 vocant.
1216 544 1280 576 Sed,
1303 550 1389 576 neque
1417 544 1513 576 modo,
1532 551 1619 578 neque
1641 549 1719 570 antea
1742 544 1783 571 his

999 599 1059 627 quae
1073 592 1210 622 dicuntur,
1229 590 1353 617 assentiri
1373 589 1539 623 delegerunt.
1568 590 1710 622 Quomodo
1735 591 1785 624 igi-

999 642 1052 670 tur,
1070 644 1129 664 curn
1145 637 1199 663 sint
1214 635 1355 662 contrariae
1368 634 1511 668 opinionis,
1528 635 1607 662 etiam
1625 635 1723 668 vocati,
1743 635 1785 662 his

999 681 1143 710 convenire
1157 680 1313 713 voluissent,
1329 687 1398 714 quos
1416 679 1488 706 circa
1502 679 1581 706 ﬁdem
1598 679 1787 714 blasphemaro

999 727 1186 755 arbitrantur?
1205 726 1257 753 Sed
1274 730 1361 752 tamen
1386 730 1413 752 et
1430 725 1479 752 hoc
1503 725 1603 752 factum
1621 730 1673 757 est,
1689 732 1786 759 eaque.

999 780 1078 808 quam
1096 771 1198 803 dicunt,
1214 771 1345 802 evocatio,
1360 771 1565 805 communisque
1579 771 1698 806 synodus
1709 771 1765 805 (69)
1777 791 1786 803 ,

998 818 1056 845 sive
1073 818 1173 845 nostris
1193 816 1226 844 ad
1241 816 1420 844 obedientiam
1445 817 1562 850 priorem
1580 816 1763 844 remeantibus
1778 836 1786 849 ,

1002 864 1060 891 sive
1092 863 1125 891 de
1150 862 1300 896 hujusmodi
1328 862 1465 889 additione
1490 861 1581 889 doceri
1607 861 1786 896 cupientibus,

965 900 987 928 Β
1003 910 1060 937 sire
1075 916 1123 943 per
1147 909 1248 944 seipsos
1259 909 1401 935 veritatem
1428 907 1649 943 agnoscentibus,
1664 907 1787 943 Lugduni

1001 960 1163 990 congregata
1188 959 1240 988 851,
1254 958 1280 981 et
1295 958 1387 988 aperte
1409 958 1471 981 ante
1496 953 1584 989 plures
1608 961 1694 981 annos
1720 962 1787 982 00n-

1000 1005 1144 1030 summata.
1156 1001 1206 1029 Ubi
1221 1001 1313 1028 aderat
1323 1001 1429 1035 quidem
1441 1000 1578 1028 Romanus
1598 1001 1716 1035 pontifex
1728 1000 1786 1036 (50)

1001 1056 1047 1082 per
1064 1049 1194 1082 scipsum,
1212 1047 1283 1074 illius
1295 1046 1496 1075 convecationis
1508 1052 1612 1078 auctor,
1627 1052 1708 1082 atque
1719 1054 1782 1076 cum

1001 1101 1032 1120 eo
1045 1093 1232 1128 quadringenti
1245 1093 1328 1120 ferme
1350 1092 1480 1127 episcopi.
1495 1091 1613 1120 Aderant
1640 1097 1729 1119 autem
1758 1096 1785 1119 et

1002 1139 1305 1174 Constantinopolitanae
1331 1138 1456 1166 Ecclesiae
1486 1138 1582 1172 legati,
1605 1139 1650 1173 qui
1679 1139 1783 1167 illornrn

1004 1185 1146 1220 implerent
1173 1185 1273 1212 locum.
1298 1183 1374 1211 Tunc
1402 1184 1491 1219 igitur.
1510 1188 1539 1211 ut
1567 1188 1649 1219 patet,
1666 1191 1698 1212 ex
1729 1184 1784 1212 illic

1004 1230 1111 1265 scriptis
1145 1229 1367 1261 commentariis,
1388 1228 1415 1255 in
1441 1228 1536 1262 quibus
1564 1233 1590 1255 et
1619 1235 1711 1255 eorum
1738 1229 1784 1263 qui

1004 1280 1196 1308 convenerant,
1224 1274 1343 1308 nomina,
1357 1278 1384 1301 et
1411 1275 1503 1307 verba,
1529 1278 1558 1302 et
1582 1273 1737 1309 dignitates,
1759 1279 1787 1302 et

1005 1322 1096 1349 omnia
1120 1321 1231 1348 omnino
1252 1319 1387 1347 memoriae
1414 1319 1539 1346 mandata
1564 1323 1646 1346 sunt:
1665 1326 1787 1347 commu-

1006 1367 1078 1394 niter
1091 1368 1124 1393 ab
1151 1365 1276 1393 omnibus
1298 1370 1340 1392 est
1367 1364 1544 1398 declaratum,
1571 1364 1786 1399 antiquissimam

1007 1412 1133 1439 Ecclesize
1153 1411 1323 1438 traditionem
1348 1417 1420 1443 esse,
1444 1414 1471 1437 et
1494 1411 1528 1437 ad
1553 1414 1677 1438 sanctam
1697 1409 1789 1437 Trini-

1009 1458 1070 1485 tatis
1085 1457 1300 1489 saluberrimam,
1315 1460 1343 1483 et
1364 1463 1455 1483 veram
1466 1456 1557 1488 ﬁdem,
1570 1463 1675 1483 summe
1692 1463 1788 1484 neces-

1008 1503 1117 1535 sariam,
1132 1502 1350 1537 Graecorumque,
1361 1501 1520 1529 Latinorum
1545 1501 1685 1529 doctorum
1698 1509 1789 1538 aequa.

1009 1549 1079 1582 liter,
1113 1549 1238 1584 dogmate
1259 1553 1286 1576 et
1311 1548 1432 1575 doctrina
1461 1548 1631 1580 rohoratarn,
1658 1547 1790 1583 Spiri'um

1009 1598 1131 1622 sanctum
1157 1601 1191 1621 ex
1221 1593 1301 1620 Patre
1331 1598 1358 1620 et
1383 1591 1452 1620 Filio
1479 1592 1613 1626 similiter,
1651 1593 1730 1620 veluti
1757 1600 1790 1622 ex

1013 1647 1066 1667 uno
1085 1639 1220 1674 principio
1246 1639 1402 1673 procedere.
1417 1637 1548 1666 Damnaut
1565 1644 1663 1670 autem,
1680 1643 1707 1666 et
1725 1645 1792 1665 ana-

1008 1685 1194 1716 tbematizant.
1210 1684 1254 1719 qui
1273 1689 1335 1712 tunc
1359 1691 1508 1711 convenere
1528 1692 1635 1722 omnes,
1649 1684 1694 1719 qui
1715 1685 1792 1711 dein-

1010 1735 1075 1763 ceps
1090 1728 1142 1755 duo
1157 1727 1291 1762 principia
1310 1732 1473 1754 conarentur
1488 1727 1667 1759 introducere,
1681 1731 1709 1754 et
1722 1727 1792 1754 hanc

1009 1774 1202 1802 absurditatem
1233 1773 1360 1801 Ecclesiae
1379 1773 1490 1800 auribus
1506 1773 1637 1807 ingerere.
1666 1771 1703 1799 Ea
1729 1779 1792 1800 vero

1011 1820 1159 1851 sententia,
1184 1819 1374 1846 communibtrs
1399 1818 1519 1845 omnium
1545 1819 1615 1846 votis
1641 1817 1791 1849 enuntiata,

1010 1865 1114 1899 digesta
1130 1864 1154 1891 in
1171 1863 1272 1892 eisdem
1288 1863 1396 1897 scriptis
1409 1868 1461 1890 est.

1047 1911 1185 1943 Nusquam
1201 1917 1265 1937 vero
1277 1910 1330 1937 illic
1346 1909 1478 1944 quispiam
1493 1909 1624 1936 adrlitioni
1638 1909 1790 1943 indignari:

1008 1957 1069 1988 sed,
1088 1963 1150 1982 Vera
1179 1955 1281 1985 omnia.
1297 1958 1325 1982 et
1349 1961 1430 1981 voces
1448 1958 1475 1981 et
1495 1954 1624 1987 actiones,
1637 1961 1696 1988 quae
1721 1954 1792 1989 Lug-

1008 2005 1069 2032 duni
1085 2008 1148 2030 tunc
1172 2008 1245 2038 gesta
1270 2007 1344 2035 sunt;
1360 2008 1396 2035 et,
1413 2002 1458 2036 qui
1482 2010 1515 2029 ex
1534 2004 1634 2030 nostris
1657 2003 1792 2030 affuerunt

1007 2049 1134 2082 concilio,
1153 2049 1298 2084 legatique,
1311 2053 1338 2075 et
1367 2048 1489 2082 episcopi
1519 2048 1647 2080 confessi,
1667 2047 1790 2076 foederati

1009 2095 1155 2127 redierunt,
1178 2099 1287 2128 agentes
1313 2093 1366 2120 Deo
1390 2098 1491 2126 gmtras
1505 2100 1565 2119 cum
1590 2093 1725 2124 omnibus,
1744 2100 1791 2127 pro

1006 2140 1141 2168 cormnuni
1160 2139 1220 2166 ﬁdei
1242 2138 1396 2169 concordia,
1412 2145 1465 2172 qua
1481 2138 1508 2165 in
1538 2138 1673 2172 praedictis
1705 2138 1791 2167 tribus

1009 2184 1135 2219 capitulis
1154 2182 1232 2211 simul
1248 2187 1453 2210 consenserunt.

1045 2230 1167 2264 Cumque
1196 2228 1293 2256 animis
1321 2228 1459 2262 conjuncti
1491 2231 1596 2261 essent,
1623 2228 1709 2255 coacti
1738 2235 1790 2255 non

1008 2281 1072 2304 sunt
1088 2275 1243 2311 Symbolum
1266 2282 1327 2302 cum
1352 2274 1490 2302 additione
1513 2275 1620 2309 legere;
1646 2275 1703 2307 sed,
1719 2274 1791 2302 sicut

1010 2322 1178 2357 temporibus
1204 2321 1274 2348 beati
1305 2319 1425 2352 Maximi.
1452 2320 1492 2347 sic
1513 2324 1577 2347 tunc
1602 2327 1631 2347 se
1659 2320 1795 2347 habebant

1006 2376 1060 2395 res.
1081 2367 1223 2394 Enimvero
1250 2367 1376 2400 quoniam
1406 2364 1563 2393 communis
1582 2365 1724 2398 utriusque
1743 2365 1794 2391 Ec.

1010 2413 1101 2440 clesiaa
1131 2411 1275 2443 sententia,
1303 2410 1433 2444 Spiritum
1462 2414 1585 2438 sanctum
1608 2417 1623 2436 a
1645 2409 1741 2440 Patre,
1766 2414 1793 2437 et

1010 2458 1078 2486 Filio
1109 2458 1271 2492 procedere,
1298 2463 1391 2483 vernrn
1417 2462 1477 2483 esse
1506 2455 1705 2489 promulgatum
1739 2459 1791 2485 est,

1009 2505 1143 2538 aliterque
1176 2503 1336 2534 sentientes,
1359 2501 1539 2529 malcdictioni
1573 2500 1672 2528 addicti
1705 2504 1791 2527 sunt:

1009 2552 1115 2576 constat
1130 2547 1261 2584 profecto,
1274 2547 1349 2582 quia,
1366 2546 1411 2581 qui
1432 2545 1512 2573 modo
1527 2545 1596 2572 istud
1614 2547 1788 2577 conﬁtentur.

1009 2595 1082 2630 digni
1111 2598 1182 2626 sunt,
1199 2595 1245 2628 qni
1273 2585 1474 2626 a‘sseverentur,
1497 2596 1524 2618 et
1552 2595 1659 2618 nostras
1680 2591 1792 2624 diligere

1011 2639 1162 2670 Ecclesias,
1187 2639 1347 2671 illarumque
1386 2636 1565 2668 sententiam,
1603 2636 1680 2670 quasi
1713 2635 1794 2662 unius

1045 2771 1101 2806 (50)
1115 2772 1267 2799 Secundum
1280 2771 1448 2807 Onuphriurn
1468 2777 1510 2800 est
1529 2773 1551 2800 is
1580 2772 1728 2805 Gregorius
1755 2771 1790 2801 Χ.

1013 2806 1140 2834 interfuit
1161 2807 1225 2833 huic
1243 2806 1358 2842 concilio
1374 2809 1456 2835 etiam
1482 2807 1595 2836 Michael
1625 2807 1791 2842 Palaaologus

1015 2842 1079 2876 irup.
1095 2841 1419 2876 Coustantinopolitamrs.

1523 2921 1540 2950 7
