1960 3063
161 146 215 177 903

793 137 995 178 MANUELIS
1010 136 1163 167 CALECA!

1736 135 1794 167 SM

157 204 360 234 confessionem
383 200 536 235 complecti,
556 203 637 233 atque
650 197 808 230 continere;
828 196 873 231 qui
889 203 952 223 vero
967 196 988 224 Λ
1003 195 1048 230 qtti
1078 193 1215 230 synodicis
1240 192 1399 224 sententiis,
1411 192 1580 227 decretisque
1605 191 1768 220 interessent
1785 202 1792 220 :

164 253 236 279 illaut
247 248 407 278 sententiam
430 248 675 280 negant,neutram
695 242 819 269 venerari
843 241 948 276 perspi-

163 304 244 324 cuum
279 299 331 326 est;
364 298 472 319 terttattt
505 295 608 319 autem.
634 288 725 316 nescio
756 295 835 322 qttant
870 286 950 314 aliam

159 342 310 369 Eeelesiatn
339 339 451 370 habere,
476 335 511 363 ab
534 340 649 370 utraque
675 338 836 368 separatam,
859 333 951 360 amba-

164 389 268 422 buSqne
284 385 381 412 belluttt
398 384 573 411 indicentem.

199 432 313 467 Liquido
335 437 400 464 ergo
427 429 632 462 comprobatur,
656 430 683 453 et
707 433 787 460 quam
815 423 954 459 inquirant

164 479 305 514 synodum,
321 477 375 512 jam
393 476 491 503 factam
515 481 585 506 esse,
602 473 695 507 eisque
712 479 764 499 non
788 479 841 498 tina
857 470 953 498 decer-

163 524 290 551 nentibus
304 521 486 556 adjectionent
510 518 620 550 iactam,
638 517 708 552 quod
726 521 861 551 quaerunt,
876 515 954 542 aliter

163 576 193 596 se
226 568 335 594 habere.
364 566 417 593 Eos
445 570 535 592 tanten
560 569 590 591 ut
614 563 794 597 concedamus
821 562 955 596 neglectos

162 614 263 645 luisse,
288 620 378 640 nonne
392 617 521 639 extremae
537 609 729 641 contentionis,
746 613 827 640 atque
844 608 956 634 demen-

163 659 207 686 tiae
221 662 272 689 cst,
289 665 341 684 non
365 657 510 687 discutere,
527 663 560 681 an
585 661 646 681 vera
659 653 695 680 sit
720 652 840 679 additio:
855 651 957 678 solum-

164 712 228 739 que,
247 703 309 738 quia
337 702 441 729 evocati
458 709 510 727 non
537 703 609 731 sunt,
634 697 783 733 indignari,
800 702 826 725 et
846 697 959 724 tnolesle

165 749 260 776 ferre?
275 753 302 776 et
319 747 381 782 quia
397 754 428 773 ea
448 744 640 773 convocatione
656 743 779 771 ltottorati
803 750 856 770 non
884 747 957 773 sunt,

163 796 248 822 Deum
264 794 446 825 inltonorare;
459 791 585 826 quodque
607 790 709 817 vocatis
732 797 793 816 esse
809 790 896 816 visunt
917 793 959 816 est

166 842 204 872 id.
218 840 280 875 quia
292 838 407 872 neglecti
423 841 496 870 sunt,
512 836 609 863 falsum
623 835 791 868 existimare,
803 833 959 868 morbisqtte

1002 245 1114 274 postque
1125 239 1249 266 emissam
1259 238 1290 265 de
1302 238 1416 265 veritate
1430 239 1603 271 sententiam,
1615 245 1721 273 semper
1734 238 1797 265 iue-

1001 287 1056 314 rint
1069 286 1150 319 aliqui
1163 285 1378 312 contradicentes
1392 284 1510 311 veritati.

1038 331 1147 363 Deinde,
1164 330 1236 357 nulla
1253 338 1370 365 unquam
1391 330 1439 356 fuit
1456 329 1584 365 synodus,
1600 334 1743 363 praesente,
1767 334 1797 357 et

1005 378 1200 411 comprobante
1219 375 1343 403 Romano
1355 374 1496 407 Pontifice,
1509 375 1551 402 vel
1568 375 1632 406 alio,
1648 375 1693 410 qui
1704 375 1796 402 locum

1003 420 1209 457 illiusinipleret
1226 427 1398 457 congregata,
1416 421 1493 456 cujus
1512 429 1564 449 non
1582 421 1682 448 fuerint
1700 429 1796 448 omnes

1005 474 1070 495 rata:
1094 468 1243 495 sententiae.
1263 467 1363 497 Contra
1386 475 1449 494 vero
1465 468 1492 493 in
1509 468 1560 500 his,
1578 475 1638 502 quae
1662 467 1721 494 sine
1737 467 1794 498 illo,

1006 522 1037 541 ac
1058 519 1154 549 praeter
1169 514 1229 549 ejus
1252 519 1345 541 nutum
1359 520 1459 541 coactae
1474 519 1547 546 sunt,
1563 514 1705 548 plerasque
1724 513 1796 540 latas

1008 560 1157 588 sententias
1177 561 1316 593 reprobas,
1333 566 1360 587 et
1376 560 1472 587 merito
1494 559 1619 594 explosas
1641 559 1751 591 scimus,
1766 564 1795 585 et

1006 604 1086 633 facile
1119 607 1262 633 ostendere
1287 613 1440 640 possumus.
1467 605 1536 632 Hinc
1562 613 1637 640 ergo.
1661 609 1797 639 praesume

1007 651 1052 677 illo
1070 658 1102 678 ac
1118 650 1288 685 pracsidente,
1304 651 1452 678 sententias
1467 650 1501 677 ibi
1527 651 1723 684 pronuntiatas.
1738 658 1797 686 quo

1008 701 1086 731 pacto
1102 696 1193 723 irritas
1206 703 1267 724 esse
1285 697 1378 729 velint,
1394 704 1446 723 non
1463 696 1551 724 video.

1043 741 1100 769 Nisi
1127 741 1195 769 forte
1223 741 1351 769 Nicetium
1379 749 1487 777 quoque
1510 742 1654 769 concilium
1680 742 1797 770 dicintns

1010 789 1093 816 fuisse
1115 789 1275 821 violentum,
1288 788 1397 822 partitn,
1415 788 1477 822 quia
1498 788 1691 816 Constantinus
1719 788 1796 823 Mag-

1012 842 1062 863 nus
1077 834 1207 866 interfuit.
1221 834 1440 862 contradicentes
1453 835 1580 861 omnibus
1592 834 1695 862 viribus
1719 843 1798 862 coer-

165 886 233 916 suis,
252 890 334 919 atque
357 882 530 918 passionibus
550 881 701 911 divinarum
721 887 811 907 reruttt
831 879 954 913 judicare
972 876 993 904 Β
1007 889 1088 909 cens:
1112 880 1208 915 partim
1232 880 1294 919 quia
1325 880 1434 914 plurimi
1462 880 1704 907 contradicentium
1734 885 1797 915 post

167 929 325 957 veritatem?
338 927 542 963 Aspernationis
559 925 631 953 enim
652 925 753 961 potius.
768 930 794 952 et
812 929 954 952 contume-

166 976 219 1008 liae,
234 982 281 1001 seu
304 973 447 1008 cujuslibet
469 972 594 999 humanae
611 971 744 1005 passionis
767 969 954 998 Occidentales

168 1020 342 1048 insimulandi
363 1019 481 1050 fuerant,
502 1019 525 1045 si
551 1017 700 1045 insintulari
728 1021 882 1049 uterentur;
901 1024 952 1044 tton

167 1066 352 1101 blasphemiae,
379 1071 405 1093 et
432 1063 592 1099 impietatis,
619 1070 768 1098 eorumque
796 1063 952 1095 criminum,

166 1113 265 1147 quibus
280 1111 346 1139 nihil
362 1110 456 1138 tetrius
469 1109 613 1143 excogitari
632 1113 731 1143 potest.
748 1107 840 1143 Neque
860 1113 949 1134 tamen

167 1162 338 1192 contemptus
353 1157 458 1184 illoruttt
477 1163 569 1188 causa,
586 1155 706 1188 gladium
722 1155 791 1182 inse
815 1153 955 1188 impellere

168 1205 326 1236 debuerant,
339 1210 367 1231 se
382 1203 455 1238 ipsos
469 1209 484 1229 a
499 1202 714 1230 Christianorum
745 1201 847 1228 ttnitate
860 1200 955 1235 praeci-

168 1252 267 1283 dendo,
282 1257 376 1285 seque,
389 1248 552 1284 perniciose,
567 1247 756 1282 lethaliterqne
770 1246 956 1280 vulnerando;

167 1301 195 1323 et
206 1304 238 1322 ex
254 1296 296 1323 his
315 1302 374 1330 quae
385 1299 480 1322 contra
491 1297 646 1321 sanctorum
665 1292 817 1319 doctrinam
835 1292 957 1326 culpant,

168 1347 196 1369 et.
213 1348 274 1375 qua:
292 1339 345 1375 ipsi
357 1343 451 1366 contra
469 1338 618 1366 sentientes
630 1338 744 1365 addunt.

203 1386 336 1420 Quoniam
351 1386 431 1420 igitur
441 1389 470 1412 et
483 1385 637 1416 convenire,
650 1389 676 1410 et
689 1383 849 1418 quaestiones
861 1383 893 1411 de
908 1383 958 1411 iide

170 1431 234 1460 solis
254 1429 473 1457 Occidentalibus
500 1436 622 1456 seorsum
657 1436 711 1455 non
746 1429 809 1455 licet
834 1428 958 1462 deﬁnire,

170 1482 252 1511 atque
266 1475 300 1502 de
317 1475 443 1501 omttibus
465 1474 621 1505 decernere,
638 1473 719 1501 aliter
741 1481 821 1509 quam
846 1475 960 1509 putaba-

172 1526 225 1553 tur,
242 1528 271 1547 sc
286 1519 367 1547 habet
380 1519 460 1546 ratio.
474 1519 508 1546 Et
531 1519 602 1545 enint
616 1526 647 1546 ea
663 1518 754 1554 opinio
777 1518 957 1546 obedientiam

170 1565 360 1599 refugientium
378 1562 474 1595 fastus,
487 1567 513 1589 et
526 1563 651 1590 elationis
664 1570 756 1596 causa,
771 1567 882 1598 propter
895 1563 959 1591 civi-

173 1611 235 1638 tatis
260 1607 651 1645 amplitudinem,imperiique
680 1608 852 1643 dignitatem,
879 1616 958 1636 occa-

172 1658 314 1691 sionesque
340 1654 528 1690 quaerentium,
543 1661 574 1681 ac
599 1655 743 1689 primatum
768 1655 958 1688 ambientium,

173 1703 234 1737 quia
256 1708 345 1729 tamen
365 1699 453 1728 vocati
469 1704 607 1732 venerant,
624 1703 652 1726 ut
667 1699 768 1726 dictuut
794 1704 854 1732 est;
878 1707 960 1731 opor-

174 1753 262 1775 tuerat
274 1754 339 1774 sane
352 1746 476 1773 unioneut
493 1751 577 1779 usque
587 1745 618 1777 in
635 1745 714 1772 finem
739 1751 848 1772 servare
865 1745 960 1780 positis

173 1794 403 1822 contentionibus.

208 1840 286 1867 Nunc
304 1844 393 1866 autem
410 1841 615 1873 permanserunt
629 1836 737 1870 quidem
753 1837 780 1864 in
796 1837 855 1872 ipsa
870 1836 961 1864 Eccle-

174 1888 222 1914 sia:
239 1886 337 1912 unione
353 1890 457 1918 tempus
471 1891 524 1910 non
538 1882 688 1910 modicum:
704 1887 795 1916 postea
810 1889 903 1909 rursus
914 1882 960 1916 qui

172 1931 271 1965 justam
287 1929 480 1962 subjectionem
494 1927 630 1955 servitutis
642 1926 736 1963 iugum
748 1927 959 1961 arbitrabantur,

176 1984 263 2011 regem
280 1983 380 2002 novum
405 1975 489 2007 nacti,
509 1974 565 2009 (5i)
584 1981 725 2009 tpsutttqtte
751 1974 845 2006 libere,
858 1978 885 2000 ct
908 1966 961 2008 qua

174 2022 258 2049 ferret
274 2023 401 2056 impetus,
415 2024 509 2054 suapte
525 2024 624 2046 natura
640 2019 673 2046 ad
689 2026 733 2047 res
747 2026 831 2047 novas
848 2026 961 2054 pronum

174 2072 377 2102 persuaserunt,
395 2071 424 2093 ut
447 2066 564 2101 imperii,
579 2066 649 2100 quod
666 2065 718 2092 illis
741 2065 960 2100 cooperautibus,

175 2114 297 2147 neglecto
306 2112 400 2145 fratre,
415 2111 502 2138 fuerat
513 2111 636 2145 adeptus,
647 2111 796 2137 mercedem
804 2110 844 2137 eis
856 2110 962 2137 unionis

175 2159 378 2195 pervcrsionem
395 2158 482 2185 daret.
511 2156 609 2192 Sicque
628 2157 761 2192 perversis
776 2156 912 2189 omnibus,
928 2155 962 2183 ad

176 2197 294 2241 priorem
311 2205 415 2231 rediere
429 2203 637 2230 contumaciam.

210 2249 343 2276 Praeterea
362 2255 415 2283 qua
429 2248 533 2274 ratione
561 2247 604 2274 hic
625 2247 750 2273 unionem
775 2246 817 2273 vel
845 2250 967 2274 servaret

175 2294 399 2327 praescntent,vel
427 2293 565 2319 absentem
588 2292 739 2325 requireret
764 2297 791 2318 et
816 2297 967 2324 revocaret,

175 2341 220 2375 qui
248 2340 352 2374 imperii
385 2338 427 2365 sui
455 2343 574 2371 tempore
593 2342 709 2370 quatuor
733 2336 966 2370 patriarchast52)

175 2385 324 2420 abrogavit,
347 2385 419 2411 hunc
444 2381 599 2414 instituens,
616 2381 917 2416 illumejiciens;quod
942 2382 967 2409 ei

177 2439 229 2458 non
245 2431 354 2463 licebat,
368 2429 390 2456 si
410 2428 533 2455 Romano
559 2426 680 2461 pontiﬁci
696 2426 739 2460 jus
764 2434 843 2453 suutn
868 2427 967 2454 redde-

176 2483 227 2508 ret,
256 2476 327 2510 quod
357 2474 468 2502 unionis
493 2472 594 2500 fwdera
618 2472 825 2506 contpellerent.
848 2471 886 2499 Ex
911 2480 963 2508 qua

177 2531 229 2549 una
247 2529 287 2554 re,
305 2522 338 2548 de
352 2520 468 2554 reliquis
483 2518 564 2546 etiam
580 2519 644 2545 licet
658 2518 803 2552 conjicere.

211 2568 296 2594 Porro
311 2567 334 2594 si
346 2566 407 2601 quis
422 2572 482 2592 eam
503 2564 635 2599 synodum
651 2569 754 2591 asserat
767 2564 849 2591 fuisse
863 2564 964 2592 violen-

176 2620 242 2646 tam,
261 2613 355 2640 eadent
376 2611 483 2639 ratione
496 2602 693 2644 synodos-item
709 2610 827 2645 reliquas
841 2616 964 2639 evertere

176 2666 312 2694 cogentur,
327 2665 387 2692 qua:
399 2657 424 2684 in
442 2657 482 2683 eis
495 2662 623 2683 concessa
637 2659 709 2687 sunt,
724 2655 847 2688 ambigua
864 2663 966 2689 ponen.

175 2711 217 2732 tes
232 2705 331 2737 omnia,
345 2711 378 2731 eo
389 2702 459 2738 quod
475 2709 522 2736 per
536 2701 656 2735 singulas
670 2700 742 2734 leges
755 2700 835 2734 aliqui
856 2699 966 2733 fuerint,

212 2774 268 2808 (5|)
286 2774 365 2801 Estis
381 2772 550 2800 Andronicus
562 2771 652 2808 senior
671 2770 835 2808 l'alteologus
850 2773 894 2808 qui
912 2772 961 2803 im,-

176 2806 279 2845 pcriunt
292 2810 352 2836 iniit
368 2809 514 2845 secundum
529 2807 695 2840 Unnpttrium
707 2813 750 2845 an.
767 2806 867 2845 Curistt
882 2807 958 2834 MSS.

212 2845 266 2878 (52)
283 2844 410 2872 Videntur
425 2845 483 2871 csSe
499 2844 541 2869 istt
557 2847 683 2876 qu.uuor,
716 2840 777 2868 ιιυςι
785 2849 826 2874 us,
849 2842 959 2877 Joseptt,

1007 927 1137 962 prolatam
1162 926 1322 953 sententiam
1343 926 1438 957 relicti,
1464 926 1637 953 nihilominus
1658 927 1796 954 contradi-

1009 971 1289 999 xerunt:sicutetin
1317 970 1431 1005 singulis
1465 971 1666 998 universaliltus
1702 973 1796 999 conci-

1008 1017 1052 1044 liis
1063 1017 1207 1051 contigisse
1220 1016 1370 1048 cernimus.
1387 1024 1441 1044 non
1464 1021 1551 1044 tamen
1564 1016 1624 1043 ideo
1647 1017 1796 1044 sententias

1008 1063 1078 1096 illas,
1098 1064 1139 1091 vel
1165 1064 1295 1091 violenter
1317 1065 1446 1099 prolatas,
1473 1063 1515 1090 vel
1545 1064 1648 1097 irritas,
1665 1064 1796 1090 audemus

1009 1109 1109 1136 dicere.
1126 1109 1181 1136 Cur
1195 1109 1239 1136 id?
1254 1109 1315 1143 quia
1335 1116 1415 1144 caput
1429 1109 1554 1137 Ecclesia;
1580 1109 1720 1141 intererat,
1736 1110 1795 1136 sine

1010 1161 1065 1190 quo
1082 1154 1188 1188 negotia
1207 1154 1394 1181 ecelesiastica
1409 1154 1647 1189 dirigi,statuique
1666 1162 1717 1180 non
1736 1162 1795 1188 pos-

1009 1205 1083 1231 Sunt,
1100 1205 1127 1227 et
1143 1200 1200 1232 qui,
1224 1200 1246 1226 si
1262 1200 1334 1228 adsit
1347 1201 1450 1235 synodo
1465 1208 1524 1227 cum
1541 1200 1672 1235 quolibet,
1685 1207 1793 1227 omnem

1010 1246 1043 1274 de
1061 1246 1112 1273 (ide
1129 1246 1289 1273 sententiam
1305 1247 1367 1273 inde
1384 1252 1537 1274 manantem
1553 1247 1647 1274 falsam
1662 1254 1721 1274 esse
1739 1255 1793 1273 non

1012 1299 1102 1327 posse,
1118 1297 1145 1320 et
1169 1300 1230 1319 esse
1257 1292 1426 1319 verissimam
1444 1293 1590 1320 credimus.
1618 1293 1702 1319 Aliter
1722 1292 1796 1320 enim

1012 1339 1100 1365 omnia
1129 1338 1312 1366 ecclesiastica
1336 1343 1414 1365 erunt
1441 1339 1588 1373 ambigua;
1608 1345 1696 1372 neque
1717 1345 1797 1365 nosse

1011 1383 1110 1410 certius
1131 1383 1279 1416 poterimus
1303 1390 1362 1417 quae
1389 1391 1451 1410 vera
1480 1388 1553 1415 sunt,
1568 1390 1722 1417 quanquam
1748 1391 1798 1409 cur

1015 1436 1069 1456 non
1087 1429 1176 1462 potius
1193 1429 1268 1463 pacis
1287 1428 1359 1456 illius
1387 1429 1556 1456 eversionem
1575 1428 1796 1455 violentissirnnm

1014 1475 1146 1509 dicantns,
1161 1484 1222 1512 qua:
1234 1481 1259 1503 et
1282 1476 1442 1504 uniwrsalis
1468 1477 1577 1504 concilii
1602 1476 1712 1503 decreta
1736 1483 1796 1511 per-

1010 1522 1101 1554 vertit,
1115 1522 1186 1556 quod
1201 1525 1226 1548 et
1244 1522 1379 1548 Romanus
1391 1521 1532 1556 episcopus
1546 1529 1664 1556 praesens
1674 1529 1795 1556 compro-

1009 1567 1093 1594 bavit.

1045 1612 1077 1639 Et
1093 1618 1166 1640 certe
1180 1613 1206 1639 in
1220 1613 1418 1640 nniversalibus
1432 1613 1542 1648 synodis
1555 1613 1644 1644 nullae,
1662 1613 1706 1640 illo
1730 1620 1796 1648 prte-

1010 1663 1096 1690 settte,
1111 1658 1171 1686 latas
1193 1659 1332 1686 Sententia
1353 1660 1534 1692 reprehensas,
1552 1659 1604 1687 ulla
1626 1659 1795 1693 unquamch

1010 1704 1086 1730 locali
1103 1704 1214 1739 synodo,
1233 1705 1273 1731 vel
1287 1704 1430 1738 cujuslibet
1455 1706 1567 1732 audacia
1593 1704 1700 1739 rejectu:
1723 1711 1794 1731 sunt.

1011 1749 1123 1776 Plurimi
1151 1757 1214 1777 vero
1238 1751 1430 1777 vencrabilium
1456 1751 1652 1786 episcoporum,
1668 1758 1727 1785 qum
1748 1751 1795 1777 iic-

1011 1795 1085 1826 bant,
1106 1796 1296 1830 increpabant;
1311 1796 1409 1831 quibus
1430 1796 1521 1828 facile,
1536 1804 1585 1832 pro
1606 1797 1757 1829 honestate,
1769 1802 1795 1824 et

1010 1841 1152 1874 sapientia,
1169 1841 1397 1876 dignitatibusque
1409 1842 1566 1869 thronornm
1583 1842 1794 1870 concedebatur:

1011 1892 1124 1920 quorum
1143 1887 1224 1912 etiam
1248 1886 1370 1913 nonnulli
1395 1888 1637 1915 contradictionem
1654 1887 1795 1914 adversum

1011 1931 1073 1959 illos
1098 1932 1264 1966 reliquerunt
1278 1933 1303 1959 itt
1331 1933 1544 1965 commentariis,
1559 1933 1615 1964 alii,
1639 1933 1797 1968 publicatio-

1011 1983 1069 2008 nes,
1085 1981 1111 2003 et
1124 1983 1256 2009 carceres,
1272 1981 1299 2004 et
1314 1977 1407 2004 exsilia
1421 1984 1469 2011 pro
1482 1984 1542 2004 vera
1557 1977 1692 2012 opinione,
1705 1982 1732 2004 et
1747 1976 1797 2004 lldc

1011 2021 1178 2054 pertulertutt
1194 2028 1261 2056 :per
1287 2029 1378 2056 quam,
1396 2020 1574 2048 Eeclesiarum
1596 2028 1648 2056 pax
1677 2022 1796 2055 subjecta

1012 2066 1120 2094 Patrum
1137 2067 1270 2102 theologia
1286 2067 1355 2094 facta
1366 2073 1419 2096 est.

1047 2112 1163 2140 Prorsus
1184 2120 1260 2144 vero,
1280 2118 1307 2140 et
1321 2122 1353 2140 ex
1371 2115 1471 2141 nostris
1491 2121 1631 2148 nunquam
1649 2113 1797 2140 defuerunt

1012 2165 1046 2185 ex
1060 2158 1114 2189 his,
1134 2158 1179 2192 qni
1201 2157 1303 2193 aliquid
1319 2167 1375 2185 esse
1399 2159 1566 2192 uidebantur,
1582 2159 1646 2194 qttitt
1672 2158 1797 2184 Romanae

979 2207 1001 2235 D
1017 2203 1144 2232 Ecclesia:
1171 2205 1298 2235 favet-int,
1326 2212 1436 2231 suorum
1464 2205 1573 2239 quidem
1598 2204 1795 2238 separationem

1017 2250 1242 2282 irrationabilern,
1260 2255 1286 2277 et
1310 2255 1407 2284 praeter
1429 2250 1631 2278 ecclesiasticas
1647 2249 1796 2284 Ieges,,|‘a--

1015 2299 1141 2330 truutqtte
1156 2295 1315 2327 theologiam
1337 2303 1397 2322 esse
1414 2295 1594 2328 arbitrantes;
1612 2301 1642 2321 se
1661 2299 1749 2320 autem
1765 2293 1797 2320 ad

1016 2339 1078 2368 illos
1105 2340 1276 2368 conferentes
1304 2340 1459 2375 ignominiis
1478 2340 1586 2375 quidem
1614 2339 1713 2372 affecti,
1743 2339 1798 2366 sive

1017 2386 1100 2412 etiam
1121 2385 1205 2420 fugati
1220 2385 1255 2412 ob
1267 2386 1323 2412 veri
1339 2384 1548 2416 confessionem,
1563 2389 1647 2419 atqtte
1663 2384 1797 2411 conliden-

1016 2431 1105 2458 tiatn:
1129 2432 1228 2466 quibus
1243 2432 1328 2469 ει,ηυί
1357 2432 1414 2458 haec
1439 2431 1559 2466 scripsit,
1584 2431 1726 2464 adjunctus
1747 2437 1796 2461 est,

1015 2479 1171 2513 gratiasque
1193 2478 1257 2509 Deo,
1274 2478 1344 2512 quod
1369 2478 1411 2505 Itis
1427 2479 1523 2513 dignus
1542 2478 1648 2504 habitus
1664 2483 1715 2504 εει.
1732 2477 1796 2504 For-

1018 2524 1080 2551 titer
1094 2529 1184 2551 autem
1208 2523 1326 2550 ferentes
1339 2524 1441 2556 omnia,
1469 2529 1568 2558 prwter
1584 2523 1735 2558 hujusntodi
1760 2531 1798 2550 re-

1014 2571 1128 2603 positam
1159 2570 1324 2602 mercedem,
1351 2570 1579 2604 quemadmodum
1609 2574 1636 2596 ct
1665 2570 1797 2604 prioribus

1016 2615 1180 2649 temporibus
1208 2615 1332 2650 plurintis
1365 2616 1488 2650 contigit,
1521 2623 1582 2642 cum
1613 2624 1661 2651 pro
1686 2616 1796 2643 veritate

1018 2660 1078 2686 fidei
1095 2660 1180 2687 libere
1192 2665 1316 2695 agerent,
1330 2661 1604 2695 contradicentesquc
1619 2661 1795 2687 revineerent.

1017 2704 1069 2731 Pro
1083 2713 1136 2740 quo
1161 2713 1227 2733 sane
1243 2706 1416 2733 admirationi
1440 2710 1467 2733 et
1489 2706 1655 2733 venerationi
1685 2708 1796 2740 posteris

1017 2775 1164 2811 Gregorius
1177 2775 1234 2802 sive
1248 2775 1384 2811 Georgius
1400 2775 1526 2811 Cyprius,
1544 2776 1717 2802 Athanasius.
1732 2774 1797 2809 ιι·εο

1013 2810 1193 2845 Nicephorum
1207 2811 1352 2845 Gt'cgorutn
1367 2811 1413 2838 lib.
1424 2810 1456 2838 'rt
1470 2816 1496 2838 et
1510 2819 1543 2838 vrt
1560 2811 1695 2838 Historuc.
