1960 3063
199 108 256 139 205

753 106 955 138 ADVERSUS
975 106 1132 138 GRAECOS
1150 107 1225 138 LIB.
1243 108 1293 139 ιν.

1772 107 1824 138 206

199 165 322 190 fuerunt.
343 161 398 188 Cur
414 160 496 195 igitur
515 159 624 187 unionis
644 159 814 187 eversionem
831 167 884 187 non
903 159 989 187 maxi-
1004 163 1025 190 Α
1042 159 1160 187 maxima
1179 160 1356 188 Orientalium
1375 159 1561 195 episcoporum
1575 167 1638 195 pars
1652 167 1666 186 a
1686 158 1782 187 Photio
1793 167 1824 187 se

199 217 245 235 me
261 207 406 234 violentam
429 205 513 232 fuisse
529 205 651 239 dicamus
670 212 724 232 non
743 204 822 232 video
839 213 846 232 :
861 206 985 240 quando-

198 253 323 288 quidem,
337 251 383 287 qui
399 250 457 284 ejus
471 250 622 278 eversionis
635 254 760 278 auctores
775 249 893 282 inerunt,
911 249 986 276 lucra

199 299 265 326 inde
283 303 311 326 et
335 298 463 329 honores,
486 301 513 324 et
536 296 649 330 gloriam
677 295 730 323 sibi
756 295 985 329 comparaverint.

198 346 302 372 Contra
329 352 395 371 vero
422 343 468 378 qui
488 342 596 370 unionis
627 341 740 369 studiosi
772 346 845 374 sunt,
880 341 988 376 ittjuriis

198 391 340 423 omnibus,
362 389 472 425 probris
491 394 573 424 atque
598 387 771 415 contumeliis
786 391 911 423 aguntur,
929 395 988 414 om-

200 438 335 471 nibusque
350 436 506 463 adiciuntur
522 434 712 462 incommodis.

239 483 385 514 Praeterea,
407 485 438 508 ut
452 481 552 508 dictum
571 484 624 512 est,
648 480 741 507 licebit
761 479 875 507 concilia
897 479 987 506 omnia

201 534 338 561 evertere,
365 527 390 554 si
414 527 446 554 de
468 526 519 554 ﬁde
547 526 701 561 ambigendi
731 525 866 559 pandatur
887 524 987 557 aditus,

203 576 405 610 derogeturque
420 573 530 606 synodis
551 572 627 599 ﬁdes.
646 571 726 606 Atqui
747 571 863 598 Photius
882 577 989 605 quoque

202 620 375 646 occasionem
402 619 483 645 aliam
505 625 584 651 esse,
610 625 692 652 quam
719 616 894 649 additionem,
921 616 989 643 satis

203 671 297 699 aperto
315 663 515 692 demonstravit
532 673 538 690 :
554 663 599 697 qui
615 663 719 696 primus
734 662 840 690 illectus
855 661 989 689 desiderio

202 711 393 746 patriarchalis
422 710 525 742 throtti,
540 709 687 743 sapientior
714 709 757 736 his
789 709 835 743 qui
866 713 930 736 ante
960 714 990 735 se

203 758 322 790 ﬁlerunt,
337 757 509 784 existimatus
524 761 576 784 est.
591 755 679 790 Atque
695 755 756 782 ideo
766 755 856 782 omnia
870 755 988 790 quidem,

201 810 264 837 quae
281 803 333 829 iste
350 801 426 834 fecit.
445 806 472 829 et
484 802 621 837 quomodo
634 801 838 829 sanctissimum
856 800 988 836 lgnatium

203 849 291 875 variis
314 848 401 875 modis
421 848 486 875 sede
506 848 739 882 deturbavit(55).
753 854 869 882 qumque
884 846 988 874 machi-

203 900 284 921 natus
305 898 358 924 est,
373 898 399 920 et
413 901 473 928 quo:
495 894 528 920 de
547 893 593 920 illo
609 898 724 920 narrant
746 893 879 925 historici,
903 893 989 920 satius

201 940 329 967 omittere
352 938 515 966 existimavi.
533 938 584 965 Sed
604 943 707 969 tamen.
728 938 857 973 quoniam
876 937 988 966 calcatis

179 984 309 1019 ‘juribus
335 985 462 1011 omnibus
481 991 530 1019 per
554 982 631 1011 nelas
647 984 857 1019 patriarchalem
879 984 989 1019 diripuit

202 1031 348 1063 thronum;
366 1038 447 1065 quetn
461 1029 574 1064 adipisci
601 1037 653 1057 non
673 1033 790 1064 poterat,
810 1030 861 1058 ttisi
879 1031 989 1065 permit-

202 1080 279 1103 t--nte
303 1074 428 1103 Romano
444 1075 588 1110 pontiﬁce;
616 1082 729 1103 necesse
757 1075 831 1103 enim
855 1081 926 1108 erat,
954 1083 986 1103 ex

201 1129 307 1155 more,
336 1121 371 1149 ab
406 1129 441 1149 eo
474 1121 665 1149 auctoritatem
701 1121 989 1156 conﬁrmationemque

200 1168 309 1195 venire.
335 1168 362 1194 ld
386 1172 475 1196 autent
493 1167 532 1195 illi
549 1172 608 1195 erat
625 1168 774 1196 atnbitionc
798 1175 846 1196 sua
875 1171 989 1204 turpiter

199 1216 339 1248 excidere,
365 1215 538 1250 imperatoris
561 1215 746 1243 faxitiliaritate
775 1215 871 1248 fretus,
898 1217 942 1250 qui
962 1221 990 1244 et

199 1262 260 1296 ipse
275 1261 375 1288 addere
390 1261 517 1296 potestati
534 1268 589 1288 suse
609 1261 735 1295 cupiebat
754 1269 760 1287 :
778 1260 842 1295 quia
859 1261 986 1288 thronum

199 1306 279 1332 illum
296 1306 363 1332 alias
382 1306 511 1341 consequi
527 1313 556 1333 se
577 1313 655 1340 posse
669 1305 841 1341 desperabat,
856 1306 889 1332 ad
910 1305 990 1341 Sym-

199 1352 256 1380 hoii
274 1352 455 1386 adiectionem
482 1352 617 1387 confugit,
634 1357 662 1379 ct
679 1359 760 1387 quam
782 1357 846 1379 ante
859 1359 919 1379 cum
934 1360 988 1380 oze-

200 1399 282 1430 teris,
298 1403 325 1425 ut
337 1398 464 1433 plurimis
476 1402 538 1425 ante
555 1398 723 1432 temporibus
738 1398 775 1425 ita
790 1405 820 1425 sc
841 1398 987 1426 habentem

200 1443 417 1477 venerabantur,
434 1443 541 1470 induxit
560 1443 747 1470 seditiosiores
761 1450 884 1477 quosque
905 1444 989 1471 eccle-

198 1489 306 1517 siastici
328 1489 444 1520 ordinis,
471 1489 541 1516 hanc
567 1488 676 1524 impiam
694 1488 862 1521 existimare,
886 1497 917 1517 ac
940 1497 988 1525 per

197 1535 354 1570 epistolam,
369 1543 449 1569 qttatn
468 1533 625 1561 circulare-rt
646 1534 704 1568 (54)
726 1534 880 1569 appellavit,
896 1540 988 1562 contra

199 1583 354 1610 Romanam
373 1581 523 1608 Ecclesiam
543 1580 727 1607 multitudinis
741 1580 802 1608 odia
813 1582 945 1614 concitat,
957 1588 990 1608 ne

197 1629 341 1656 videretur
360 1627 511 1662 transgredi
538 1626 713 1662 subjeclionis
736 1627 881 1661 terminos,
910 1628 932 1656 si
960 1635 989 1655 se

196 1674 260 1709 ipse
284 1674 412 1708 erigeret,
438 1672 634 1708 dignitatisque
658 1672 730 1700 illius
748 1673 800 1700 sibi
819 1673 869 1708 ipsi
895 1677 990 1701 auctor

199 1724 288 1747 esset.
323 1719 391 1746 llinc
415 1719 470 1754 jam
502 1720 529 1746 in
556 1719 653 1747 throno
677 1719 785 1753 sedens,
807 1719 988 1747 ecclesiastica

197 1767 422 1796 administrabat.

233 1813 264 1840 ld
281 1813 421 1840 Rontanus
435 1811 555 1847 pontifex
569 1818 640 1847 aegre
656 1811 727 1843 tulit.
740 1811 890 1846 iratusque,
900 1811 988 1845 ipsum

199 1866 248 1893 per
265 1857 394 1893 epistolas
417 1857 571 1884 invasorem
596 1856 791 1892 promulgavit,
820 1864 913 1884 nntium
939 1856 990 1883 Ju-

199 1905 281 1937 dam,
306 1904 522 1936 scltismalicum,
549 1910 582 1930 ac
607 1903 762 1942 seditiosum
794 1902 852 1937 (55)
878 1910 988 1934 vocans,

199 1956 284 1984 atque
314 1949 514 1977 maledictionis
544 1949 711 1976 anathemati
738 1948 868 1980 subdens,
900 1956 989 1983 neque

198 1996 385 2023 Christianum
401 2002 461 2022 csso
476 1999 638 2022 contestans
657 2003 665 2022 :
680 2002 734 2022 non
753 1994 851 2027 solum,
865 1995 928 2030 quia
942 2003 990 2029 per

201 2042 279 2068 nefas
298 2041 399 2068 invasit
422 2040 526 2073 sedem,
543 2041 590 2068 sed
606 2040 670 2075 quia
685 2040 808 2074 plurimis
821 2040 880 2068 aliis
896 2041 990 2068 crimi-

200 2089 281 2115 nibus
300 2092 359 2114 erat
374 2087 519 2114 obnoxius.
535 2086 632 2114 Adhuc
645 2087 718 2113 enim
736 2087 842 2114 vivebat
859 2087 988 2122 lgnatius,

203 2134 248 2167 qui
273 2133 343 2168 apml
365 2133 455 2165 illurn,
472 2141 552 2168 quam
570 2133 624 2160 vim
642 2137 792 2167 pateretur,
807 2137 988 2168 exposuerat;

1037 204 1244 237 subtrahebant,
1261 206 1465 233 schismaticum
1482 206 1555 233 illum
1574 205 1755 240 appellantes;
1772 213 1819 232 tte-

1038 257 1093 285 qne
1114 257 1174 278 cum
1204 251 1250 279 illo
1272 251 1406 280 sacriﬁcia
1423 251 1520 280 oﬁ‘crre
1545 252 1691 284 volebant;
1710 256 1822 286 eratque

1041 297 1169 325 tumultus
1183 298 1290 333 ingens,
1308 298 1511 331 insinuantinm,
1522 299 1595 333 quod
1613 298 1662 325 sub
1677 297 1723 324 illo
1740 297 1824 332 pluri-

1039 351 1081 370 ma
1106 350 1200 372 contra
1226 345 1372 373 canonieas
1400 346 1556 373 sanctiones
1574 347 1773 381 provenissent,
1795 350 1825 372 ut

1039 395 1071 415 ex
1088 389 1130 416 his
1154 395 1246 424 aperte
1267 390 1348 418 datur
1363 391 1487 426 intelligi,
1506 398 1566 425 quae
1585 393 1617 418 de
1638 392 1689 418 hac
1706 398 1735 418 re
1758 394 1824 418 tune

1039 434 1138 463 litteris
1153 436 1277 463 mandata
1293 441 1365 464 sunt.

1077 479 1210 508 Defuncto
1226 486 1315 508 autem
1331 481 1456 509 Romano
1470 482 1597 516 pontifice
1612 482 1688 518 (56);
1714 488 1825 509 succes-

1039 531 1086 551 sor
1108 524 1169 558 ejus
1183 525 1239 560 (57)
1261 526 1294 553 ad
1325 525 1448 553 Photium
1472 527 1613 562 aequaliter
1642 526 1739 559 iratus,
1762 534 1824 554 eum

1040 569 1139 598 litteris
1157 571 1250 598 itidem
1265 571 1430 605 exagitabat.
1449 572 1545 599 Postea
1569 579 1633 600 vero
1648 579 1727 606 quam
1747 570 1826 605 lgna-

1041 616 1095 643 tius
1119 621 1241 643 mortuus
1270 621 1323 648 est,
1349 616 1478 644 Romana:
1502 624 1610 652 quoque
1636 617 1693 644 sedi
1719 616 1827 650 praefuit

1040 662 1120 689 alius.
1137 661 1162 689 ls
1180 662 1236 698 (58)
1256 662 1442 697 indignatione
1463 668 1558 690 contra
1580 662 1716 696 Photium,
1732 670 1764 689 ac
1786 661 1825 688 si-

1041 708 1158 735 multate
1172 707 1305 742 deposita.
1323 708 1507 743 patriarcham
1532 708 1690 742 appellavit,
1705 714 1758 742 quo
1777 714 1825 734 no-

1042 754 1114 781 mine
1142 754 1216 780 illum
1244 753 1460 789 praedecessores
1486 753 1527 781 sui
1551 744 1659 788 dignati
1685 759 1825 787 nunquam

1043 801 1168 828 fuerant:
1185 801 1311 836 ntisitquc
1324 801 1426 835 omnia,
1441 808 1501 836 quae
1513 808 1527 828 a
1542 800 1663 828 Romano
1686 801 1824 835 episcopo,

1042 848 1084 875 his
1109 847 1155 882 qui
1178 855 1265 882 nuper
1288 848 1512 879 instituebantur,
1531 847 1602 874 mitti
1627 851 1705 874 erant
1733 846 1824 879 solita,

1041 894 1153 928 pallium
1178 893 1295 926 scilicet,
1309 892 1412 927 virgam
1436 896 1517 927 atque
1540 891 1672 920 sattdalia.
1702 891 1778 919 Tunc
1800 896 1827 918 et

1042 940 1099 975 ipse
1118 939 1173 967 voti
1200 946 1312 973 compos
1341 939 1454 967 elfectus
1484 937 1552 974 (59),
1580 946 1670 974 pugna
1694 938 1826 966 adversus

1042 986 1193 1013 Romanum
1210 986 1365 1020 pontiﬁcem
1376 985 1471 1020 posita,
1485 985 1594 1012 Patrem
1611 985 1697 1017 illum,
1712 992 1743 1011 ac
1759 991 1824 1011 san-

1042 1035 1114 1058 cttnn
1132 1031 1284 1066 appellabat
1309 1039 1316 1057 :
1341 1030 1582 1063 Quemadmodum,
1609 1029 1745 1064 inquiens,
1765 1029 1826 1056 uni-

1041 1084 1177 1103 uersorum
1206 1076 1335 1103 Dominus
1360 1075 1492 1102 inclinatu
1515 1075 1594 1102 malos
1621 1075 1734 1102 visitavi!
1761 1082 1827 1106 nor,

1042 1128 1092 1147 non
1114 1126 1248 1148 contentus
1271 1120 1366 1156 gloria,
1385 1129 1465 1155 quam
1489 1121 1517 1147 in
1540 1120 1610 1147 tollis
1626 1119 1697 1155 apud
1722 1122 1826 1154 angelos

1042 1167 1163 1199 habebat,
1181 1167 1232 1193 nisi
1244 1167 1386 1194 humanam
1401 1175 1503 1202 quoque
1516 1170 1679 1200 assumptum
1704 1170 1826 1192 naturam

1042 1213 1076 1238 ad
1097 1221 1124 1239 se
1149 1214 1293 1240 ultra/teret
1312 1221 1322 1240 :
1344 1214 1382 1240 ita
1408 1217 1432 1240 et
1456 1214 1602 1240 communis
1627 1213 1710 1239 Pater
1739 1216 1827 1238 noster

1041 1259 1223 1286 sanctissimus
1247 1267 1326 1294 papa,
1347 1267 1393 1286 nos
1417 1259 1461 1293 qui
1488 1258 1563 1293 longe
1586 1266 1704 1291 eramus,
1732 1258 1828 1292 aﬂ'ectu

1041 1309 1150 1339 paterno
1165 1306 1291 1333 uisitauit.
1336 1338 1341 1343 ι

1077 1351 1154 1378 Nulla
1178 1355 1242 1379 tunc
1258 1351 1292 1379 de
1307 1350 1458 1386 adjectione
1473 1351 1594 1386 Symboli
1612 1350 1716 1378 mentio
1734 1350 1827 1377 ﬁebat.

1042 1396 1219 1425 Orientalium
1238 1403 1326 1425 tamen
1350 1399 1540 1434 episcoporum
1562 1406 1624 1433 pars
1648 1401 1766 1425 maxima
1791 1397 1828 1425 illi

1043 1444 1210 1471 reconciliati
1236 1453 1288 1472 non
1305 1449 1385 1478 sunt;
1406 1445 1464 1476 sed,
1491 1452 1521 1473 se
1541 1445 1575 1472 ab
1591 1452 1623 1472 eo
1638 1445 1827 1476 observantes.

1043 1490 1224 1524 patriarcham
1241 1491 1378 1526 appellare
1403 1491 1541 1519 nolebant.
1569 1490 1664 1518 Oravit
1688 1499 1754 1526 ergo
1771 1492 1827 1519 Ro-

1042 1542 1151 1562 manum
1168 1536 1333 1570 pontiﬁcem.
1350 1541 1379 1564 ut
1397 1537 1439 1564 cui
1458 1537 1637 1564 Ecclesiarum
1659 1545 1725 1565 cttra
1741 1539 1827 1565 maxi-

1041 1589 1083 1608 me
1101 1582 1280 1616 incumberet,
1301 1583 1409 1610 mittere
1427 1583 1504 1618 juxta
1528 1584 1753 1611 consuetudinem
1780 1584 1831 1611 Ro-

1041 1635 1128 1655 mana:
1145 1628 1219 1656 sedis
1241 1629 1342 1664 lt‘galOS
1361 1629 1394 1657 ad
1411 1631 1504 1659 urbem
1523 1631 1636 1665 regiam,
1652 1631 1695 1664 qtti
1714 1635 1742 1658 et
1754 1629 1829 1657 illum

1041 1674 1188 1702 visitarent
1203 1679 1231 1702 et
1246 1674 1280 1702 de
1295 1675 1420 1702 omnibus
1436 1683 1488 1702 tina
1508 1675 1703 1707 decernerent;
1724 1676 1830 1704 dissen-

1030 1720 1197 1760 itientesque
1211 1721 1354 1756 episcopos
1369 1726 1397 1748 et
1418 1721 1469 1748 sibi
1486 1721 1611 1754 invicem,
1629 1727 1655 1749 et
1667 1721 1830 1756 patriarchae

1041 1766 1152 1793 nnirent
1166 1765 1234 1801 (60).
1257 1765 1400 1793 Mittuntur
1417 1766 1482 1799 duo,
1503 1767 1677 1802 synodusque
1691 1766 1748 1802 (61)
1764 1771 1829 1793 tunc

1041 1811 1112 1839 facta
1130 1816 1171 1839 est
1185 1811 1255 1838 infra
1272 1816 1347 1846 scpta
1361 1812 1451 1847 templi
1469 1812 1643 1840 famosissimi
1661 1812 1760 1839 divin:e
1779 1811 1830 1839 Sa-

1041 1858 1150 1892 pientia:
1176 1858 1298 1892 insigniti
1315 1857 1426 1885 nomine
1443 1866 1492 1893 pro
1507 1858 1694 1893 componenda
1711 1859 1782 1884 inter
1799 1865 1829 1886 se

1041 1905 1220 1932 Orientalium
1249 1905 1432 1932 contentione.
1469 1904 1554 1937 Quam
1587 1905 1668 1931 etiam
1697 1905 1828 1939 synodum

1041 1951 1152 1986 qnidatn
1167 1956 1292 1978 octavam
1311 1950 1368 1985 (6‘2)
1389 1950 1535 1986 appellant.
1552 1951 1678 1978 Photium
1696 1954 1761 1977 tunc
1779 1958 1829 1985 pa-

1043 1996 1188 2024 triarcham
1200 1996 1380 2026 declarantes.
1396 1997 1441 2030 qui
1455 1995 1568 2023 Romani
1587 1995 1722 2031 pontiﬁcis
1739 1996 1828 2023 ioeum

1044 2042 1182 2075 tenebant,
1207 2049 1275 2076 pace
1308 2041 1424 2073 reddita,
1443 2046 1554 2068 tnonent
1576 2043 1609 2068 de
1626 2046 1724 2069 cetero
1742 2042 1829 2070 absti-

1042 2095 1107 2115 nere
1133 2088 1279 2121 scandalis,
1307 2087 1424 2122 huicque
1448 2088 1529 2115 veluti
1556 2088 1717 2123 patriarchae
1734 2095 1829 2116 omnes

1043 2133 1197 2166 intendere,
1212 2133 1359 2161 itederatos
1381 2134 1515 2161 charitate
1532 2134 1725 2162 indissolubili.
1749 2134 1825 2162 Nulla

203 2181 275 2208 sicut
288 2184 368 2208 antea
385 2179 489 2207 fecerat
513 2179 679 2206 Athanasius
695 2186 820 2212 magnus,
836 2177 990 2214 Paulusque
1004 2181 1030 2211 D
1045 2185 1108 2208 tunc
1131 2180 1234 2208 mentio
1251 2181 1283 2208 de
1299 2180 1451 2214 adjectionc
1466 2179 1536 2207 facta
1552 2185 1604 2207 est.
1629 2180 1657 2208 Si
1674 2181 1735 2215 quis
1756 2180 1827 2207 cnitn

201 2227 344 2254 confessor
357 2231 385 2252 et
398 2223 614 2260 Cltrysostonius
628 2224 661 2251 ad
673 2223 823 2251 Romanum
838 2224 992 2258 pontiﬁcem

202 2273 365 2302 scribentes.
378 2278 439 2298 cutn
453 2269 574 2297 Ecclesia
589 2270 690 2305 injuste
702 2270 884 2305 pellerentur;
898 2277 993 2298 omnes

203 2318 320 2353 denique
336 2317 429 2345 aﬁecti
451 2317 569 2352 injuriis,
586 2322 612 2343 et
629 2324 677 2351 per
695 2316 748 2343 vim
764 2315 875 2344 sedibus
889 2317 990 2343 detrusi

203 2364 235 2390 ad
253 2363 402 2391 Ecclesiam
423 2363 572 2390 Romanam
592 2362 783 2389 recurrebant.
801 2361 839 2388 Es
865 2369 908 2394 eo,
932 2362 990 2396 jam

238 2476 295 2511 (53)
311 2475 377 2503 Vide
389 2482 466 2503 conc.
486 2484 545 2508 vnt,
575 2484 660 2510 nuper
686 2485 700 2504 a
728 2477 855 2504 Mattha'o
883 2476 991 2503 [tadero

202 2510 295 2546 Graeco
311 2510 406 2538 Latine
417 2512 530 2542 editum,
546 2516 575 2538 ut
590 2513 665 2546 plcnc
677 2512 819 2546 intelligas,
835 2511 923 2546 qualis
936 2511 992 2537 vnl-

205 2554 250 2580 pes
264 2545 347 2573 fuerit
360 2546 485 2576 Phntlns.
499 2552 527 2573 ut
546 2545 612 2573 nihil
624 2547 711 2573 dicant
728 2545 868 2574 de’Attnal.
879 2546 989 2573 Baronii

204 2582 248 2615 qui
263 2589 354 2608 rerum
370 2589 384 2607 a
399 2580 494 2608 Photio
506 2581 611 2608 nefarie
634 2587 768 2614 gestarum
798 2589 881 2608 cornu
906 2581 991 2613 copia:

205 2623 253 2643 est.
279 2617 417 2651 Graphice
439 2616 620 2651 depingutttur
636 2617 726 2644 Pltotii
750 2622 834 2646 artes,
865 2616 988 2643 antbitio.

242 2651 298 2685 (54)
318 2650 416 2678 Totius
438 2650 591 2678 schtsmatis
615 2652 778 2685 principium
804 2652 851 2678 fuit
873 2651 986 2684 epistola

207 2687 261 2713 htee
276 2686 427 2712 t-ircttlaris.
443 2686 536 2713 Exstat
550 2688 618 2720 apud
633 2686 779 2713 Baronintu
794 2694 838 2712 an.
853 2686 915 2713 863.

241 2721 295 2782 (35)
310 2722 406 2748 Umnia
420 2721 478 2749 haec
491 2722 577 2756 elogia
591 2722 678 2749 Photii
688 2722 807 2749 invenies
824 2721 850 2748 in
870 2720 985 2748 Duronio

269 2761 360 2782 :ttlero.

206 2762 231 2782 et
245 2758 360 2783 “adero.

231 2791 294 2825 ’(56)
305 2790 415 2818 Nicolao
429 2791 448 2820 Ι.

242 2826 296 2860 (ΞΠ)
313 2826 447 2854 Adrianus
461 2826 492 2854 ΙΙ.

1043 2227 1070 2253 in
1098 2231 1223 2254 extremo
1253 2230 1391 2261 gestorum
1420 2227 1516 2261 synodi
1543 2227 1628 2261 ipsius
1655 2226 1770 2260 ordine,
1795 2228 1829 2255 de

1041 2272 1178 2300 additione
1201 2272 1258 2307 (63)
1292 2273 1395 2300 dictum
1430 2277 1517 2308 putat,
1537 2273 1608 2307 quod
1638 2273 1744 2301 scilicet
1774 2282 1828 2301 nou

1040 2322 1166 2352 oporteat
1184 2318 1303 2350 auferre,
1324 2321 1366 2345 vel
1389 2318 1509 2350 addere;
1527 2318 1599 2352 quod
1615 2319 1699 2346 etiam
1717 2319 1827 2354 quidam

1041 2364 1075 2390 ad
1096 2364 1268 2391 sednccndos
1288 2364 1469 2399 simpliciores
1493 2365 1666 2394 obtendunt:
1687 2365 1827 2393 sciendqu

1079 2477 1133 2511 (58)
1149 2478 1266 2505 Joannes
1282 2478 1348 2506 Vlll.

1078 2512 1134 2548 (59)
1158 2514 1237 2540 Aliud
1254 2513 1402 2549 loquuntur
1427 2514 1547 2542 Annales
1575 2513 1683 2541 Baronii
1707 2521 1753 2541 an.
1775 2514 1827 2541 879

1040 2553 1067 2574 Cl
1077 2555 1279 2619 (tigiléimulate
1292 2584 1351 2610 haec
1383 2584 1474 2610 omnia
1489 2584 1544 2619 agit
1559 2583 1684 2611 Photius.

1076 2619 1131 2655 (61)
1150 2618 1186 2645 De
1208 2618 1258 2646 hac
1286 2619 1495 2655 pseudosynodo
1510 2618 1586 2646 ’vide
1610 2619 1757 2647 Baronium
1781 2627 1825 2647 an.

1039 2653 1133 2723 maia)
1143 2687 1212 2714 Male
1228 2694 1342 2715 vocatur
1352 2693 1458 2716 octava.
1469 2689 1537 2716 Vide
1553 2689 1702 2720 nudorum,
1718 2688 1787 2723 prol.
1801 2689 1826 2716 in

1042 2731 1133 2765 verant
1148 2729 1191 2765 “et
1212 2724 1359 2765 legitimam
1375 2725 1580 2765 synodmnlvnt.

1078 2757 1340 2793 (65)Parttmrel'ert
1351 2757 1413 2793 quid
1443 2759 1483 2786 vel
1501 2759 1534 2786 de
1561 2759 1683 2786 addendo
1713 2759 1752 2786 vel
1782 2760 1828 2785 de-

1041 2793 1175 2830 tttcttdorin
1189 2793 1236 2830 illa
1247 2796 1350 2830 synodo
1365 2794 1446 2821 fuerit
1459 2795 1610 2830 decretum.
1627 2795 1688 2829 quia
1706 2794 1824 2830 legitima

1041 2837 1093 2856 non
1110 2827 1170 2855 iuit.
1189 2826 1411 2857 VideBaroniutn
1428 2830 1479 2856 87‘.)
1491 2834 1517 2855 et
1532 2829 1593 2855 880.
