1960 3063
141 100 194 132 907

770 101 967 134 MANUELIS
982 101 1134 132 CALECRE

1711 101 1763 132 208

141 164 194 192 est,
214 159 265 186 hoc
289 166 303 186 a
332 158 494 194 quibusdam
520 162 611 193 postea
640 159 724 194 gestis
748 159 924 193 synodalibus
940 161 961 188 Α
977 157 1060 192 pisse,
1090 158 1124 185 de
1147 156 1245 192 quibus
1273 155 1343 184 nulla
1373 160 1444 184 esset
1468 156 1539 184 facta
1568 156 1681 184 mentio.
1712 157 1767 184 Aut

145 205 312 241 appositum,
328 205 392 233 hinc
417 205 562 233 ostendere
584 205 746 239 nitentibus,
772 205 927 240 hujusmodi

140 250 312 278 additionem
330 250 412 278 fuisse
427 251 608 285 prohibitam;
624 251 675 279 hoc
693 254 783 279 autem
797 251 928 279 rationem

144 303 197 323 non
213 297 324 328 habere,
340 296 509 331 perspicuum
525 301 578 325 est.

179 341 301 370 Primum
320 342 437 377 quidem,
454 344 583 377 quoniam
605 343 631 371 in
647 344 729 379 gestis
742 343 826 379 hujus
845 350 929 379 syno-

145 388 185 420 di,
201 389 454 416 commentariolum
473 388 528 424 (64)
547 389 684 424 quoddam
697 394 750 422 est,
763 397 855 418 eorum
871 396 930 424 quae

146 434 173 461 in
189 441 223 462 eo
238 433 353 461 concilio
372 439 451 462 erant
473 434 641 463 discutienda
656 436 857 471 expositionem
883 443 931 471 per

145 479 268 506 ordinem
285 479 441 511 continens,
459 480 529 514 quod
549 480 630 516 legati
654 481 757 517 synodo
783 473 930 516 proposue-

142 529 229 552 sunt:
243 526 465 552 commentarium
479 525 532 553 sibi
549 533 563 552 a
576 533 682 554 summo
698 526 825 561 pontiﬁce
839 527 930 553 datum

147 574 311 602 asserentes,
329 575 357 597 ut
377 571 565 598 meminissent
581 579 642 606 quae
664 572 690 599 in
714 580 745 599 ea
763 573 867 607 synodo
888 572 931 600 Vel

143 616 276 648 dicenda,
292 616 335 644 vel
362 616 487 644 facienda
511 622 612 645 essent.
636 617 728 652 Neque
754 619 826 646 enim
848 619 874 646 in
898 627 932 647 eo

148 662 296 695 quidquam
320 662 353 689 de
376 661 514 689 additione
533 663 603 698 (65),
619 663 660 690 vel
676 663 710 691 de
728 664 856 698 Symbolo
871 672 933 692 om-

149 707 213 734 nino
235 707 365 745 scriptum
387 712 442 734 est.
466 707 500 734 Et
527 713 600 736 certe
628 709 655 736 id
681 709 706 735 in
726 710 813 744 prima
842 711 932 738 statim

148 751 238 779 fronte
258 753 409 786 ponendum
436 753 496 785 fuit,
526 753 583 781 sive
611 761 626 780 a
656 753 778 782 Romano
807 756 934 791 pontiﬁce

150 797 204 823 illis
217 799 249 824 de
264 797 315 824 hoc
327 796 421 825 fuisset
433 798 579 833 quidquam
597 799 769 834 imperatum,
783 800 840 828 sive
850 801 931 828 etiam

982 204 1053 230 enim
1076 203 1261 238 principaliter
1283 209 1315 230 ea
1337 209 1381 230 res
1395 202 1499 237 agenda
1516 202 1578 236 fuit,
1594 207 1640 230 aut
1656 211 1709 231 non
1729 204 1766 230 ita

981 253 1179 283 praetereunter
1195 253 1222 276 et
1242 247 1443 282 intempestive,
1458 253 1484 275 et
1498 253 1598 283 prater
1617 249 1704 276 locum
1719 249 1769 276 de-

981 294 1067 322 bitum
1084 295 1199 329 agenda.
1216 294 1273 322 Etsi
1287 294 1358 322 enim
1371 301 1387 321 a
1399 295 1502 328 synodo
1516 295 1617 321 dictum
1630 295 1767 322 conceda-

983 347 1053 372 mus,
1063 339 1131 366 nihil
1144 343 1233 366 tamen
1247 339 1280 366 de
1295 338 1447 372 huiusmodi
1463 338 1612 373 quaestione
1626 339 1768 372 declarat;

983 392 1071 419 neque
1091 385 1133 412 his
1151 385 1322 417 adversatur,
1338 391 1399 419 qua:
1421 384 1493 412 dicta
1515 389 1590 414 sunt.
1608 385 1660 412 Aut
1685 386 1769 418 enim,

984 435 1014 458 ut
1030 431 1131 457 dictum
1148 434 1200 462 est,
1218 429 1279 457 ﬁdei
1293 430 1406 457 alterius
1423 429 1600 463 adiectionem
1619 430 1770 463 interdicit,

983 481 1119 510 rectaeque
1134 475 1319 508 abolitionem,
1337 476 1396 503 sive
1416 475 1495 507 alias,
1516 483 1568 503 non
1592 483 1621 503 se
1646 475 1770 504 Ecclesia

985 521 1037 548 hac
1059 525 1190 556 potestate
1211 521 1310 555 privat.
1327 521 1487 556 Quanquam
1506 521 1598 548 dicere
1613 528 1771 554 possumus,

985 568 1036 594 hac
1059 566 1204 600 sententia,
1222 567 1244 593 :1
1269 567 1374 594 concilii
1390 567 1434 598 sit,
1464 574 1516 601 qua
1541 567 1706 594 declaratum
1723 568 1770 600 sit,

986 613 1053 640 nihil
1075 619 1200 648 oportere
1227 613 1347 643 auferri,
1375 614 1400 640 id
1426 618 1590 648 prteccptum
1620 614 1713 647 fuisse,
1738 621 1773 641 ne

985 658 1139 686 auferretur
1165 658 1380 687 Occidentalium
1407 659 1522 693 additio,
1549 667 1630 695 quam
1657 667 1771 688 accusa-

986 705 1060 731 bant.

1022 749 1051 776 Si
1069 749 1160 784 igitur,
1182 753 1210 776 ut
1228 756 1309 784 supra
1326 749 1493 777 declaratum
1509 754 1560 782 est,
1579 754 1607 777 et
1622 754 1685 778 ante
1699 749 1771 777 Pho-

987 795 1053 822 tiutn
1080 795 1171 822 multis
1194 801 1256 822 ante
1279 796 1458 830 temporibus,
1483 795 1639 831 Symbolum
1659 797 1693 823 ab
1717 796 1771 823 illis

150 843 270 878 synodus
283 843 340 876 illa,
352 851 432 878 quam
450 844 712 879 quadringentorum
729 846 815 874 ferme
828 835 971 881 episc0-3
985 849 1046 869 cum
1058 841 1195 869 additione
1215 841 1363 876 legebatur,
1384 842 1495 876 ipseque
1511 842 1625 876 primus,
1640 849 1701 869 cum
1716 842 1772 869 voti

150 897 246 924 parum
268 889 397 924 implebat
420 897 558 924 numerus,
574 890 757 926 blasphemam
774 892 845 919 hanc
858 893 936 920 addi-

151 937 252 964 tionem
272 938 397 971 putabat,
413 946 461 965 cur
477 946 528 966 non
548 939 733 974 principaliter
750 940 783 968 de
798 940 841 968 illa
855 941 935 968 verba

151 983 235 1010 fecit?
259 983 296 1010 Ita
318 983 390 1010 enirn
409 983 434 1010 in
456 984 673 1018 praecedentibus
695 985 805 1021 synodis
832 986 864 1013 de
885 985 937 1013 ﬁde

150 1029 238 1063 primo
262 1027 319 1056 loco
334 1035 442 1063 semper
457 1029 598 1064 agelatnr.
616 1029 671 1058 Cur
686 1035 775 1058 autem
799 1031 826 1058 in
852 1031 936 1058 Deum

153 1073 404 1108 blasphemantibus
422 1074 632 1107 conveniebant,
663 1075 782 1110 ipsisque
810 1077 844 1103 de
873 1083 937 1104 con-

151 1120 245 1146 cordia
260 1120 293 1147 ad
311 1120 426 1147 invicem
444 1121 543 1148 tuenda
569 1122 802 1156 obtemperabant,
819 1123 861 1150 vel
878 1131 938 1150 om-

153 1166 218 1192 nino
241 1166 292 1192 sub
317 1165 424 1194 silentio
451 1174 480 1194 se
507 1167 703 1195 continebant?
727 1167 840 1200 Quando
872 1176 938 1196 vero

150 1209 221 1236 nihil
245 1210 347 1238 dixisse
371 1212 593 1246 comprobantur,
623 1212 666 1239 cui
688 1220 742 1239 non
767 1213 937 1248 perspicumn

151 1255 198 1288 sit,
215 1263 305 1283 veram
330 1263 377 1283 eos
399 1257 471 1284 illam
488 1257 652 1285 additionem
674 1258 867 1286 existimasse?
887 1258 940 1287 Ne-

152 1309 205 1336 que
225 1302 297 1329 cnim
313 1302 366 1330 dici
390 1307 488 1337 potest,
512 1303 571 1330 illos
593 1303 730 1337 ignorasse
749 1303 861 1331 Latinos
877 1311 938 1332 cum

153 1348 290 1375 additione
315 1347 472 1383 Symbolum
501 1349 600 1382 legere,
617 1356 679 1375 cum
705 1349 731 1376 id
748 1347 847 1376 Oriens
868 1354 939 1378 totus

151 1391 206 1426 jam
221 1397 284 1420 tunc
296 1393 391 1421 saltem
409 1401 423 1420 a
438 1393 507 1420 beati
527 1393 636 1421 Maximi
652 1394 821 1429 temporibus
835 1395 939 1423 didice-

150 1437 206 1464 t'il?
618 1448 626 1464 ι

185 1483 307 1516 Deinde,
338 1488 368 1511 ut
393 1484 588 1516 concedamus,
619 1484 742 1512 Photium
773 1485 973 1533 additionemc

155 1537 208 1556 non
227 1529 371 1557 admisisse
386 1537 393 1556 :
408 1530 566 1557 rationabile
587 1535 660 1558 certe
678 1539 732 1558 non
745 1536 813 1564 erat,
828 1537 937 1566 postca-

156 1583 236 1610 quam
261 1583 275 1602 a
295 1577 417 1603 llomano
434 1576 561 1610 pontifice
585 1576 740 1610 patriarcha
758 1577 936 1606 conﬁrmatus

155 1621 253 1654 fuerat,
268 1622 378 1648 verbum
393 1622 426 1649 de
450 1621 587 1648 additione
604 1629 713 1649 movere.
731 1630 738 1648 :
756 1630 799 1655 ne,
818 1623 863 1650 vix
880 1628 939 1651 tau-

154 1667 216 1694 dem
235 1668 288 1694 voti
314 1675 423 1703 compos
439 1668 563 1701 cﬁectns,
584 1675 632 1702 per
648 1668 721 1695 illum
745 1677 840 1696 rursus
855 1669 938 1697 abro~

155 1719 247 1747 gntus,
273 1713 410 1740 amitteret
436 1713 536 1739 omnia.
557 1712 629 1740 Satis
654 1719 744 1740 autcni
765 1718 824 1740 erat
840 1715 938 1750 legatis

156 1764 238 1792 atque
253 1758 301 1792 ipsi
321 1758 347 1784 in
369 1757 464 1791 primis
479 1757 601 1784 Romano
621 1758 754 1792 pontifici,
767 1759 938 1794 subiectione

157 1805 209 1832 sibi
239 1804 354 1836 reddita,
371 1804 404 1831 de
429 1804 536 1831 cmteris
556 1804 615 1831 illos
641 1809 714 1831 recte
739 1805 841 1832 sentire
866 1806 940 1833 arbi-

157 1850 234 1877 trari.
256 1850 349 1885 Itaque
371 1849 437 1876 nihil
461 1849 531 1876 ultra
559 1849 740 1885 inquirenles,
761 1851 866 1885 reliqua
883 1852 940 1880 suis

158 1896 224 1923 locis
238 1903 347 1922 manere
362 1895 552 1930 permiSerunt.

193 1942 227 1969 Et
252 1942 317 1969 illud
338 1946 428 1969 autem
449 1941 549 1968 indicat
570 1940 704 1975 adjectum
727 1949 741 1968 a
766 1941 940 1976 quibusdam,

159 1988 231 2023 quod
259 1989 395 2020 diximus,
421 1988 492 2022 quod
520 1992 581 2023 post
605 1980 719 2022 plurima
745 1988 941 2023 imperatorum

160 2035 244 2067 anni,
275 2034 544 2069 subscriptionesque
579 2033 769 2068 episcoporum
803 2035 940 2061 adnotatas

161 2081 224 2112 sint,
238 2084 265 2107 et
276 2080 362 2115 gloria
380 2080 482 2107 reddita
495 2079 529 2106 sit
543 2077 609 2112 Deo,
622 2087 670 2113 pro
685 2079 815 2106 Ecclesia:
830 2079 940 2107 unione.

161 2126 225 2159 Quae
237 2126 326 2152 omnia
340 2126 365 2152 in
380 2125 432 2152 ﬁne
444 2131 582 2159 gestorum
594 2124 761 2160 synodalium
775 2125 942 2153 scribuntur.

987 894 1040 914 non
1058 888 1202 922 potiretur,
1216 887 1380 915 additionem
1400 888 1576 916 discessionis
1593 889 1693 922 reperit
1705 897 1768 915 catt-

987 941 1056 965 sam,
1073 938 1101 960 ut
1122 933 1221 967 passim
1241 933 1292 960 sibi
1314 933 1408 961 liceret
1423 935 1493 961 votis
1509 934 1611 969 perfrui
1636 944 1643 962 :
1662 942 1773 970 compos

987 984 1077 1006 autetn
1096 979 1136 1006 sui
1152 979 1288 1006 desiderio
1307 978 1431 1012 effectus,
1446 980 1548 1007 nullum
1560 980 1628 1007 ultra
1648 988 1679 1008 ca
1696 982 1729 1008 de
1745 988 1774 1008 re

988 1027 1102 1052 verbutn
1119 1024 1212 1056 movit,
1225 1025 1479 1060 subjectionemque
1491 1026 1610 1053 debitam
1623 1033 1672 1060 per
1681 1027 1772 1053 omnia

988 1078 1094 1099 summo
1108 1071 1227 1106 pontifici
1247 1071 1364 1098 reddidit
1381 1071 1451 1107 (67),
1466 1079 1553 1099 nonne
1565 1071 1650 1106 liquet
1665 1079 1699 1099 ex
1712 1080 1772 1099 om-

989 1118 1078 1149 nibus,
1100 1125 1152 1145 non
1169 1118 1345 1150 additionem,
1361 1118 1406 1145 sed
1421 1118 1574 1153 superbiam
1599 1118 1699 1153 potius,
1713 1124 1741 1146 et
1758 1126 1772 1145 a

990 1163 1098 1190 nemine
1122 1163 1192 1190 velle
1212 1163 1340 1198 judicari,
1359 1163 1514 1191 schismatis
1539 1163 1624 1192 fuisse
1645 1163 1774 1191 causam?

990 1209 1063 1237 Obiit
1074 1214 1163 1236 autem
1180 1208 1304 1241 Photins.
1315 1217 1376 1237 cum
1389 1215 1461 1237 esset
1477 1209 1659 1247 Ecciesiarum
1672 1210 1773 1242 unitas,

990 1262 1049 1289 qua
1067 1260 1128 1289 post
1150 1255 1225 1282 illutn
1244 1263 1292 1289 per
1315 1255 1407 1282 decem
1427 1258 1454 1282 et
1476 1260 1581 1290 septem
1603 1255 1774 1290 patriarchas

989 1300 1108 1328 duravit.

1026 1347 1064 1374 Ex
1081 1355 1134 1382 quo
1148 1354 1213 1374 sane
1221 1352 1339 1379 constat,
1353 1347 1515 1375 celebratam
1527 1347 1577 1375 sub
1587 1347 1682 1375 Pbotio
1692 1354 1776 1384 syno-

990 1394 1052 1422 dum
1080 1394 1200 1430 Symboli
1227 1394 1391 1422 additionem
1419 1402 1510 1421 veram
1540 1399 1568 1421 et
1588 1394 1775 1422 rationabilem

991 1440 1176 1473 existimasse,
1206 1440 1348 1475 ipsumque
1382 1440 1456 1467 illum
1487 1439 1617 1473 Romana:
1649 1439 1777 1468 Ecclesia:

989 1485 1208 1512 communionem
1222 1485 1344 1519 rlegisse,
1358 1485 1448 1520 priore
1460 1485 1563 1521 abiecta
1579 1487 1775 1519 controversia,

989 1539 1051 1567 qua:
1066 1531 1103 1558 illi
1122 1536 1153 1558 ut
1171 1531 1271 1559 homini
1290 1532 1458 1566 obrepserat.

1027 1578 1138 1611 Deinde,
1156 1583 1185 1605 ut
1205 1578 1242 1605 ait
1264 1578 1410 1613 praedictus
1424 1579 1569 1606 historicus
1583 1579 1681 1615 Scylex
1696 1579 1774 1616 [Scy-

992 1624 1058 1660 lax],
1078 1624 1190 1652 Michael
1210 1625 1364 1659 patriarcha
1382 1630 1561 1660 cognomento
1582 1625 1695 1653 Cerulus
1712 1625 1776 1661 [Ce-

993 1670 1149 1706 rularius],
1180 1670 1241 1697 aliis
1273 1678 1380 1697 rursum
1414 1671 1617 1705 emergentibus
1648 1671 1774 1704 casibus,

993 1715 1088 1750 quales
1119 1715 1275 1742 hominibus
1304 1722 1374 1750 smpc
1401 1716 1612 1749 superveniunt.
1641 1716 1775 1750 simulque

994 1761 1132 1788 invidente
1156 1761 1231 1795 pacis
1256 1761 1422 1794 adversario,
1440 1760 1593 1789 Romanum
1621 1762 1774 1796 pontiﬁcem

993 1810 1104 1841 propter
1133 1813 1226 1841 azyma
1263 1806 1398 1841 diptychis
1427 1806 1525 1840 dejecit
1555 1807 1622 1842 (68).
1652 1807 1774 1834 Habebat

993 1855 1083 1878 autem
1100 1850 1219 1878 fautores
1240 1851 1369 1888 patricios
1391 1851 1468 1883 duos,
1483 1857 1508 1878 et
1526 1851 1652 1879 Ecclesiae
1668 1859 1776 1888 corrup-

996 1897 1090 1923 tiorem
1113 1901 1139 1923 et
1163 1886 1361 1923 seditiosiorem
1385 1901 1486 1931 partem
1512 1905 1519 1921 :
1546 1898 1672 1930 additque
1696 1886 1775 1924 aliam

995 1942 1045 1969 viri
1060 1941 1250 1975 diderentiam,
1267 1942 1302 1969 ob
1317 1949 1397 1977 quam
1419 1943 1515 1970 merito
1529 1943 1653 1970 videntur
1665 1944 1777 1978 elegisse

996 1989 1109 2016 seorsim
1137 1989 1238 2016 vivere.
1271 1988 1440 2024 Quanquam,
1469 1989 1491 2016 si
1523 1989 1667 2018 additionis
1697 1998 1776 2018 causa

997 2034 1149 2061 Romanum
1186 2034 1339 2069 episcopum
1368 2034 1501 2069 diptychis
1527 2034 1626 2069 ejecit,
1652 2042 1699 2062 cur
1723 2043 1776 2062 non

996 2080 1077 2107 etiam
1103 2080 1194 2114 prius?
1222 2079 1251 2106 Si
1273 2083 1361 2106 autem
1390 2083 1500 2113 propter
1515 2087 1621 2114 azyma,
1647 2081 1681 2108 ab
1699 2080 1777 2107 initio

997 2126 1117 2153 Romana
1138 2125 1257 2152 Ecclesia
1278 2125 1320 2152 his
1335 2125 1488 2152 sacriﬁcare
1510 2126 1659 2154 consuevit.
1677 2125 1775 2153 Verum

162 2173 239 2205 Quod
256 2176 345 2199 autem
363 2172 396 2199 de
412 2179 463 2198 non
482 2171 633 2206 adjiciendo
647 2173 689 2199 vel
703 2171 851 2199 auferendo
869 2172 942 2207 adjc-
958 2173 979 2202 D
995 2172 1076 2200 etiam
1093 2172 1114 2199 si
1139 2171 1201 2206 quis
1215 2170 1372 2205 diligentius
1392 2170 1520 2204 inquirat,
1533 2171 1613 2197 aliam
1627 2171 1775 2206 deprehen-

162 2224 235 2245 ctum
260 2222 303 2245 est
318 2218 432 2245 seorsim
449 2217 565 2251 positum
583 2216 651 2251 (66),
674 2220 701 2243 et
717 2216 752 2243 ab
773 2217 834 2244 aliis
852 2222 946 2252 aperte

165 2264 331 2299 disiunctum
346 2268 373 2290 et
386 2266 540 2297 separatum
555 2267 607 2289 est.
621 2261 678 2288 Non
696 2261 779 2297 igitur
795 2263 947 2298 suscipien-

162 2311 225 2336 dum
246 2313 287 2335 est
301 2312 362 2342 post
383 2314 476 2334 eorum
493 2314 553 2341 quae
571 2306 788 2339 inquirebantur,
805 2307 945 2335 enodatio-

162 2362 237 2386 nem.
257 2359 316 2388 post
331 2353 496 2386 compositas
512 2360 566 2385 res,
579 2356 641 2386 post
653 2351 732 2379 ﬁnem
749 2353 864 2387 denique
879 2361 944 2381 con-

163 2401 229 2432 cilii,
252 2404 312 2434 post
335 2399 380 2425 illa
398 2406 457 2432 qua:
473 2398 498 2424 in
515 2397 567 2424 line
583 2397 747 2433 synodorum
764 2399 861 2434 apponi
876 2406 944 2427 con-

163 2450 323 2477 sueverunt,
347 2452 455 2471 rursum
479 2443 538 2471 illos
556 2449 650 2478 putare
673 2444 707 2471 de
729 2444 770 2471 his
795 2453 874 2480 agere
890 2454 945 2474 cm-

189 2504 254 2539 .(65)
272 2503 502 2532 Commentarium
517 2511 564 2531 seu
582 2503 819 2539 commonitorium
833 2505 884 2532 hoc
897 2505 945 2532 ha-

161 2537 210 2569 bes
224 2540 293 2572 apud
309 2539 523 2570 BaroniumS'lQ,
533 2538 668 2571 n.i7,sed
679 2537 805 2565 falsatum
815 2547 828 2565 a
838 2540 945 2568 Pbotio.

197 2575 254 2609 (65)
268 2574 373 2608 Aliquid
383 2579 473 2609 actum
487 2574 582 2601 essein
616 2574 665 2600 hac
687 2573 891 2609 pseudosynodo
915 2577 947 2603 de

163 2608 210 2637 illa
221 2609 359 2636 additione
370 2608 500 2643 Filioque,
513 2609 621 2635 tradunt
638 2608 943 2643 recentiorcs'seliisma-

164 2645 208 2672 tici
226 2644 324 2676 Graeci,
338 2642 470 2679 quietiam
482 2644 650 2679 mentiuntur
670 2642 816 2679 goanJ’ﬂl
847 2644 943 2677 pontif.

151 2677 390 2711 «consensisse,'ut
409 2679 472 2705 illud
486 2677 604 2713 Filioque
616 2685 650 2705 ex
665 2677 792 2712 Sytnbolo
806 2686 943 2713 expunge-

163 2720 248 2740 retur.
266 2715 374 2749 Aliquid
389 2719 463 2741 certe
476 2715 507 2740 de
520 2715 569 2740 hac
584 2714 720 2749 additione
735 2713 817 2740 fuisse
842 2718 942 2747 aettnn,

165 2750 241 2776 testis
255 2755 297 2777 est
318 2747 401 2777 ‘scxta
412 2749 498 2775 sessio
528 2748 600 2775 illius
628 2747 702 2774 falsa:
729 2748 835 2782 synodi.
864 2749 942 2782 cujus

160 2790 298 2810 suuintant
315 2783 561 2814 reritatBaronius,
578 2791 648 2809 anno
669 2783 768 2809 Christi
794 2782 856 2809 879.
886 2784 940 2810 i‘sisi

160 2819 254 2848 dicere
266 2820 387 2853 relhnus,
404 2820 473 2853 quod
488 2819 595 2853 quidam
608 2817 677 2845 haud
689 2824 788 2845 temere
801 2818 942 2854 suspican-

995 2219 1040 2246 det
1063 2225 1122 2246 esse
1146 2217 1326 2251 separationis
1355 2223 1477 2243 causam.
1497 2215 1555 2243 Jam
1581 2217 1653 2244 enim
1677 2217 1776 2244 dudutn

994 2262 1142 2291 assuefacti
1166 2262 1260 2297 jugum
1283 2261 1445 2289 obedientim
1460 2266 1601 2293 excutere,
1622 2261 1709 2289 locum
1725 2262 1774 2289 sibi

995 2309 1168 2343 dignitatum,
1201 2311 1228 2335 et
1262 2308 1430 2335 excellentia:
1461 2307 1599 2334 nominum
1633 2307 1667 2334 ab
1699 2307 1777 2334 initio

995 2355 1151 2383 schismatis
1169 2345 1196 2380 lii
1212 2353 1257 2388 qui
1278 2357 1425 2388 prmerant,
1443 2356 1619 2387 aperuerunt,
1636 2352 1776 2380 honestate

994 2402 1134 2428 nominmn
1156 2400 1336 2428 sacerdotium
1359 2407 1436 2426 suum
1456 2406 1555 2426 ornare
1570 2399 1775 2426 contendentes.

999 2446 1076 2475 Alius
1093 2446 1165 2472 enim
1188 2444 1360 2471 uniuersalem
1384 2443 1564 2477 patriam/mm
1587 2443 1704 2478 seipsutn
1733 2450 1778 2477 ap-

997 2510 1051 2538 tur,
1065 2509 1148 2532 totam
1165 2503 1236 2530 hanc
1251 2501 1382 2538 synodum
1397 2501 1479 2528 fuisse
1495 2501 1581 2538 Photii
1594 2505 1774 2538 commentum

996 2535 1135 2574 nunquam
1152 2538 1244 2574 nisiAin
1260 2535 1375 2564 cerebro
1391 2538 1462 2574 ‘cjus
1489 2536 1666 2563 celebratam.
1692 2535 1777 2563 Aliter

997 2571 1084 2602 tamen
1098 2574 1180 2600 sentit
1197 2572 1305 2602 Calcca.
1323 2576 1351 2598 ut
1371 2571 1458 2598 vides.

1031 2609 1086 2645 (66)
1100 2608 1156 2634 Non
1168 2612 1209 2634 est
1233 2607 1266 2645 de
1295 2605 1552 2645 ltis_laborandtttn.
1576 2604 1704 2645 _Syuodus
1721 2605 1776 2632 hrcc

996 2640 1045 2671 fuit
1061 2640 1294 2677 p'seudosynodus.
1308 2640 1416 2677 Calecar
1432 2640 1559 2677 nonsatis
1575 2640 1642 2677 bene
1674 2640 1775 2677 instrn-

995 2675 1299 2711 ctus'pseudosynodum
1309 2683 1358 2709 pro
1368 2676 1486 2711 legitima
1501 2675 1606 2708 habuit,
1619 2675 1689 2709 quod
1706 2675 1775 2701 mul-

994 2715 1028 2741 tis
1047 2713 1106 2740 ahis
1121 2713 1221 2738 evenit.
1696 2722 1699 2724 .

1029 2748 1084 2782 (67)
1102 2746 1218 2780 Vulpino
1230 2753 1315 2773 more.

1028 2779 1084 2816 (68)
1103 2779 1271 2817 lloc’rl‘acnnu
1288 2786 1328 2809 est
1342 2786 1462 2817 tempore
1476 2779 1627 2813 Lconile,
1645 2779 1715 2808 circa
1728 2786 1775 2805 an-

993 2826 1055 2846 nutn
1067 2816 1166 2845 Christi
1185 2816 1262 2843 1033.
