1960 3063
181 156 235 188 909

731 160 931 191 ADVERSUS
950 160 1107 191 GRAECOS
1126 162 1200 192 LIB.
1223 163 1275 194 iV.

1733 166 1737 171 ”
1752 167 1814 201 210

183 213 304 248 pellavit,
325 213 396 247 quod
413 217 477 242 ante
497 213 655 244 schismatis
669 219 791 251 tempora
807 221 968 245 consuetum
986 218 1004 244 A
1020 224 1123 249 sumus,
1153 218 1316 254 virtutisque
1343 219 1413 246 viam
1436 220 1469 247 ad
1495 221 1582 248 Deum
1611 223 1806 256 perduccutcm

183 267 235 286 nou
246 264 304 287 erat
314 259 381 294 (69).
389 259 465 288 Alius
473 267 502 288 se
513 261 599 295 ipsum
609 262 806 299 orbisjudicem
816 264 967 291 constituit.

183 306 262 333 Alius
280 307 375 333 tertius
397 307 516 335 decimus
540 310 675 343 apostolus
694 311 786 338 vocari
801 311 969 346 concupivit.

184 353 217 379 Et
241 356 317 380 certe
343 353 464 389 antiquis
487 355 639 384 suﬂiciebat
662 357 806 393 episcopos
837 365 867 386 se
897 359 970 393 ipsos

182 398 354 426 solummodo
381 406 478 426 vocare
496 408 504 427 :
519 408 586 435 quos
609 402 636 429 hi
659 405 753 435 etlam,
770 403 815 438 qui
832 404 883 431 sub
903 404 970 438 ipsis

183 449 274 483 erant,
291 445 438 476 imitantes,
453 453 506 473 non
530 448 709 481 perstiterunt
725 449 752 476 in
778 449 885 476 traditis
900 450 973 476 auti~

181 491 273 526 quitus
297 491 330 518 ab
357 491 477 519 Ecclesia
502 493 670 528 nominibus,
693 495 892 530 quamdamque
917 495 970 523 sibi

181 537 327 571 superbam
343 537 504 573 dignitatem
529 539 628 574 singuli
643 541 832 576 excogitantes
850 541 971 569 subscri-

181 583 321 617 ptionibus
343 583 445 611 addunt
473 593 480 612 :
504 585 568 612 dum
590 585 635 613 alii
659 594 688 613 se
706 594 876 621 prasessores
900 587 968 622 (70),

181 628 226 656 alii
255 629 345 660 duces.
369 634 542 665 pra-captares
565 631 622 664 alii,
646 632 692 660 alii
716 633 859 668 primarios
885 634 970 661 ascri-

183 675 250 702 bunt
275 675 344 710 (71),
360 675 552 704 documentum
576 677 698 712 profecto
722 679 847 713 ingenita
869 679 919 707 sibi
938 687 970 707 ac

183 720 294 755 penitus
309 721 396 749 insitae
407 722 539 749 vanitatis
552 729 607 757 prae
622 730 651 751 se
665 723 785 751 ferentes
802 733 810 752 :
829 732 877 759 per
890 733 969 760 quam

182 777 235 797 non
262 769 351 797 solum
377 770 506 798 Romana:
528 771 586 798 sedi
613 771 744 799 honorem
772 772 892 800 debitum
916 781 969 801 non

184 816 308 847 reddere.
326 817 374 844 sed
400 817 452 851 ipsi
471 824 580 852 quoque
606 825 636 845 se
659 817 787 852 praeferre
814 819 982 853 cupiebant,

181 868 349 896 prorsusquc
373 862 499 890 omnibus
521 870 648 898 prmesse.
676 863 710 891 Ut
726 863 798 891 enim
824 864 876 892 sibi
903 864 968 900 ipsis

180 907 363 942 indulgentes.
383 908 503 943 reliquos
521 908 577 943 jam
591 909 667 937 licito
687 910 829 944 increpare
845 911 969 938 videreu-

185 959 229 981 Iur
239 975 247 987 ,
259 961 313 981 non
328 953 509 989 adiectionem
524 955 623 993 solam,
642 955 688 983 sed
702 955 771 984 alias
785 964 895 992 quoque
908 957 970 992 plu-

182 1001 266 1027 rimas
281 1008 378 1028 causas
391 1001 563 1028 invenerunt.

217 1045 297 1078 Nam,
323 1053 386 1073 cum
402 1046 485 1074 semel
504 1047 634 1076 adversus
649 1047 796 1076 Occidulm
817 1048 968 1078 Ecclesiam

179 1092 214 1119 de
227 1092 346 1126 primatu
365 1091 531 1119 contendere
545 1092 716 1125 statuissent,
735 1092 846 1127 ipsaque
858 1098 971 1121 conten-

179 1138 219 1164 tio
244 1136 345 1165 sensim
370 1136 397 1163 in
417 1137 536 1171 ipsorum
561 1137 705 1164 animabus
724 1137 816 1165 odium
834 1138 968 1173 gigneret,

178 1184 294 1218 suisque
307 1183 457 1218 gratiﬁcari
474 1183 604 1214 volentes.
623 1186 652 1210 ut
668 1183 714 1218 qui
740 1188 851 1219 possent
865 1184 970 1219 gratiﬁ-

179 1230 308 1258 cantibus
321 1229 510 1263 regratiticari,
525 1230 603 1264 proni
623 1235 650 1257 et
669 1229 764 1258 faciles
778 1231 811 1257 ad
826 1230 969 1259 maledicta

178 1281 210 1304 et
225 1276 342 1304 crimina
357 1275 486 1308 fuerunt;
511 1279 538 1302 et
560 1275 605 1302 ille
629 1275 750 1310 sapiens,
772 1276 816 1303 ille
838 1276 969 1310 optimus,

178 1323 228 1351 ille
252 1322 360 1350 cunctis
375 1326 504 1356 prtcstare
521 1321 674 1354 videbatur,
700 1321 747 1356 qui
772 1326 867 1349 contra
890 1321 970 1349 Occi-

179 1370 264 1396 duam
287 1367 437 1396 Ecclesiam
455 1371 547 1402 posset
569 1366 669 1402 aliquid
694 1367 873 1394 convitiorum
896 1367 972 1401 jacu-

178 1414 232 1442 .ari
247 1413 317 1449 (72).
332 1412 401 1440 Cum
423 1413 497 1440 enim
522 1412 612 1440 nullus
632 1417 714 1445 esset,
738 1414 784 1448 qui
807 1413 969 1448 corriperet,

177 1460 253 1487 alius
272 1459 381 1493 quidem
404 1458 504 1490 selum,
520 1458 568 1486 sed
586 1465 640 1486 non
654 1459 805 1486 secundum
825 1459 970 1486 scientiam

179 1504 303 1537 habens;
332 1503 402 1531 alius
428 1510 491 1531 vero
521 1504 733 1538 praesumptione
761 1504 969 1532 consuetudinis

1021 259 1127 298 edocti;
1155 274 1185 293 ac
1214 274 1262 301 per
1288 267 1453 295 voluntatem
1477 269 1522 296 Dei
1548 269 1659 303 bonam.
1684 276 1711 298 et
1736 272 1807 300 bene

1021 311 1183 344 placentem,
1197 312 1298 340 inimici
1317 321 1376 340 cum
1389 321 1510 341 essemus
1526 314 1623 348 Patris,
1640 318 1806 344 reconciliati

1020 357 1045 382 ei
1059 364 1169 390 sumus;
1187 359 1238 386 hoc
1257 358 1387 392 denique,
1403 360 1428 386 id
1446 361 1516 394 quod
1539 361 1673 395 sequitur,
1694 362 1808 398 intelligi

1021 402 1077 428 vult
1093 411 1098 428 :
1111 401 1162 429 Per
1172 411 1211 429 me
1219 404 1309 438 siquis
1326 405 1467 438 introierit,
1478 406 1626 432 salvabitur
1634 412 1657 433 et
1673 407 1807 442 ingredie-

1020 451 1071 475 tur,
1089 452 1112 473 et
1126 448 1283 481 egredietur,
1298 453 1322 475 et
1335 457 1433 483 pascua
1448 451 1558 477 inveniet
1571 451 1604 483 ἰ,
1624 452 1669 478 Dei
1684 458 1809 479 contem-

1019 490 1177 525 plationem,
1202 493 1388 527 cmlorumque
1418 502 1541 529 regnum,
1567 495 1600 522 ad
1629 497 1700 530 quod
1728 497 1807 525 aliter

1020 535 1123 570 ingredi
1142 545 1194 564 non
1206 545 1351 572 possumus
1363 540 1418 567 nisi
1427 547 1474 574 per
1484 540 1659 576 Evangelium
1671 547 1698 569 et
1706 541 1808 571 Christi

1021 581 1161 616 mysteria.

1055 626 1227 663 Metropolita
1248 637 1312 658 vero
1331 630 1516 659 Metltonensis
1532 632 1588 667 (7t)
1614 640 1730 668 arguens
1747 642 1755 661 :
1778 633 1807 661 Si

1020 671 1150 707 Spiritus,
1167 675 1263 708 inquit,
1280 680 1388 703 sanctus
1408 680 1478 703 esset
1495 685 1528 703 ex
1548 676 1632 709 Filio,
1657 686 1710 705 non
1730 687 1810 713 super

1019 726 1078 746 eum
1101 720 1263 752 baptizatum
1281 730 1296 748 ιι
1322 722 1386 749 cus/0
1400 723 1490 758 lapsus
1515 729 1580 750 esset
1598 731 1607 750 :
1636 725 1764 759 ignorans
1781 729 1809 752 et.

1020 763 1087 797 ipse,
1121 766 1192 800 quod
1227 775 1342 803 magnus
1374 769 1414 796 ait
1443 769 1624 803 Athanasius,
1659 771 1728 805 quia.
1756 771 1809 805 ipse

1019 810 1104 844 ipsum
1128 811 1248 848 desuper,
1276 819 1304 840 ut
1331 814 1419 848 Deus,
1447 816 1528 842 mittit
1556 823 1565 844 :
1595 820 1620 843 at
1645 816 1699 850 ipse
1723 816 1810 848 ipsum

1020 857 1092 893 infra
1122 863 1152 885 ut
1174 859 1262 886 homo.
1280 859 1319 887 Ex
1344 860 1403 895 ipso
1421 860 1504 896 igitur
1528 861 1555 889 in
1582 862 1670 897 ipsum
1696 863 1811 890 descen-

1021 904 1084 932 dit:
1105 911 1136 932 es
1154 904 1260 933 Deitate
1277 906 1337 939 ejus
1364 907 1468 935 scilicet
1497 908 1525 935 iu
1550 909 1637 944 ipsius
1654 909 1811 936 humanita-

1020 951 1087 977 tem.

1055 997 1108 1024 Alii
1127 1005 1200 1031 vero,
1215 999 1261 1033 qui
1285 999 1443 1028 subtiliores
1458 1008 1519 1029 esse
1534 1001 1688 1034 voluerunt,
1709 1003 1808 1031 aiunt:

1020 1043 1146 1076 Spiritum
1173 1050 1296 1072 sanctum
1325 1054 1376 1073 non
1406 1047 1433 1073 in
1464 1047 1592 1075 columba
1620 1049 1704 1080 specie
1730 1057 1810 1084 super

1019 1087 1111 1116 Iesum
1126 1089 1289 1125 baptizatum
1305 1091 1482 1124 descendisse,
1499 1092 1546 1119 sed
1569 1093 1655 1126 ipsum
1680 1094 1746 1121 illud
1764 1103 1810 1121 vo-

1020 1135 1102 1168 latile,
1124 1136 1254 1164 columba:
1274 1137 1386 1172 speciem
1400 1139 1484 1166 visam
1503 1139 1670 1168 sensibilibus
1684 1141 1767 1168 oculis
1783 1143 1811 1168 in

1020 1182 1104 1215 specie
1118 1182 1246 1213 sensibili,
1260 1183 1330 1217 quod
1343 1183 1379 1210 ad
1394 1183 1584 1211 insinuandam
1601 1185 1814 1220 dispensationis

1020 1227 1153 1254 veritatem
1172 1228 1300 1254 indicium
1325 1229 1411 1255 sancti
1438 1228 1554 1264 Spiritus
1578 1230 1650 1264 fuit;
1679 1231 1809 1266 Spiritum

1020 1278 1142 1301 Sanctum
1159 1281 1210 1301 nou
1229 1274 1315 1308 ipsius
1333 1274 1450 1309 Spiritus
1467 1275 1681 1309 signiticalivum
1698 1285 1810 1304 asseve-

1022 1323 1093 1346 rant.
1105 1318 1172 1351 Quia
1187 1319 1260 1346 enim
1276 1319 1395 1347 sensibili
1415 1321 1504 1355 specie
1520 1322 1678 1356 apparuerit
1693 1322 1810 1357 Spiritus

1023 1369 1136 1392 sanctus
1161 1369 1188 1393 et
1215 1364 1428 1400 Chrysostomus
1450 1373 1532 1401 super
1546 1365 1677 1395 Joannem
1699 1371 1810 1396 attesta-

1020 1415 1074 1437 tur.

1059 1456 1136 1483 Alius
1153 1463 1218 1483 vero
1242 1456 1397 1491 patriarcha
1415 1465 1423 1484 :
1446 1456 1524 1484 Nihil
1541 1458 1581 1486 ait
1597 1467 1653 1486 esse
1677 1460 1810 1492 mirabile,

1020 1502 1043 1528 si
1060 1503 1131 1536 apud
1151 1510 1242 1530 sacras
1256 1502 1381 1536 Litteras,
1403 1504 1573 1540 doctoresque
1597 1514 1688 1534 sacros
1705 1507 1811 1534 dicatur

178 1551 329 1582 inductus;
355 1549 425 1576 alius
441 1549 573 1584 magister
595 1548 629 1576 ab
643 1549 704 1576 aliis
732 1550 821 1577 vocari
843 1550 967 1584 cupiens,
981 1555 1002 1585 ρ
1022 1547 1108 1575 Filius
1127 1547 1222 1576 habere
1238 1544 1514 1584 Spiritum-sanctum,
1535 1552 1598 1584 quia
1621 1552 1689 1579 hunc
1716 1558 1741 1580 et
1759 1554 1808 1580 Dei

178 1601 211 1624 ct
226 1596 360 1630 superbiae
375 1595 442 1622 vitio
457 1597 593 1628 caecatos;
621 1594 700 1626 alius,
718 1599 748 1622 ut
767 1596 810 1622 vel
827 1596 969 1629 praesentis

178 1641 322 1677 dignitatis
346 1642 456 1675 praemia
482 1644 691 1676 compensaret,
723 1641 765 1668 vel
791 1649 887 1668 novam
916 1642 969 1670 sibi

178 1691 336 1723 quaereret;
354 1687 435 1718 alius,
450 1694 542 1714 vcram
559 1686 669 1721 quidem
681 1687 835 1721 Opinionem
854 1688 968 1722 habens,

177 1734 230 1762 sed
256 1733 368 1767 tempori
396 1732 550 1767 indulgens,
580 1737 730 1768 contraque
761 1740 793 1760 ac
821 1733 968 1767 sentiebat,

178 1778 335 1814 proferens,
349 1786 409 1805 cum
425 1777 493 1804 alios
512 1777 565 1805 sibi
590 1781 648 1805 tuto
664 1779 755 1805 vivere
773 1779 885 1806 minime
901 1779 969 1807 lice-

179 1829 233 1857 ret,
251 1831 282 1851 ac
306 1830 340 1850 ne
367 1822 491 1858 plurimis
519 1823 620 1857 probro
637 1827 727 1856 esset,
753 1827 780 1850 et
795 1824 968 1852 contumeliis

179 1875 266 1905 atque
291 1869 400 1904 injuriis
418 1869 579 1901 adiceretur,
606 1869 740 1904 bonisque
763 1870 820 1897 suis
838 1870 890 1897 frui
916 1879 967 1899 non

181 1916 334 1952 permissus
358 1920 435 1943 extra
466 1915 634 1950 Synagogam
663 1915 750 1948 ﬂeret,
779 1923 828 1950 per
856 1916 967 1945 multam

180 1963 321 1990 licentiam
346 1969 378 1990 ac
396 1962 566 1994 facilitatem,
582 1961 678 1996 singuli
703 1962 910 1997 irrationabilia,
927 1964 969 1993 vel

180 2009 274 2043 iniqua
293 2012 320 2035 et
337 2008 470 2041 scribunt,
484 2011 512 2034 et
529 2007 631 2034 dicunt.

217 2055 306 2088 Atque
320 2053 438 2081 Nicenus
450 2053 560 2088 quidem
574 2053 729 2080 Eustratius
742 2053 798 2089 (75)
811 2062 858 2087 per
871 2054 968 2082 Filium

181 2100 331 2135 procedere
358 2099 431 2134 quod
460 2099 559 2126 dicitur
585 2106 748 2134 exponens:
779 2099 854 2127 Sicut
880 2101 969 2135 prodit

180 2147 259 2173 homo
273 2154 321 2179 per
328 2145 452 2180 januam,
463 2145 541 2177 dixit,
553 2143 752 2179 Dominumque
766 2146 860 2173 citavit
873 2151 968 2174 testem

181 2193 317 2220 dicentem
335 2200 342 2219 :
359 2190 416 2225 Ego
433 2199 491 2217 sunt
516 2191 602 2226 janua
620 2198 630 2218 :
656 2190 786 2226 ignorans
808 2191 869 2226 quia
884 2192 967 2227 janua

181 2237 330 2264 secundum
356 2237 503 2268 hominem,
520 2235 650 2263 Dominus
665 2236 746 2263 etiam
759 2236 906 2264 secundum
920 2244 969 2264 nos

181 2283 271 2310 dictus
287 2287 330 2310 est
347 2290 354 2309 :
375 2281 450 2309 Unus
478 2283 548 2309 enim
564 2283 694 2309 mediator
715 2282 763 2310 Dei
783 2287 807 2310 et
834 2283 968 2310 hominum

182 2334 231 2362 est,
246 2332 276 2355 ut
295 2329 333 2355 ait
355 2327 500 2362 Apostolus
519 2327 557 2360 ";
583 2331 611 2354 et
627 2336 634 2354 :
654 2327 705 2354 Per
721 2328 808 2362 ipsum
834 2335 969 2354 accessum

183 2375 309 2401 habemus
321 2375 363 2407 “;
378 2374 440 2407 quia
463 2381 512 2408 per
527 2373 612 2408 ipsius
625 2373 795 2400 divinitatem
819 2378 846 2401 et
869 2373 970 2401 huma-

184 2421 308 2453 nitatem.
328 2427 382 2448 uno
400 2420 453 2447 Deo
465 2419 568 2454 agnito,
584 2426 677 2447 errore
701 2419 835 2447 idolorum
860 2419 969 2447 liberati

221 2535 242 2552 ι’
260 2535 271 2562 1
287 2534 402 2567 Tim.u,
416 2534 444 2562 5.
481 2535 504 2551 ²⁰
520 2534 622 2570 Ephes.
637 2542 668 2569 ιι,
683 2535 727 2572 t8.
766 2536 789 2552 ¹¹
810 2535 891 2565 Joan.
919 2544 948 2570 ι,
966 2535 994 2563 9.

223 2629 416 2667 (69iimojam
432 2634 552 2664 tempore
576 2630 699 2665 Gregorii
715 2630 803 2666 Magni
819 2633 891 2659 hunc
906 2631 970 2667 titu-

187 2666 240 2693 lum
258 2666 307 2692 sibi
317 2672 445 2699 arrogare
455 2670 607 2700 coeperunt.
863 2666 868 2672 ‘

222 2701 281 2738 (⁵11))⁸
303 2700 631 2738 Httnc_titulut_n_usurpat
648 2700 840 2730 schismaticus
854 2702 970 2738 patriar-

188 2735 235 2763 cha
253 2735 449 2762 Alexandrinus
465 2735 600 2762 Meletius.

223 2770 278 2807 (71)
300 2771 503 2807 DeAvanilalein
522 2770 608 2807 titulis
624 2772 806 2807 recentiorum
827 2772 970 2807 episcopo-

190 2813 246 2831 rum
258 2805 379 2834 Grazciaa.
397 2805 505 2832 Consule
517 2805 709 2839 Curopalalam
736 2807 774 2835 De
787 2805 883 2835 oﬂiciis
904 2805 971 2834 aula:

190 2840 336 2877 tlpolitanaa
349 2841 382 2866 ad
398 2839 476 2877 cuius
487 2840 590 2877 calcem
606 2841 737 2877 integrum
750 2843 902 2877 catalogum
931 2843 986 2871 in-‘

192 2875 294 2908 venies,
307 2881 361 2910 quo
375 2875 487 2910 quisque
498 2875 574 2903 titulo
589 2875 745 2905 adiciendus
758 2878 804 2905 sit.

1022 1592 1142 1621 Genitrix
1161 1593 1264 1627 habuit,
1289 1599 1314 1622 et
1337 1599 1490 1622 sanctorum
1514 1596 1614 1632 singuli
1634 1606 1643 1625 :
1667 1598 1724 1626 vult
1748 1600 1810 1631 iste,

1021 1641 1251 1675 quemadmodum
1280 1641 1367 1669 sancti
1395 1642 1561 1677 habuerunt,
1587 1644 1624 1671 ita
1648 1650 1675 1673 et
1704 1644 1806 1673 Filium

1021 1686 1070 1713 Dei
1105 1686 1222 1714 habere-
1243 1687 1376 1722 Spiritum
1411 1693 1548 1716 sanctum.
1586 1689 1623 1717 [ta
1659 1691 1809 1719 secundant

1020 1731 1258 1767 participationem
1284 1732 1359 1760 illum
1390 1733 1491 1762 habere
1516 1733 1647 1770 Spiritum
1678 1735 1809 1772 blasphe—

1021 1783 1090 1804 mat.
1139 1812 1143 1815 _

1057 1823 1084 1850 ln
1107 1823 1336 1859 disputationibus
1348 1832 1414 1853 vero
1432 1829 1458 1853 et
1483 1826 1533 1854 hoc
1548 1827 1669 1855 nonnulli
1683 1828 1810 1864 blasphe—

1021 1875 1127 1899 mantes
1144 1871 1253 1899 dicunt:
1274 1872 1344 1906 Quia
1361 1872 1523 1907 impossibile
1536 1878 1587 1904 est.
1608 1881 1641 1901 ex
1661 1874 1729 1902 Filio
1754 1884 1810 1903 esse

1020 1916 1149 1951 Spiritum
1162 1920 1295 1949 sanctum,
1308 1924 1360 1952 quo
1380 1915 1469 1944 Filius
1496 1917 1628 1950 posterior
1654 1923 1704 1947 est.
1743 1919 1809 1947 Erat

1019 1963 1100 1993 enim,
1118 1962 1223 1997 quando
1238 1970 1289 1989 non
1300 1966 1357 1989 erat
1387 1970 1420 1989 ea:
1447 1962 1526 1990 beata
1560 1963 1666 1999 Virgine
1693 1966 1808 2000 genitus.

1020 2008 1073 2034 Aut
1087 2008 1160 2034 enim
1175 2012 1203 2034 ut
1216 2012 1308 2042 aperte
1323 2007 1479 2041 conjicitur,
1498 2012 1627 2036 aeternam
1653 2009 1716 2037 Fllii
1743 2011 1810 2038 nati-

1019 2053 1130 2081 vitatem
1140 2059 1248 2088 negant,
1266 2051 1441 2087 temporalem
1455 2053 1495 2080 illi
1505 2054 1589 2081 solam
1605 2055 1785 2083 attribucntes
1801 2065 1808 2083 :

1020 2104 1068 2126 aut
1087 2103 1254 2133 assumptam
1284 2098 1464 2126 conditionem
1483 2100 1658 2127 humanitatis
1674 2100 1702 2128 in
1719 2100 1809 2128 Dcita-

1020 2150 1073 2172 tem
1090 2144 1249 2173 translatam
1263 2145 1451 2173 arbitrantur:
1473 2149 1521 2172 aut
1532 2153 1578 2173 eos
1592 2142 1643 2180 qui
1677 2154 1710 2174 et
1740 2145 1812 2174 Filio

1021 2190 1151 2225 Spiritum
1166 2195 1287 2218 sanctum
1319 2191 1465 2225 procedere
1492 2191 1665 2225 conﬁtentur,
1700 2197 1809 2227 putant,

1022 2244 1055 2264 ex
1071 2236 1174 2264 Christi
1193 2236 1360 2264 humanitate
1379 2236 1534 2271 procedere,
1548 2244 1681 2267 asserere.

1058 2281 1173 2315 Quidam
1188 2289 1261 2314 vero,
1275 2282 1322 2317 qui
1343 2289 1458 2316 magnus
1479 2281 1506 2309 in
1533 2283 1676 2316 sapientiae
1701 2283 1810 2311 nomine

1023 2328 1131 2356 habitus
1146 2332 1198 2360 est,
1212 2335 1255 2361 ue,
1272 2329 1295 2356 si
1310 2329 1448 2363 apestolus
1466 2329 1575 2364 quidem
1591 2329 1684 2357 Petrus
1697 2330 1808 2361 diceret,

1023 2374 1105 2401 etiam
1120 2381 1153 2401 ex
1171 2373 1240 2401 Filio
1264 2381 1325 2401 esse
1341 2374 1472 2409 Spiritum
1486 2380 1621 2408 sanctum,
1651 2382 1680 2403 se
1693 2376 1812 2403 creditu-

1024 2427 1082 2447 rum
1107 2420 1285 2449 asseveravit.

1060 2630 1117 2666 (72)
1128 2629 1218 2657 "abes
1228 2628 1271 2657 hic
1287 2635 1379 2656 veram
1396 2628 1541 2664 imaginem
1553 2635 1649 2657 eorum
1675 2629 1720 2664 qui
1736 2636 1812 2656 nune

1023 2665 1174 2694 Ecclesiatn
1188 2668 1358 2699 oppugnant.

1059 2701 1114 2736 (75)
1130 2698 1429 2736 Eustratiuslfiicmnus
1451 2698 1636 2736 metropolita,
1649 2698 1728 2736 cujus
1749 2706 1808 2736 ges?-

1024 2734 1294 2763 statttcommentarii
1309 2734 1334 2761 in
1351 2741 1370 2762 ll
1384 2734 1480 2762 hbrum
1490 2735 1673 2769 posteriorum
1687 2734 1810 2768 Annlyti-

1023 2779 1116 2799 eorum
1133 2769 1295 2796 Aristotelis.

1060 2806 1117 2841 (74)
1136 2805 1260 2831 Nicolaus
1272 2804 1498 2841 Mathonensisrin
1525 2804 1703 2841 Peloponfsn,
1728 2803 1808 2841 cujus

1022 2839 1182 2876 argumenta
1193 2845 1287 2876 contra
1304 2839 1415 2876 Latinos
1429 2840 1508 2867 solvit
1531 2840 1607 2876 liugo
1631 2839 1808 2868 (Etheriunus

1026 2874 1116 2905 in‘suo
1137 2882 1220 2911 opere
1237 2875 1368 2903 adversus
1386 2874 1504 2902 Graecos.
