  <div class='ocr_page' id='page_1' title='image "/cluster/home/n/w/nwhite01/storage/ocr_20150623/152/njp.32101077773206/109.png"; bbox 0 0 1960 3063; ppageno 0'>
   <div class='ocr_carea' id='block_1_1' title="bbox 151 147 199 180">
    <p class='ocr_par' dir='ltr' id='par_1_1' title="bbox 151 147 199 180">
     <span class='ocr_line' id='line_1_1' title="bbox 151 147 199 180; baseline -0.083 0"><span class='ocrx_word' id='word_1_1' title='bbox 151 147 199 180; x_wconf 70' lang='lat' dir='ltr'><strong>2H</strong></span> 
     </span>
    </p>
   </div>
   <div class='ocr_carea' id='block_1_2' title="bbox 784 147 1151 179">
    <p class='ocr_par' dir='ltr' id='par_1_2' title="bbox 784 147 1151 179">
     <span class='ocr_line' id='line_1_2' title="bbox 784 147 1151 179; baseline 0.008 -3"><span class='ocrx_word' id='word_1_2' title='bbox 784 147 982 177; x_wconf 72' lang='lat' dir='ltr'><strong>MANUELIS</strong></span> <span class='ocrx_word' id='word_1_3' title='bbox 998 147 1151 179; x_wconf 67' lang='grc' dir='ltr'><strong>(ῚΑΙιΕΟιΕ</strong></span> 
     </span>
    </p>
   </div>
   <div class='ocr_carea' id='block_1_3' title="bbox 1722 150 1773 182">
    <p class='ocr_par' dir='ltr' id='par_1_3' title="bbox 1722 150 1773 182">
     <span class='ocr_line' id='line_1_3' title="bbox 1722 150 1773 182; baseline -0.039 0"><span class='ocrx_word' id='word_1_4' title='bbox 1722 150 1773 182; x_wconf 71' lang='grc' dir='ltr'><strong>ΞΞΞ</strong></span> 
     </span>
    </p>
   </div>
   <div class='ocr_carea' id='block_1_4' title="bbox 187 203 1775 244">
    <p class='ocr_par' dir='ltr' id='par_1_4' title="bbox 187 203 1775 244">
     <span class='ocr_line' id='line_1_4' title="bbox 187 203 1775 244; baseline 0.003 -14"><span class='ocrx_word' id='word_1_5' title='bbox 187 204 274 237; x_wconf 80' lang='lat' dir='ltr'><strong>Alius,</strong></span> <span class='ocrx_word' id='word_1_6' title='bbox 291 203 480 231; x_wconf 85' lang='lat' dir='ltr'><strong>Occidentales</strong></span> <span class='ocrx_word' id='word_1_7' title='bbox 495 203 625 240; x_wconf 62' lang='lat' dir='ltr'><strong>culparis,</strong></span> <span class='ocrx_word' id='word_1_8' title='bbox 636 205 698 239; x_wconf 81' lang='lat' dir='ltr'><strong>quia</strong></span> <span class='ocrx_word' id='word_1_9' title='bbox 715 213 747 232; x_wconf 77' lang='lat' dir='ltr'><strong>ex</strong></span> <span class='ocrx_word' id='word_1_10' title='bbox 776 205 844 232; x_wconf 81' lang='lat' dir='ltr'><strong>Filio</strong></span> <span class='ocrx_word' id='word_1_11' title='bbox 872 205 935 240; x_wconf 88' lang='lat' dir='ltr'><strong>Spi-</strong></span> <span class='ocrx_word' id='word_1_12' title='bbox 951 209 972 237; x_wconf 79' lang='grc' dir='ltr'>Α</span> <span class='ocrx_word' id='word_1_13' title='bbox 988 208 1053 235; x_wconf 79' lang='lat' dir='ltr'><strong>fides</strong></span> <span class='ocrx_word' id='word_1_14' title='bbox 1068 208 1234 243; x_wconf 81' lang='lat' dir='ltr'><strong>reprobanda</strong></span> <span class='ocrx_word' id='word_1_15' title='bbox 1246 213 1300 241; x_wconf 83' lang='lat' dir='ltr'><strong>est,</strong></span> <span class='ocrx_word' id='word_1_16' title='bbox 1328 213 1356 236; x_wconf 90' lang='lat' dir='ltr'><strong>et</strong></span> <span class='ocrx_word' id='word_1_17' title='bbox 1371 208 1436 236; x_wconf 80' lang='lat' dir='ltr'><strong>falsa</strong></span> <span class='ocrx_word' id='word_1_18' title='bbox 1455 209 1634 236; x_wconf 78' lang='lat' dir='ltr'><strong>existimanda</strong></span> <span class='ocrx_word' id='word_1_19' title='bbox 1650 217 1658 236; x_wconf 87' lang='lat'><strong>:</strong></span> <span class='ocrx_word' id='word_1_20' title='bbox 1674 210 1775 244; x_wconf 84' lang='lat' dir='ltr'><strong>alioqui</strong></span> 
     </span>
    </p>
   </div>
   <div class='ocr_carea' id='block_1_5' title="bbox 151 251 936 286">
    <p class='ocr_par' dir='ltr' id='par_1_5' title="bbox 151 251 936 286">
     <span class='ocr_line' id='line_1_5' title="bbox 151 251 936 286; baseline 0 -8"><span class='ocrx_word' id='word_1_21' title='bbox 151 252 233 278; x_wconf 85' lang='lat' dir='ltr'><strong>ritum</strong></span> <span class='ocrx_word' id='word_1_22' title='bbox 273 254 398 278; x_wconf 88' lang='lat' dir='ltr'><strong>sanctum</strong></span> <span class='ocrx_word' id='word_1_23' title='bbox 428 251 574 285; x_wconf 75' lang='lat' dir='ltr'><strong>procedere</strong></span> <span class='ocrx_word' id='word_1_24' title='bbox 605 251 740 278; x_wconf 68' lang='lat' dir='ltr'><strong>fatentur:</strong></span> <span class='ocrx_word' id='word_1_25' title='bbox 780 251 936 286; x_wconf 68' lang='lat' dir='ltr'><strong>Augustini;</strong></span> 
     </span>
    </p>
   </div>
   <div class='ocr_carea' id='block_1_6' title="bbox 153 296 938 333">
    <p class='ocr_par' dir='ltr' id='par_1_6' title="bbox 153 296 938 333">
     <span class='ocr_line' id='line_1_6' title="bbox 153 296 938 333; baseline 0.004 -9"><span class='ocrx_word' id='word_1_26' title='bbox 153 297 309 332; x_wconf 71' lang='lat' dir='ltr'><strong>quibusdam</strong></span> <span class='ocrx_word' id='word_1_27' title='bbox 337 296 497 331; x_wconf 74' lang='lat' dir='ltr'><strong>infelicibus,</strong></span> <span class='ocrx_word' id='word_1_28' title='bbox 520 297 689 330; x_wconf 72' lang='lat' dir='ltr'><strong>profanisque</strong></span> <span class='ocrx_word' id='word_1_29' title='bbox 711 297 895 333; x_wconf 74' lang='lat' dir='ltr'><strong>lliemnymis,</strong></span> <span class='ocrx_word' id='word_1_30' title='bbox 906 307 938 326; x_wconf 82' lang='lat' dir='ltr'><strong>ac</strong></span> 
     </span>
    </p>
   </div>
   <div class='ocr_carea' id='block_1_7' title="bbox 151 343 937 379">
    <p class='ocr_par' dir='ltr' id='par_1_7' title="bbox 151 343 937 379">
     <span class='ocr_line' id='line_1_7' title="bbox 151 343 937 379; baseline 0.001 -8"><span class='ocrx_word' id='word_1_31' title='bbox 151 344 291 371; x_wconf 75' lang='lat' dir='ltr'><strong>tenebrosis</strong></span> <span class='ocrx_word' id='word_1_32' title='bbox 306 343 451 370; x_wconf 78' lang='lat' dir='ltr'><strong>Ambrosii:</strong></span> <span class='ocrx_word' id='word_1_33' title='bbox 464 343 634 379; x_wconf 83' lang='lat' dir='ltr'><strong>nitiait(75).</strong></span> <span class='ocrx_word' id='word_1_34' title='bbox 648 343 754 379; x_wconf 67' lang='lat' dir='ltr'><strong>Ignorat</strong></span> <span class='ocrx_word' id='word_1_35' title='bbox 769 344 862 377; x_wconf 83' lang='lat' dir='ltr'><strong>miser,</strong></span> <span class='ocrx_word' id='word_1_36' title='bbox 874 345 937 372; x_wconf 92' lang='lat' dir='ltr'><strong>dum</strong></span> 
     </span>
    </p>
   </div>
   <div class='ocr_carea' id='block_1_8' title="bbox 153 389 938 425">
    <p class='ocr_par' dir='ltr' id='par_1_8' title="bbox 153 389 938 425">
     <span class='ocr_line' id='line_1_8' title="bbox 153 389 938 425; baseline 0.001 -7"><span class='ocrx_word' id='word_1_37' title='bbox 153 391 202 418; x_wconf 83' lang='lat' dir='ltr'><strong>ista</strong></span> <span class='ocrx_word' id='word_1_38' title='bbox 223 389 354 425; x_wconf 73' lang='lat' dir='ltr'><strong>loquitur,</strong></span> <span class='ocrx_word' id='word_1_39' title='bbox 369 393 477 417; x_wconf 86' lang='lat' dir='ltr'><strong>nostros</strong></span> <span class='ocrx_word' id='word_1_40' title='bbox 508 396 615 424; x_wconf 86' lang='lat' dir='ltr'><strong>quoque</strong></span> <span class='ocrx_word' id='word_1_41' title='bbox 639 389 784 418; x_wconf 79' lang='lat' dir='ltr'><strong>Orientalis</strong></span> <span class='ocrx_word' id='word_1_42' title='bbox 811 390 938 419; x_wconf 74' lang='lat' dir='ltr'><strong>Ecclesiae</strong></span> 
     </span>
    </p>
   </div>
   <div class='ocr_carea' id='block_1_9' title="bbox 154 434 770 470">
    <p class='ocr_par' dir='ltr' id='par_1_9' title="bbox 154 434 770 470">
     <span class='ocr_line' id='line_1_9' title="bbox 154 434 770 470; baseline 0 -8"><span class='ocrx_word' id='word_1_43' title='bbox 154 435 296 470; x_wconf 80' lang='lat' dir='ltr'><strong>magistros</strong></span> <span class='ocrx_word' id='word_1_44' title='bbox 310 434 412 462; x_wconf 84' lang='lat' dir='ltr'><strong>eisdem</strong></span> <span class='ocrx_word' id='word_1_45' title='bbox 427 442 457 463; x_wconf 85' lang='lat' dir='ltr'><strong>se</strong></span> <span class='ocrx_word' id='word_1_46' title='bbox 468 434 627 462; x_wconf 85' lang='lat' dir='ltr'><strong>criminibus</strong></span> <span class='ocrx_word' id='word_1_47' title='bbox 644 435 770 462; x_wconf 86' lang='lat' dir='ltr'><strong>subdere.</strong></span> 
     </span>
    </p>
   </div>
   <div class='ocr_carea' id='block_1_10' title="bbox 185 493 938 529">
    <p class='ocr_par' dir='ltr' id='par_1_10' title="bbox 185 493 938 529">
     <span class='ocr_line' id='line_1_10' title="bbox 185 493 938 529; baseline 0.003 -9"><span class='ocrx_word' id='word_1_48' title='bbox 185 493 238 527; x_wconf 85' lang='lat' dir='ltr'><strong>Qui</strong></span> <span class='ocrx_word' id='word_1_49' title='bbox 255 500 319 522; x_wconf 84' lang='lat' dir='ltr'><strong>vero</strong></span> <span class='ocrx_word' id='word_1_50' title='bbox 333 493 454 529; x_wconf 88' lang='lat' dir='ltr'><strong>juniores</strong></span> <span class='ocrx_word' id='word_1_51' title='bbox 468 498 542 527; x_wconf 86' lang='lat' dir='ltr'><strong>sunt,</strong></span> <span class='ocrx_word' id='word_1_52' title='bbox 559 493 639 520; x_wconf 88' lang='lat' dir='ltr'><strong>etiam</strong></span> <span class='ocrx_word' id='word_1_53' title='bbox 655 501 688 521; x_wconf 78' lang='lat' dir='ltr'><strong>ex</strong></span> <span class='ocrx_word' id='word_1_54' title='bbox 701 494 813 521; x_wconf 89' lang='lat' dir='ltr'><strong>mortuis</strong></span> <span class='ocrx_word' id='word_1_55' title='bbox 828 494 853 521; x_wconf 92' lang='lat' dir='ltr'><strong>id</strong></span> <span class='ocrx_word' id='word_1_56' title='bbox 865 502 938 522; x_wconf 88' lang='lat' dir='ltr'><strong>asse-</strong></span> 
     </span>
    </p>
   </div>
   <div class='ocr_carea' id='block_1_11' title="bbox 153 539 938 573">
    <p class='ocr_par' dir='ltr' id='par_1_11' title="bbox 153 539 938 573">
     <span class='ocr_line' id='line_1_11' title="bbox 153 539 938 573; baseline -0.003 -7"><span class='ocrx_word' id='word_1_57' title='bbox 153 547 216 566; x_wconf 83' lang='lat' dir='ltr'><strong>rere</strong></span> <span class='ocrx_word' id='word_1_58' title='bbox 229 543 373 567; x_wconf 82' lang='lat' dir='ltr'><strong>conantur.</strong></span> <span class='ocrx_word' id='word_1_59' title='bbox 383 539 422 566; x_wconf 83' lang='lat' dir='ltr'><strong>Ac</strong></span> <span class='ocrx_word' id='word_1_60' title='bbox 435 543 533 572; x_wconf 63' lang='lat' dir='ltr'><strong>printer</strong></span> <span class='ocrx_word' id='word_1_61' title='bbox 543 539 725 570; x_wconf 80' lang='lat' dir='ltr'><strong>mendacium,</strong></span> <span class='ocrx_word' id='word_1_62' title='bbox 735 545 789 571; x_wconf 86' lang='lat' dir='ltr'><strong>quo</strong></span> <span class='ocrx_word' id='word_1_63' title='bbox 801 544 938 573; x_wconf 78' lang='lat' dir='ltr'><strong>asserunt,</strong></span> 
     </span>
    </p>
   </div>
   <div class='ocr_carea' id='block_1_12' title="bbox 155 584 938 620">
    <p class='ocr_par' dir='ltr' id='par_1_12' title="bbox 155 584 938 620">
     <span class='ocr_line' id='line_1_12' title="bbox 155 584 938 620; baseline -0.003 -8"><span class='ocrx_word' id='word_1_64' title='bbox 155 585 328 620; x_wconf 80' lang='lat' dir='ltr'><strong>Lugdunense</strong></span> <span class='ocrx_word' id='word_1_65' title='bbox 361 584 500 612; x_wconf 77' lang='lat' dir='ltr'><strong>concilium</strong></span> <span class='ocrx_word' id='word_1_66' title='bbox 535 585 701 618; x_wconf 80' lang='lat' dir='ltr'><strong>iyramticum</strong></span> <span class='ocrx_word' id='word_1_67' title='bbox 735 585 825 618; x_wconf 70' lang='lat' dir='ltr'><strong>fuisse,</strong></span> <span class='ocrx_word' id='word_1_68' title='bbox 856 585 938 619; x_wconf 74' lang='lat' dir='ltr'><strong>ipsius</strong></span> 
     </span>
    </p>
   </div>
   <div class='ocr_carea' id='block_1_13' title="bbox 152 629 938 665">
    <p class='ocr_par' dir='ltr' id='par_1_13' title="bbox 152 629 938 665">
     <span class='ocr_line' id='line_1_13' title="bbox 152 629 938 665; baseline 0 -8"><span class='ocrx_word' id='word_1_69' title='bbox 152 638 264 665; x_wconf 83' lang='lat' dir='ltr'><strong>quoque,</strong></span> <span class='ocrx_word' id='word_1_70' title='bbox 284 631 329 665; x_wconf 84' lang='lat' dir='ltr'><strong>qui</strong></span> <span class='ocrx_word' id='word_1_71' title='bbox 351 630 419 656; x_wconf 85' lang='lat' dir='ltr'><strong>illud</strong></span> <span class='ocrx_word' id='word_1_72' title='bbox 430 630 565 664; x_wconf 80' lang='lat' dir='ltr'><strong>can/lavit,</strong></span> <span class='ocrx_word' id='word_1_73' title='bbox 582 630 648 664; x_wconf 80' lang='lat' dir='ltr'><strong>regis</strong></span> <span class='ocrx_word' id='word_1_74' title='bbox 665 629 720 664; x_wconf 87' lang='lat'><strong>(76)</strong></span> <span class='ocrx_word' id='word_1_75' title='bbox 736 630 858 663; x_wconf 75' lang='lat' dir='ltr'><strong>cadaver,</strong></span> <span class='ocrx_word' id='word_1_76' title='bbox 872 631 938 657; x_wconf 84' lang='lat' dir='ltr'><strong>inte-</strong></span> 
     </span>
    </p>
   </div>
   <div class='ocr_carea' id='block_1_14' title="bbox 153 675 939 711">
    <p class='ocr_par' dir='ltr' id='par_1_14' title="bbox 153 675 939 711">
     <span class='ocr_line' id='line_1_14' title="bbox 153 675 939 711; baseline 0 -8"><span class='ocrx_word' id='word_1_77' title='bbox 153 683 240 711; x_wconf 75' lang='lat' dir='ltr'><strong>grum,</strong></span> <span class='ocrx_word' id='word_1_78' title='bbox 256 681 285 703; x_wconf 79' lang='lat' dir='ltr'><strong>ut</strong></span> <span class='ocrx_word' id='word_1_79' title='bbox 307 677 393 708; x_wconf 87' lang='lat' dir='ltr'><strong>aiunt,</strong></span> <span class='ocrx_word' id='word_1_80' title='bbox 419 677 576 709; x_wconf 83' lang='lat' dir='ltr'><strong>pet-durans.</strong></span> <span class='ocrx_word' id='word_1_81' title='bbox 603 675 674 702; x_wconf 79' lang='lat' dir='ltr'><strong>illius</strong></span> <span class='ocrx_word' id='word_1_82' title='bbox 697 675 792 702; x_wconf 73' lang='lat' dir='ltr'><strong>animae</strong></span> <span class='ocrx_word' id='word_1_83' title='bbox 812 676 939 711; x_wconf 82' lang='lat' dir='ltr'><strong>iniquita-</strong></span> 
     </span>
    </p>
   </div>
   <div class='ocr_carea' id='block_1_15' title="bbox 154 721 938 757">
    <p class='ocr_par' dir='ltr' id='par_1_15' title="bbox 154 721 938 757">
     <span class='ocr_line' id='line_1_15' title="bbox 154 721 938 757; baseline -0.001 -8"><span class='ocrx_word' id='word_1_84' title='bbox 154 728 206 749; x_wconf 97' lang='lat' dir='ltr'><strong>tem</strong></span> <span class='ocrx_word' id='word_1_85' title='bbox 222 723 391 754; x_wconf 81' lang='lat' dir='ltr'><strong>annuntiare,</strong></span> <span class='ocrx_word' id='word_1_86' title='bbox 422 721 484 756; x_wconf 85' lang='lat' dir='ltr'><strong>quia</strong></span> <span class='ocrx_word' id='word_1_87' title='bbox 510 721 659 756; x_wconf 60' lang='lat' dir='ltr'><strong>huiusmodi</strong></span> <span class='ocrx_word' id='word_1_88' title='bbox 678 722 818 749; x_wconf 74' lang='lat' dir='ltr'><strong>concilium</strong></span> <span class='ocrx_word' id='word_1_89' title='bbox 844 722 938 757; x_wconf 84' lang='lat' dir='ltr'><strong>coegit,</strong></span> 
     </span>
    </p>
   </div>
   <div class='ocr_carea' id='block_1_16' title="bbox 155 766 938 802">
    <p class='ocr_par' dir='ltr' id='par_1_16' title="bbox 155 766 938 802">
     <span class='ocr_line' id='line_1_16' title="bbox 155 766 938 802; baseline -0.003 -7"><span class='ocrx_word' id='word_1_90' title='bbox 155 773 306 795; x_wconf 80' lang='lat' dir='ltr'><strong>autumant.</strong></span> <span class='ocrx_word' id='word_1_91' title='bbox 318 767 450 795; x_wconf 85' lang='lat' dir='ltr'><strong>Sensibus</strong></span> <span class='ocrx_word' id='word_1_92' title='bbox 469 766 568 802; x_wconf 86' lang='lat' dir='ltr'><strong>quippe</strong></span> <span class='ocrx_word' id='word_1_93' title='bbox 584 767 617 794; x_wconf 82' lang='lat' dir='ltr'><strong>de</strong></span> <span class='ocrx_word' id='word_1_94' title='bbox 631 767 682 794; x_wconf 82' lang='lat' dir='ltr'><strong>lide</strong></span> <span class='ocrx_word' id='word_1_95' title='bbox 701 767 834 802; x_wconf 75' lang='lat' dir='ltr'><strong>iudicant.</strong></span> <span class='ocrx_word' id='word_1_96' title='bbox 863 766 938 800; x_wconf 83' lang='lat' dir='ltr'><strong>Quod</strong></span> 
     </span>
    </p>
   </div>
   <div class='ocr_carea' id='block_1_17' title="bbox 157 813 938 847">
    <p class='ocr_par' dir='ltr' id='par_1_17' title="bbox 157 813 938 847">
     <span class='ocr_line' id='line_1_17' title="bbox 157 813 938 847; baseline 0.001 -8"><span class='ocrx_word' id='word_1_97' title='bbox 157 815 182 840; x_wconf 88' lang='lat' dir='ltr'><strong>in</strong></span> <span class='ocrx_word' id='word_1_98' title='bbox 199 813 306 841; x_wconf 50' lang='lat' dir='ltr'><strong>caeteris</strong></span> <span class='ocrx_word' id='word_1_99' title='bbox 323 813 474 841; x_wconf 85' lang='lat' dir='ltr'><strong>sanctitatis</strong></span> <span class='ocrx_word' id='word_1_100' title='bbox 489 813 596 847; x_wconf 80' lang='lat' dir='ltr'><strong>signum</strong></span> <span class='ocrx_word' id='word_1_101' title='bbox 625 813 802 846; x_wconf 82' lang='lat' dir='ltr'><strong>arbitrantur,</strong></span> <span class='ocrx_word' id='word_1_102' title='bbox 833 813 884 841; x_wconf 92' lang='lat' dir='ltr'><strong>hoc</strong></span> <span class='ocrx_word' id='word_1_103' title='bbox 912 814 938 840; x_wconf 90' lang='lat' dir='ltr'><strong>in</strong></span> 
     </span>
    </p>
   </div>
   <div class='ocr_carea' id='block_1_18' title="bbox 155 859 938 894">
    <p class='ocr_par' dir='ltr' id='par_1_18' title="bbox 155 859 938 894">
     <span class='ocr_line' id='line_1_18' title="bbox 155 859 938 894; baseline 0.001 -9"><span class='ocrx_word' id='word_1_104' title='bbox 155 860 254 894; x_wconf 86' lang='lat' dir='ltr'><strong>quibus</strong></span> <span class='ocrx_word' id='word_1_105' title='bbox 270 859 321 894; x_wconf 86' lang='lat' dir='ltr'><strong>ipsi</strong></span> <span class='ocrx_word' id='word_1_106' title='bbox 337 859 439 892; x_wconf 84' lang='lat' dir='ltr'><strong>volunt,</strong></span> <span class='ocrx_word' id='word_1_107' title='bbox 450 859 578 887; x_wconf 88' lang='lat' dir='ltr'><strong>indicium</strong></span> <span class='ocrx_word' id='word_1_108' title='bbox 602 859 781 888; x_wconf 83' lang='lat' dir='ltr'><strong>damnat&#39;onis</strong></span> <span class='ocrx_word' id='word_1_109' title='bbox 793 859 938 894; x_wconf 85' lang='lat' dir='ltr'><strong>accipiunt,</strong></span> 
     </span>
    </p>
   </div>
   <div class='ocr_carea' id='block_1_19' title="bbox 157 904 942 938">
    <p class='ocr_par' dir='ltr' id='par_1_19' title="bbox 157 904 942 938">
     <span class='ocr_line' id='line_1_19' title="bbox 157 904 942 938; baseline 0.001 -8"><span class='ocrx_word' id='word_1_110' title='bbox 157 904 235 937; x_wconf 73' lang='lat' dir='ltr'><strong>quasi</strong></span> <span class='ocrx_word' id='word_1_111' title='bbox 252 904 306 931; x_wconf 86' lang='lat' dir='ltr'><strong>Deo</strong></span> <span class='ocrx_word' id='word_1_112' title='bbox 321 911 369 938; x_wconf 92' lang='lat' dir='ltr'><strong>pro</strong></span> <span class='ocrx_word' id='word_1_113' title='bbox 383 904 490 931; x_wconf 91' lang='lat' dir='ltr'><strong>iliorttm</strong></span> <span class='ocrx_word' id='word_1_114' title='bbox 506 905 644 931; x_wconf 70' lang='lat' dir='ltr'><strong>voluntate</strong></span> <span class='ocrx_word' id='word_1_115' title='bbox 657 904 833 932; x_wconf 90' lang='lat' dir='ltr'><strong>decernente.</strong></span> <span class='ocrx_word' id='word_1_116' title='bbox 851 904 942 937; x_wconf 82' lang='lat' dir='ltr'><strong>Quan-</strong></span> 
     </span>
    </p>
   </div>
   <div class='ocr_carea' id='block_1_20' title="bbox 158 949 939 984">
    <p class='ocr_par' dir='ltr' id='par_1_20' title="bbox 158 949 939 984">
     <span class='ocr_line' id='line_1_20' title="bbox 158 949 939 984; baseline 0.001 -9"><span class='ocrx_word' id='word_1_117' title='bbox 158 957 238 984; x_wconf 82' lang='lat' dir='ltr'><strong>quam</strong></span> <span class='ocrx_word' id='word_1_118' title='bbox 267 950 290 977; x_wconf 90' lang='lat' dir='ltr'><strong>si</strong></span> <span class='ocrx_word' id='word_1_119' title='bbox 310 949 497 977; x_wconf 79' lang='lat' dir='ltr'><strong>defunctorum</strong></span> <span class='ocrx_word' id='word_1_120' title='bbox 528 951 658 977; x_wconf 81' lang='lat' dir='ltr'><strong>cadavera</strong></span> <span class='ocrx_word' id='word_1_121' title='bbox 677 950 787 977; x_wconf 88' lang='lat' dir='ltr'><strong>minime</strong></span> <span class='ocrx_word' id='word_1_122' title='bbox 818 950 939 983; x_wconf 81' lang='lat' dir='ltr'><strong>dissolvi,</strong></span> 
     </span>
    </p>
   </div>
   <div class='ocr_carea' id='block_1_21' title="bbox 159 995 940 1032">
    <p class='ocr_par' dir='ltr' id='par_1_21' title="bbox 159 995 940 1032">
     <span class='ocr_line' id='line_1_21' title="bbox 159 995 940 1032; baseline 0.004 -10"><span class='ocrx_word' id='word_1_123' title='bbox 159 995 287 1022; x_wconf 85' lang='lat' dir='ltr'><strong>indicium</strong></span> <span class='ocrx_word' id='word_1_124' title='bbox 315 995 470 1023; x_wconf 87' lang='lat' dir='ltr'><strong>sanctitatis</strong></span> <span class='ocrx_word' id='word_1_125' title='bbox 502 996 680 1028; x_wconf 85' lang='lat' dir='ltr'><strong>arbitrantur,</strong></span> <span class='ocrx_word' id='word_1_126' title='bbox 709 997 775 1032; x_wconf 90' lang='lat' dir='ltr'><strong>quid</strong></span> <span class='ocrx_word' id='word_1_127' title='bbox 802 997 836 1025; x_wconf 87' lang='lat' dir='ltr'><strong>de</strong></span> <span class='ocrx_word' id='word_1_128' title='bbox 866 996 940 1025; x_wconf 84' lang='lat' dir='ltr'><strong>Petri</strong></span> 
     </span>
    </p>
   </div>
   <div class='ocr_carea' id='block_1_22' title="bbox 159 1040 942 1081">
    <p class='ocr_par' dir='ltr' id='par_1_22' title="bbox 159 1040 942 1081">
     <span class='ocr_line' id='line_1_22' title="bbox 159 1040 942 1081; baseline 0.005 -13"><span class='ocrx_word' id='word_1_129' title='bbox 159 1040 288 1077; x_wconf 75' lang='lat' dir='ltr'><strong>Paulique</strong></span> <span class='ocrx_word' id='word_1_130' title='bbox 316 1043 478 1077; x_wconf 83' lang='lat' dir='ltr'><strong>corporibus</strong></span> <span class='ocrx_word' id='word_1_131' title='bbox 502 1043 600 1070; x_wconf 84' lang='lat' dir='ltr'><strong>dicturi</strong></span> <span class='ocrx_word' id='word_1_132' title='bbox 628 1048 700 1077; x_wconf 88' lang='lat' dir='ltr'><strong>sunt,</strong></span> <span class='ocrx_word' id='word_1_133' title='bbox 730 1050 942 1081; x_wconf 82' lang='lat' dir='ltr'><strong>sanctorumque</strong></span> 
     </span>
    </p>
   </div>
   <div class='ocr_carea' id='block_1_23' title="bbox 160 1088 943 1126">
    <p class='ocr_par' dir='ltr' id='par_1_23' title="bbox 160 1088 943 1126">
     <span class='ocr_line' id='line_1_23' title="bbox 160 1088 943 1126; baseline 0.005 -12"><span class='ocrx_word' id='word_1_134' title='bbox 160 1088 424 1124; x_wconf 71' lang='lat' dir='ltr'><strong>plurimorum,quae</strong></span> <span class='ocrx_word' id='word_1_135' title='bbox 438 1089 567 1117; x_wconf 82' lang='lat' dir='ltr'><strong>dissoluta</strong></span> <span class='ocrx_word' id='word_1_136' title='bbox 584 1090 610 1117; x_wconf 92' lang='lat' dir='ltr'><strong>in</strong></span> <span class='ocrx_word' id='word_1_137' title='bbox 633 1090 720 1118; x_wconf 81' lang='lat' dir='ltr'><strong>frusta</strong></span> <span class='ocrx_word' id='word_1_138' title='bbox 743 1096 772 1118; x_wconf 87' lang='lat' dir='ltr'><strong>et</strong></span> <span class='ocrx_word' id='word_1_139' title='bbox 801 1091 827 1118; x_wconf 92' lang='lat' dir='ltr'><strong>iu</strong></span> <span class='ocrx_word' id='word_1_140' title='bbox 854 1091 943 1126; x_wconf 82' lang='lat' dir='ltr'><strong>pulve-</strong></span> 
     </span>
    </p>
   </div>
   <div class='ocr_carea' id='block_1_24' title="bbox 160 1133 941 1173">
    <p class='ocr_par' dir='ltr' id='par_1_24' title="bbox 160 1133 941 1173">
     <span class='ocr_line' id='line_1_24' title="bbox 160 1133 941 1173; baseline 0.008 -13"><span class='ocrx_word' id='word_1_141' title='bbox 160 1142 214 1161; x_wconf 86' lang='lat' dir='ltr'><strong>iem</strong></span> <span class='ocrx_word' id='word_1_142' title='bbox 245 1135 328 1161; x_wconf 73' lang='lat' dir='ltr'><strong>sunt?</strong></span> <span class='ocrx_word' id='word_1_143' title='bbox 351 1133 379 1162; x_wconf 88' lang='lat' dir='ltr'><strong>Si</strong></span> <span class='ocrx_word' id='word_1_144' title='bbox 409 1133 500 1162; x_wconf 85' lang='lat' dir='ltr'><strong>autem</strong></span> <span class='ocrx_word' id='word_1_145' title='bbox 530 1135 662 1164; x_wconf 86' lang='lat' dir='ltr'><strong>dissoluta</strong></span> <span class='ocrx_word' id='word_1_146' title='bbox 691 1137 806 1172; x_wconf 87' lang='lat' dir='ltr'><strong>plurima</strong></span> <span class='ocrx_word' id='word_1_147' title='bbox 827 1145 941 1173; x_wconf 88' lang='lat' dir='ltr'><strong>corpora</strong></span> 
     </span>
    </p>
   </div>
   <div class='ocr_carea' id='block_1_25' title="bbox 158 1179 940 1218">
    <p class='ocr_par' dir='ltr' id='par_1_25' title="bbox 158 1179 940 1218">
     <span class='ocr_line' id='line_1_25' title="bbox 158 1179 940 1218; baseline 0.005 -12"><span class='ocrx_word' id='word_1_148' title='bbox 158 1184 314 1207; x_wconf 85' lang='lat' dir='ltr'><strong>sanctorqu</strong></span> <span class='ocrx_word' id='word_1_149' title='bbox 330 1179 432 1214; x_wconf 81' lang='lat' dir='ltr'><strong>vident,</strong></span> <span class='ocrx_word' id='word_1_150' title='bbox 449 1181 519 1209; x_wconf 88' lang='lat' dir='ltr'><strong>unde</strong></span> <span class='ocrx_word' id='word_1_151' title='bbox 534 1189 565 1208; x_wconf 86' lang='lat' dir='ltr'><strong>ea</strong></span> <span class='ocrx_word' id='word_1_152' title='bbox 584 1189 644 1217; x_wconf 73' lang='lat' dir='ltr'><strong>qua:</strong></span> <span class='ocrx_word' id='word_1_153' title='bbox 661 1183 686 1210; x_wconf 93' lang='lat' dir='ltr'><strong>id</strong></span> <span class='ocrx_word' id='word_1_154' title='bbox 706 1190 785 1218; x_wconf 88' lang='lat' dir='ltr'><strong>passa</strong></span> <span class='ocrx_word' id='word_1_155' title='bbox 801 1191 855 1211; x_wconf 90' lang='lat' dir='ltr'><strong>non</strong></span> <span class='ocrx_word' id='word_1_156' title='bbox 866 1188 940 1217; x_wconf 89' lang='lat' dir='ltr'><strong>sunt,</strong></span> 
     </span>
    </p>
   </div>
   <div class='ocr_carea' id='block_1_26' title="bbox 159 1226 942 1261">
    <p class='ocr_par' dir='ltr' id='par_1_26' title="bbox 159 1226 942 1261">
     <span class='ocr_line' id='line_1_26' title="bbox 159 1226 942 1261; baseline 0.008 -10"><span class='ocrx_word' id='word_1_157' title='bbox 159 1230 252 1252; x_wconf 66' lang='lat' dir='ltr'><strong>sancta</strong></span> <span class='ocrx_word' id='word_1_158' title='bbox 269 1226 383 1260; x_wconf 85' lang='lat' dir='ltr'><strong>probare</strong></span> <span class='ocrx_word' id='word_1_159' title='bbox 399 1227 541 1261; x_wconf 83' lang='lat' dir='ltr'><strong>poterunt?</strong></span> <span class='ocrx_word' id='word_1_160' title='bbox 557 1228 624 1261; x_wconf 84' lang='lat' dir='ltr'><strong>Quid</strong></span> <span class='ocrx_word' id='word_1_161' title='bbox 641 1234 730 1256; x_wconf 86' lang='lat' dir='ltr'><strong>autem</strong></span> <span class='ocrx_word' id='word_1_162' title='bbox 743 1230 775 1256; x_wconf 85' lang='lat' dir='ltr'><strong>de</strong></span> <span class='ocrx_word' id='word_1_163' title='bbox 790 1229 942 1257; x_wconf 83' lang='lat' dir='ltr'><strong>inﬁdelibus</strong></span> 
     </span>
    </p>
   </div>
   <div class='ocr_carea' id='block_1_27' title="bbox 159 1266 942 1307">
    <p class='ocr_par' dir='ltr' id='par_1_27' title="bbox 159 1266 942 1307">
     <span class='ocr_line' id='line_1_27' title="bbox 159 1266 942 1307; baseline 0.004 -10"><span class='ocrx_word' id='word_1_164' title='bbox 159 1266 256 1298; x_wconf 80' lang='lat' dir='ltr'><strong>dicturi</strong></span> <span class='ocrx_word' id='word_1_165' title='bbox 271 1275 344 1304; x_wconf 85' lang='lat' dir='ltr'><strong>sunt,</strong></span> <span class='ocrx_word' id='word_1_166' title='bbox 358 1275 384 1300; x_wconf 89' lang='lat' dir='ltr'><strong>et</strong></span> <span class='ocrx_word' id='word_1_167' title='bbox 397 1279 464 1306; x_wconf 89' lang='lat' dir='ltr'><strong>qttos</strong></span> <span class='ocrx_word' id='word_1_168' title='bbox 479 1272 528 1307; x_wconf 86' lang='lat' dir='ltr'><strong>ipsi</strong></span> <span class='ocrx_word' id='word_1_169' title='bbox 551 1273 666 1307; x_wconf 84' lang='lat' dir='ltr'><strong>publicis</strong></span> <span class='ocrx_word' id='word_1_170' title='bbox 694 1274 845 1303; x_wconf 82' lang='lat' dir='ltr'><strong>maledictis</strong></span> <span class='ocrx_word' id='word_1_171' title='bbox 878 1276 942 1302; x_wconf 89' lang='lat' dir='ltr'><strong>sub-</strong></span> 
     </span>
    </p>
   </div>
   <div class='ocr_carea' id='block_1_28' title="bbox 159 1315 943 1353">
    <p class='ocr_par' dir='ltr' id='par_1_28' title="bbox 159 1315 943 1353">
     <span class='ocr_line' id='line_1_28' title="bbox 159 1315 943 1353; baseline 0.008 -13"><span class='ocrx_word' id='word_1_172' title='bbox 159 1315 242 1348; x_wconf 87' lang='lat' dir='ltr'><strong>dunt;</strong></span> <span class='ocrx_word' id='word_1_173' title='bbox 273 1322 388 1350; x_wconf 89' lang='lat' dir='ltr'><strong>quorum</strong></span> <span class='ocrx_word' id='word_1_174' title='bbox 419 1316 576 1351; x_wconf 86' lang='lat' dir='ltr'><strong>incorrupta</strong></span> <span class='ocrx_word' id='word_1_175' title='bbox 618 1320 750 1345; x_wconf 80' lang='lat' dir='ltr'><strong>cadavera</strong></span> <span class='ocrx_word' id='word_1_176' title='bbox 779 1319 943 1353; x_wconf 74' lang='lat' dir='ltr'><strong>perdurant?</strong></span> 
     </span>
    </p>
   </div>
   <div class='ocr_carea' id='block_1_29' title="bbox 158 1359 943 1400">
    <p class='ocr_par' dir='ltr' id='par_1_29' title="bbox 158 1359 943 1400">
     <span class='ocr_line' id='line_1_29' title="bbox 158 1359 943 1400; baseline 0.008 -13"><span class='ocrx_word' id='word_1_177' title='bbox 158 1359 244 1388; x_wconf 74' lang='lat' dir='ltr'><strong>l’orro</strong></span> <span class='ocrx_word' id='word_1_178' title='bbox 257 1361 279 1388; x_wconf 87' lang='lat' dir='ltr'><strong>si</strong></span> <span class='ocrx_word' id='word_1_179' title='bbox 298 1362 354 1389; x_wconf 70' lang='lat' dir='ltr'><strong>haec</strong></span> <span class='ocrx_word' id='word_1_180' title='bbox 370 1363 552 1390; x_wconf 85' lang='lat' dir='ltr'><strong>damnationis</strong></span> <span class='ocrx_word' id='word_1_181' title='bbox 569 1363 738 1391; x_wconf 79' lang='lat' dir='ltr'><strong>arbitrantur</strong></span> <span class='ocrx_word' id='word_1_182' title='bbox 752 1364 839 1400; x_wconf 78' lang='lat' dir='ltr'><strong>signa,</strong></span> <span class='ocrx_word' id='word_1_183' title='bbox 875 1372 943 1399; x_wconf 91' lang='lat' dir='ltr'><strong>quo-</strong></span> 
     </span>
    </p>
   </div>
   <div class='ocr_carea' id='block_1_30' title="bbox 159 1406 717 1442">
    <p class='ocr_par' dir='ltr' id='par_1_30' title="bbox 159 1406 717 1442">
     <span class='ocr_line' id='line_1_30' title="bbox 159 1406 717 1442; baseline 0.005 -9"><span class='ocrx_word' id='word_1_184' title='bbox 159 1407 241 1434; x_wconf 87' lang='lat' dir='ltr'><strong>modo</strong></span> <span class='ocrx_word' id='word_1_185' title='bbox 256 1411 408 1434; x_wconf 89' lang='lat' dir='ltr'><strong>sanctorum</strong></span> <span class='ocrx_word' id='word_1_186' title='bbox 426 1415 538 1442; x_wconf 86' lang='lat' dir='ltr'><strong>corpora</strong></span> <span class='ocrx_word' id='word_1_187' title='bbox 566 1406 717 1436; x_wconf 82' lang='lat' dir='ltr'><strong>honorarit?</strong></span> 
     </span>
    </p>
   </div>
   <div class='ocr_carea' id='block_1_31' title="bbox 194 1458 942 1499">
    <p class='ocr_par' dir='ltr' id='par_1_31' title="bbox 194 1458 942 1499">
     <span class='ocr_line' id='line_1_31' title="bbox 194 1458 942 1499; baseline 0.001 -9"><span class='ocrx_word' id='word_1_188' title='bbox 194 1463 246 1490; x_wconf 85' lang='lat' dir='ltr'><strong>Sed</strong></span> <span class='ocrx_word' id='word_1_189' title='bbox 259 1458 437 1497; x_wconf 49' lang='lat' dir='ltr'><strong>ista&#39;quidem</strong></span> <span class='ocrx_word' id='word_1_190' title='bbox 453 1462 591 1491; x_wconf 86' lang='lat' dir='ltr'><strong>hominum</strong></span> <span class='ocrx_word' id='word_1_191' title='bbox 611 1471 704 1491; x_wconf 88' lang='lat' dir='ltr'><strong>eorum</strong></span> <span class='ocrx_word' id='word_1_192' title='bbox 718 1468 793 1497; x_wconf 87' lang='lat' dir='ltr'><strong>sunt,</strong></span> <span class='ocrx_word' id='word_1_193' title='bbox 825 1465 881 1499; x_wconf 92' lang='lat' dir='ltr'><strong>qui,</strong></span> <span class='ocrx_word' id='word_1_194' title='bbox 913 1468 942 1491; x_wconf 90' lang='lat' dir='ltr'><strong>ut</strong></span> 
     </span>
    </p>
   </div>
   <div class='ocr_carea' id='block_1_32' title="bbox 159 1509 942 1543">
    <p class='ocr_par' dir='ltr' id='par_1_32' title="bbox 159 1509 942 1543">
     <span class='ocr_line' id='line_1_32' title="bbox 159 1509 942 1543; baseline 0.005 -8"><span class='ocrx_word' id='word_1_195' title='bbox 159 1509 272 1542; x_wconf 72' lang='lat' dir='ltr'><strong>intelligi</strong></span> <span class='ocrx_word' id='word_1_196' title='bbox 288 1509 377 1541; x_wconf 84' lang='lat' dir='ltr'><strong>datur,</strong></span> <span class='ocrx_word' id='word_1_197' title='bbox 394 1517 475 1537; x_wconf 87' lang='lat' dir='ltr'><strong>sensu</strong></span> <span class='ocrx_word' id='word_1_198' title='bbox 490 1510 594 1543; x_wconf 86' lang='lat' dir='ltr'><strong>vivunt,</strong></span> <span class='ocrx_word' id='word_1_199' title='bbox 613 1515 639 1538; x_wconf 89' lang='lat' dir='ltr'><strong>et</strong></span> <span class='ocrx_word' id='word_1_200' title='bbox 667 1512 746 1539; x_wconf 90' lang='lat' dir='ltr'><strong>iidem</strong></span> <span class='ocrx_word' id='word_1_201' title='bbox 778 1517 850 1539; x_wconf 83' lang='lat' dir='ltr'><strong>tactu</strong></span> <span class='ocrx_word' id='word_1_202' title='bbox 868 1511 942 1539; x_wconf 89' lang='lat' dir='ltr'><strong>colo-</strong></span> 
     </span>
    </p>
   </div>
   <div class='ocr_carea' id='block_1_33' title="bbox 160 1542 977 1591">
    <p class='ocr_par' dir='ltr' id='par_1_33' title="bbox 160 1542 977 1591">
     <span class='ocr_line' id='line_1_33' title="bbox 160 1542 977 1591; baseline 0.005 -11"><span class='ocrx_word' id='word_1_203' title='bbox 160 1554 290 1589; x_wconf 68' lang='lat' dir='ltr'><strong>tibusque</strong></span> <span class='ocrx_word' id='word_1_204' title='bbox 304 1554 474 1589; x_wconf 74' lang='lat' dir='ltr'><strong>dignoscunt.</strong></span> <span class='ocrx_word' id='word_1_205' title='bbox 497 1554 524 1582; x_wconf 88' lang='lat' dir='ltr'><strong>Si</strong></span> <span class='ocrx_word' id='word_1_206' title='bbox 541 1542 629 1583; x_wconf 86' lang='lat' dir='ltr'><strong>autem</strong></span> <span class='ocrx_word' id='word_1_207' title='bbox 645 1564 678 1583; x_wconf 71' lang='lat' dir='ltr'><strong>ea:</strong></span> <span class='ocrx_word' id='word_1_208' title='bbox 698 1557 827 1591; x_wconf 78' lang='lat' dir='ltr'><strong>fructibus</strong></span> <span class='ocrx_word' id='word_1_209' title='bbox 851 1565 942 1585; x_wconf 86' lang='lat' dir='ltr'><strong>eorum</strong></span> <span class='ocrx_word' id='word_1_210' title='bbox 955 1542 977 1572; x_wconf 63' lang='grc' dir='ltr'>α</span> 
     </span>
    </p>
   </div>
   <div class='ocr_carea' id='block_1_34' title="bbox 158 1598 943 1638">
    <p class='ocr_par' dir='ltr' id='par_1_34' title="bbox 158 1598 943 1638">
     <span class='ocr_line' id='line_1_34' title="bbox 158 1598 943 1638; baseline 0.004 -13"><span class='ocrx_word' id='word_1_211' title='bbox 158 1598 358 1634; x_wconf 78' lang='lat' dir='ltr'><strong>dignosrendas,</strong></span> <span class='ocrx_word' id='word_1_212' title='bbox 378 1599 414 1626; x_wconf 87' lang='lat' dir='ltr'><strong>ait</strong></span> <span class='ocrx_word' id='word_1_213' title='bbox 429 1598 559 1628; x_wconf 86' lang='lat' dir='ltr'><strong>Dominus</strong></span> <span class='ocrx_word' id='word_1_214' title='bbox 570 1600 603 1633; x_wconf 88' lang='lat'><strong>“,</strong></span> <span class='ocrx_word' id='word_1_215' title='bbox 614 1600 719 1628; x_wconf 77' lang='lat' dir='ltr'><strong>fructus</strong></span> <span class='ocrx_word' id='word_1_216' title='bbox 736 1605 824 1638; x_wconf 88' lang='lat' dir='ltr'><strong>autem</strong></span> <span class='ocrx_word' id='word_1_217' title='bbox 840 1602 943 1636; x_wconf 88' lang='lat' dir='ltr'><strong>primus</strong></span> 
     </span>
    </p>
   </div>
   <div class='ocr_carea' id='block_1_35' title="bbox 159 1645 944 1680">
    <p class='ocr_par' dir='ltr' id='par_1_35' title="bbox 159 1645 944 1680">
     <span class='ocr_line' id='line_1_35' title="bbox 159 1645 944 1680; baseline 0.004 -9"><span class='ocrx_word' id='word_1_218' title='bbox 159 1646 259 1679; x_wconf 84' lang='lat' dir='ltr'><strong>cuique</strong></span> <span class='ocrx_word' id='word_1_219' title='bbox 276 1652 349 1677; x_wconf 86' lang='lat' dir='ltr'><strong>vera,</strong></span> <span class='ocrx_word' id='word_1_220' title='bbox 371 1651 452 1679; x_wconf 87' lang='lat' dir='ltr'><strong>quam</strong></span> <span class='ocrx_word' id='word_1_221' title='bbox 469 1646 502 1672; x_wconf 89' lang='lat' dir='ltr'><strong>de</strong></span> <span class='ocrx_word' id='word_1_222' title='bbox 514 1645 569 1672; x_wconf 81' lang='lat' dir='ltr'><strong>Deo</strong></span> <span class='ocrx_word' id='word_1_223' title='bbox 594 1645 685 1679; x_wconf 86' lang='lat' dir='ltr'><strong>habet,</strong></span> <span class='ocrx_word' id='word_1_224' title='bbox 715 1646 807 1680; x_wconf 88' lang='lat' dir='ltr'><strong>opinio</strong></span> <span class='ocrx_word' id='word_1_225' title='bbox 837 1651 889 1679; x_wconf 77' lang='lat' dir='ltr'><strong>eat,</strong></span> <span class='ocrx_word' id='word_1_226' title='bbox 915 1650 944 1674; x_wconf 79' lang='lat' dir='ltr'><strong>et</strong></span> 
     </span>
    </p>
   </div>
   <div class='ocr_carea' id='block_1_36' title="bbox 160 1686 944 1725">
    <p class='ocr_par' dir='ltr' id='par_1_36' title="bbox 160 1686 944 1725">
     <span class='ocr_line' id='line_1_36' title="bbox 160 1686 944 1725; baseline 0.001 -8"><span class='ocrx_word' id='word_1_227' title='bbox 160 1698 252 1724; x_wconf 79' lang='lat' dir='ltr'><strong>opera,</strong></span> <span class='ocrx_word' id='word_1_228' title='bbox 269 1698 328 1725; x_wconf 70' lang='lat' dir='ltr'><strong>qua:</strong></span> <span class='ocrx_word' id='word_1_229' title='bbox 345 1690 406 1718; x_wconf 90' lang='lat' dir='ltr'><strong>lidei</strong></span> <span class='ocrx_word' id='word_1_230' title='bbox 433 1686 700 1725; x_wconf 63' lang='lat' dir='ltr'><strong>supertediticautur:</strong></span> <span class='ocrx_word' id='word_1_231' title='bbox 733 1691 857 1719; x_wconf 84' lang='lat' dir='ltr'><strong>desinant</strong></span> <span class='ocrx_word' id='word_1_232' title='bbox 887 1696 944 1719; x_wconf 79' lang='lat' dir='ltr'><strong>tau—</strong></span> 
     </span>
    </p>
   </div>
   <div class='ocr_carea' id='block_1_37' title="bbox 162 1735 944 1772">
    <p class='ocr_par' dir='ltr' id='par_1_37' title="bbox 162 1735 944 1772">
     <span class='ocr_line' id='line_1_37' title="bbox 162 1735 944 1772; baseline 0.005 -10"><span class='ocrx_word' id='word_1_233' title='bbox 162 1738 222 1764; x_wconf 85' lang='lat' dir='ltr'><strong>dem</strong></span> <span class='ocrx_word' id='word_1_234' title='bbox 238 1740 344 1763; x_wconf 88' lang='lat' dir='ltr'><strong>tentarc</strong></span> <span class='ocrx_word' id='word_1_235' title='bbox 358 1735 500 1763; x_wconf 84' lang='lat' dir='ltr'><strong>Dominum</strong></span> <span class='ocrx_word' id='word_1_236' title='bbox 527 1736 623 1768; x_wconf 88' lang='lat' dir='ltr'><strong>Deum,</strong></span> <span class='ocrx_word' id='word_1_237' title='bbox 639 1741 721 1769; x_wconf 85' lang='lat' dir='ltr'><strong>atque</strong></span> <span class='ocrx_word' id='word_1_238' title='bbox 752 1745 783 1764; x_wconf 80' lang='lat' dir='ltr'><strong>cx</strong></span> <span class='ocrx_word' id='word_1_239' title='bbox 810 1737 854 1765; x_wconf 91' lang='lat' dir='ltr'><strong>his</strong></span> <span class='ocrx_word' id='word_1_240' title='bbox 884 1745 944 1772; x_wconf 73' lang='lat' dir='ltr'><strong>qua:</strong></span> 
     </span>
    </p>
   </div>
   <div class='ocr_carea' id='block_1_38' title="bbox 161 1782 944 1819">
    <p class='ocr_par' dir='ltr' id='par_1_38' title="bbox 161 1782 944 1819">
     <span class='ocr_line' id='line_1_38' title="bbox 161 1782 944 1819; baseline 0 -9"><span class='ocrx_word' id='word_1_241' title='bbox 161 1786 225 1810; x_wconf 74' lang='lat' dir='ltr'><strong>sunt</strong></span> <span class='ocrx_word' id='word_1_242' title='bbox 241 1782 399 1815; x_wconf 86' lang='lat' dir='ltr'><strong>materialia,</strong></span> <span class='ocrx_word' id='word_1_243' title='bbox 416 1787 443 1810; x_wconf 83' lang='lat' dir='ltr'><strong>et</strong></span> <span class='ocrx_word' id='word_1_244' title='bbox 454 1783 521 1810; x_wconf 82' lang='lat' dir='ltr'><strong>alias</strong></span> <span class='ocrx_word' id='word_1_245' title='bbox 548 1783 626 1810; x_wconf 87' lang='lat' dir='ltr'><strong>aliter</strong></span> <span class='ocrx_word' id='word_1_246' title='bbox 644 1783 792 1811; x_wconf 87' lang='lat' dir='ltr'><strong>secundum</strong></span> <span class='ocrx_word' id='word_1_247' title='bbox 812 1788 944 1819; x_wconf 87' lang='lat' dir='ltr'><strong>tempora,</strong></span> 
     </span>
    </p>
   </div>
   <div class='ocr_carea' id='block_1_39' title="bbox 161 1827 943 1865">
    <p class='ocr_par' dir='ltr' id='par_1_39' title="bbox 161 1827 943 1865">
     <span class='ocr_line' id='line_1_39' title="bbox 161 1827 943 1865; baseline 0.004 -11"><span class='ocrx_word' id='word_1_248' title='bbox 161 1835 316 1863; x_wconf 86' lang='lat' dir='ltr'><strong>corporum,</strong></span> <span class='ocrx_word' id='word_1_249' title='bbox 333 1832 360 1855; x_wconf 89' lang='lat' dir='ltr'><strong>et</strong></span> <span class='ocrx_word' id='word_1_250' title='bbox 373 1827 507 1862; x_wconf 90' lang='lat' dir='ltr'><strong>locorum,</strong></span> <span class='ocrx_word' id='word_1_251' title='bbox 524 1832 550 1856; x_wconf 90' lang='lat' dir='ltr'><strong>et</strong></span> <span class='ocrx_word' id='word_1_252' title='bbox 561 1836 656 1856; x_wconf 88' lang='lat' dir='ltr'><strong>rerum</strong></span> <span class='ocrx_word' id='word_1_253' title='bbox 668 1828 860 1865; x_wconf 83' lang='lat' dir='ltr'><strong>dispositiones</strong></span> <span class='ocrx_word' id='word_1_254' title='bbox 876 1837 943 1857; x_wconf 94' lang='lat' dir='ltr'><strong>con-</strong></span> 
     </span>
    </p>
   </div>
   <div class='ocr_carea' id='block_1_40' title="bbox 161 1873 945 1910">
    <p class='ocr_par' dir='ltr' id='par_1_40' title="bbox 161 1873 945 1910">
     <span class='ocr_line' id='line_1_40' title="bbox 161 1873 945 1910; baseline 0.003 -10"><span class='ocrx_word' id='word_1_255' title='bbox 161 1873 276 1909; x_wconf 74' lang='lat' dir='ltr'><strong>tingunt,</strong></span> <span class='ocrx_word' id='word_1_256' title='bbox 289 1881 382 1901; x_wconf 85' lang='lat' dir='ltr'><strong>earum</strong></span> <span class='ocrx_word' id='word_1_257' title='bbox 398 1881 500 1908; x_wconf 88' lang='lat' dir='ltr'><strong>rerum,</strong></span> <span class='ocrx_word' id='word_1_258' title='bbox 514 1882 574 1910; x_wconf 77' lang='lat' dir='ltr'><strong>quae</strong></span> <span class='ocrx_word' id='word_1_259' title='bbox 588 1879 651 1902; x_wconf 89' lang='lat' dir='ltr'><strong>sunt</strong></span> <span class='ocrx_word' id='word_1_260' title='bbox 676 1882 690 1901; x_wconf 90' lang='lat' dir='ltr'><strong>a</strong></span> <span class='ocrx_word' id='word_1_261' title='bbox 708 1873 821 1902; x_wconf 84' lang='lat' dir='ltr'><strong>materia</strong></span> <span class='ocrx_word' id='word_1_262' title='bbox 834 1879 945 1902; x_wconf 62' lang='lat' dir='ltr'><strong>remotae</strong></span> 
     </span>
    </p>
   </div>
   <div class='ocr_carea' id='block_1_41' title="bbox 161 1919 450 1953">
    <p class='ocr_par' dir='ltr' id='par_1_41' title="bbox 161 1919 450 1953">
     <span class='ocr_line' id='line_1_41' title="bbox 161 1919 450 1953; baseline 0 -7"><span class='ocrx_word' id='word_1_263' title='bbox 161 1919 322 1946; x_wconf 87' lang='lat' dir='ltr'><strong>documenta</strong></span> <span class='ocrx_word' id='word_1_264' title='bbox 345 1926 450 1953; x_wconf 77' lang='lat' dir='ltr'><strong>capere.</strong></span> 
     </span>
    </p>
   </div>
   <div class='ocr_carea' id='block_1_42' title="bbox 200 1975 946 2012">
    <p class='ocr_par' dir='ltr' id='par_1_42' title="bbox 200 1975 946 2012">
     <span class='ocr_line' id='line_1_42' title="bbox 200 1975 946 2012; baseline 0.003 -10"><span class='ocrx_word' id='word_1_265' title='bbox 200 1975 300 2003; x_wconf 90' lang='lat' dir='ltr'><strong>Deinde</strong></span> <span class='ocrx_word' id='word_1_266' title='bbox 315 1982 366 2003; x_wconf 89' lang='lat' dir='ltr'><strong>non</strong></span> <span class='ocrx_word' id='word_1_267' title='bbox 380 1975 469 2003; x_wconf 92' lang='lat' dir='ltr'><strong>omnis</strong></span> <span class='ocrx_word' id='word_1_268' title='bbox 484 1975 530 2010; x_wconf 89' lang='lat' dir='ltr'><strong>qui</strong></span> <span class='ocrx_word' id='word_1_269' title='bbox 543 1983 610 2003; x_wconf 88' lang='lat' dir='ltr'><strong>sana</strong></span> <span class='ocrx_word' id='word_1_270' title='bbox 624 1975 677 2004; x_wconf 71' lang='lat' dir='ltr'><strong>title</strong></span> <span class='ocrx_word' id='word_1_271' title='bbox 700 1981 752 2010; x_wconf 85' lang='lat' dir='ltr'><strong>est,</strong></span> <span class='ocrx_word' id='word_1_272' title='bbox 777 1976 834 2012; x_wconf 84' lang='lat' dir='ltr'><strong>jam</strong></span> <span class='ocrx_word' id='word_1_273' title='bbox 864 1977 946 2005; x_wconf 92' lang='lat' dir='ltr'><strong>etiam</strong></span> 
     </span>
    </p>
   </div>
   <div class='ocr_carea' id='block_1_43' title="bbox 162 2019 946 2056">
    <p class='ocr_par' dir='ltr' id='par_1_43' title="bbox 162 2019 946 2056">
     <span class='ocr_line' id='line_1_43' title="bbox 162 2019 946 2056; baseline 0.005 -11"><span class='ocrx_word' id='word_1_274' title='bbox 162 2024 283 2052; x_wconf 87' lang='lat' dir='ltr'><strong>sanctus,</strong></span> <span class='ocrx_word' id='word_1_275' title='bbox 308 2025 335 2046; x_wconf 90' lang='lat' dir='ltr'><strong>et</strong></span> <span class='ocrx_word' id='word_1_276' title='bbox 352 2022 448 2047; x_wconf 87' lang='lat' dir='ltr'><strong>beatus</strong></span> <span class='ocrx_word' id='word_1_277' title='bbox 463 2025 524 2048; x_wconf 71' lang='lat' dir='ltr'><strong>est:</strong></span> <span class='ocrx_word' id='word_1_278' title='bbox 543 2019 606 2047; x_wconf 86' lang='lat' dir='ltr'><strong>Non</strong></span> <span class='ocrx_word' id='word_1_279' title='bbox 623 2021 693 2048; x_wconf 86' lang='lat' dir='ltr'><strong>enim</strong></span> <span class='ocrx_word' id='word_1_280' title='bbox 723 2022 819 2054; x_wconf 81' lang='lat' dir='ltr'><strong>omnis,</strong></span> <span class='ocrx_word' id='word_1_281' title='bbox 847 2021 946 2056; x_wconf 87' lang='lat' dir='ltr'><strong>inquit,</strong></span> 
     </span>
    </p>
   </div>
   <div class='ocr_carea' id='block_1_44' title="bbox 161 2064 947 2103">
    <p class='ocr_par' dir='ltr' id='par_1_44' title="bbox 161 2064 947 2103">
     <span class='ocr_line' id='line_1_44' title="bbox 161 2064 947 2103; baseline 0.009 -15"><span class='ocrx_word' id='word_1_282' title='bbox 161 2065 207 2098; x_wconf 83' lang='lat' dir='ltr'><strong>qui</strong></span> <span class='ocrx_word' id='word_1_283' title='bbox 220 2065 285 2091; x_wconf 75' lang='lat' dir='ltr'><strong>dicit</strong></span> <span class='ocrx_word' id='word_1_284' title='bbox 301 2065 384 2092; x_wconf 86' lang='lat' dir='ltr'><strong>milii:</strong></span> <span class='ocrx_word' id='word_1_285' title='bbox 399 2065 520 2097; x_wconf 86' lang='lat' dir='ltr'><strong>Domine,</strong></span> <span class='ocrx_word' id='word_1_286' title='bbox 536 2064 655 2099; x_wconf 82' lang='lat' dir='ltr'><strong>Domine,</strong></span> <span class='ocrx_word' id='word_1_287' title='bbox 672 2067 782 2094; x_wconf 81' lang='lat' dir='ltr'><strong>intrabit</strong></span> <span class='ocrx_word' id='word_1_288' title='bbox 798 2067 824 2095; x_wconf 80' lang='lat' dir='ltr'><strong>in</strong></span> <span class='ocrx_word' id='word_1_289' title='bbox 841 2076 947 2103; x_wconf 78' lang='lat' dir='ltr'><strong>regnum</strong></span> 
     </span>
    </p>
   </div>
   <div class='ocr_carea' id='block_1_45' title="bbox 163 2111 947 2144">
    <p class='ocr_par' dir='ltr' id='par_1_45' title="bbox 163 2111 947 2144">
     <span class='ocr_line' id='line_1_45' title="bbox 163 2111 947 2144; baseline 0.006 -8"><span class='ocrx_word' id='word_1_290' title='bbox 163 2112 286 2138; x_wconf 61' lang='lat' dir='ltr'><strong>calorum</strong></span> <span class='ocrx_word' id='word_1_291' title='bbox 295 2111 327 2137; x_wconf 82' lang='lat'>&quot;.</span> <span class='ocrx_word' id='word_1_292' title='bbox 340 2111 373 2138; x_wconf 86' lang='lat' dir='ltr'><strong>Et</strong></span> <span class='ocrx_word' id='word_1_293' title='bbox 388 2120 396 2139; x_wconf 85' lang='lat'><strong>:</strong></span> <span class='ocrx_word' id='word_1_294' title='bbox 407 2111 484 2138; x_wconf 86' lang='lat' dir='ltr'><strong>Multi</strong></span> <span class='ocrx_word' id='word_1_295' title='bbox 498 2111 584 2139; x_wconf 82' lang='lat' dir='ltr'><strong>dicent</strong></span> <span class='ocrx_word' id='word_1_296' title='bbox 595 2113 656 2139; x_wconf 84' lang='lat' dir='ltr'><strong>mihi</strong></span> <span class='ocrx_word' id='word_1_297' title='bbox 667 2113 694 2139; x_wconf 89' lang='lat' dir='ltr'><strong>in</strong></span> <span class='ocrx_word' id='word_1_298' title='bbox 705 2112 746 2139; x_wconf 82' lang='lat' dir='ltr'><strong>die</strong></span> <span class='ocrx_word' id='word_1_299' title='bbox 757 2113 815 2144; x_wconf 84' lang='lat' dir='ltr'><strong>illa.</strong></span> <span class='ocrx_word' id='word_1_300' title='bbox 828 2113 947 2144; x_wconf 80' lang='lat' dir='ltr'><strong>Domine.</strong></span> 
     </span>
    </p>
   </div>
   <div class='ocr_carea' id='block_1_46' title="bbox 163 2158 948 2192">
    <p class='ocr_par' dir='ltr' id='par_1_46' title="bbox 163 2158 948 2192">
     <span class='ocr_line' id='line_1_46' title="bbox 163 2158 948 2192; baseline 0.004 -8"><span class='ocrx_word' id='word_1_301' title='bbox 163 2165 248 2185; x_wconf 88' lang='lat' dir='ltr'><strong>nonne</strong></span> <span class='ocrx_word' id='word_1_302' title='bbox 261 2158 288 2184; x_wconf 88' lang='lat' dir='ltr'><strong>in</strong></span> <span class='ocrx_word' id='word_1_303' title='bbox 306 2160 409 2185; x_wconf 84' lang='lat' dir='ltr'><strong>nomine</strong></span> <span class='ocrx_word' id='word_1_304' title='bbox 441 2162 486 2185; x_wconf 79' lang='lat' dir='ltr'><strong>tuo</strong></span> <span class='ocrx_word' id='word_1_305' title='bbox 512 2159 733 2192; x_wconf 79' lang='lat' dir='ltr'><strong>prophetavimus,</strong></span> <span class='ocrx_word' id='word_1_306' title='bbox 768 2165 791 2186; x_wconf 88' lang='lat' dir='ltr'><strong>et</strong></span> <span class='ocrx_word' id='word_1_307' title='bbox 817 2160 948 2187; x_wconf 73' lang='lat' dir='ltr'><strong>dwmonia</strong></span> 
     </span>
    </p>
   </div>
   <div class='ocr_carea' id='block_1_47' title="bbox 990 254 1774 283">
    <p class='ocr_par' dir='ltr' id='par_1_47' title="bbox 990 254 1774 283">
     <span class='ocr_line' id='line_1_47' title="bbox 990 254 1774 283; baseline -0.003 0"><span class='ocrx_word' id='word_1_308' title='bbox 990 254 1069 283; x_wconf 82' lang='lat' dir='ltr'><strong>ﬁdem</strong></span> <span class='ocrx_word' id='word_1_309' title='bbox 1090 255 1173 282; x_wconf 86' lang='lat' dir='ltr'><strong>solam</strong></span> <span class='ocrx_word' id='word_1_310' title='bbox 1184 256 1216 281; x_wconf 89' lang='lat' dir='ltr'><strong>ad</strong></span> <span class='ocrx_word' id='word_1_311' title='bbox 1245 255 1358 282; x_wconf 78' lang='lat' dir='ltr'><strong>salutem</strong></span> <span class='ocrx_word' id='word_1_312' title='bbox 1374 254 1497 282; x_wconf 84' lang='lat' dir='ltr'><strong>suilicere</strong></span> <span class='ocrx_word' id='word_1_313' title='bbox 1514 255 1644 282; x_wconf 86' lang='lat' dir='ltr'><strong>dicemus.</strong></span> <span class='ocrx_word' id='word_1_314' title='bbox 1675 254 1774 282; x_wconf 81' lang='lat' dir='ltr'><strong>Verum</strong></span> 
     </span>
    </p>
   </div>
   <div class='ocr_carea' id='block_1_48' title="bbox 992 301 1776 335">
    <p class='ocr_par' dir='ltr' id='par_1_48' title="bbox 992 301 1776 335">
     <span class='ocr_line' id='line_1_48' title="bbox 992 301 1776 335; baseline -0.001 -7"><span class='ocrx_word' id='word_1_315' title='bbox 992 302 1070 328; x_wconf 82' lang='lat' dir='ltr'><strong>ﬁdem</strong></span> <span class='ocrx_word' id='word_1_316' title='bbox 1086 301 1146 329; x_wconf 90' lang='lat' dir='ltr'><strong>sine</strong></span> <span class='ocrx_word' id='word_1_317' title='bbox 1170 301 1298 335; x_wconf 90' lang='lat' dir='ltr'><strong>operibus</strong></span> <span class='ocrx_word' id='word_1_318' title='bbox 1321 308 1382 329; x_wconf 77' lang='lat' dir='ltr'><strong>esse</strong></span> <span class='ocrx_word' id='word_1_319' title='bbox 1399 306 1533 328; x_wconf 86' lang='lat' dir='ltr'><strong>mortuam</strong></span> <span class='ocrx_word' id='word_1_320' title='bbox 1552 301 1716 328; x_wconf 82' lang='lat' dir='ltr'><strong>audivimus.</strong></span> <span class='ocrx_word' id='word_1_321' title='bbox 1741 301 1776 328; x_wconf 83' lang='lat' dir='ltr'><strong>At</strong></span> 
     </span>
    </p>
   </div>
   <div class='ocr_carea' id='block_1_49' title="bbox 991 346 1775 382">
    <p class='ocr_par' dir='ltr' id='par_1_49' title="bbox 991 346 1775 382">
     <span class='ocr_line' id='line_1_49' title="bbox 991 346 1775 382; baseline 0.003 -11"><span class='ocrx_word' id='word_1_322' title='bbox 991 354 1066 379; x_wconf 86' lang='lat' dir='ltr'><strong>vero,</strong></span> <span class='ocrx_word' id='word_1_323' title='bbox 1081 353 1168 381; x_wconf 83' lang='lat' dir='ltr'><strong>neque</strong></span> <span class='ocrx_word' id='word_1_324' title='bbox 1187 354 1233 374; x_wconf 79' lang='lat' dir='ltr'><strong>rex</strong></span> <span class='ocrx_word' id='word_1_325' title='bbox 1255 347 1311 377; x_wconf 84' lang='lat' dir='ltr'><strong>ille,</strong></span> <span class='ocrx_word' id='word_1_326' title='bbox 1332 347 1382 373; x_wconf 86' lang='lat' dir='ltr'><strong>sub</strong></span> <span class='ocrx_word' id='word_1_327' title='bbox 1397 354 1450 380; x_wconf 92' lang='lat' dir='ltr'><strong>quo</strong></span> <span class='ocrx_word' id='word_1_328' title='bbox 1465 346 1584 382; x_wconf 81' lang='lat' dir='ltr'><strong>synodus</strong></span> <span class='ocrx_word' id='word_1_329' title='bbox 1613 350 1775 381; x_wconf 72' lang='lat' dir='ltr'><strong>congregata</strong></span> 
     </span>
    </p>
   </div>
   <div class='ocr_carea' id='block_1_50' title="bbox 991 391 1775 426">
    <p class='ocr_par' dir='ltr' id='par_1_50' title="bbox 991 391 1775 426">
     <span class='ocr_line' id='line_1_50' title="bbox 991 391 1775 426; baseline -0.001 -7"><span class='ocrx_word' id='word_1_330' title='bbox 991 396 1043 424; x_wconf 79' lang='lat' dir='ltr'><strong>est,</strong></span> <span class='ocrx_word' id='word_1_331' title='bbox 1058 391 1145 426; x_wconf 86' lang='lat' dir='ltr'><strong>ipsius</strong></span> <span class='ocrx_word' id='word_1_332' title='bbox 1159 392 1270 419; x_wconf 87' lang='lat' dir='ltr'><strong>omnino</strong></span> <span class='ocrx_word' id='word_1_333' title='bbox 1283 396 1377 419; x_wconf 84' lang='lat' dir='ltr'><strong>auctor</strong></span> <span class='ocrx_word' id='word_1_334' title='bbox 1394 391 1455 419; x_wconf 78' lang='lat' dir='ltr'><strong>fuit.</strong></span> <span class='ocrx_word' id='word_1_335' title='bbox 1487 392 1567 424; x_wconf 86' lang='lat' dir='ltr'><strong>Nam,</strong></span> <span class='ocrx_word' id='word_1_336' title='bbox 1598 392 1649 420; x_wconf 84' lang='lat' dir='ltr'><strong>sub</strong></span> <span class='ocrx_word' id='word_1_337' title='bbox 1674 399 1706 419; x_wconf 88' lang='lat' dir='ltr'><strong>eo</strong></span> <span class='ocrx_word' id='word_1_338' title='bbox 1729 392 1775 426; x_wconf 87' lang='lat' dir='ltr'><strong>qui</strong></span> 
     </span>
    </p>
   </div>
   <div class='ocr_carea' id='block_1_51' title="bbox 992 438 1778 474">
    <p class='ocr_par' dir='ltr' id='par_1_51' title="bbox 992 438 1778 474">
     <span class='ocr_line' id='line_1_51' title="bbox 992 438 1778 474; baseline 0 -8"><span class='ocrx_word' id='word_1_339' title='bbox 992 443 1055 466; x_wconf 84' lang='lat' dir='ltr'><strong>ante</strong></span> <span class='ocrx_word' id='word_1_340' title='bbox 1092 438 1166 465; x_wconf 86' lang='lat' dir='ltr'><strong>illum</strong></span> <span class='ocrx_word' id='word_1_341' title='bbox 1199 443 1370 472; x_wconf 70' lang='lat' dir='ltr'><strong>regnaverat,</strong></span> <span class='ocrx_word' id='word_1_342' title='bbox 1401 439 1513 466; x_wconf 86' lang='lat' dir='ltr'><strong>collecta</strong></span> <span class='ocrx_word' id='word_1_343' title='bbox 1538 443 1593 471; x_wconf 84' lang='lat' dir='ltr'><strong>est,</strong></span> <span class='ocrx_word' id='word_1_344' title='bbox 1617 447 1697 474; x_wconf 84' lang='lat' dir='ltr'><strong>quam</strong></span> <span class='ocrx_word' id='word_1_345' title='bbox 1725 439 1778 466; x_wconf 85' lang='lat' dir='ltr'><strong>iste</strong></span> 
     </span>
    </p>
   </div>
   <div class='ocr_carea' id='block_1_52' title="bbox 991 483 1777 518">
    <p class='ocr_par' dir='ltr' id='par_1_52' title="bbox 991 483 1777 518">
     <span class='ocr_line' id='line_1_52' title="bbox 991 483 1777 518; baseline 0.003 -9"><span class='ocrx_word' id='word_1_346' title='bbox 991 490 1101 518; x_wconf 88' lang='lat' dir='ltr'><strong>compos</strong></span> <span class='ocrx_word' id='word_1_347' title='bbox 1123 490 1214 510; x_wconf 88' lang='lat' dir='ltr'><strong>rerum</strong></span> <span class='ocrx_word' id='word_1_348' title='bbox 1231 483 1329 514; x_wconf 78' lang='lat' dir='ltr'><strong>factus.</strong></span> <span class='ocrx_word' id='word_1_349' title='bbox 1346 483 1460 518; x_wconf 74' lang='lat' dir='ltr'><strong>peregit.</strong></span> <span class='ocrx_word' id='word_1_350' title='bbox 1474 483 1574 511; x_wconf 86' lang='lat' dir='ltr'><strong>indicio</strong></span> <span class='ocrx_word' id='word_1_351' title='bbox 1590 484 1672 511; x_wconf 85' lang='lat' dir='ltr'><strong>etiam</strong></span> <span class='ocrx_word' id='word_1_352' title='bbox 1698 484 1777 511; x_wconf 89' lang='lat' dir='ltr'><strong>nobis</strong></span> 
     </span>
    </p>
   </div>
   <div class='ocr_carea' id='block_1_53' title="bbox 992 527 1777 564">
    <p class='ocr_par' dir='ltr' id='par_1_53' title="bbox 992 527 1777 564">
     <span class='ocr_line' id='line_1_53' title="bbox 992 527 1777 564; baseline -0.003 -8"><span class='ocrx_word' id='word_1_353' title='bbox 992 533 1055 556; x_wconf 83' lang='lat' dir='ltr'><strong>sunt</strong></span> <span class='ocrx_word' id='word_1_354' title='bbox 1068 527 1212 563; x_wconf 84' lang='lat' dir='ltr'><strong>Nicephori</strong></span> <span class='ocrx_word' id='word_1_355' title='bbox 1238 528 1399 564; x_wconf 78' lang='lat' dir='ltr'><strong>Blemmydte</strong></span> <span class='ocrx_word' id='word_1_356' title='bbox 1418 529 1555 560; x_wconf 80' lang='lat' dir='ltr'><strong>monachi.</strong></span> <span class='ocrx_word' id='word_1_357' title='bbox 1567 533 1594 556; x_wconf 87' lang='lat' dir='ltr'><strong>et</strong></span> <span class='ocrx_word' id='word_1_358' title='bbox 1615 529 1777 564; x_wconf 74' lang='lat' dir='ltr'><strong>presbyteriI</strong></span> 
     </span>
    </p>
   </div>
   <div class='ocr_carea' id='block_1_54' title="bbox 992 573 1779 608">
    <p class='ocr_par' dir='ltr' id='par_1_54' title="bbox 992 573 1779 608">
     <span class='ocr_line' id='line_1_54' title="bbox 992 573 1779 608; baseline 0.003 -8"><span class='ocrx_word' id='word_1_359' title='bbox 992 573 1069 608; x_wconf 80' lang='lat' dir='ltr'><strong>cujus</strong></span> <span class='ocrx_word' id='word_1_360' title='bbox 1085 574 1112 602; x_wconf 87' lang='lat' dir='ltr'><strong>in</strong></span> <span class='ocrx_word' id='word_1_361' title='bbox 1127 574 1199 601; x_wconf 89' lang='lat' dir='ltr'><strong>omni</strong></span> <span class='ocrx_word' id='word_1_362' title='bbox 1217 574 1315 601; x_wconf 89' lang='lat' dir='ltr'><strong>virtute</strong></span> <span class='ocrx_word' id='word_1_363' title='bbox 1328 579 1357 601; x_wconf 89' lang='lat' dir='ltr'><strong>et</strong></span> <span class='ocrx_word' id='word_1_364' title='bbox 1383 575 1516 608; x_wconf 78' lang='lat' dir='ltr'><strong>sapientia</strong></span> <span class='ocrx_word' id='word_1_365' title='bbox 1545 582 1642 601; x_wconf 89' lang='lat' dir='ltr'><strong>nomen</strong></span> <span class='ocrx_word' id='word_1_366' title='bbox 1673 574 1779 608; x_wconf 82' lang='lat' dir='ltr'><strong>insigne</strong></span> 
     </span>
    </p>
   </div>
   <div class='ocr_carea' id='block_1_55' title="bbox 991 619 1777 655">
    <p class='ocr_par' dir='ltr' id='par_1_55' title="bbox 991 619 1777 655">
     <span class='ocr_line' id='line_1_55' title="bbox 991 619 1777 655; baseline 0 -9"><span class='ocrx_word' id='word_1_367' title='bbox 991 622 1061 655; x_wconf 86' lang='lat' dir='ltr'><strong>apud</strong></span> <span class='ocrx_word' id='word_1_368' title='bbox 1085 628 1180 648; x_wconf 86' lang='lat' dir='ltr'><strong>omnes</strong></span> <span class='ocrx_word' id='word_1_369' title='bbox 1209 626 1269 652; x_wconf 74' lang='lat' dir='ltr'><strong>eat,</strong></span> <span class='ocrx_word' id='word_1_370' title='bbox 1297 620 1349 647; x_wconf 87' lang='lat' dir='ltr'><strong>duo</strong></span> <span class='ocrx_word' id='word_1_371' title='bbox 1383 620 1416 647; x_wconf 83' lang='lat' dir='ltr'><strong>ad</strong></span> <span class='ocrx_word' id='word_1_372' title='bbox 1440 619 1610 647; x_wconf 82' lang='lat' dir='ltr'><strong>Theodorum</strong></span> <span class='ocrx_word' id='word_1_373' title='bbox 1638 620 1777 647; x_wconf 81' lang='lat' dir='ltr'><strong>Lascarim</strong></span> 
     </span>
    </p>
   </div>
   <div class='ocr_carea' id='block_1_56' title="bbox 991 665 1779 701">
    <p class='ocr_par' dir='ltr' id='par_1_56' title="bbox 991 665 1779 701">
     <span class='ocr_line' id='line_1_56' title="bbox 991 665 1779 701; baseline 0.001 -9"><span class='ocrx_word' id='word_1_374' title='bbox 991 673 1082 699; x_wconf 80' lang='lat' dir='ltr'><strong>regem</strong></span> <span class='ocrx_word' id='word_1_375' title='bbox 1096 666 1152 701; x_wconf 86' lang='lat'><strong>(77)</strong></span> <span class='ocrx_word' id='word_1_376' title='bbox 1165 666 1225 692; x_wconf 91' lang='lat' dir='ltr'><strong>libri</strong></span> <span class='ocrx_word' id='word_1_377' title='bbox 1240 666 1273 693; x_wconf 86' lang='lat' dir='ltr'><strong>de</strong></span> <span class='ocrx_word' id='word_1_378' title='bbox 1284 665 1386 700; x_wconf 90' lang='lat' dir='ltr'><strong>Spiritu</strong></span> <span class='ocrx_word' id='word_1_379' title='bbox 1400 670 1494 693; x_wconf 88' lang='lat' dir='ltr'><strong>sancto</strong></span> <span class='ocrx_word' id='word_1_380' title='bbox 1508 666 1665 701; x_wconf 74' lang='lat' dir='ltr'><strong>conscripti,</strong></span> <span class='ocrx_word' id='word_1_381' title='bbox 1681 665 1779 700; x_wconf 89' lang='lat' dir='ltr'><strong>quibus</strong></span> 
     </span>
    </p>
   </div>
   <div class='ocr_carea' id='block_1_57' title="bbox 993 711 1776 746">
    <p class='ocr_par' dir='ltr' id='par_1_57' title="bbox 993 711 1776 746">
     <span class='ocr_line' id='line_1_57' title="bbox 993 711 1776 746; baseline 0.001 -8"><span class='ocrx_word' id='word_1_382' title='bbox 993 711 1137 744; x_wconf 84' lang='lat' dir='ltr'><strong>iudicatur,</strong></span> <span class='ocrx_word' id='word_1_383' title='bbox 1171 719 1204 738; x_wconf 78' lang='lat' dir='ltr'><strong>ex</strong></span> <span class='ocrx_word' id='word_1_384' title='bbox 1229 711 1307 744; x_wconf 83' lang='lat' dir='ltr'><strong>Filio,</strong></span> <span class='ocrx_word' id='word_1_385' title='bbox 1324 717 1351 738; x_wconf 86' lang='lat' dir='ltr'><strong>et</strong></span> <span class='ocrx_word' id='word_1_386' title='bbox 1377 719 1425 746; x_wconf 85' lang='lat' dir='ltr'><strong>per</strong></span> <span class='ocrx_word' id='word_1_387' title='bbox 1454 711 1553 739; x_wconf 83' lang='lat' dir='ltr'><strong>Filium</strong></span> <span class='ocrx_word' id='word_1_388' title='bbox 1590 712 1776 739; x_wconf 83' lang='lat' dir='ltr'><strong>substantiam</strong></span> 
     </span>
    </p>
   </div>
   <div class='ocr_carea' id='block_1_58' title="bbox 993 756 1566 790">
    <p class='ocr_par' dir='ltr' id='par_1_58' title="bbox 993 756 1566 790">
     <span class='ocr_line' id='line_1_58' title="bbox 993 756 1566 790; baseline 0.002 -7"><span class='ocrx_word' id='word_1_389' title='bbox 993 756 1105 790; x_wconf 86' lang='lat' dir='ltr'><strong>habere,</strong></span> <span class='ocrx_word' id='word_1_390' title='bbox 1122 764 1137 783; x_wconf 85' lang='lat' dir='ltr'><strong>a</strong></span> <span class='ocrx_word' id='word_1_391' title='bbox 1151 757 1255 785; x_wconf 82' lang='lat' dir='ltr'><strong>sanctis</strong></span> <span class='ocrx_word' id='word_1_392' title='bbox 1278 756 1406 785; x_wconf 83' lang='lat' dir='ltr'><strong>Patribus</strong></span> <span class='ocrx_word' id='word_1_393' title='bbox 1426 757 1566 785; x_wconf 88' lang='lat' dir='ltr'><strong>traditum.</strong></span> 
     </span>
    </p>
   </div>
   <div class='ocr_carea' id='block_1_59' title="bbox 1027 811 1778 847">
    <p class='ocr_par' dir='ltr' id='par_1_59' title="bbox 1027 811 1778 847">
     <span class='ocr_line' id='line_1_59' title="bbox 1027 811 1778 847; baseline 0 -8"><span class='ocrx_word' id='word_1_394' title='bbox 1027 811 1136 839; x_wconf 83' lang='lat' dir='ltr'><strong>Addunt</strong></span> <span class='ocrx_word' id='word_1_395' title='bbox 1152 816 1295 846; x_wconf 66' lang='lat' dir='ltr'><strong>praeterea,</strong></span> <span class='ocrx_word' id='word_1_396' title='bbox 1310 811 1354 846; x_wconf 91' lang='lat' dir='ltr'><strong>qui</strong></span> <span class='ocrx_word' id='word_1_397' title='bbox 1375 812 1413 839; x_wconf 87' lang='lat' dir='ltr'><strong>ita</strong></span> <span class='ocrx_word' id='word_1_398' title='bbox 1425 812 1555 844; x_wconf 86' lang='lat' dir='ltr'><strong>sentiunt,</strong></span> <span class='ocrx_word' id='word_1_399' title='bbox 1581 812 1692 839; x_wconf 84' lang='lat' dir='ltr'><strong>Nullum</strong></span> <span class='ocrx_word' id='word_1_400' title='bbox 1706 812 1778 847; x_wconf 84' lang='lat' dir='ltr'><strong>apud</strong></span> 
     </span>
    </p>
   </div>
   <div class='ocr_carea' id='block_1_60' title="bbox 994 856 1779 894">
    <p class='ocr_par' dir='ltr' id='par_1_60' title="bbox 994 856 1779 894">
     <span class='ocr_line' id='line_1_60' title="bbox 994 856 1779 894; baseline 0.003 -10"><span class='ocrx_word' id='word_1_401' title='bbox 994 856 1112 889; x_wconf 78' lang='lat' dir='ltr'><strong>Latinos,</strong></span> <span class='ocrx_word' id='word_1_402' title='bbox 1123 862 1179 890; x_wconf 82' lang='lat' dir='ltr'><strong>post</strong></span> <span class='ocrx_word' id='word_1_403' title='bbox 1195 857 1310 884; x_wconf 79' lang='lat' dir='ltr'><strong>scltisma</strong></span> <span class='ocrx_word' id='word_1_404' title='bbox 1323 858 1427 892; x_wconf 75' lang='lat' dir='ltr'><strong>signum</strong></span> <span class='ocrx_word' id='word_1_405' title='bbox 1441 857 1524 892; x_wconf 71' lang='lat' dir='ltr'><strong>fuisse</strong></span> <span class='ocrx_word' id='word_1_406' title='bbox 1535 857 1608 893; x_wconf 81' lang='lat'><strong>(78);</strong></span> <span class='ocrx_word' id='word_1_407' title='bbox 1622 858 1695 894; x_wconf 89' lang='lat' dir='ltr'><strong>quod</strong></span> <span class='ocrx_word' id='word_1_408' title='bbox 1707 858 1779 886; x_wconf 89' lang='lat' dir='ltr'><strong>enim</strong></span> 
     </span>
    </p>
   </div>
   <div class='ocr_carea' id='block_1_61' title="bbox 993 903 1779 938">
    <p class='ocr_par' dir='ltr' id='par_1_61' title="bbox 993 903 1779 938">
     <span class='ocr_line' id='line_1_61' title="bbox 993 903 1779 938; baseline 0 -8"><span class='ocrx_word' id='word_1_409' title='bbox 993 911 1045 930; x_wconf 89' lang='lat' dir='ltr'><strong>non</strong></span> <span class='ocrx_word' id='word_1_410' title='bbox 1062 903 1177 937; x_wconf 87' lang='lat' dir='ltr'><strong>videtur,</strong></span> <span class='ocrx_word' id='word_1_411' title='bbox 1196 910 1284 938; x_wconf 78' lang='lat' dir='ltr'><strong>neque</strong></span> <span class='ocrx_word' id='word_1_412' title='bbox 1301 910 1362 931; x_wconf 84' lang='lat' dir='ltr'><strong>esse</strong></span> <span class='ocrx_word' id='word_1_413' title='bbox 1387 908 1493 938; x_wconf 88' lang='lat' dir='ltr'><strong>putant.</strong></span> <span class='ocrx_word' id='word_1_414' title='bbox 1520 903 1620 931; x_wconf 83' lang='lat' dir='ltr'><strong>Volunt</strong></span> <span class='ocrx_word' id='word_1_415' title='bbox 1646 904 1719 931; x_wconf 92' lang='lat' dir='ltr'><strong>enim</strong></span> <span class='ocrx_word' id='word_1_416' title='bbox 1745 911 1779 931; x_wconf 75' lang='lat' dir='ltr'><strong>es</strong></span> 
     </span>
    </p>
   </div>
   <div class='ocr_carea' id='block_1_62' title="bbox 992 948 1777 984">
    <p class='ocr_par' dir='ltr' id='par_1_62' title="bbox 992 948 1777 984">
     <span class='ocr_line' id='line_1_62' title="bbox 992 948 1777 984; baseline 0 -8"><span class='ocrx_word' id='word_1_417' title='bbox 992 949 1188 983; x_wconf 70' lang='lat' dir='ltr'><strong>Tiiracia,qttae</strong></span> <span class='ocrx_word' id='word_1_418' title='bbox 1217 949 1243 976; x_wconf 91' lang='lat' dir='ltr'><strong>in</strong></span> <span class='ocrx_word' id='word_1_419' title='bbox 1272 949 1357 980; x_wconf 85' lang='lat' dir='ltr'><strong>Italia.</strong></span> <span class='ocrx_word' id='word_1_420' title='bbox 1371 954 1399 976; x_wconf 88' lang='lat' dir='ltr'><strong>et</strong></span> <span class='ocrx_word' id='word_1_421' title='bbox 1450 948 1607 982; x_wconf 85' lang='lat' dir='ltr'><strong>Germania,</strong></span> <span class='ocrx_word' id='word_1_422' title='bbox 1633 948 1777 984; x_wconf 84' lang='lat' dir='ltr'><strong>Hispania,</strong></span> 
     </span>
    </p>
   </div>
   <div class='ocr_carea' id='block_1_63' title="bbox 990 993 1777 1029">
    <p class='ocr_par' dir='ltr' id='par_1_63' title="bbox 990 993 1777 1029">
     <span class='ocr_line' id='line_1_63' title="bbox 990 993 1777 1029; baseline -0.001 -7"><span class='ocrx_word' id='word_1_423' title='bbox 990 999 1018 1022; x_wconf 85' lang='lat' dir='ltr'><strong>et</strong></span> <span class='ocrx_word' id='word_1_424' title='bbox 1041 995 1066 1021; x_wconf 93' lang='lat' dir='ltr'><strong>in</strong></span> <span class='ocrx_word' id='word_1_425' title='bbox 1079 994 1182 1026; x_wconf 70' lang='lat' dir='ltr'><strong>Galliis,</strong></span> <span class='ocrx_word' id='word_1_426' title='bbox 1196 1001 1228 1022; x_wconf 88' lang='lat' dir='ltr'><strong>ac</strong></span> <span class='ocrx_word' id='word_1_427' title='bbox 1241 993 1405 1022; x_wconf 83' lang='lat' dir='ltr'><strong>Britannicis</strong></span> <span class='ocrx_word' id='word_1_428' title='bbox 1431 995 1527 1022; x_wconf 85' lang='lat' dir='ltr'><strong>insulis</strong></span> <span class='ocrx_word' id='word_1_429' title='bbox 1546 1000 1610 1022; x_wconf 87' lang='lat' dir='ltr'><strong>sunt</strong></span> <span class='ocrx_word' id='word_1_430' title='bbox 1633 995 1777 1029; x_wconf 85' lang='lat' dir='ltr'><strong>inspicere,</strong></span> 
     </span>
    </p>
   </div>
   <div class='ocr_carea' id='block_1_64' title="bbox 991 1039 1779 1075">
    <p class='ocr_par' dir='ltr' id='par_1_64' title="bbox 991 1039 1779 1075">
     <span class='ocr_line' id='line_1_64' title="bbox 991 1039 1779 1075; baseline -0.001 -7"><span class='ocrx_word' id='word_1_431' title='bbox 991 1040 1036 1068; x_wconf 83' lang='lat' dir='ltr'><strong>ubi</strong></span> <span class='ocrx_word' id='word_1_432' title='bbox 1046 1044 1108 1074; x_wconf 90' lang='lat' dir='ltr'><strong>post</strong></span> <span class='ocrx_word' id='word_1_433' title='bbox 1123 1039 1242 1068; x_wconf 88' lang='lat' dir='ltr'><strong>schistua</strong></span> <span class='ocrx_word' id='word_1_434' title='bbox 1259 1039 1366 1074; x_wconf 90' lang='lat' dir='ltr'><strong>plurimi</strong></span> <span class='ocrx_word' id='word_1_435' title='bbox 1384 1039 1539 1071; x_wconf 87' lang='lat' dir='ltr'><strong>virtutibus,</strong></span> <span class='ocrx_word' id='word_1_436' title='bbox 1554 1044 1635 1075; x_wconf 87' lang='lat' dir='ltr'><strong>atque</strong></span> <span class='ocrx_word' id='word_1_437' title='bbox 1648 1039 1779 1074; x_wconf 77' lang='lat' dir='ltr'><strong>prodigiis</strong></span> 
     </span>
    </p>
   </div>
   <div class='ocr_carea' id='block_1_65' title="bbox 990 1085 1772 1120">
    <p class='ocr_par' dir='ltr' id='par_1_65' title="bbox 990 1085 1772 1120">
     <span class='ocr_line' id='line_1_65' title="bbox 990 1085 1772 1120; baseline -0.003 -7"><span class='ocrx_word' id='word_1_438' title='bbox 990 1086 1110 1120; x_wconf 71' lang='lat' dir='ltr'><strong>insignes</strong></span> <span class='ocrx_word' id='word_1_439' title='bbox 1131 1085 1305 1113; x_wconf 86' lang='lat' dir='ltr'><strong>Occidentem</strong></span> <span class='ocrx_word' id='word_1_440' title='bbox 1337 1085 1507 1113; x_wconf 84' lang='lat' dir='ltr'><strong>illustrarunt</strong></span> <span class='ocrx_word' id='word_1_441' title='bbox 1524 1090 1621 1117; x_wconf 89' lang='lat' dir='ltr'><strong>totum,</strong></span> <span class='ocrx_word' id='word_1_442' title='bbox 1643 1093 1697 1112; x_wconf 86' lang='lat' dir='ltr'><strong>non</strong></span> <span class='ocrx_word' id='word_1_443' title='bbox 1713 1093 1772 1111; x_wconf 89' lang='lat' dir='ltr'><strong>am-</strong></span> 
     </span>
    </p>
   </div>
   <div class='ocr_carea' id='block_1_66' title="bbox 991 1131 1781 1166">
    <p class='ocr_par' dir='ltr' id='par_1_66' title="bbox 991 1131 1781 1166">
     <span class='ocr_line' id='line_1_66' title="bbox 991 1131 1781 1166; baseline -0.001 -7"><span class='ocrx_word' id='word_1_444' title='bbox 991 1132 1077 1166; x_wconf 81' lang='lat' dir='ltr'><strong>biguis</strong></span> <span class='ocrx_word' id='word_1_445' title='bbox 1095 1131 1267 1166; x_wconf 85' lang='lat' dir='ltr'><strong>quibusdam,</strong></span> <span class='ocrx_word' id='word_1_446' title='bbox 1280 1135 1308 1159; x_wconf 82' lang='lat' dir='ltr'><strong>et</strong></span> <span class='ocrx_word' id='word_1_447' title='bbox 1324 1131 1458 1163; x_wconf 90' lang='lat' dir='ltr'><strong>obscuris,</strong></span> <span class='ocrx_word' id='word_1_448' title='bbox 1469 1132 1516 1158; x_wconf 85' lang='lat' dir='ltr'><strong>sed</strong></span> <span class='ocrx_word' id='word_1_449' title='bbox 1532 1131 1624 1166; x_wconf 81' lang='lat' dir='ltr'><strong>qualia</strong></span> <span class='ocrx_word' id='word_1_450' title='bbox 1639 1132 1673 1159; x_wconf 86' lang='lat' dir='ltr'><strong>ab</strong></span> <span class='ocrx_word' id='word_1_451' title='bbox 1700 1139 1781 1166; x_wconf 84' lang='lat' dir='ltr'><strong>apos-</strong></span> 
     </span>
    </p>
   </div>
   <div class='ocr_carea' id='block_1_67' title="bbox 991 1177 1782 1212">
    <p class='ocr_par' dir='ltr' id='par_1_67' title="bbox 991 1177 1782 1212">
     <span class='ocr_line' id='line_1_67' title="bbox 991 1177 1782 1212; baseline -0.001 -7"><span class='ocrx_word' id='word_1_452' title='bbox 991 1178 1065 1211; x_wconf 87' lang='lat' dir='ltr'><strong>tolis,</strong></span> <span class='ocrx_word' id='word_1_453' title='bbox 1077 1185 1224 1212; x_wconf 86' lang='lat' dir='ltr'><strong>eorumque</strong></span> <span class='ocrx_word' id='word_1_454' title='bbox 1235 1178 1439 1206; x_wconf 83' lang='lat' dir='ltr'><strong>successoribus</strong></span> <span class='ocrx_word' id='word_1_455' title='bbox 1453 1178 1522 1205; x_wconf 86' lang='lat' dir='ltr'><strong>taeta</strong></span> <span class='ocrx_word' id='word_1_456' title='bbox 1535 1178 1661 1212; x_wconf 79' lang='lat' dir='ltr'><strong>legimus.</strong></span> <span class='ocrx_word' id='word_1_457' title='bbox 1687 1177 1782 1210; x_wconf 84' lang='lat' dir='ltr'><strong>Quan-</strong></span> 
     </span>
    </p>
   </div>
   <div class='ocr_carea' id='block_1_68' title="bbox 992 1223 1779 1260">
    <p class='ocr_par' dir='ltr' id='par_1_68' title="bbox 992 1223 1779 1260">
     <span class='ocr_line' id='line_1_68' title="bbox 992 1223 1779 1260; baseline -0.003 -9"><span class='ocrx_word' id='word_1_458' title='bbox 992 1232 1072 1260; x_wconf 83' lang='lat' dir='ltr'><strong>quam</strong></span> <span class='ocrx_word' id='word_1_459' title='bbox 1088 1224 1139 1251; x_wconf 86' lang='lat' dir='ltr'><strong>ista</strong></span> <span class='ocrx_word' id='word_1_460' title='bbox 1163 1224 1271 1259; x_wconf 88' lang='lat' dir='ltr'><strong>quidem</strong></span> <span class='ocrx_word' id='word_1_461' title='bbox 1299 1224 1378 1251; x_wconf 91' lang='lat' dir='ltr'><strong>modo</strong></span> <span class='ocrx_word' id='word_1_462' title='bbox 1409 1223 1570 1258; x_wconf 82' lang='lat' dir='ltr'><strong>inquirenda</strong></span> <span class='ocrx_word' id='word_1_463' title='bbox 1595 1231 1649 1250; x_wconf 86' lang='lat' dir='ltr'><strong>non</strong></span> <span class='ocrx_word' id='word_1_464' title='bbox 1679 1227 1779 1255; x_wconf 88' lang='lat' dir='ltr'><strong>erant;</strong></span> 
     </span>
    </p>
   </div>
   <div class='ocr_carea' id='block_1_69' title="bbox 993 1269 1779 1305">
    <p class='ocr_par' dir='ltr' id='par_1_69' title="bbox 993 1269 1779 1305">
     <span class='ocr_line' id='line_1_69' title="bbox 993 1269 1779 1305; baseline -0.001 -8"><span class='ocrx_word' id='word_1_465' title='bbox 993 1277 1080 1303; x_wconf 83' lang='lat' dir='ltr'><strong>neque</strong></span> <span class='ocrx_word' id='word_1_466' title='bbox 1098 1269 1251 1298; x_wconf 86' lang='lat' dir='ltr'><strong>sanctitatis</strong></span> <span class='ocrx_word' id='word_1_467' title='bbox 1263 1270 1363 1297; x_wconf 87' lang='lat' dir='ltr'><strong>indicto</strong></span> <span class='ocrx_word' id='word_1_468' title='bbox 1375 1270 1526 1297; x_wconf 83' lang='lat' dir='ltr'><strong>sumenda:</strong></span> <span class='ocrx_word' id='word_1_469' title='bbox 1555 1269 1640 1305; x_wconf 84' lang='lat' dir='ltr'><strong>Signa</strong></span> <span class='ocrx_word' id='word_1_470' title='bbox 1673 1269 1779 1304; x_wconf 82' lang='lat' dir='ltr'><strong>quidem</strong></span> 
     </span>
    </p>
   </div>
   <div class='ocr_carea' id='block_1_70' title="bbox 994 1315 1780 1351">
    <p class='ocr_par' dir='ltr' id='par_1_70' title="bbox 994 1315 1780 1351">
     <span class='ocr_line' id='line_1_70' title="bbox 994 1315 1780 1351; baseline 0 -9"><span class='ocrx_word' id='word_1_471' title='bbox 994 1323 1044 1343; x_wconf 85' lang='lat' dir='ltr'><strong>non</strong></span> <span class='ocrx_word' id='word_1_472' title='bbox 1062 1316 1194 1350; x_wconf 74' lang='lat' dir='ltr'><strong>ﬁdelibus,</strong></span> <span class='ocrx_word' id='word_1_473' title='bbox 1212 1315 1418 1349; x_wconf 80' lang='lat' dir='ltr'><strong>sedinﬁdelibus</strong></span> <span class='ocrx_word' id='word_1_474' title='bbox 1429 1317 1469 1349; x_wconf 86' lang='lat'><strong>“;</strong></span> <span class='ocrx_word' id='word_1_475' title='bbox 1486 1320 1532 1343; x_wconf 87' lang='lat' dir='ltr'><strong>et:</strong></span> <span class='ocrx_word' id='word_1_476' title='bbox 1553 1315 1643 1344; x_wconf 81' lang='lat' dir='ltr'><strong>Nolite</strong></span> <span class='ocrx_word' id='word_1_477' title='bbox 1657 1318 1780 1351; x_wconf 76' lang='lat' dir='ltr'><strong>gaudere,</strong></span> 
     </span>
    </p>
   </div>
   <div class='ocr_carea' id='block_1_71' title="bbox 992 1361 1780 1396">
    <p class='ocr_par' dir='ltr' id='par_1_71' title="bbox 992 1361 1780 1396">
     <span class='ocr_line' id='line_1_71' title="bbox 992 1361 1780 1396; baseline 0 -8"><span class='ocrx_word' id='word_1_478' title='bbox 992 1361 1054 1396; x_wconf 83' lang='lat' dir='ltr'><strong>quia</strong></span> <span class='ocrx_word' id='word_1_479' title='bbox 1066 1361 1197 1389; x_wconf 74' lang='lat' dir='ltr'><strong>dmuonia</strong></span> <span class='ocrx_word' id='word_1_480' title='bbox 1211 1362 1283 1388; x_wconf 72' lang='lat' dir='ltr'><strong>vobis</strong></span> <span class='ocrx_word' id='word_1_481' title='bbox 1304 1361 1409 1388; x_wconf 83' lang='lat' dir='ltr'><strong>subdita</strong></span> <span class='ocrx_word' id='word_1_482' title='bbox 1422 1366 1482 1389; x_wconf 78' lang='lat' dir='ltr'><strong>sunt</strong></span> <span class='ocrx_word' id='word_1_483' title='bbox 1493 1370 1503 1389; x_wconf 92' lang='lat'><em>:</em></span> <span class='ocrx_word' id='word_1_484' title='bbox 1523 1362 1568 1388; x_wconf 78' lang='lat' dir='ltr'><strong>sed</strong></span> <span class='ocrx_word' id='word_1_485' title='bbox 1583 1362 1705 1396; x_wconf 83' lang='lat' dir='ltr'><strong>gaudete,</strong></span> <span class='ocrx_word' id='word_1_486' title='bbox 1717 1361 1780 1396; x_wconf 79' lang='lat' dir='ltr'><strong>quia</strong></span> 
     </span>
    </p>
   </div>
   <div class='ocr_carea' id='block_1_72' title="bbox 991 1407 1782 1443">
    <p class='ocr_par' dir='ltr' id='par_1_72' title="bbox 991 1407 1782 1443">
     <span class='ocr_line' id='line_1_72' title="bbox 991 1407 1782 1443; baseline 0 -9"><span class='ocrx_word' id='word_1_487' title='bbox 991 1407 1100 1434; x_wconf 82' lang='lat' dir='ltr'><strong>nomina</strong></span> <span class='ocrx_word' id='word_1_488' title='bbox 1113 1412 1199 1434; x_wconf 82' lang='lat' dir='ltr'><strong>uestra</strong></span> <span class='ocrx_word' id='word_1_489' title='bbox 1215 1407 1315 1442; x_wconf 82' lang='lat' dir='ltr'><strong>scripta</strong></span> <span class='ocrx_word' id='word_1_490' title='bbox 1336 1412 1397 1434; x_wconf 85' lang='lat' dir='ltr'><strong>sunt</strong></span> <span class='ocrx_word' id='word_1_491' title='bbox 1426 1408 1452 1434; x_wconf 84' lang='lat' dir='ltr'><strong>in</strong></span> <span class='ocrx_word' id='word_1_492' title='bbox 1464 1408 1536 1434; x_wconf 69' lang='lat' dir='ltr'><strong>cistis</strong></span> <span class='ocrx_word' id='word_1_493' title='bbox 1545 1408 1583 1440; x_wconf 83' lang='lat'><strong>&quot;;</strong></span> <span class='ocrx_word' id='word_1_494' title='bbox 1598 1412 1635 1437; x_wconf 87' lang='lat' dir='ltr'><strong>et.</strong></span> <span class='ocrx_word' id='word_1_495' title='bbox 1671 1414 1732 1443; x_wconf 72' lang='lat' dir='ltr'><strong>quas</strong></span> <span class='ocrx_word' id='word_1_496' title='bbox 1755 1407 1782 1434; x_wconf 85' lang='lat' dir='ltr'><strong>in</strong></span> 
     </span>
    </p>
   </div>
   <div class='ocr_carea' id='block_1_73' title="bbox 993 1452 1669 1481">
    <p class='ocr_par' dir='ltr' id='par_1_73' title="bbox 993 1452 1669 1481">
     <span class='ocr_line' id='line_1_73' title="bbox 993 1452 1669 1481; baseline 0.001 -2"><span class='ocrx_word' id='word_1_497' title='bbox 993 1452 1064 1480; x_wconf 75' lang='lat' dir='ltr'><strong>hanc</strong></span> <span class='ocrx_word' id='word_1_498' title='bbox 1089 1460 1145 1480; x_wconf 88' lang='lat' dir='ltr'><strong>rem</strong></span> <span class='ocrx_word' id='word_1_499' title='bbox 1159 1460 1173 1480; x_wconf 88' lang='lat' dir='ltr'><strong>a</strong></span> <span class='ocrx_word' id='word_1_500' title='bbox 1190 1453 1331 1481; x_wconf 82' lang='lat' dir='ltr'><strong>Salvatore</strong></span> <span class='ocrx_word' id='word_1_501' title='bbox 1344 1454 1424 1481; x_wconf 64' lang='lat' dir='ltr'><strong>dictae</strong></span> <span class='ocrx_word' id='word_1_502' title='bbox 1440 1457 1502 1480; x_wconf 88' lang='lat' dir='ltr'><strong>sunt</strong></span> <span class='ocrx_word' id='word_1_503' title='bbox 1517 1454 1669 1481; x_wconf 66' lang='lat' dir='ltr'><strong>sententiae.</strong></span> 
     </span>
    </p>
   </div>
   <div class='ocr_carea' id='block_1_74' title="bbox 1274 1510 1524 1538">
    <p class='ocr_par' dir='ltr' id='par_1_74' title="bbox 1274 1510 1524 1538">
     <span class='ocr_line' id='line_1_74' title="bbox 1274 1510 1524 1538; baseline 0 0"><span class='ocrx_word' id='word_1_504' title='bbox 1274 1511 1311 1538; x_wconf 88' lang='lat' dir='ltr'><strong>De</strong></span> <span class='ocrx_word' id='word_1_505' title='bbox 1341 1510 1524 1538; x_wconf 79' lang='lat' dir='ltr'><strong>Eucharistia.</strong></span> 
     </span>
    </p>
   </div>
   <div class='ocr_carea' id='block_1_75' title="bbox 1028 1566 1783 1602">
    <p class='ocr_par' dir='ltr' id='par_1_75' title="bbox 1028 1566 1783 1602">
     <span class='ocr_line' id='line_1_75' title="bbox 1028 1566 1783 1602; baseline 0.001 -9"><span class='ocrx_word' id='word_1_506' title='bbox 1028 1566 1143 1600; x_wconf 86' lang='lat' dir='ltr'><strong>Quidam</strong></span> <span class='ocrx_word' id='word_1_507' title='bbox 1159 1567 1240 1594; x_wconf 85' lang='lat' dir='ltr'><strong>etiam</strong></span> <span class='ocrx_word' id='word_1_508' title='bbox 1267 1567 1401 1594; x_wconf 89' lang='lat' dir='ltr'><strong>Dominici</strong></span> <span class='ocrx_word' id='word_1_509' title='bbox 1432 1568 1554 1602; x_wconf 88' lang='lat' dir='ltr'><strong>corporis</strong></span> <span class='ocrx_word' id='word_1_510' title='bbox 1586 1573 1613 1595; x_wconf 89' lang='lat' dir='ltr'><strong>et</strong></span> <span class='ocrx_word' id='word_1_511' title='bbox 1643 1567 1783 1602; x_wconf 76' lang='lat' dir='ltr'><strong>sanguinis</strong></span> 
     </span>
    </p>
   </div>
   <div class='ocr_carea' id='block_1_76' title="bbox 995 1613 1780 1649">
    <p class='ocr_par' dir='ltr' id='par_1_76' title="bbox 995 1613 1780 1649">
     <span class='ocr_line' id='line_1_76' title="bbox 995 1613 1780 1649; baseline 0 -8"><span class='ocrx_word' id='word_1_512' title='bbox 995 1613 1150 1649; x_wconf 83' lang='lat' dir='ltr'><strong>mysterium</strong></span> <span class='ocrx_word' id='word_1_513' title='bbox 1162 1620 1194 1639; x_wconf 83' lang='lat' dir='ltr'><strong>ex</strong></span> <span class='ocrx_word' id='word_1_514' title='bbox 1211 1613 1264 1645; x_wconf 87' lang='lat' dir='ltr'><strong>his,</strong></span> <span class='ocrx_word' id='word_1_515' title='bbox 1285 1621 1346 1647; x_wconf 65' lang='lat' dir='ltr'><strong>quae</strong></span> <span class='ocrx_word' id='word_1_516' title='bbox 1357 1614 1462 1645; x_wconf 89' lang='lat' dir='ltr'><strong>dicunt,</strong></span> <span class='ocrx_word' id='word_1_517' title='bbox 1481 1614 1595 1641; x_wconf 87' lang='lat' dir='ltr'><strong>tollunt:</strong></span> <span class='ocrx_word' id='word_1_518' title='bbox 1614 1613 1676 1640; x_wconf 83' lang='lat' dir='ltr'><strong>Non</strong></span> <span class='ocrx_word' id='word_1_519' title='bbox 1698 1615 1780 1641; x_wconf 76' lang='lat' dir='ltr'><strong>etiam</strong></span> 
     </span>
    </p>
   </div>
   <div class='ocr_carea' id='block_1_77' title="bbox 994 1659 1781 1695">
    <p class='ocr_par' dir='ltr' id='par_1_77' title="bbox 994 1659 1781 1695">
     <span class='ocr_line' id='line_1_77' title="bbox 994 1659 1781 1695; baseline -0.001 -8"><span class='ocrx_word' id='word_1_520' title='bbox 994 1660 1063 1694; x_wconf 82' lang='lat' dir='ltr'><strong>apud</strong></span> <span class='ocrx_word' id='word_1_521' title='bbox 1082 1659 1265 1687; x_wconf 75' lang='lat' dir='ltr'><strong>Occidentales</strong></span> <span class='ocrx_word' id='word_1_522' title='bbox 1298 1659 1460 1686; x_wconf 81' lang='lat' dir='ltr'><strong>benedictum</strong></span> <span class='ocrx_word' id='word_1_523' title='bbox 1480 1668 1577 1695; x_wconf 87' lang='lat' dir='ltr'><strong>aquam</strong></span> <span class='ocrx_word' id='word_1_524' title='bbox 1598 1659 1781 1694; x_wconf 82' lang='lat' dir='ltr'><strong>incorruptam</strong></span> 
     </span>
    </p>
   </div>
   <div class='ocr_carea' id='block_1_78' title="bbox 993 1705 1782 1740">
    <p class='ocr_par' dir='ltr' id='par_1_78' title="bbox 993 1705 1782 1740">
     <span class='ocr_line' id='line_1_78' title="bbox 993 1705 1782 1740; baseline 0 -7"><span class='ocrx_word' id='word_1_525' title='bbox 993 1705 1092 1733; x_wconf 82' lang='lat' dir='ltr'><strong>durare</strong></span> <span class='ocrx_word' id='word_1_526' title='bbox 1118 1707 1243 1738; x_wconf 83' lang='lat' dir='ltr'><strong>dicentes,</strong></span> <span class='ocrx_word' id='word_1_527' title='bbox 1271 1706 1347 1740; x_wconf 82' lang='lat' dir='ltr'><strong>idque</strong></span> <span class='ocrx_word' id='word_1_528' title='bbox 1373 1706 1480 1732; x_wconf 87' lang='lat' dir='ltr'><strong>illorum</strong></span> <span class='ocrx_word' id='word_1_529' title='bbox 1506 1706 1632 1733; x_wconf 67' lang='lat' dir='ltr'><strong>Itazreseos</strong></span> <span class='ocrx_word' id='word_1_530' title='bbox 1656 1707 1782 1733; x_wconf 83' lang='lat' dir='ltr'><strong>indicium</strong></span> 
     </span>
    </p>
   </div>
   <div class='ocr_carea' id='block_1_79' title="bbox 995 1751 1782 1787">
    <p class='ocr_par' dir='ltr' id='par_1_79' title="bbox 995 1751 1782 1787">
     <span class='ocr_line' id='line_1_79' title="bbox 995 1751 1782 1787; baseline 0.001 -9"><span class='ocrx_word' id='word_1_531' title='bbox 995 1755 1128 1779; x_wconf 79' lang='lat' dir='ltr'><strong>asserunt.</strong></span> <span class='ocrx_word' id='word_1_532' title='bbox 1153 1751 1280 1786; x_wconf 77' lang='lat' dir='ltr'><strong>Ignorant</strong></span> <span class='ocrx_word' id='word_1_533' title='bbox 1305 1751 1377 1779; x_wconf 88' lang='lat' dir='ltr'><strong>enim</strong></span> <span class='ocrx_word' id='word_1_534' title='bbox 1409 1751 1471 1786; x_wconf 88' lang='lat' dir='ltr'><strong>quia</strong></span> <span class='ocrx_word' id='word_1_535' title='bbox 1496 1752 1654 1787; x_wconf 80' lang='lat' dir='ltr'><strong>mysterium</strong></span> <span class='ocrx_word' id='word_1_536' title='bbox 1672 1752 1782 1787; x_wconf 87' lang='lat' dir='ltr'><strong>quidem</strong></span> 
     </span>
    </p>
   </div>
   <div class='ocr_carea' id='block_1_80' title="bbox 996 1796 1783 1832">
    <p class='ocr_par' dir='ltr' id='par_1_80' title="bbox 996 1796 1783 1832">
     <span class='ocr_line' id='line_1_80' title="bbox 996 1796 1783 1832; baseline 0 -8"><span class='ocrx_word' id='word_1_537' title='bbox 996 1797 1059 1824; x_wconf 91' lang='lat' dir='ltr'><strong>illud</strong></span> <span class='ocrx_word' id='word_1_538' title='bbox 1075 1797 1203 1824; x_wconf 88' lang='lat' dir='ltr'><strong>omnibus</strong></span> <span class='ocrx_word' id='word_1_539' title='bbox 1225 1797 1251 1823; x_wconf 93' lang='lat' dir='ltr'><strong>in</strong></span> <span class='ocrx_word' id='word_1_540' title='bbox 1274 1796 1376 1824; x_wconf 89' lang='lat' dir='ltr'><strong>Christi</strong></span> <span class='ocrx_word' id='word_1_541' title='bbox 1394 1796 1514 1824; x_wconf 85' lang='lat' dir='ltr'><strong>Ecclesia</strong></span> <span class='ocrx_word' id='word_1_542' title='bbox 1532 1797 1670 1832; x_wconf 86' lang='lat' dir='ltr'><strong>mysteriis</strong></span> <span class='ocrx_word' id='word_1_543' title='bbox 1698 1798 1783 1824; x_wconf 88' lang='lat' dir='ltr'><strong>mira-</strong></span> 
     </span>
    </p>
   </div>
   <div class='ocr_carea' id='block_1_81' title="bbox 995 1842 1781 1877">
    <p class='ocr_par' dir='ltr' id='par_1_81' title="bbox 995 1842 1781 1877">
     <span class='ocr_line' id='line_1_81' title="bbox 995 1842 1781 1877; baseline -0.003 -7"><span class='ocrx_word' id='word_1_544' title='bbox 995 1842 1075 1870; x_wconf 87' lang='lat' dir='ltr'><strong>bilius</strong></span> <span class='ocrx_word' id='word_1_545' title='bbox 1090 1849 1121 1869; x_wconf 84' lang='lat' dir='ltr'><strong>ac</strong></span> <span class='ocrx_word' id='word_1_546' title='bbox 1137 1842 1268 1875; x_wconf 82' lang='lat' dir='ltr'><strong>sanctius,</strong></span> <span class='ocrx_word' id='word_1_547' title='bbox 1289 1842 1315 1869; x_wconf 90' lang='lat' dir='ltr'><strong>in</strong></span> <span class='ocrx_word' id='word_1_548' title='bbox 1332 1849 1386 1877; x_wconf 90' lang='lat' dir='ltr'><strong>quo</strong></span> <span class='ocrx_word' id='word_1_549' title='bbox 1399 1849 1458 1869; x_wconf 92' lang='lat' dir='ltr'><strong>cum</strong></span> <span class='ocrx_word' id='word_1_550' title='bbox 1475 1842 1629 1870; x_wconf 88' lang='lat' dir='ltr'><strong>accidentia</strong></span> <span class='ocrx_word' id='word_1_551' title='bbox 1665 1843 1692 1869; x_wconf 95' lang='lat' dir='ltr'><strong>in</strong></span> <span class='ocrx_word' id='word_1_552' title='bbox 1717 1844 1781 1869; x_wconf 84' lang='lat' dir='ltr'><strong>sub-</strong></span> 
     </span>
    </p>
   </div>
   <div class='ocr_carea' id='block_1_82' title="bbox 993 1887 1783 1924">
    <p class='ocr_par' dir='ltr' id='par_1_82' title="bbox 993 1887 1783 1924">
     <span class='ocr_line' id='line_1_82' title="bbox 993 1887 1783 1924; baseline 0 -9"><span class='ocrx_word' id='word_1_553' title='bbox 993 1888 1065 1924; x_wconf 84' lang='lat' dir='ltr'><strong>jecta</strong></span> <span class='ocrx_word' id='word_1_554' title='bbox 1085 1887 1162 1922; x_wconf 84' lang='lat' dir='ltr'><strong>panis</strong></span> <span class='ocrx_word' id='word_1_555' title='bbox 1178 1887 1331 1915; x_wconf 86' lang='lat' dir='ltr'><strong>substantia</strong></span> <span class='ocrx_word' id='word_1_556' title='bbox 1358 1888 1556 1923; x_wconf 86' lang='lat' dir='ltr'><strong>maneant(79),</strong></span> <span class='ocrx_word' id='word_1_557' title='bbox 1573 1895 1606 1915; x_wconf 87' lang='lat' dir='ltr'><strong>eo</strong></span> <span class='ocrx_word' id='word_1_558' title='bbox 1621 1888 1692 1922; x_wconf 90' lang='lat' dir='ltr'><strong>quod</strong></span> <span class='ocrx_word' id='word_1_559' title='bbox 1704 1887 1783 1921; x_wconf 90' lang='lat' dir='ltr'><strong>quasi</strong></span> 
     </span>
    </p>
   </div>
   <div class='ocr_carea' id='block_1_83' title="bbox 996 1932 1783 1961">
    <p class='ocr_par' dir='ltr' id='par_1_83' title="bbox 996 1932 1783 1961">
     <span class='ocr_line' id='line_1_83' title="bbox 996 1932 1783 1961; baseline -0.004 0"><span class='ocrx_word' id='word_1_560' title='bbox 996 1933 1047 1961; x_wconf 86' lang='lat' dir='ltr'><strong>sub</strong></span> <span class='ocrx_word' id='word_1_561' title='bbox 1067 1932 1241 1960; x_wconf 86' lang='lat' dir='ltr'><strong>sensibilibus</strong></span> <span class='ocrx_word' id='word_1_562' title='bbox 1257 1932 1416 1960; x_wconf 85' lang='lat' dir='ltr'><strong>velamentis</strong></span> <span class='ocrx_word' id='word_1_563' title='bbox 1436 1933 1580 1960; x_wconf 88' lang='lat' dir='ltr'><strong>traduntur</strong></span> <span class='ocrx_word' id='word_1_564' title='bbox 1606 1932 1685 1959; x_wconf 86' lang='lat' dir='ltr'><strong>nobis</strong></span> <span class='ocrx_word' id='word_1_565' title='bbox 1704 1939 1783 1959; x_wconf 70' lang='lat' dir='ltr'><strong>vene~</strong></span> 
     </span>
    </p>
   </div>
   <div class='ocr_carea' id='block_1_84' title="bbox 997 1977 1784 2013">
    <p class='ocr_par' dir='ltr' id='par_1_84' title="bbox 997 1977 1784 2013">
     <span class='ocr_line' id='line_1_84' title="bbox 997 1977 1784 2013; baseline -0.003 -8"><span class='ocrx_word' id='word_1_566' title='bbox 997 1978 1237 2013; x_wconf 84' lang='lat' dir='ltr'><strong>randamysteria,</strong></span> <span class='ocrx_word' id='word_1_567' title='bbox 1265 1977 1416 2012; x_wconf 84' lang='lat' dir='ltr'><strong>subjectum</strong></span> <span class='ocrx_word' id='word_1_568' title='bbox 1434 1977 1514 2012; x_wconf 88' lang='lat' dir='ltr'><strong>panis</strong></span> <span class='ocrx_word' id='word_1_569' title='bbox 1543 1978 1568 2004; x_wconf 93' lang='lat' dir='ltr'><strong>in</strong></span> <span class='ocrx_word' id='word_1_570' title='bbox 1601 1985 1701 2012; x_wconf 88' lang='lat' dir='ltr'><strong>corpus</strong></span> <span class='ocrx_word' id='word_1_571' title='bbox 1733 1977 1784 2003; x_wconf 86' lang='lat' dir='ltr'><strong>Do-</strong></span> 
     </span>
    </p>
   </div>
   <div class='ocr_carea' id='block_1_85' title="bbox 997 2025 1780 2061">
    <p class='ocr_par' dir='ltr' id='par_1_85' title="bbox 997 2025 1780 2061">
     <span class='ocr_line' id='line_1_85' title="bbox 997 2025 1780 2061; baseline -0.004 -7"><span class='ocrx_word' id='word_1_572' title='bbox 997 2026 1062 2054; x_wconf 91' lang='lat' dir='ltr'><strong>mini</strong></span> <span class='ocrx_word' id='word_1_573' title='bbox 1087 2030 1218 2053; x_wconf 87' lang='lat' dir='ltr'><strong>mutatur.</strong></span> <span class='ocrx_word' id='word_1_574' title='bbox 1242 2025 1299 2053; x_wconf 86' lang='lat' dir='ltr'><strong>Hoc</strong></span> <span class='ocrx_word' id='word_1_575' title='bbox 1339 2031 1439 2059; x_wconf 81' lang='lat' dir='ltr'><strong>autent,</strong></span> <span class='ocrx_word' id='word_1_576' title='bbox 1463 2025 1515 2053; x_wconf 90' lang='lat' dir='ltr'><strong>nisi</strong></span> <span class='ocrx_word' id='word_1_577' title='bbox 1554 2026 1615 2061; x_wconf 84' lang='lat' dir='ltr'><strong>quis</strong></span> <span class='ocrx_word' id='word_1_578' title='bbox 1649 2025 1780 2052; x_wconf 85' lang='lat' dir='ltr'><strong>adhibeat</strong></span> 
     </span>
    </p>
   </div>
   <div class='ocr_carea' id='block_1_86' title="bbox 997 2070 1782 2107">
    <p class='ocr_par' dir='ltr' id='par_1_86' title="bbox 997 2070 1782 2107">
     <span class='ocr_line' id='line_1_86' title="bbox 997 2070 1782 2107; baseline -0.004 -8"><span class='ocrx_word' id='word_1_579' title='bbox 997 2079 1142 2107; x_wconf 80' lang='lat' dir='ltr'><strong>congruam</strong></span> <span class='ocrx_word' id='word_1_580' title='bbox 1162 2070 1340 2106; x_wconf 71' lang='lat' dir='ltr'><strong>diligentiam,</strong></span> <span class='ocrx_word' id='word_1_581' title='bbox 1355 2078 1466 2099; x_wconf 82' lang='lat' dir='ltr'><strong>necesse</strong></span> <span class='ocrx_word' id='word_1_582' title='bbox 1476 2075 1528 2103; x_wconf 83' lang='lat' dir='ltr'><strong>est,</strong></span> <span class='ocrx_word' id='word_1_583' title='bbox 1544 2078 1603 2105; x_wconf 67' lang='lat' dir='ltr'><strong>qua:</strong></span> <span class='ocrx_word' id='word_1_584' title='bbox 1614 2070 1731 2098; x_wconf 90' lang='lat' dir='ltr'><strong>subsunt</strong></span> <span class='ocrx_word' id='word_1_585' title='bbox 1755 2070 1782 2096; x_wconf 95' lang='lat' dir='ltr'><strong>in</strong></span> 
     </span>
    </p>
   </div>
   <div class='ocr_carea' id='block_1_87' title="bbox 998 2114 1783 2151">
    <p class='ocr_par' dir='ltr' id='par_1_87' title="bbox 998 2114 1783 2151">
     <span class='ocr_line' id='line_1_87' title="bbox 998 2114 1783 2151; baseline -0.006 -6"><span class='ocrx_word' id='word_1_586' title='bbox 998 2117 1045 2145; x_wconf 87' lang='lat' dir='ltr'><strong>illo</strong></span> <span class='ocrx_word' id='word_1_587' title='bbox 1059 2115 1219 2147; x_wconf 84' lang='lat' dir='ltr'><strong>accidentia.</strong></span> <span class='ocrx_word' id='word_1_588' title='bbox 1241 2116 1313 2151; x_wconf 89' lang='lat' dir='ltr'><strong>quod</strong></span> <span class='ocrx_word' id='word_1_589' title='bbox 1324 2124 1404 2144; x_wconf 87' lang='lat' dir='ltr'><strong>suum</strong></span> <span class='ocrx_word' id='word_1_590' title='bbox 1417 2120 1469 2148; x_wconf 86' lang='lat' dir='ltr'><strong>est,</strong></span> <span class='ocrx_word' id='word_1_591' title='bbox 1490 2115 1600 2142; x_wconf 79' lang='lat' dir='ltr'><strong>faciant.</strong></span> <span class='ocrx_word' id='word_1_592' title='bbox 1625 2114 1694 2142; x_wconf 85' lang='lat' dir='ltr'><strong>Num</strong></span> <span class='ocrx_word' id='word_1_593' title='bbox 1718 2122 1783 2149; x_wconf 73' lang='lat' dir='ltr'><strong>ergo</strong></span> 
     </span>
    </p>
   </div>
   <div class='ocr_carea' id='block_1_88' title="bbox 998 2160 1783 2195">
    <p class='ocr_par' dir='ltr' id='par_1_88' title="bbox 998 2160 1783 2195">
     <span class='ocr_line' id='line_1_88' title="bbox 998 2160 1783 2195; baseline -0.005 -5"><span class='ocrx_word' id='word_1_594' title='bbox 998 2162 1069 2190; x_wconf 88' lang='lat' dir='ltr'><strong>istud</strong></span> <span class='ocrx_word' id='word_1_595' title='bbox 1083 2170 1136 2190; x_wconf 92' lang='lat' dir='ltr'><strong>non</strong></span> <span class='ocrx_word' id='word_1_596' title='bbox 1151 2162 1344 2190; x_wconf 88' lang='lat' dir='ltr'><strong>arbitrabimur</strong></span> <span class='ocrx_word' id='word_1_597' title='bbox 1356 2161 1460 2189; x_wconf 92' lang='lat' dir='ltr'><strong>Domini</strong></span> <span class='ocrx_word' id='word_1_598' title='bbox 1477 2169 1538 2189; x_wconf 86' lang='lat' dir='ltr'><strong>esse</strong></span> <span class='ocrx_word' id='word_1_599' title='bbox 1566 2168 1683 2195; x_wconf 88' lang='lat' dir='ltr'><strong>corpus,</strong></span> <span class='ocrx_word' id='word_1_600' title='bbox 1711 2160 1783 2195; x_wconf 88' lang='lat' dir='ltr'><strong>quod</strong></span> 
     </span>
    </p>
   </div>
   <div class='ocr_carea' id='block_1_89' title="bbox 163 2204 1783 2244">
    <p class='ocr_par' dir='ltr' id='par_1_89' title="bbox 163 2204 1783 2244">
     <span class='ocr_line' id='line_1_89' title="bbox 163 2204 1783 2244; baseline 0.001 -14"><span class='ocrx_word' id='word_1_601' title='bbox 163 2205 294 2239; x_wconf 69' lang='lat' dir='ltr'><strong>decimus,</strong></span> <span class='ocrx_word' id='word_1_602' title='bbox 308 2209 331 2231; x_wconf 86' lang='lat' dir='ltr'><strong>et</strong></span> <span class='ocrx_word' id='word_1_603' title='bbox 348 2205 456 2232; x_wconf 80' lang='lat' dir='ltr'><strong>uirtutes</strong></span> <span class='ocrx_word' id='word_1_604' title='bbox 471 2205 565 2231; x_wconf 80' lang='lat' dir='ltr'><strong>multas</strong></span> <span class='ocrx_word' id='word_1_605' title='bbox 588 2205 719 2239; x_wconf 73' lang='lat' dir='ltr'><strong>fecimus?</strong></span> <span class='ocrx_word' id='word_1_606' title='bbox 741 2204 774 2232; x_wconf 85' lang='lat' dir='ltr'><strong>Et</strong></span> <span class='ocrx_word' id='word_1_607' title='bbox 791 2205 948 2240; x_wconf 84' lang='lat' dir='ltr'><strong>respondebo</strong></span> <span class='ocrx_word' id='word_1_608' title='bbox 964 2216 987 2244; x_wconf 68' lang='grc' dir='ltr'><strong><em>υ</em></strong></span> <span class='ocrx_word' id='word_1_609' title='bbox 1001 2208 1060 2243; x_wconf 85' lang='lat' dir='ltr'><strong>ipse</strong></span> <span class='ocrx_word' id='word_1_610' title='bbox 1099 2214 1155 2235; x_wconf 66' lang='lat' dir='ltr'><strong>suae</strong></span> <span class='ocrx_word' id='word_1_611' title='bbox 1187 2207 1318 2235; x_wconf 71' lang='lat' dir='ltr'><strong>Ecclesiae</strong></span> <span class='ocrx_word' id='word_1_612' title='bbox 1355 2206 1486 2234; x_wconf 76' lang='lat' dir='ltr'><strong>tradidit?</strong></span> <span class='ocrx_word' id='word_1_613' title='bbox 1528 2207 1551 2233; x_wconf 80' lang='lat' dir='ltr'><strong>si</strong></span> <span class='ocrx_word' id='word_1_614' title='bbox 1580 2211 1671 2233; x_wconf 85' lang='lat' dir='ltr'><strong>autem</strong></span> <span class='ocrx_word' id='word_1_615' title='bbox 1713 2205 1783 2232; x_wconf 89' lang='lat' dir='ltr'><strong>istud</strong></span> 
     </span>
    </p>
   </div>
   <div class='ocr_carea' id='block_1_90' title="bbox 163 2249 950 2287">
    <p class='ocr_par' dir='ltr' id='par_1_90' title="bbox 163 2249 950 2287">
     <span class='ocr_line' id='line_1_90' title="bbox 163 2249 950 2287; baseline 0.003 -11"><span class='ocrx_word' id='word_1_616' title='bbox 163 2251 212 2282; x_wconf 77' lang='lat' dir='ltr'><strong>eis,</strong></span> <span class='ocrx_word' id='word_1_617' title='bbox 227 2249 289 2277; x_wconf 86' lang='lat' dir='ltr'><strong>Non</strong></span> <span class='ocrx_word' id='word_1_618' title='bbox 306 2251 362 2277; x_wconf 83' lang='lat' dir='ltr'><strong>novi</strong></span> <span class='ocrx_word' id='word_1_619' title='bbox 377 2258 438 2277; x_wconf 77' lang='lat' dir='ltr'><strong>vos:</strong></span> <span class='ocrx_word' id='word_1_620' title='bbox 455 2250 579 2277; x_wconf 78' lang='lat' dir='ltr'><strong>discedite</strong></span> <span class='ocrx_word' id='word_1_621' title='bbox 591 2259 606 2277; x_wconf 88' lang='lat' dir='ltr'><strong>a</strong></span> <span class='ocrx_word' id='word_1_622' title='bbox 620 2259 670 2282; x_wconf 82' lang='lat' dir='ltr'><strong>me,</strong></span> <span class='ocrx_word' id='word_1_623' title='bbox 691 2251 808 2285; x_wconf 80' lang='lat' dir='ltr'><strong>operarii</strong></span> <span class='ocrx_word' id='word_1_624' title='bbox 822 2251 950 2287; x_wconf 83' lang='lat' dir='ltr'><strong>iniquita-</strong></span> 
     </span>
    </p>
   </div>
   <div class='ocr_carea' id='block_1_91' title="bbox 165 2295 951 2330">
    <p class='ocr_par' dir='ltr' id='par_1_91' title="bbox 165 2295 951 2330">
     <span class='ocr_line' id='line_1_91' title="bbox 165 2295 951 2330; baseline 0.005 -8"><span class='ocrx_word' id='word_1_625' title='bbox 165 2296 242 2323; x_wconf 74' lang='lat' dir='ltr'><strong>tis&quot;.</strong></span> <span class='ocrx_word' id='word_1_626' title='bbox 270 2295 339 2328; x_wconf 85' lang='lat' dir='ltr'><strong>Quid</strong></span> <span class='ocrx_word' id='word_1_627' title='bbox 369 2302 435 2330; x_wconf 75' lang='lat' dir='ltr'><strong>ergo</strong></span> <span class='ocrx_word' id='word_1_628' title='bbox 461 2295 570 2328; x_wconf 88' lang='lat' dir='ltr'><strong>mirum,</strong></span> <span class='ocrx_word' id='word_1_629' title='bbox 599 2296 621 2323; x_wconf 86' lang='lat' dir='ltr'><strong>si</strong></span> <span class='ocrx_word' id='word_1_630' title='bbox 646 2297 707 2330; x_wconf 80' lang='lat' dir='ltr'><strong>quis</strong></span> <span class='ocrx_word' id='word_1_631' title='bbox 746 2302 847 2324; x_wconf 89' lang='lat' dir='ltr'><strong>rectam</strong></span> <span class='ocrx_word' id='word_1_632' title='bbox 871 2299 951 2326; x_wconf 87' lang='lat' dir='ltr'><strong>iidem</strong></span> 
     </span>
    </p>
   </div>
   <div class='ocr_carea' id='block_1_92' title="bbox 166 2341 950 2376">
    <p class='ocr_par' dir='ltr' id='par_1_92' title="bbox 166 2341 950 2376">
     <span class='ocr_line' id='line_1_92' title="bbox 166 2341 950 2376; baseline 0.005 -9"><span class='ocrx_word' id='word_1_633' title='bbox 166 2341 278 2373; x_wconf 84' lang='lat' dir='ltr'><strong>habens,</strong></span> <span class='ocrx_word' id='word_1_634' title='bbox 293 2345 320 2367; x_wconf 89' lang='lat' dir='ltr'><strong>et</strong></span> <span class='ocrx_word' id='word_1_635' title='bbox 334 2341 394 2368; x_wconf 89' lang='lat' dir='ltr'><strong>aliis</strong></span> <span class='ocrx_word' id='word_1_636' title='bbox 408 2348 515 2376; x_wconf 89' lang='lat' dir='ltr'><strong>quoque</strong></span> <span class='ocrx_word' id='word_1_637' title='bbox 532 2341 616 2376; x_wconf 91' lang='lat' dir='ltr'><strong>ipsius</strong></span> <span class='ocrx_word' id='word_1_638' title='bbox 628 2342 681 2369; x_wconf 76' lang='lat' dir='ltr'><strong>dux</strong></span> <span class='ocrx_word' id='word_1_639' title='bbox 717 2342 768 2370; x_wconf 79' lang='lat' dir='ltr'><strong>ell‘e</strong></span> <span class='ocrx_word' id='word_1_640' title='bbox 778 2349 828 2370; x_wconf 82' lang='lat' dir='ltr'><strong>~tus</strong></span> <span class='ocrx_word' id='word_1_641' title='bbox 839 2362 848 2376; x_wconf 93' lang='lat'><strong>,</strong></span> <span class='ocrx_word' id='word_1_642' title='bbox 876 2344 950 2371; x_wconf 88' lang='lat' dir='ltr'><strong>circa</strong></span> 
     </span>
    </p>
   </div>
   <div class='ocr_carea' id='block_1_93' title="bbox 165 2386 949 2421">
    <p class='ocr_par' dir='ltr' id='par_1_93' title="bbox 165 2386 949 2421">
     <span class='ocr_line' id='line_1_93' title="bbox 165 2386 949 2421; baseline 0.005 -8"><span class='ocrx_word' id='word_1_643' title='bbox 165 2394 229 2414; x_wconf 84' lang='lat' dir='ltr'><strong>vero</strong></span> <span class='ocrx_word' id='word_1_644' title='bbox 242 2386 344 2421; x_wconf 90' lang='lat' dir='ltr'><strong>reliqua</strong></span> <span class='ocrx_word' id='word_1_645' title='bbox 361 2391 514 2421; x_wconf 83' lang='lat' dir='ltr'><strong>corruptus,</strong></span> <span class='ocrx_word' id='word_1_646' title='bbox 540 2395 571 2414; x_wconf 87' lang='lat' dir='ltr'><strong>ac</strong></span> <span class='ocrx_word' id='word_1_647' title='bbox 592 2388 721 2421; x_wconf 83' lang='lat' dir='ltr'><strong>perditus,</strong></span> <span class='ocrx_word' id='word_1_648' title='bbox 743 2388 887 2417; x_wconf 85' lang='lat' dir='ltr'><strong>damnatus</strong></span> <span class='ocrx_word' id='word_1_649' title='bbox 906 2393 949 2417; x_wconf 91' lang='lat' dir='ltr'><strong>est</strong></span> 
     </span>
    </p>
   </div>
   <div class='ocr_carea' id='block_1_94' title="bbox 164 2432 947 2468">
    <p class='ocr_par' dir='ltr' id='par_1_94' title="bbox 164 2432 947 2468">
     <span class='ocr_line' id='line_1_94' title="bbox 164 2432 947 2468; baseline 0.003 -8"><span class='ocrx_word' id='word_1_650' title='bbox 164 2436 190 2460; x_wconf 87' lang='lat' dir='ltr'><strong>et</strong></span> <span class='ocrx_word' id='word_1_651' title='bbox 209 2437 311 2460; x_wconf 65' lang='lat' dir='ltr'><strong>aeterno</strong></span> <span class='ocrx_word' id='word_1_652' title='bbox 327 2432 459 2468; x_wconf 63' lang='lat' dir='ltr'><strong>supplicio</strong></span> <span class='ocrx_word' id='word_1_653' title='bbox 475 2433 605 2462; x_wconf 69' lang='lat' dir='ltr'><strong>ail&#39;ectus?</strong></span> <span class='ocrx_word' id='word_1_654' title='bbox 623 2433 680 2461; x_wconf 86' lang='lat' dir='ltr'><strong>Non</strong></span> <span class='ocrx_word' id='word_1_655' title='bbox 694 2434 754 2462; x_wconf 88' lang='lat' dir='ltr'><strong>ideo</strong></span> <span class='ocrx_word' id='word_1_656' title='bbox 766 2439 854 2462; x_wconf 89' lang='lat' dir='ltr'><strong>tamen</strong></span> <span class='ocrx_word' id='word_1_657' title='bbox 875 2435 947 2462; x_wconf 89' lang='lat' dir='ltr'><strong>illius</strong></span> 
     </span>
    </p>
   </div>
   <div class='ocr_carea' id='block_1_95' title="bbox 199 2532 934 2565">
    <p class='ocr_par' dir='ltr' id='par_1_95' title="bbox 199 2532 934 2565">
     <span class='ocr_line' id='line_1_95' title="bbox 199 2532 934 2565; baseline 0 -5"><span class='ocrx_word' id='word_1_658' title='bbox 199 2535 222 2550; x_wconf 82' lang='lat'><strong>&quot;</strong></span> <span class='ocrx_word' id='word_1_659' title='bbox 234 2533 328 2560; x_wconf 85' lang='lat' dir='ltr'><strong>Matth.</strong></span> <span class='ocrx_word' id='word_1_660' title='bbox 346 2541 394 2565; x_wconf 83' lang='lat' dir='ltr'><strong>\‘tl,</strong></span> <span class='ocrx_word' id='word_1_661' title='bbox 409 2532 451 2560; x_wconf 85' lang='grc'><strong>16.</strong></span> <span class='ocrx_word' id='word_1_662' title='bbox 488 2532 512 2549; x_wconf 78' lang='lat'><strong>”</strong></span> <span class='ocrx_word' id='word_1_663' title='bbox 523 2533 587 2560; x_wconf 84' lang='lat' dir='ltr'><strong>ibid.</strong></span> <span class='ocrx_word' id='word_1_664' title='bbox 600 2533 644 2560; x_wconf 78' lang='lat'><strong>2|.</strong></span> <span class='ocrx_word' id='word_1_665' title='bbox 684 2532 706 2549; x_wconf 79' lang='lat'><strong>&quot;</strong></span> <span class='ocrx_word' id='word_1_666' title='bbox 725 2532 803 2565; x_wconf 85' lang='lat' dir='ltr'><strong>ibid.,</strong></span> <span class='ocrx_word' id='word_1_667' title='bbox 823 2532 868 2565; x_wconf 72' lang='grc'><strong>22,</strong></span> <span class='ocrx_word' id='word_1_668' title='bbox 888 2533 934 2560; x_wconf 79' lang='grc'><strong>25.</strong></span> 
     </span>
    </p>
   </div>
   <div class='ocr_carea' id='block_1_96' title="bbox 201 2637 944 2674">
    <p class='ocr_par' dir='ltr' id='par_1_96' title="bbox 201 2637 944 2674">
     <span class='ocr_line' id='line_1_96' title="bbox 201 2637 944 2674; baseline -0.001 -8"><span class='ocrx_word' id='word_1_669' title='bbox 201 2639 257 2674; x_wconf 67' lang='lat'><strong>(75)</strong></span> <span class='ocrx_word' id='word_1_670' title='bbox 278 2639 335 2666; x_wconf 87' lang='lat' dir='ltr'><strong>iloc</strong></span> <span class='ocrx_word' id='word_1_671' title='bbox 350 2638 506 2674; x_wconf 75' lang='lat' dir='ltr'><strong>graphicum</strong></span> <span class='ocrx_word' id='word_1_672' title='bbox 523 2641 563 2664; x_wconf 89' lang='lat' dir='ltr'><strong>est</strong></span> <span class='ocrx_word' id='word_1_673' title='bbox 579 2643 604 2664; x_wconf 85' lang='lat' dir='ltr'><strong>et</strong></span> <span class='ocrx_word' id='word_1_674' title='bbox 616 2637 762 2672; x_wconf 72' lang='lat' dir='ltr'><strong>genuinum</strong></span> <span class='ocrx_word' id='word_1_675' title='bbox 777 2638 944 2666; x_wconf 78' lang='lat' dir='ltr'><strong>schismatici</strong></span> 
     </span>
    </p>
   </div>
   <div class='ocr_carea' id='block_1_97' title="bbox 168 2673 544 2708">
    <p class='ocr_par' dir='ltr' id='par_1_97' title="bbox 168 2673 544 2708">
     <span class='ocr_line' id='line_1_97' title="bbox 168 2673 544 2708; baseline -0.008 -7"><span class='ocrx_word' id='word_1_676' title='bbox 168 2676 341 2708; x_wconf 68' lang='lat' dir='ltr'><strong>Imuenirtque</strong></span> <span class='ocrx_word' id='word_1_677' title='bbox 354 2673 544 2706; x_wconf 65' lang='lat' dir='ltr'><strong>Superi-ilium.</strong></span> 
     </span>
    </p>
   </div>
   <div class='ocr_carea' id='block_1_98' title="bbox 202 2707 587 2743">
    <p class='ocr_par' dir='ltr' id='par_1_98' title="bbox 202 2707 587 2743">
     <span class='ocr_line' id='line_1_98' title="bbox 202 2707 587 2743; baseline -0.01 -7"><span class='ocrx_word' id='word_1_678' title='bbox 202 2709 259 2743; x_wconf 81' lang='lat'><strong>(76)</strong></span> <span class='ocrx_word' id='word_1_679' title='bbox 281 2709 419 2736; x_wconf 71' lang='lat' dir='ltr'><strong>Michaelis</strong></span> <span class='ocrx_word' id='word_1_680' title='bbox 437 2707 587 2742; x_wconf 65' lang='lat' dir='ltr'><strong>Palmulogi.</strong></span> 
     </span>
    </p>
   </div>
   <div class='ocr_carea' id='block_1_99' title="bbox 202 2742 776 2778">
    <p class='ocr_par' dir='ltr' id='par_1_99' title="bbox 202 2742 776 2778">
     <span class='ocr_line' id='line_1_99' title="bbox 202 2742 776 2778; baseline 0 -8"><span class='ocrx_word' id='word_1_681' title='bbox 202 2745 257 2778; x_wconf 77' lang='grc' dir='ltr'><strong>(Π)</strong></span> <span class='ocrx_word' id='word_1_682' title='bbox 277 2745 412 2778; x_wconf 85' lang='lat' dir='ltr'><strong>Imperare</strong></span> <span class='ocrx_word' id='word_1_683' title='bbox 427 2743 509 2777; x_wconf 63' lang='lat' dir='ltr'><strong>carpit</strong></span> <span class='ocrx_word' id='word_1_684' title='bbox 522 2750 565 2769; x_wconf 81' lang='lat' dir='ltr'><strong>an.</strong></span> <span class='ocrx_word' id='word_1_685' title='bbox 583 2743 683 2770; x_wconf 83' lang='lat' dir='ltr'><strong>Citriin</strong></span> <span class='ocrx_word' id='word_1_686' title='bbox 697 2742 776 2770; x_wconf 68' lang='lat'><strong>1255.</strong></span> 
     </span>
    </p>
   </div>
   <div class='ocr_carea' id='block_1_100' title="bbox 203 2777 946 2813">
    <p class='ocr_par' dir='ltr' id='par_1_100' title="bbox 203 2777 946 2813">
     <span class='ocr_line' id='line_1_100' title="bbox 203 2777 946 2813; baseline -0.004 -6"><span class='ocrx_word' id='word_1_687' title='bbox 203 2777 258 2813; x_wconf 79' lang='lat'><strong>(78)</strong></span> <span class='ocrx_word' id='word_1_688' title='bbox 280 2777 335 2807; x_wconf 79' lang='lat' dir='ltr'><strong>Hoc</strong></span> <span class='ocrx_word' id='word_1_689' title='bbox 356 2780 426 2813; x_wconf 85' lang='lat' dir='ltr'><strong>quod</strong></span> <span class='ocrx_word' id='word_1_690' title='bbox 441 2780 474 2805; x_wconf 79' lang='lat' dir='ltr'><strong>de</strong></span> <span class='ocrx_word' id='word_1_691' title='bbox 494 2778 633 2805; x_wconf 61' lang='lat' dir='ltr'><strong>miraculis</strong></span> <span class='ocrx_word' id='word_1_692' title='bbox 654 2778 739 2806; x_wconf 69' lang='lat' dir='ltr'><strong>Graeci</strong></span> <span class='ocrx_word' id='word_1_693' title='bbox 765 2777 946 2811; x_wconf 85' lang='lat' dir='ltr'><strong>objectahant,</strong></span> 
     </span>
    </p>
   </div>
   <div class='ocr_carea' id='block_1_101' title="bbox 169 2813 947 2842">
    <p class='ocr_par' dir='ltr' id='par_1_101' title="bbox 169 2813 947 2842">
     <span class='ocr_line' id='line_1_101' title="bbox 169 2813 947 2842; baseline -0.004 -1"><span class='ocrx_word' id='word_1_694' title='bbox 169 2816 343 2842; x_wconf 69' lang='lat' dir='ltr'><strong>falsissimum</strong></span> <span class='ocrx_word' id='word_1_695' title='bbox 359 2822 419 2841; x_wconf 62' lang='lat' dir='ltr'><strong>esse</strong></span> <span class='ocrx_word' id='word_1_696' title='bbox 436 2813 652 2840; x_wconf 83' lang='lat' dir='ltr'><strong>convincuntch</strong></span> <span class='ocrx_word' id='word_1_697' title='bbox 670 2815 719 2840; x_wconf 76' lang='lat' dir='ltr'><strong>soli</strong></span> <span class='ocrx_word' id='word_1_698' title='bbox 736 2813 772 2840; x_wconf 90' lang='lat' dir='ltr'><strong>illi</strong></span> <span class='ocrx_word' id='word_1_699' title='bbox 788 2815 840 2840; x_wconf 92' lang='lat' dir='ltr'><strong>duo</strong></span> <span class='ocrx_word' id='word_1_700' title='bbox 857 2814 947 2839; x_wconf 87' lang='lat' dir='ltr'><strong>mira-</strong></span> 
     </span>
    </p>
   </div>
   <div class='ocr_carea' id='block_1_102' title="bbox 168 2848 947 2885">
    <p class='ocr_par' dir='ltr' id='par_1_102' title="bbox 168 2848 947 2885">
     <span class='ocr_line' id='line_1_102' title="bbox 168 2848 947 2885; baseline -0.003 -8"><span class='ocrx_word' id='word_1_701' title='bbox 168 2851 288 2877; x_wconf 78' lang='lat' dir='ltr'><strong>cul-nuni</strong></span> <span class='ocrx_word' id='word_1_702' title='bbox 309 2851 458 2885; x_wconf 72' lang='lat' dir='ltr'><strong>ingentium</strong></span> <span class='ocrx_word' id='word_1_703' title='bbox 472 2853 624 2877; x_wconf 82' lang='lat' dir='ltr'><strong>uatiatorcs</strong></span> <span class='ocrx_word' id='word_1_704' title='bbox 640 2848 801 2876; x_wconf 63' lang='lat' dir='ltr'><strong>Fi’ﬂllCleUS</strong></span> <span class='ocrx_word' id='word_1_705' title='bbox 816 2853 842 2876; x_wconf 88' lang='lat' dir='ltr'><strong>ct</strong></span> <span class='ocrx_word' id='word_1_706' title='bbox 856 2848 947 2876; x_wconf 87' lang='lat' dir='ltr'><strong>Domi-</strong></span> 
     </span>
    </p>
   </div>
   <div class='ocr_carea' id='block_1_103' title="bbox 998 2248 1783 2287">
    <p class='ocr_par' dir='ltr' id='par_1_103' title="bbox 998 2248 1783 2287">
     <span class='ocr_line' id='line_1_103' title="bbox 998 2248 1783 2287; baseline -0.006 -7"><span class='ocrx_word' id='word_1_707' title='bbox 998 2252 1169 2286; x_wconf 78' lang='lat' dir='ltr'><strong>conﬁtemur,</strong></span> <span class='ocrx_word' id='word_1_708' title='bbox 1194 2257 1224 2280; x_wconf 85' lang='lat' dir='ltr'><strong>ut</strong></span> <span class='ocrx_word' id='word_1_709' title='bbox 1253 2252 1417 2287; x_wconf 84' lang='lat' dir='ltr'><strong>accipimus:</strong></span> <span class='ocrx_word' id='word_1_710' title='bbox 1433 2251 1494 2278; x_wconf 88' lang='lat' dir='ltr'><strong>etsi</strong></span> <span class='ocrx_word' id='word_1_711' title='bbox 1520 2250 1681 2283; x_wconf 86' lang='lat' dir='ltr'><strong>accidentia,</strong></span> <span class='ocrx_word' id='word_1_712' title='bbox 1712 2248 1783 2284; x_wconf 87' lang='lat' dir='ltr'><strong>quod</strong></span> 
     </span>
    </p>
   </div>
   <div class='ocr_carea' id='block_1_104' title="bbox 998 2298 1785 2333">
    <p class='ocr_par' dir='ltr' id='par_1_104' title="bbox 998 2298 1785 2333">
     <span class='ocr_line' id='line_1_104' title="bbox 998 2298 1785 2333; baseline -0.006 -7"><span class='ocrx_word' id='word_1_713' title='bbox 998 2306 1077 2326; x_wconf 91' lang='lat' dir='ltr'><strong>suum</strong></span> <span class='ocrx_word' id='word_1_714' title='bbox 1094 2303 1146 2331; x_wconf 89' lang='lat' dir='ltr'><strong>est,</strong></span> <span class='ocrx_word' id='word_1_715' title='bbox 1172 2299 1198 2326; x_wconf 92' lang='lat' dir='ltr'><strong>in</strong></span> <span class='ocrx_word' id='word_1_716' title='bbox 1215 2298 1281 2333; x_wconf 81' lang='lat' dir='ltr'><strong>ipsis</strong></span> <span class='ocrx_word' id='word_1_717' title='bbox 1307 2299 1453 2325; x_wconf 83' lang='lat' dir='ltr'><strong>ostendere</strong></span> <span class='ocrx_word' id='word_1_718' title='bbox 1469 2302 1592 2332; x_wconf 78' lang='lat' dir='ltr'><strong>possunt,</strong></span> <span class='ocrx_word' id='word_1_719' title='bbox 1608 2304 1657 2323; x_wconf 94' lang='lat' dir='ltr'><strong>cur</strong></span> <span class='ocrx_word' id='word_1_720' title='bbox 1672 2303 1727 2322; x_wconf 89' lang='lat' dir='ltr'><strong>tton</strong></span> <span class='ocrx_word' id='word_1_721' title='bbox 1757 2299 1785 2322; x_wconf 87' lang='lat' dir='ltr'><strong>et</strong></span> 
     </span>
    </p>
   </div>
   <div class='ocr_carea' id='block_1_105' title="bbox 999 2340 1785 2378">
    <p class='ocr_par' dir='ltr' id='par_1_105' title="bbox 999 2340 1785 2378">
     <span class='ocr_line' id='line_1_105' title="bbox 999 2340 1785 2378; baseline -0.005 -8"><span class='ocrx_word' id='word_1_722' title='bbox 999 2342 1026 2370; x_wconf 93' lang='lat' dir='ltr'><strong>in</strong></span> <span class='ocrx_word' id='word_1_723' title='bbox 1059 2344 1177 2376; x_wconf 68' lang='lat' dir='ltr'><strong>caeteris,</strong></span> <span class='ocrx_word' id='word_1_724' title='bbox 1205 2344 1227 2370; x_wconf 92' lang='lat' dir='ltr'><strong>si</strong></span> <span class='ocrx_word' id='word_1_725' title='bbox 1258 2343 1329 2370; x_wconf 86' lang='lat' dir='ltr'><strong>istud</strong></span> <span class='ocrx_word' id='word_1_726' title='bbox 1362 2342 1502 2378; x_wconf 76' lang='lat' dir='ltr'><strong>contingat</strong></span> <span class='ocrx_word' id='word_1_727' title='bbox 1529 2346 1640 2376; x_wconf 88' lang='lat' dir='ltr'><strong>propter</strong></span> <span class='ocrx_word' id='word_1_728' title='bbox 1663 2340 1785 2367; x_wconf 70' lang='lat' dir='ltr'><strong>materia:</strong></span> 
     </span>
    </p>
   </div>
   <div class='ocr_carea' id='block_1_106' title="bbox 998 2385 1783 2424">
    <p class='ocr_par' dir='ltr' id='par_1_106' title="bbox 998 2385 1783 2424">
     <span class='ocr_line' id='line_1_106' title="bbox 998 2385 1783 2424; baseline -0.006 -8"><span class='ocrx_word' id='word_1_729' title='bbox 998 2388 1130 2423; x_wconf 85' lang='lat' dir='ltr'><strong>subjecta,</strong></span> <span class='ocrx_word' id='word_1_730' title='bbox 1147 2389 1173 2415; x_wconf 91' lang='lat' dir='ltr'><strong>in</strong></span> <span class='ocrx_word' id='word_1_731' title='bbox 1187 2389 1285 2423; x_wconf 88' lang='lat' dir='ltr'><strong>quibus</strong></span> <span class='ocrx_word' id='word_1_732' title='bbox 1302 2388 1430 2424; x_wconf 81' lang='lat' dir='ltr'><strong>mysteria</strong></span> <span class='ocrx_word' id='word_1_733' title='bbox 1453 2387 1604 2419; x_wconf 88' lang='lat' dir='ltr'><strong>traduntur,</strong></span> <span class='ocrx_word' id='word_1_734' title='bbox 1634 2393 1686 2413; x_wconf 93' lang='lat' dir='ltr'><strong>non</strong></span> <span class='ocrx_word' id='word_1_735' title='bbox 1712 2385 1783 2412; x_wconf 88' lang='lat' dir='ltr'><strong>idem</strong></span> 
     </span>
    </p>
   </div>
   <div class='ocr_carea' id='block_1_107' title="bbox 1000 2434 1207 2462">
    <p class='ocr_par' dir='ltr' id='par_1_107' title="bbox 1000 2434 1207 2462">
     <span class='ocr_line' id='line_1_107' title="bbox 1000 2434 1207 2462; baseline -0.005 0"><span class='ocrx_word' id='word_1_736' title='bbox 1000 2434 1207 2462; x_wconf 73' lang='lat' dir='ltr'><strong>conﬁtebimur?</strong></span> 
     </span>
    </p>
   </div>
   <div class='ocr_carea' id='block_1_108' title="bbox 972 2532 1460 2566">
    <p class='ocr_par' dir='ltr' id='par_1_108' title="bbox 972 2532 1460 2566">
     <span class='ocr_line' id='line_1_108' title="bbox 972 2532 1460 2566; baseline 0.002 -7"><span class='ocrx_word' id='word_1_737' title='bbox 972 2533 1085 2561; x_wconf 81' lang='lat' dir='ltr'><strong>&quot;lCor.</strong></span> <span class='ocrx_word' id='word_1_738' title='bbox 1097 2541 1153 2565; x_wconf 78' lang='lat' dir='ltr'><strong>xiv,</strong></span> <span class='ocrx_word' id='word_1_739' title='bbox 1165 2533 1210 2560; x_wconf 71' lang='lat'><strong>22.</strong></span> <span class='ocrx_word' id='word_1_740' title='bbox 1248 2533 1272 2550; x_wconf 81' lang='lat'><strong>&quot;</strong></span> <span class='ocrx_word' id='word_1_741' title='bbox 1287 2532 1352 2560; x_wconf 89' lang='lat' dir='ltr'><strong>Luc.</strong></span> <span class='ocrx_word' id='word_1_742' title='bbox 1373 2541 1400 2566; x_wconf 81' lang='grc' dir='ltr'><strong>ι,</strong></span> <span class='ocrx_word' id='word_1_743' title='bbox 1415 2532 1460 2560; x_wconf 77' lang='lat'><strong>20.</strong></span> 
     </span>
    </p>
   </div>
   <div class='ocr_carea' id='block_1_109' title="bbox 1003 2637 1784 2673">
    <p class='ocr_par' dir='ltr' id='par_1_109' title="bbox 1003 2637 1784 2673">
     <span class='ocr_line' id='line_1_109' title="bbox 1003 2637 1784 2673; baseline -0.001 -8"><span class='ocrx_word' id='word_1_744' title='bbox 1003 2639 1091 2666; x_wconf 84' lang='lat' dir='ltr'><strong>uicus.</strong></span> <span class='ocrx_word' id='word_1_745' title='bbox 1111 2639 1167 2665; x_wconf 83' lang='lat' dir='ltr'><strong>lino</strong></span> <span class='ocrx_word' id='word_1_746' title='bbox 1183 2638 1209 2665; x_wconf 92' lang='lat' dir='ltr'><strong>in</strong></span> <span class='ocrx_word' id='word_1_747' title='bbox 1236 2637 1344 2667; x_wconf 66' lang='lat' dir='ltr'><strong>Graecos</strong></span> <span class='ocrx_word' id='word_1_748' title='bbox 1378 2639 1434 2666; x_wconf 81' lang='lat' dir='ltr'><strong>haec</strong></span> <span class='ocrx_word' id='word_1_749' title='bbox 1460 2639 1576 2673; x_wconf 75' lang='lat' dir='ltr'><strong>objccuo</strong></span> <span class='ocrx_word' id='word_1_750' title='bbox 1601 2638 1703 2672; x_wconf 81' lang='lat' dir='ltr'><strong>Optime</strong></span> <span class='ocrx_word' id='word_1_751' title='bbox 1718 2646 1784 2669; x_wconf 79' lang='lat' dir='ltr'><strong>qua-</strong></span> 
     </span>
    </p>
   </div>
   <div class='ocr_carea' id='block_1_110' title="bbox 1000 2672 1785 2707">
    <p class='ocr_par' dir='ltr' id='par_1_110' title="bbox 1000 2672 1785 2707">
     <span class='ocr_line' id='line_1_110' title="bbox 1000 2672 1785 2707; baseline 0 -7"><span class='ocrx_word' id='word_1_752' title='bbox 1000 2675 1072 2701; x_wconf 89' lang='lat' dir='ltr'><strong>drat.</strong></span> <span class='ocrx_word' id='word_1_753' title='bbox 1089 2673 1158 2706; x_wconf 81' lang='lat' dir='ltr'><strong>Lege</strong></span> <span class='ocrx_word' id='word_1_754' title='bbox 1173 2672 1365 2700; x_wconf 84' lang='lat' dir='ltr'><strong>Bellarminum</strong></span> <span class='ocrx_word' id='word_1_755' title='bbox 1379 2673 1426 2700; x_wconf 91' lang='lat' dir='ltr'><strong>lib.</strong></span> <span class='ocrx_word' id='word_1_756' title='bbox 1438 2681 1457 2701; x_wconf 92' lang='grc' dir='ltr'><strong>ιι</strong></span> <span class='ocrx_word' id='word_1_757' title='bbox 1473 2672 1509 2701; x_wconf 78' lang='lat' dir='ltr'><strong>De</strong></span> <span class='ocrx_word' id='word_1_758' title='bbox 1529 2674 1646 2707; x_wconf 76' lang='lat' dir='ltr'><strong>Christo,</strong></span> <span class='ocrx_word' id='word_1_759' title='bbox 1665 2681 1689 2700; x_wconf 92' lang='lat' dir='ltr'><strong>c.</strong></span> <span class='ocrx_word' id='word_1_760' title='bbox 1702 2674 1746 2706; x_wconf 80' lang='lat'><strong>50,</strong></span> <span class='ocrx_word' id='word_1_761' title='bbox 1758 2677 1785 2700; x_wconf 82' lang='lat' dir='ltr'><strong>ct</strong></span> 
     </span>
    </p>
   </div>
   <div class='ocr_carea' id='block_1_111' title="bbox 1000 2707 1377 2738">
    <p class='ocr_par' dir='ltr' id='par_1_111' title="bbox 1000 2707 1377 2738">
     <span class='ocr_line' id='line_1_111' title="bbox 1000 2707 1377 2738; baseline -0.003 -2"><span class='ocrx_word' id='word_1_762' title='bbox 1000 2709 1047 2736; x_wconf 90' lang='lat' dir='ltr'><strong>lib.</strong></span> <span class='ocrx_word' id='word_1_763' title='bbox 1067 2715 1092 2735; x_wconf 88' lang='lat' dir='ltr'><strong>tv</strong></span> <span class='ocrx_word' id='word_1_764' title='bbox 1107 2708 1146 2735; x_wconf 77' lang='lat' dir='ltr'><strong>De</strong></span> <span class='ocrx_word' id='word_1_765' title='bbox 1165 2707 1291 2738; x_wconf 78' lang='lat' dir='ltr'><strong>Ecclesia.</strong></span> <span class='ocrx_word' id='word_1_766' title='bbox 1309 2715 1334 2735; x_wconf 74' lang='grc' dir='ltr'><strong>(ι.</strong></span> <span class='ocrx_word' id='word_1_767' title='bbox 1350 2708 1377 2735; x_wconf 74' lang='grc'>4.</span> 
     </span>
    </p>
   </div>
   <div class='ocr_carea' id='block_1_112' title="bbox 1035 2743 1782 2779">
    <p class='ocr_par' dir='ltr' id='par_1_112' title="bbox 1035 2743 1782 2779">
     <span class='ocr_line' id='line_1_112' title="bbox 1035 2743 1782 2779; baseline 0 -9"><span class='ocrx_word' id='word_1_768' title='bbox 1035 2743 1091 2779; x_wconf 75' lang='grc'><strong>(79)</strong></span> <span class='ocrx_word' id='word_1_769' title='bbox 1112 2743 1168 2770; x_wconf 86' lang='lat' dir='ltr'><strong>Hoc</strong></span> <span class='ocrx_word' id='word_1_770' title='bbox 1194 2748 1237 2770; x_wconf 91' lang='lat' dir='ltr'><strong>est</strong></span> <span class='ocrx_word' id='word_1_771' title='bbox 1263 2743 1411 2770; x_wconf 85' lang='lat' dir='ltr'><strong>accidentia</strong></span> <span class='ocrx_word' id='word_1_772' title='bbox 1439 2743 1598 2772; x_wconf 69' lang='lat' dir='ltr'><strong>substantias</strong></span> <span class='ocrx_word' id='word_1_773' title='bbox 1625 2744 1713 2779; x_wconf 83' lang='lat' dir='ltr'><strong>panis,</strong></span> <span class='ocrx_word' id='word_1_774' title='bbox 1741 2744 1782 2770; x_wconf 88' lang='lat' dir='ltr'><strong>vel</strong></span> 
     </span>
    </p>
   </div>
   <div class='ocr_carea' id='block_1_113' title="bbox 998 2779 1783 2814">
    <p class='ocr_par' dir='ltr' id='par_1_113' title="bbox 998 2779 1783 2814">
     <span class='ocr_line' id='line_1_113' title="bbox 998 2779 1783 2814; baseline -0.001 -8"><span class='ocrx_word' id='word_1_775' title='bbox 998 2779 1147 2806; x_wconf 83' lang='lat' dir='ltr'><strong>accidentia</strong></span> <span class='ocrx_word' id='word_1_776' title='bbox 1178 2785 1238 2814; x_wconf 68' lang='lat' dir='ltr'><strong>quae</strong></span> <span class='ocrx_word' id='word_1_777' title='bbox 1270 2782 1349 2805; x_wconf 85' lang='lat' dir='ltr'><strong>antea</strong></span> <span class='ocrx_word' id='word_1_778' title='bbox 1380 2784 1457 2807; x_wconf 88' lang='lat' dir='ltr'><strong>erant</strong></span> <span class='ocrx_word' id='word_1_779' title='bbox 1489 2779 1516 2806; x_wconf 94' lang='lat' dir='ltr'><strong>iu</strong></span> <span class='ocrx_word' id='word_1_780' title='bbox 1548 2779 1626 2813; x_wconf 84' lang='lat' dir='ltr'><strong>panis</strong></span> <span class='ocrx_word' id='word_1_781' title='bbox 1655 2779 1783 2807; x_wconf 61' lang='lat' dir='ltr'><strong>substano</strong></span> 
     </span>
    </p>
   </div>
   <div class='ocr_carea' id='block_1_114' title="bbox 1000 2814 1047 2842">
    <p class='ocr_par' dir='ltr' id='par_1_114' title="bbox 1000 2814 1047 2842">
     <span class='ocr_line' id='line_1_114' title="bbox 1000 2814 1047 2842; baseline -0.043 0"><span class='ocrx_word' id='word_1_782' title='bbox 1000 2814 1047 2842; x_wconf 84' lang='lat' dir='ltr'><strong>tia.</strong></span> 
     </span>
    </p>
   </div>
  </div>
