1960 3063
193 112 249 144 223

739 112 936 145 ADVERSUS
955 111 978 141 G

1039 112 1113 142 {COS
1134 113 1205 143 LIB.
1227 113 1274 144 ιν.
1769 113 1821 142 i738

229 171 343 205 Νίιηιιεί
369 171 441 207 Ψιοά
457 173 560 206 (Ῑίοιιηιι
577 172 678 209 Aquam
693 174 790 201 durare
813 174 918 200 minime
944 172 986 198 in-
1002 170 1100 200 Anius
1127 179 1175 199 nos
1207 171 1405 204 componendo,
1439 171 1628 199 mediocritate
1656 170 1761 198 scilicet
1794 171 1819 196 iu

191 223 358 252 corruptam,
376 226 432 245 rem
445 218 688 254 idhitatnbiguam.
706 220 814 247 videant
829 219 893 254 qttid
920 219 982 246 inde

191 267 336 295 sequatur.
368 262 444 290 Unde
475 264 546 291 enim
585 269 711 299 poterunt
750 264 856 292 Domini
884 271 983 298 corpus

192 305 310 332 ﬁrmiter
339 306 461 338 credere,
484 312 594 341 propter
622 314 717 335 eorum
745 308 906 340 accidentia,
923 315 983 343 quae

193 349 250 376 illic
270 350 445 378 subsistunt?
460 350 517 378 Non
534 353 625 387 itaque
640 352 770 385 cilicium,
782 353 854 388 quod
875 353 981 386 volunt,

193 395 241 422 sed
257 402 455 423 sacramentum
475 397 653 426 Encharistiaa
682 399 837 433 ambiguum
868 398 980 426 faciunt.

194 441 321 474 Ignorant
338 446 428 469 autent
445 443 506 477 quia
529 449 589 477 qua:
616 444 641 470 itt
668 443 825 471 Occidentis
850 443 982 471 Ecclesiis

193 494 264 522 aqua
281 486 459 520 benedicitur,
486 488 553 515 nihil
587 495 712 523 magnum
741 489 894 524 pollicetur,
917 490 982 517 sim—

193 532 303 567 pliciter
326 537 417 561 autem
436 537 479 561 est
499 540 568 568 aqua
595 534 748 568 benedicta,
779 534 893 570 singulis
915 535 982 563 heb-

194 578 319 605 domadis
337 585 351 605 a
371 578 512 606 sacerdote
526 586 575 612 pro
603 581 800 608 transeuntium
826 581 979 614 devotione,

195 629 227 650 ac
241 623 303 654 ﬁde.
318 627 349 650 ut
373 624 435 651 inde
460 631 489 651 se
520 629 675 660 aspergant,
700 625 821 660 profusa.
853 625 890 653 Ea
916 633 981 654 vero

193 675 275 702 quam
292 669 319 695 in
343 668 386 696 die
407 669 495 704 magni
512 669 637 697 Sahhati‘
655 670 827 703 benedicuut,
858 676 885 698 et
915 679 981 698 con-

195 718 323 746 secrant,
348 722 416 750 aqtta
439 715 594 750 pretiosior,
629 723 708 744 sacro
734 721 762 744 et
788 721 844 746 tuto
869 717 895 745 in
923 717 981 745 loco

195 761 295 796 posita,
308 768 388 795 quam
403 768 480 789 nemo
493 762 593 796 passim
611 763 729 797 attingit,
745 771 869 799 magnam
885 764 979 792 Eccle-

195 806 244 834 siis
256 807 476 834 commoditatem
491 812 620 842 praestat:
635 816 723 844 neque
737 809 823 837 solum
841 817 889 845 per
918 810 980 838 anni

195 852 328 879 circulum
344 853 499 888 incorrupta
517 856 608 885 durat,
626 855 673 882 sed
692 855 751 889 plus
775 855 856 882 etiam
882 856 981 884 dutare

195 903 300 932 posset,
325 899 398 932 quod
439 899 626 934 experimento
661 900 817 928 didicimus.
856 901 982 936 Ignorant

196 949 299 974 autem,
324 949 352 972 et
366 945 438 979 quod
450 952 542 978 omne,
570 949 596 973 et
613 946 750 980 quodlibet
776 954 808 974 ex
824 954 893 982 aqua
906 955 982 974 seor-

196 991 247 1016 situ
268 995 422 1025 acceptum,
437 994 461 1018 et
495 990 555 1018 sine
580 991 651 1018 omni
681 991 784 1019 macula
810 996 982 1020 commutatis

195 1035 277 1062 etiam
293 1036 505 1070 quomodolihet,
524 1037 599 1070 prius
619 1037 646 1064 iu
660 1037 763 1071 seipse,
778 1037 888 1070 deinde,
903 1038 981 1072 quasi

196 1085 350 1116 purgatum,
373 1086 400 1108 et
427 1082 556 1115 colatum,
577 1083 604 1109 in
617 1087 746 1117 quantum
758 1083 874 1117 quisque
889 1083 982 1110 volue-

196 1128 243 1159 rit,
260 1132 425 1161 ,scrvatum,
464 1128 650 1163 incorruptum
692 1128 783 1160 durat,
823 1135 982 1164 semperque

197 1174 335 1208 limpidius
362 1175 407 1206 iit;
425 1174 496 1208 quod
520 1179 547 1201 et
570 1174 656 1209 ipsum
681 1175 847 1208 experientia
879 1175 981 1204 docuit.

197 1219 361 1254 Argumento
398 1224 486 1246 autent
512 1220 590 1247 nobis
618 1225 670 1252 cst,
697 1225 724 1247 et
748 1220 818 1254 quod
853 1220 880 1247 in
909 1221 981 1254 vino,

197 1265 322 1300 quamvis
339 1265 483 1292 crassioris
507 1266 629 1293 materiae
644 1266 690 1298 sit,
717 1266 811 1302 itidem
839 1267 981 1302 contingit.

468 1312 504 1339 De
522 1317 630 1339 tonsura
647 1312 771 1339 crinium.

232 1357 346 1391 Quidam
361 1366 428 1386 vero
450 1359 531 1385 etiam
562 1358 677 1385 crinium
704 1362 856 1391 tonsuram,
871 1365 925 1385 non
950 1357 983 1385 ad

196 1405 419 1432 consuetudinem
436 1404 570 1432 referunt:
595 1408 782 1439 ornatumque,
811 1407 839 1431 et
866 1404 983 1440 turpitu-

197 1449 288 1476 dinrm
302 1457 355 1477 non
370 1457 402 1476 ex
431 1450 625 1477 consuetudine
645 1450 777 1483 iudicant.
805 1449 882 1482 Quod
911 1449 983 1477 enim

197 1495 260 1522 aliis
270 1496 425 1528 honestum,
442 1495 502 1529 quia
520 1499 689 1528 consuetum,
717 1494 769 1522 hoc
782 1494 842 1522 aliis
856 1496 982 1529 quoniam

197 1541 335 1568 insolitum
356 1544 408 1572 est,
438 1544 515 1574 turpe
543 1539 693 1574 judicatur.
725 1540 826 1567 Verum
860 1543 887 1567 et
914 1540 982 1568 hanc

197 1587 269 1612 inter
286 1585 403 1613 haereses
436 1585 584 1617 ascribunt,
611 1585 741 1619 aiuutque
768 1584 840 1617 illos,
863 1585 909 1620 qui
932 1584 985 1612 hoc

197 1631 311 1662 faciunt,
327 1630 439 1664 fortnam
452 1629 500 1656 Dei
513 1629 621 1662 uiolare,
639 1636 700 1657 cum
718 1633 791 1657 certe
815 1636 868 1656 nott
889 1635 985 1656 omnes

197 1677 249 1703 ista
279 1677 472 1703 consuetudine
503 1680 630 1707 utantur,
662 1675 760 1710 Deique
789 1675 930 1710 imaginem
959 1679 984 1702 et

198 1722 396 1749 similitudinem
411 1727 515 1749 mutare
536 1729 546 1750 :
565 1722 642 1757 quasi
661 1721 704 1749 vel
723 1721 838 1749 hominis
853 1720 983 1755 dignitas,

197 1775 259 1796 esse
277 1768 382 1795 scilicet
395 1768 566 1799 rationalem,
590 1772 617 1795 et
639 1767 670 1794 ad
688 1767 832 1802 imaginem
848 1774 879 1794 ac
907 1767 984 1794 sitni-

200 1815 342 1842 Iitu'linem
357 1814 414 1844 Del.
431 1819 540 1849 propter
557 1814 668 1849 capillos
699 1814 735 1840 illi
751 1813 839 1841 adsit:
859 1813 899 1840 vel
915 1813 986 1841 Deus

201 1862 326 1888 humana:
343 1853 445 1894 aliquid
462 1860 566 1893 forma,
590 1859 632 1887 vel
660 1860 849 1887 crassitudinis
874 1859 983 1892 habeat,

200 1906 232 1933 ad
250 1906 325 1940 cujus
338 1907 483 1941 imaginem
508 1907 591 1934 ltomo
606 1913 668 1933 eum
693 1906 736 1939 sit,
769 1905 850 1933 etiam
880 1905 985 1940 capillis

199 1952 237 1979 illi
258 1960 319 1980 esse
332 1953 430 1980 similis
442 1953 548 1980 debeat.
565 1951 667 1986 Nempe
680 1956 707 1979 et
720 1952 791 1987 apud
817 1959 867 1979 nos
895 1951 985 1979 oratio

199 2000 232 2027 ad
250 2004 389 2027 tonsuram
424 1999 516 2027 barba:
540 1999 702 2026 invenitura
730 1998 918 2026 sacerdotibtts
942 1997 985 2025 di-

199 2045 285 2073 cenda
302 2045 357 2081 (κο)
370 2053 377 2072 :
392 2052 427 2072 ne
445 2045 548 2072 scilicet
572 2044 605 2072 ad
621 2048 776 2071 sanctorum
794 2044 984 2079 mysteriorum

199 2091 419 2118 communionem
453 2089 644 2117 accedentibus
674 2089 824 2116 Salvatoris
853 2089 985 2122 sanguine

200 2136 290 2171 capilli
307 2137 504 2168 iutinguautur,
524 2135 581 2161 sive
597 2134 762 2166 iniiciantur,
789 2139 871 2169 atque
890 2134 983 2171 riidem

1036 218 1163 246 omnibus
1183 222 1288 245 servata
1295 237 1301 244 .

1070 273 1108 300 De
1122 273 1206 300 sacris
1236 272 1403 308 imaginibus.
1436 277 1460 299 et
1489 272 1620 307 reliquiis,
1637 275 1663 299 et
1694 271 1822 298 memoria

1347 308 1541 342 defunctorum.

1068 353 1130 380 lndc
1150 354 1229 381 etiam
1252 353 1477 381 Occidentalibus
1510 352 1675 380 calumniam
1699 357 1820 382 struunt.

1033 399 1163 434 imagines
1182 399 1242 426 illos
1262 407 1315 426 non
1344 399 1468 426 venerari
1497 403 1650 425 asserentes
1664 398 1719 433 (81)
1739 407 1745 425 :
1775 397 1821 430 qui

1032 449 1104 471 certe
1123 444 1209 471 sacris
1232 443 1394 478 imaginibus
1421 443 1513 477 plenas
1543 443 1671 470 ecclesias
1699 443 1822 470 habent:

1033 488 1248 523 Sanctorumque
1277 490 1405 524 reliqttias
1437 489 1568 524 abjeetius
1587 493 1724 516 tractare:
1754 495 1822 523 quas

1032 534 1069 561 ita
1083 540 1256 567 venerantur,
1274 539 1303 562 ut
1321 535 1410 562 nullus
1426 534 1506 567 alius,
1527 534 1708 569 pretiosisque
1723 534 1822 567 lapidi-

1031 579 1081 606 bus
1093 584 1202 612 ornant,
1220 587 1343 614 auroque
1359 585 1386 607 et
1403 583 1516 614 argento
1538 583 1640 612 tegunt.

1067 625 1172 652 Nullam
1189 626 1253 653 item
1270 626 1456 654 defunctorum
1481 625 1570 652 facere
1597 625 1754 652 memoriam
1779 624 1823 651 di—

1032 675 1115 697 cunt:
1129 679 1177 706 pro
1194 672 1294 706 quibus
1305 671 1376 705 apud
1391 678 1438 698 eos
1455 674 1494 697 tot
1519 671 1668 702 orationes,
1699 674 1727 697 et
1750 669 1822 696 elec-

1032 723 1149 751 mosynze
1161 716 1236 750 tiuut,
1254 721 1283 743 ιιι
1298 716 1371 744 dictu
1396 715 1504 744 dimcile
1523 716 1568 747 sit.
1594 716 1662 743 adeo
1677 720 1706 743 ut
1730 714 1822 742 inlini-

1032 761 1066 799 tis
1082 769 1149 795 pene
1175 762 1382 793 monachorum,
1422 768 1453 788 ac
1483 768 1632 797 pauperum
1664 759 1824 795 agminibus

1032 806 1176 834 suﬂiciant.
1193 806 1285 840 Neque
1311 814 1377 834 vero
1403 807 1490 834 solum
1522 807 1631 840 corpori
1662 805 1817 833 necessaria

1034 852 1199 886 ministrant,
1225 860 1318 880 verum
1334 858 1360 880 et
1383 853 1546 880 monasteria
1574 851 1741 884 aediﬁcant“
1755 859 1823 886 quo-

1034 906 1094 926 rum
1114 903 1249 926 structura
1271 899 1371 934 regiam
1400 899 1565 934 opulentiam
1585 898 1680 925 vincit.

1069 944 1120 972 Alii
1135 951 1200 972 vero
1217 945 1395 979 quorumdam
1432 945 1513 972 etiam
1539 945 1661 972 defectus
1692 943 1822 971 Occiden-

1034 990 1080 1018 tali
1095 990 1224 1018 Ecclesia
1239 990 1393 1026 applicant;
1414 990 1524 1025 quippe,
1540 991 1573 1017 ab
1599 991 1690 1025 aliquo
1714 990 1822 1017 illorum

1035 1036 1148 1070 injurias
1162 1036 1276 1070 accepit,
1303 1044 1363 1064 euut
1396 1036 1442 1073 qui
1471 1043 1502 1064 se
1532 1036 1611 1068 laesit.
1650 1035 1721 1062 circa
1743 1035 1824 1063 ﬁdem

1035 1082 1108 1110 ultus
1123 1085 1174 1109 est.
1200 1081 1282 1108 Ethic
1291 1082 1364 1109 enim
1382 1082 1480 1114 omnis,
1497 1082 1542 1116 qui
1566 1082 1720 1112 contristat.
1746 1082 1824 1108 malm.

1035 1128 1159 1163 protinus
1174 1127 1310 1162 opinionis
1333 1127 1462 1154 efﬁcitur.
1484 1127 1511 1155 Si
1536 1127 1582 1162 qui
1599 1135 1663 1154 vero
1690 1127 1823 1155 Christia-

1037 1182 1132 1202 norum
1152 1174 1363 1209 praevaricantur
1378 1174 1465 1208 leges:
1483 1181 1537 1201 non
1551 1181 1598 1202 eos
1617 1173 1714 1206 solum,
1730 1181 1825 1201 verum

1036 1221 1142 1248 illorum
1158 1227 1264 1256 quoque
1276 1220 1427 1248 Ecclesium
1457 1220 1611 1247 lmreticam
1639 1225 1666 1247 et
1689 1220 1822 1248 inﬁdelem

1035 1271 1140 1302 putant.
1157 1265 1252 1294 Nautis
1268 1266 1340 1294 enim
1360 1271 1387 1294 et
1402 1266 1500 1294 vilibus
1521 1266 1694 1301 quibusdam,
1718 1275 1749 1293 ac
1765 1267 1825 1294 vul-

1036 1311 1312 1346 garibnshominibus
1336 1311 1554 1346 congredientes,
1583 1311 1616 1339 de
1629 1312 1764 1344 omnibus,
1795 1317 1824 1340 ut

1037 1357 1088 1385 sibi
1124 1357 1269 1389 similibus,
1299 1358 1459 1385 sententiam
1500 1357 1600 1384 ferunt‘.
1628 1357 1749 1392 Cumque
1776 1365 1824 1385 eos

1036 1409 1230 1441 prmsumptum
1253 1406 1345 1433 odium
1371 1405 1488 1432 inimicis
1504 1406 1603 1432 animis
1626 1412 1685 1433 esse
1716 1405 1820 1434 iecerit.

1037 1450 1108 1484 quod
1128 1450 1232 1484 volunt,
1251 1451 1276 1478 id
1293 1454 1390 1486 putant
1408 1458 1479 1478 esse.
1501 1451 1619 1480 Prorsus
1657 1458 1721 1478 vero
1750 1451 1826 1485 quod

1037 1502 1090 1522 non
1106 1496 1208 1528 vident,
1224 1496 1265 1524 vel
1281 1496 1403 1524 videntes
1419 1499 1529 1530 propter
1545 1495 1642 1530 lingua
1664 1496 1826 1523 ντιτῑυῑπιειη

1037 1546 1089 1567 non
1111 1539 1277 1575 intelligunt,
1309 1548 1397 1576 neque
1423 1547 1484 1568 esse
1511 1541 1621 1568 omnino
1642 1541 1822 1568 arbitrantur.

1036 1585 1083 1612 Sic
1095 1585 1172 1612 malis
1188 1585 1296 1620 quidem
1312 1586 1473 1614 intendunt:
1488 1593 1548 1621 quas
1561 1591 1626 1614 ante
1636 1596 1651 1613 ιι
1668 1592 1729 1614 stmt
1743 1588 1824 1619 bona,

1035 1636 1062 1661 et
1091 1632 1218 1666 honesta,
1257 1633 1378 1662 scientes
1415 1634 1614 1670 prudentesque
1648 1640 1827 1669 praetereunt,

1034 1678 1110 1713 quasi
1126 1678 1169 1705 vel
1187 1678 1237 1713 ipsi
1265 1679 1411 1706 humanam
1439 1680 1608 1708 excesserint
1626 1680 1824 1713 inﬁrmitatem,

1034 1728 1082 1752 aut
1096 1731 1149 1751 non
1167 1724 1274 1759 plurimi
1290 1725 1359 1760 apud
1374 1732 1420 1753 eos
1435 1725 1490 1753 sint
1513 1727 1594 1753 etiam
1620 1734 1654 1754 ex
1685 1727 1824 1754 honestio-

1035 1777 1095 1798 rum
1115 1777 1242 1802 numero,
1268 1770 1313 1805 qtti
1353 1771 1473 1806 legitima
1514 1771 1735 1807 praevariceutur.
1768 1772 1824 1801 lioc

1035 1816 1107 1843 enim
1131 1816 1219 1843 solum
1238 1815 1357 1851 tetigisse
1380 1818 1446 1845 satis
1461 1819 1507 1845 sit.
1545 1817 1601 1845 lrno
1629 1826 1691 1845 cum
1719 1819 1744 1845 in
1771 1819 1824 1846 vita

1036 1861 1088 1890 hac
1102 1861 1181 1889 bonis
1202 1862 1266 1889 mali
1294 1862 1417 1897 perutiin
1435 1863 1500 1895 sint,
1528 1870 1559 1891 ac
1572 1863 1692 1891 debitum
1719 1865 1753 1891 sit
1782 1871 1825 1891 er-

1036 1910 1127 1933 rantes
1147 1906 1180 1933 atl
1204 1905 1284 1933 ﬁdem
1317 1905 1522 1943 Ecclesiamque
1551 1907 1682 1934 reducere
1709 1915 1717 1935 :
1746 1906 1828 1935 Occi-

1035 1949 1158 1978 dentales
1178 1957 1226 1984 per
1247 1950 1339 1977 omnia
1355 1951 1449 1978 volunt
1475 1958 1535 1979 esse
1563 1951 1718 1986 perfectos;
1745 1957 1772 1979 et
1800 1953 1822 1980 si

1035 1995 1106 2030 quod
1115 1995 1141 2023 in
1152 1995 1191 2023 eis
1205 1996 1415 2030 reprehensibile
1426 1996 1517 2029 fuerit,
1525 2004 1586 2024 mox
1597 1997 1716 2025 heretici
1727 2003 1823 2031 erunt;

1035 2046 1063 2070 et
1079 2041 1102 2068 si
1119 2040 1181 2075 quis
1207 2041 1371 2075 peccaverit,
1390 2041 1510 2070 Ecclesia
1527 2048 1582 2070 tota
1600 2043 1626 2070 in
1653 2042 1733 2078 culpa
1760 2043 1823 2071 erit.

1037 2086 1094 2115 Hae
1111 2086 1229 2121 denique
1247 2086 1364 2118 ratione,
1388 2087 1410 2115 si
1433 2088 1495 2123 quis
1522 2092 1622 2122 praeter
1646 2087 1822 2123 Evangelium

1036 2132 1174 2168 quidpiam
1188 2131 1340 2164 admiserit,
1365 2132 1541 2167 Evangeiium
1573 2133 1666 2162 itidem
1684 2134 1826 2163 insimula-

199 2189 295 2209 rursus
312 2182 338 2208 in
358 2181 489 2208 sumendo
502 2180 564 2208 cibo
579 2181 733 2207 necessario
755 2180 893 2215 quodlibet
932 2180 985 2207 im-
1002 2187 1025 2215 ι)
1040 2179 1124 2209 bitur.
1150 2176 1196 2204 llla
1213 2177 1296 2209 enim,
1315 2185 1375 2212 qua:
1402 2184 1475 2207 recte
1495 2179 1599 2214 agenda
1624 2185 1698 2214 sunt,
1723 2189 1826 2216 przece-

200 2228 294 2254 bibant
308 2227 456 2261 liquamen,
471 2226 528 2253 sive
547 2225 614 2253 alias
630 2225 832 2260 quomodolihet
857 2224 986 2258 deﬂuant,

200 2278 282 2307 atque
298 2273 335 2300 ita
348 2280 400 2300 non
424 2279 525 2307 parvus
542 2279 620 2300 error
646 2272 691 2299 sit.
709 2271 858 2306 Simulque,
893 2270 989 2306 quem-

202 2319 346 2346 admodum
362 2325 467 2353 ungues
481 2324 646 2350 resecamns,
660 2324 693 2344 ne
707 2317 784 2345 nobis
797 2317 988 2352 impedimento

200 2373 261 2392 esse
272 2365 393 2400 possint:
406 2364 471 2391 nihil
485 2364 611 2399 prohibet
629 2363 724 2391 eadem
744 2363 859 2396 ratione,
876 2363 899 2391 si
923 2363 987 2398 quid

203 2411 342 2447 impediat,
362 2410 452 2439 crines
470 2417 605 2442 resecare,
632 2409 768 2443 ornatius,
794 2413 874 2444 atque
889 2409 987 2437 huma-

239 2512 296 2547 (80)
315 2511 386 2546 Lege
401 2511 546 2538 Baroninm
560 2518 627 2547 tom.
640 2511 661 2543 Ι,
671 2517 714 2547 an.
725 2509 827 2547 Christi
843 2508 887 2547 5_'l.
900 2508 988 2547 n._93,

201 2553 228 2576 et
240 2544 340 2579 au.'58,
354 2544 380 2574 ἦ.
395 2547 445 2574 156
456 2551 548 2579 etseq.
559 2546 628 2580 Lege
637 2545 775 2580 epistolam
789 2544 859 2571 Petri
873 2545 992 2580 patriar:

203 2583 260 2610 citas
273 2578 436 2609 Autioclteui
461 2582 493 2608 ad
514 2578 671 2609 Micha'eletit
685 2580 863 2612 Cerulariutn,
877 2584 942 2606 tom.
958 2578 991 2605 XI

203 2617 310 2645 Baronii
328 2626 372 2643 an.
388 2616 465 2644 1054.

238 2652 295 2687 (8|)
317 2651 377 2678 Fuit
393 2652 450 2678 haec
469 2651 581 2686 antiqua
596 2650 757 2687 Graecorum
768 2648 900 2687 adversus
917 2647 988 2675 Lati-

204 2684 254 2715 nos
266 2684 412 2716 calumnia,
428 2691 456 2713 ut
470 2684 543 2720 patet
555 2694 587 2714 ex
605 2686 662 2713 Nic.
673 2684 820 2712 Cltouiate:
836 2684 988 2720 sed_tattten

205 2722 394 2756 iniquissima;
414 2718 475 2755 qua.
491 2721 572 2756 etiam
600 2720 709 2756 Latinos
733 2719 855 2756 oneravit
875 2718 990 2756 Michael

206 2752 365 2792 Cerularius
383 2752 508 2792 epi'st.7ad
515 2755 639 2792 Petrum
648 2754 774 2782 Antioch.
789 2753 850 2792 Bar.
863 2752 987 2792 t_om.'Xl,

205 2798 278 2818 anno
295 2790 374 2822 1054,
396 2788 424 2817 tt.
441 2788 486 2817 3L.
512 2790 567 2817 Sed
589 2799 602 2816 a
619 2790 774 2816 Graecorum
799 2788 989 2814 criminatione

207 2827 304 2854 liberat
328 2825 438 2853 Latinos
459 2826 570 2854 Grzccus
588 2825 728 2858 episcopus
747 2822 865 2851 Joannes
877 2822 988 2854 Citritts,

1037 2225 1095 2262 pit:
1114 2224 1159 2251 hic
1180 2226 1280 2256 autem,
1312 2224 1357 2252 illa
1374 2225 1522 2259 inhibente,
1536 2226 1701 2261 voluptatem
1714 2227 1826 2261 justitiae

1037 2270 1165 2306 praetulit.
1204 2268 1309 2305 Nempe
1337 2270 1409 2298 enim
1434 2271 1497 2299 mali
1526 2270 1655 2300 Ecclesia:
1687 2280 1824 2307 nunquam

1036 2317 1201 2350 defuerunt;
1225 2323 1315 2351 neque
1335 2322 1423 2344 tamen
1436 2316 1493 2347 illa.
1507 2317 1608 2350 minor,
1633 2322 1680 2345 aut
1707 2318 1827 2345 deterior

1036 2361 1107 2396 fuit;
1135 2370 1224 2397 neque
1251 2363 1383 2390 malorum
1415 2362 1592 2398 perversitas,
1616 2363 1695 2391 bonis
1732 2365 1826 2391 obesse

1036 2409 1145 2444 potuit;
1162 2415 1252 2444 neque
1268 2408 1346 2436 ﬁdem
1361 2408 1542 2443 quorumdam
1566 2409 1669 2436 malitia
1687 2409 1825 2437 obtundit.

1044 2510 1089 2544 qui
1106 2509 1134 2537 in
1158 2509 1305 2542 Responsi:
1323 2509 1380 2537 suis
1401 2514 1467 2537 tom.
1488 2509 1497 2536 1
1512 2508 1587 2536 Iuris
1605 2509 1826 2537 Graeco-Romani

1045 2545 1093 2576 ait,
1111 2545 1301 2572 uenerationem
1317 2545 1437 2580 pretioue
1452 2546 1536 2572 crucis
1558 2550 1759 2580 sanctorumque
1777 2545 1827 2571 La-

1047 2581 1112 2607 tinis
1126 2588 1187 2606 cum
1201 2580 1301 2607 Graecis
1317 2587 1378 2606 esse
1391 2587 1572 2606 communem.
1589 2580 1654 2607 Item
1671 2579 1824 2606 Demetrius

1046 2614 1229 2642 Chomatcuus
1250 2615 1276 2641 itt
1294 2614 1440 2648 Responsis
1455 2615 1488 2640 ad
1513 2614 1720 2647 Constantinum
1736 2614 1825 2641 Caba-

1044 2649 1121 2677 silam
1142 2650 1375 2683 archiepiscopum
1399 2650 1539 2684 Dyrrachii
1557 2658 1564 2675 :
1585 2649 1741 2676 Sanctorum
1757 2649 1825 2675 inta-

1042 2685 1133 2719 ginum
1147 2689 1244 2711 suntet
1263 2683 1351 2711 Latini
1371 2683 1494 2714 cultores,
1505 2689 1530 2710 et
1549 2684 1575 2710 in
1589 2684 1644 2711 sui:
1656 2683 1759 2718 templis
1778 2691 1823 2710 ea:

1043 2718 1158 2754 erigunt.
1182 2719 1265 2747 Vocat
1295 2721 1364 2746 idem
1393 2719 1544 2754 Demetrius
1566 2726 1597 2746 ex
1623 2718 1824 2752 'i‘heophylacto

1043 2753 1173 2790 Bulgarize
1186 2754 1388 2790 archiepiscopo
1406 2753 1557 2790 Satanicant
1572 2753 1780 2790 sycophantiam,
1800 2753 1825 2779 si

1042 2788 1103 2825 quis
1119 2789 1200 2822 dicat,
1215 2789 1326 2817 Latinos
1342 2796 1396 2816 non
1416 2788 1505 2816 colere
1522 2788 1664 2824 imagines.
