1960 3063
188 120 242 152 21⁸)

808 121 1007 153 MANUELIS
1023 121 1176 153 CALECiﬁ

1761 125 1828 158 $20

190 183 297 206 constat
310 177 443 212 proiecto,
461 177 523 212 quia
541 178 634 204 aherat
648 177 798 210 cotttentio,
810 182 892 212 atque
906 177 932 204 in
946 177 972 204 id
991 179 1014 207 Α
1030 179 1171 206 veritatem
1193 178 1316 206 stuvliose
1327 179 1503 212 sectantium,
1522 186 1575 206 non
1597 184 1626 206 ut
1640 179 1740 214 aliquid
1770 182 1824 209 di—

191 226 279 258 ipsutn
298 224 438 257 distantia,
465 232 496 251 ac
525 224 661 258 tlisjuncla
694 224 864 252 remeabanl.
882 224 973 252 Enim-

191 279 266 301 vero.
279 276 374 306 putare
397 270 541 304 plurimos.
572 270 618 305 qtti
648 270 756 304 prolixo
794 276 916 305 tempore
942 277 975 296 ex

191 316 293 343 nostris
313 316 431 347 fuerunt,
449 316 567 344 scitis-ua
592 316 660 344 satis
679 317 819 348 roborare,
846 318 977 351 ignorans

191 363 257 389 tiuttt
270 367 323 394 est,
341 363 412 396 quod
428 361 617 390 Occidentales
635 362 767 398 plurimos
779 368 807 390 et
835 364 885 398 ipsi
912 372 976 398 pro-

191 408 261 435 ferre
277 413 398 443 possent,
416 416 467 435 non
481 408 604 440 ridenda,
636 413 662 435 et
676 409 784 443 iudigtta
802 409 956 445 ingerentes
968 429 976 442 ,

190 462 284 481 verum
302 453 483 482 validissimas
500 454 762 488 probatissimasque
776 455 895 482 rationes
913 463 978 489 pro-

191 501 340 532 ducentes,
373 505 402 527 et
432 507 547 535 quorum
571 501 705 535 sapientia
737 501 868 527 mundum
899 508 979 535 pera-

191 546 298 579 gravit:
312 554 467 581 quanquam
479 551 506 574 et
525 546 563 580 id,
581 547 652 581 quod
667 546 758 573 nullus
774 554 892 580 unqttam
908 546 979 580 apttd

192 599 239 619 eos
247 593 375 620 inventus
381 597 433 626 est,
445 592 491 628 qui
501 597 655 620 n05lrornm
666 592 978 626 antecederetopittioni,

192 638 303 673 suisque
318 639 537 666 reluctareturin
564 646 596 666 ea
625 638 823 671 controversia,
853 646 901 673 pro
925 646 981 673 qua

192 683 314 711 Orientis
322 689 350 711 et
360 683 514 711 Occidentis
525 683 656 711 Ecclesia:
673 685 778 712 interse
786 684 979 720 digladiantur,

195 728 311 755 validum
323 735 389 755 sane
401 728 523 756 veritatis
532 728 638 755 illorum
652 734 842 764 argumentum
858 733 910 756 cst.

230 774 307 806 Quod
323 773 347 801 si
367 774 428 808 quis
442 774 601 806 arbitratur,
629 774 736 802 illorum
765 782 911 810 quemque,
939 774 980 803 vel

195 820 264 853 suis,
276 824 306 847 ut
320 820 435 855 propriis
449 825 476 847 et
487 815 660 848 cb‘arioribus
671 821 780 854 favisse,
804 822 844 848 vel
859 829 936 856 poena
949 829 981 849 ac

1027 225 1099 253 xissc
1115 225 1272 257 vidcantur,
1286 225 1387 253 frustra
1404 230 1432 253 et
1456 225 1682 254 irrationabiliter
1700 226 1827 261 loquen-

1026 271 1105 298 tium.

1029 331 1031 334 ι
1062 316 1128 343 Cum
1146 316 1229 349 igitur
1241 324 1273 344 es
1288 316 1389 343 nostris
1401 323 1453 343 ll0n
1469 316 1547 351 pauci
1560 315 1689 344 Romana:
1706 325 1822 352 semper

1027 363 1155 390 Ecclesiae
1163 362 1262 397 adiecti
1275 363 1339 396 sint,
1353 362 1493 397 siquidem
1504 362 1601 397 aliquis
1613 370 1646 390 ex
1665 362 1729 398 ipsis
1742 363 1823 390 veri-

1027 413 1082 436 tate
1097 409 1243 444 dogmatis.
1259 409 1292 436 ab
1311 416 1345 436 eo
1360 409 1405 443 qui
1425 416 1512 436 czecos
1531 408 1679 441 illuminat,
1700 409 1825 436 irradia-

1028 458 1082 486 tus.
1116 459 1271 481 sanctorum
1302 455 1426 482 doctrina
1454 454 1534 488 duce,
1569 463 1602 484 ac
1633 457 1823 491 praecedente,

1028 501 1244 528 calumniatores
1255 509 1302 536 per
1315 501 1515 536 philosophiam
1527 506 1553 528 et
1563 502 1727 529 rhetoricam
1738 501 1822 529 obti—

1029 555 1094 574 nere
1107 551 1134 574 et
1145 547 1273 575 cohibere
1286 555 1338 574 non
1360 547 1457 583 possit,
1486 547 1560 575 hunc
1573 549 1679 575 fatuum
1694 555 1726 575 ac
1747 548 1823 575 sim-

1029 593 1125 626 plicem
1142 593 1247 624 dicunt,
1261 597 1288 620 et
1302 597 1331 620 ut
1345 593 1497 626 seductum,
1516 601 1547 621 ac
1560 594 1702 628 deceptum
1722 592 1825 627 objur-

1029 642 1112 672 gant:
1127 637 1206 665 veluti
1220 638 1253 669 si,
1270 645 1330 664 cum
1349 646 1364 665 a
1387 638 1510 666 ﬁdelibus
1533 638 1660 665 omnibus
1683 638 1824 672 exigatur,

1030 687 1059 709 ttt
1072 683 1159 710 idonei
1175 684 1230 710 sint
1241 683 1273 710 ad
1290 683 1422 710 rationem
1450 682 1510 710 ﬁdei
1520 683 1698 714 reddendam,
1714 682 1822 716 parati-

1030 735 1083 762 que
1098 728 1131 754 ad
1145 727 1366 755 satisfaciendum
1380 728 1505 755 omnibus
1521 728 1716 762 quaerentibus.
1752 731 1825 755 tunc

1031 774 1112 800 etiaut
1133 773 1220 806 Plato,
1232 777 1259 801 et
1276 774 1450 806 Aristoteles,
1464 778 1491 801 et
1502 773 1607 801 Cicero
1625 774 1651 801 iit
1667 774 1758 809 lingua
1781 775 1826 801 eis

1032 827 1092 847 esse
1106 820 1232 847 debeant.
1246 820 1299 848 Sed
1312 820 1382 847 enim
1395 820 1572 855 quorumdam
1588 820 1632 847 isti
1644 820 1825 854 sapientiam,

196 866 329 900 supplicio
338 865 524 899 perterritum,
544 865 611 893 nihil
624 871 719 894 coutra
733 866 852 894 locutum
871 866 956 894 fuisse
972 875 979 894 :
997 857 1018 885 Β
1033 866 1094 901 quia
1110 866 1174 898 ipsis
1184 866 1341 893 incumbunt
1351 866 1426 898 solis,
1438 873 1572 894 summam
1587 873 1646 893 esse
1655 866 1749 893 diettnt
1763 875 1770 892 :
1785 867 1821 893 ad

196 912 313 943 primum
331 911 451 945 quidem,
465 915 493 938 et
514 916 622 939 nostros
645 919 701 938 suae
712 912 830 939 maxime
845 912 983 947 opinionis

198 962 308 984 tenaces
321 957 420 984 dixerit
431 957 566 992 quispiam
577 962 756 990 convertens;
782 965 870 992 neqtte
892 963 983 985 tanten

204 1010 324 1036 unquam
341 1002 471 1034 defuisse,
504 1003 550 1037 qui
564 1002 723 1030 Latinorum
744 1002 875 1031 Ecclesiae
906 1010 986 1030 acce-

200 1049 306 1076 derent.
324 1047 437 1080 Deinde.
471 1048 600 1082 possibile
610 1056 663 1075 non
679 1053 731 1081 est,
749 1053 825 1076 tanto
856 1049 986 1084 temporis

201 1099 298 1125 tracttt,
316 1093 399 1121 fuisse
412 1093 528 1128 aliquos,
541 1093 586 1128 qui
599 1093 738 1121 veritatem
752 1100 801 1128 pro
812 1094 947 1121 charitate
957 1093 984 1121 itt

200 1140 297 1172 Deum,
314 1146 346 1166 ac
358 1138 420 1171 lide,
436 1138 590 1173 futurisque
605 1139 724 1173 praemiis
753 1139 880 1166 omnibus
914 1147 987 1174 prte-

201 1185 304 1212 ferrent
319 1193 326 1211 :
341 1184 500 1219 atqueideo.
509 1187 670 1212 constanter
681 1189 803 1218 agerent,
816 1185 896 1212 sicuti
909 1185 988 1212 initio

201 1231 264 1259 aliis
277 1231 342 1258 alias
354 1231 444 1258 causis
453 1231 576 1265 plerique
586 1235 682 1258 contra
699 1235 829 1266 tyrannos
840 1231 986 1257 maximam

203 1277 348 1304 ostendere
365 1276 503 1309 ﬁduciam,
521 1283 635 1310 quorum
652 1281 680 1303 et
708 1276 830 1308 nomina,
844 1280 870 1303 et
886 1276 987 1310 scripta

203 1327 323 1354 exstant,
342 1323 569 1358 quemadmodum
586 1326 613 1349 et
624 1322 691 1350 alias
708 1322 827 1350 luereses
840 1323 912 1357 apud
937 1322 991 1349 La-

203 1371 277 1398 tinos
290 1371 471 1405 reprehensas
486 1369 700 1404 profligatasque
719 1369 855 1396 novimus.
870 1368 990 1403 Namque

204 1423 234 1445 et
247 1417 317 1452 apud
332 1423 379 1443 nos
395 1415 511 1450 plurinta
526 1415 560 1442 ah
575 1414 627 1440 illis
653 1414 807 1449 conseripta
834 1418 990 1441 servantur.

206 1462 334 1490 Stultitia;
350 1469 415 1494 ergo
430 1460 617 1495 plenissimum
638 1464 689 1490 est.
706 1460 744 1486 sic
773 1460 933 1494 accepimus,
951 1459 993 1486 di-

207 1515 281 1541 cere,
298 1506 421 1540 nihilque
437 1505 550 1532 ulterius
562 1505 702 1539 inquirere
715 1513 722 1538 ;
733 1505 810 1539 quasi
824 1508 885 1539 post
919 1511 989 1531 mor-
1004 1522 1027 1551 ο

208 1554 271 1581 bum
287 1551 345 1579 sani
359 1551 417 1578 ﬁeri
434 1550 640 1582 erubescamus,
656 1557 744 1583 neque
759 1549 853 1576 saltent
868 1548 992 1582 antiquos

209 1599 360 1630 imitemur,
377 1597 435 1632 qui,
452 1603 639 1630 smpenumero
652 1595 728 1623 falsis
739 1595 911 1629 opinionibus
926 1601 994 1629 prat-

210 1645 297 1678 venti,
323 1650 416 1679 postea
439 1643 639 1677 ptettitueruut,
654 1649 715 1668 ettm
728 1641 767 1668 eis
781 1640 912 1668 illuxisset
924 1639 996 1666 veri-

195 1688 263 1726 ‘tas,
278 1691 388 1719 minime
407 1690 611 1721 erubescentes,
630 1688 678 1716 sed
695 1688 843 1715 referentes
858 1685 913 1713 Deo
928 1693 993 1721 gra-

211 1738 275 1765 tias.
289 1735 355 1763 Nam
367 1735 443 1768 juxta
475 1733 628 1768 theologum
647 1732 807 1766 Gregorium
826 1739 833 1758 :
854 1730 916 1757 Non
931 1729 995 1757 mali

212 1783 412 1813 transmutatio,
441 1779 486 1808 sed
502 1780 567 1807 muli
581 1779 694 1806 servatio
711 1778 777 1812 facit
792 1777 995 1812 turpitudinem.

248 1829 297 1856 Est
308 1832 397 1855 autem
411 1827 436 1853 id
453 1826 533 1853 etiam
555 1824 718 1857 dementius,
730 1823 808 1862 quasi
823 1830 996 1850 communem

212 1875 370 1910 dignitatem
384 1871 576 1907 praeponendo,
588 1869 709 1904 singulos
719 1869 789 1896 velle
802 1868 919 1902 majores
932 1875 998 1896 suos

211 1923 284 1949 circa
295 1919 373 1947 lldetn
383 1917 494 1945 imitari.
506 1915 690 1951 Ignorantium
700 1915 772 1942 enim
781 1918 838 1947 est;
851 1914 912 1949 quia
920 1913 1000 1942 Chri-

213 1966 295 1995 stiani
309 1971 414 1997 omnes,
435 1970 573 1997 nunquam
589 1962 640 1989 ltoc
651 1961 739 1995 ipsum
756 1965 857 1993 essent,
872 1967 999 1995 magnum

215 2017 242 2039 et
255 2009 477 2039 honestissimum
501 2014 612 2039 nomen,
632 2010 660 2034 et
682 2013 736 2039 res,
754 2006 776 2033 si
791 2005 933 2040 dignitatis
955 2013 1001 2034 sa-

179 2058 181 2060 ’
214 2058 344 2093 pientiam
355 2056 478 2084 scissent.
489 2052 633 2080 iluiceniut
645 2053 836 2087 obsequentes,
846 2051 928 2087 liquet
937 2053 1001 2086 quia

215 2111 354 2139 nunquam
369 2109 418 2136 pro
437 2101 569 2135 majorum
589 2099 641 2126 ﬁde
660 2098 852 2131 idololatriam,
870 2099 912 2126 vel
923 2099 1001 2132 alias,

215 2148 420 2186 quomodolibet
433 2151 544 2174 obortas
563 2146 691 2178 ltzereses,
710 2152 759 2179 pro
774 2145 889 2171 veritate
923 2152 1001 2171 com-

1034 920 1102 947 quos
1118 912 1309 946 itnperitosire
1324 912 1482 947 admouent,
1513 914 1690 948 mittuntque,
1714 912 1824 940 tumida

1035 957 1096 990 ista,
1111 962 1137 984 et
1151 957 1243 985 inﬂata
1257 957 1417 986 disciluros.

1070 1003 1216 1036 Cmterum,
1232 1004 1258 1032 si
1277 1004 1338 1038 quis
1348 1012 1454 1037 eorttm,
1469 1003 1504 1032 de
1520 1004 1619 1040 quibus
1629 1004 1762 1039 culpatur,
1776 1011 1824 1031 ra-

1038 1050 1136 1078 tionem
1152 1050 1252 1083 reddit,
1288 1054 1498 1085 sanctorumque
1525 1050 1655 1078 doctrina:
1677 1051 1817 1083 admonet,

1036 1102 1064 1124 et
1079 1104 1138 1132 qure
1152 1096 1331 1130 objiciuntur,
1348 1097 1415 1123 nihil
1433 1097 1532 1124 habere
1556 1097 1654 1124 virium
1692 1096 1824 1129 ostendit,

1038 1143 1094 1170 sive
1107 1143 1304 1170 absurditatum
1321 1142 1454 1171 lubricum
1467 1143 1604 1177 insinuat;
1619 1147 1648 1170 ut
1669 1144 1823 1173 curiosum,

1038 1194 1066 1216 et
1081 1189 1235 1222 verbosum,
1253 1189 1446 1224 conﬁictusque
1462 1193 1610 1222 amantem,
1627 1188 1750 1223 nihilque
1772 1189 1827 1216 uti-

1040 1235 1091 1263 lem
1112 1235 1269 1263 existimaut
1282 1244 1289 1262 :
1303 1235 1418 1270 ﬁdeique
1428 1235 1631 1270 simplicitatem
1645 1235 1765 1268 laudant,
1797 1239 1826 1262 et

1039 1281 1190 1316 piscatores
1204 1281 1343 1315 ingerunt,
1366 1280 1442 1315 quasi
1455 1280 1505 1315 ipsi
1521 1278 1554 1306 ad
1579 1280 1746 1313 piscatorum
1760 1286 1825 1313 gra-

1041 1328 1103 1354 dum
1118 1327 1301 1361 pervenerint,
1314 1326 1476 1361 illorttmque
1496 1325 1670 1360 sapientiam,
1690 1330 1717 1352 et
1745 1325 1822 1359 signa

1042 1372 1101 1399 illos
1111 1371 1250 1405 sequentia
1275 1372 1329 1398 sint
1354 1371 1506 1399 consecuti.
1531 1370 1591 1404 Non
1613 1371 1685 1398 eniut
1719 1371 1820 1403 sciunt,

1041 1417 1193 1451 piscatores
1208 1417 1316 1451 quidem
1332 1416 1403 1450 illos,
1421 1417 1578 1451 priusquam
1594 1410 1822 1443 arcesschntura

1043 1462 1168 1495 Domino,
1180 1462 1280 1495 fuisse;
1296 1467 1388 1497 postea
1401 1469 1466 1489 vero
1494 1468 1575 1497 quam
1597 1461 1670 1490 illius
1699 1461 1822 1494 discipuli

1043 1506 1131 1534 eﬁ‘ecti
1150 1512 1223 1540 sunt,
1252 1508 1313 1535 illos
1342 1509 1416 1542 ipsos
1435 1508 1585 1543 piscatores
1609 1507 1824 1542 sapientissimos

1045 1553 1078 1580 ah
1090 1553 1148 1586 ipso
1166 1552 1250 1580 fuisse
1271 1552 1421 1580 declaratos
1437 1552 1616 1580 :Benedt’ctus
1642 1552 1712 1579 enim
1742 1544 1824 1584 Deus,

1045 1597 1141 1631 inquit,
1153 1598 1199 1632 qui
1219 1598 1364 1632 piscatores
1381 1597 1593 1632 sapientissimos
1611 1597 1737 1624 ostendit.

1082 1642 1113 1670 Et
1131 1643 1188 1670 haec
1199 1642 1302 1674 dicttnt,
1312 1651 1364 1670 non
1379 1643 1401 1671 si
1414 1643 1475 1678 quis
1488 1643 1514 1670 in
1527 1643 1626 1670 divinis
1640 1643 1720 1670 rebus
1746 1642 1830 1678 syllo-

1046 1688 1141 1724 gismis
1153 1693 1254 1720 utatur,
1267 1688 1441 1723 Platonisque
1455 1694 1482 1716 et
1501 1689 1658 1716 Aristotelis
1682 1688 1830 1716 admisceat

1047 1733 1242 1768 philosophiam
1255 1743 1263 1767 ;
1277 1734 1407 1769 prtcclare
1425 1734 1497 1762 enim
1510 1739 1647 1769 ageretur.
1674 1735 1697 1762 si
1722 1740 1831 1770 propter

1048 1780 1109 1810 ﬁdei
1122 1780 1300 1808 reverentiam
1325 1781 1376 1808 ista
1391 1781 1424 1808 de
1438 1780 1643 1816 Scripturarum
1669 1782 1829 1808 auctoritate

1049 1827 1221 1854 docerentur.
1235 1826 1312 1853 Nunc
1325 1831 1414 1853 autem
1427 1832 1454 1853 et
1467 1827 1500 1854 ad
1517 1827 1590 1861 ipsos
1610 1827 1672 1854 ﬁdei
1691 1827 1830 1857 terminos.

1050 1871 1249 1906 Scripturteque
1261 1879 1292 1898 ac
1308 1877 1462 1899 sanctorum
1475 1872 1661 1907 magisterium
1691 1871 1830 1905 impuden-

1051 1922 1090 1944 tes
1108 1916 1185 1950 ﬁunt,
1199 1924 1262 1944 cuut
1282 1917 1385 1944 scilicet
1396 1917 1430 1944 ab
1456 1917 1510 1945 illis
1546 1922 1719 1952 urgeantur:
1749 1923 1832 1951 neque

1051 1962 1184 1996 principio
1204 1962 1365 1997 intelligant,
1388 1963 1453 1998 quid
1470 1964 1571 1995 velint,
1606 1963 1761 1998 hujustuodi
1786 1970 1832 1989 au-

1053 2012 1105 2035 tem
1116 2008 1333 2036 cavillationibus
1345 2016 1395 2044 pro
1410 2008 1537 2044 suﬁ‘ugio,
1551 2013 1579 2036 et
1588 2008 1832 2036 diverticuloutau-

1052 2058 1097 2080 tttr
1114 2054 1195 2089 sepia!
1207 2054 1233 2081 in
1245 2061 1348 2082 morem
1366 2062 1436 2089 qua,
1451 2059 1480 2081 ut
1496 2055 1644 2089 piscatores
1669 2054 1781 2089 eﬁ'ugiat
1807 2059 1834 2082 et

1053 2099 1145 2133 lateat,
1159 2105 1341 2127 atramentum
1355 2105 1419 2128 ante
1429 2108 1460 2127 se
1475 2100 1571 2128 vomit.
1586 2099 1640 2134 Ipsi
1658 2104 1751 2127 tamen
1775 2107 1831 2127 cum

1054 2145 1154 2181 aliquid
1176 2146 1265 2173 dicere
1286 2145 1371 2173 videri
1392 2146 1495 2177 volunt.
1514 2146 1541 2173 in
1569 2145 1669 2181 angulo
1678 2152 1743 2173 suos
1772 2146 1844 2172 alii».

217 2199 377 2227 mutassent,
391 2201 458 2228 quas
466 2192 560 2219 Patres
573 2192 679 2218 illorunt
689 2191 775 2218 secuti
789 2195 891 2218 essent.
901 2189 1001 2218 Verum
1016 2189 1042 2220 υ
1055 2196 1178 2226 quentes,
1187 2191 1384 2219 obliviscuntur
1398 2192 1508 2226 quidem
1538 2192 1657 2226 regulas,
1688 2198 1755 2226 quas
1778 2191 1832 2218 aliis

218 2245 271 2277 his,
285 2243 323 2272 illi
337 2242 538 2272 valefacientes,
549 2239 661 2266 Christo
681 2238 801 2274 adjuncti
815 2242 889 2265 sunt.
902 2237 1004 2272 Netttpe

216 2291 289 2318 enim
304 2294 331 2316 et
345 2289 453 2316 beatum
470 2285 617 2320 culpabant
634 2284 759 2316 Paulum,
776 2283 849 2318 quod
870 2290 923 2310 tton
942 2291 1005 2310 um-

219 2336 273 2363 brae
287 2334 354 2368 legis
367 2332 502 2363 assidens,
519 2330 657 2365 Evangelii
674 2333 833 2364 persecutor
866 2335 926 2355 esse
943 2335 1005 2362 per-

219 2381 331 2410 stiterit.
343 2380 374 2407 Et
386 2379 450 2407 illttd
461 2378 541 2405 simul
554 2380 692 2408 asserunt,
709 2383 763 2403 non
776 2379 902 2410 oportere
929 2375 1008 2403 Orci-

221 2426 353 2458 dentales,
364 2425 480 2462 omisso,
493 2423 564 2458 quod
588 2423 693 2454 dicunt,
706 2421 740 2449 de
765 2426 860 2449 sancto
890 2421 1006 2454 Spiritu,

222 2475 264 2502 his
277 2471 403 2501 assontiri
417 2471 531 2501 debere,
547 2476 607 2504 qua;
619 2469 747 2495 dicuntur
762 2468 796 2495 ab
819 2467 896 2502 ipsis.
927 2466 1006 2494 Unde

222 2520 295 2548 euittt
308 2518 368 2545 istis
382 2515 548 2552 persuadere
560 2518 689 2550 poterunt
715 2514 809 2540 eadem
841 2521 895 2547 prte
913 2520 942 2540 se
970 2512 1009 2539 fe-

225 2565 367 2597 rentibus;
391 2563 527 2598 quomodo
541 2565 570 2589 et
604 2560 759 2588 inﬁdelibus
770 2560 803 2586 de
826 2559 927 2587 Christi
958 2558 1010 2586 ﬁde

225 2611 383 2645 loquentur.
401 2608 448 2643 qui
470 2606 659 2634 inﬁdelitatem
673 2613 686 2632 a
705 2605 853 2637 majoribus
865 2605 922 2631 suis
933 2611 1011 2631 acce-

225 2659 325 2692 perunt
338 2655 349 2682 i
370 2655 398 2682 Si
417 2654 497 2688 igitur
510 2652 572 2679 talia
585 2656 697 2687 possunt
710 2652 742 2678 ad
756 2651 870 2678 invicem
883 2650 1012 2684 utrinque

227 2701 360 2734 conversi,
373 2701 435 2736 quid
449 2699 554 2727 roboris
566 2698 675 2726 habebit
684 2698 804 2732 ipsorum
818 2697 906 2725 ratio?
917 2696 1013 2724 Nonne

227 2755 292 2782 ergo
307 2747 393 2782 magis
405 2747 556 2782 proprium,
569 2750 596 2772 et
608 2745 674 2772 utile
687 2748 739 2776 est,
756 2744 866 2771 omissis
877 2742 1012 2778 anticipa-

229 2793 348 2820 tiottibus
364 2793 500 2825 omnibus,
513 2791 656 2818 veritatem
683 2789 782 2823 ipsam,
795 2796 843 2824 per
874 2796 903 2816 se
927 2789 1013 2823 ipsam

229 2840 301 2867 omni
316 2840 406 2868 studio
426 2844 452 2868 ct
467 2846 532 2867 cura
545 2837 693 2871 indagare?
708 2837 735 2864 Id
748 2844 815 2865 sane
831 2836 949 2864 viroru-u
960 2841 1008 2870 cst.

1055 2238 1105 2272 ipsi
1132 2241 1292 2272 posuerunt,
1308 2245 1358 2265 ceu
1384 2238 1533 2271 sapientia,
1553 2237 1688 2272 iactantes
1713 2237 1791 2264 fanda
1807 2242 1834 2264 et

1055 2282 1176 2315 infanda,
1186 2288 1214 2310 et
1224 2291 1284 2318 quae
1296 2291 1379 2319 supra
1389 2283 1515 2316 diximus,
1529 2289 1556 2311 et
1566 2284 1687 2311 scribunt
1699 2289 1725 2310 et
1737 2284 1832 2310 dicunt.

1091 2329 1183 2363 Atqui,
1201 2329 1223 2356 si
1243 2328 1351 2364 quidem
1377 2336 1484 2356 omnem
1513 2329 1646 2357 rationem
1662 2329 1832 2364 rejiciendam

1056 2374 1235 2409 arbitrantur,
1256 2374 1385 2410 quodque
1403 2379 1504 2410 prater
1530 2375 1666 2402 rationem
1682 2381 1733 2407 est,
1755 2374 1834 2401 susci-

1058 2421 1145 2456 piunt,
1158 2421 1222 2456 quid
1235 2421 1341 2448 tandem
1357 2428 1422 2448 suos
1435 2420 1503 2448 istos
1513 2421 1595 2448 etiam
1612 2426 1714 2456 septem
1730 2420 1835 2454 Sapien-

1060 2467 1131 2494 tibus
1147 2466 1303 2501 prmierunt,
1314 2467 1411 2501 quibus
1423 2467 1594 2495 conferentes
1608 2472 1733 2499 czeteros,
1750 2465 1834 2503 Ιιιὰιιιη

1058 2520 1121 2541 esse
1145 2521 1290 2548 puerorum
1313 2513 1418 2546 dicunt,
1449 2513 1601 2548 quibusque
1628 2520 1724 2540 omnes
1748 2512 1836 2539 cedere

1061 2559 1173 2586 volunt?
1203 2559 1230 2586 Si
1261 2558 1334 2586 enint
1362 2566 1394 2586 ex
1410 2558 1518 2586 illorum
1547 2558 1681 2593 sapientia
1710 2557 1834 2587 nituntur,

1062 2606 1163 2640 plures,
1190 2610 1271 2640 atque
1299 2605 1490 2640 sapientiores,
1514 2605 1561 2639 q'ui
1586 2604 1627 2631 eis
1654 2604 1835 2634 adversantur,

1062 2651 1146 2678 fuisse
1176 2651 1355 2685 coutperient.
1380 2651 1507 2679 Profecto
1532 2651 1604 2678 cnim
1630 2647 1835 2678 Occidentalium

1063 2698 1195 2732 sapientia
1211 2697 1324 2724 excellet
1340 2705 1347 2724 :
1369 2697 1391 2724 si
1407 2702 1497 2723 autem
1515 2697 1586 2731 quod
1603 2696 1712 2730 sapiens
1735 2698 1762 2721 et
1784 2700 1836 2720 cum

1065 2743 1169 2770 ratione
1184 2747 1238 2772 est.
1253 2746 1280 2769 et
1295 2741 1346 2776 ipsi
1362 2741 1525 2777 suscipiunt,
1540 2745 1621 2776 atque
1642 2740 1703 2767 ideo
1718 2739 1751 2766 dc
1771 2737 1837 2765 Scri-

1065 2789 1154 2824 pturis
1179 2788 1342 2823 prrsuadcre
1358 2793 1493 2815 conantur
1512 2795 1520 2815 :
1541 2793 1710 2822 nequaquam
1733 2791 1778 2812 eos
1797 2782 1837 2817 qui

1067 2844 1159 2864 sccutn
1181 2836 1329 2868 disserunt,
1348 2834 1466 2870 abjiccrc
1481 2834 1624 2862 debebunt.
1643 2839 1710 2867 quos
1725 2831 1761 2863 id,
1775 2829 1836 2864 quod
