1960 3063
156 126 205 158 221

709 131 912 165 ADVERSUS
928 135 1086 166 GRIECOS
1103 136 1177 167 LIB.
1197 137 1249 168 IV.

1732 140 1785 171 222

158 183 308 210 secundum
324 184 456 211 rationem
470 192 502 226 es
522 184 565 212 bis
579 192 638 219 quac
653 193 782 213 concessa
800 192 875 221 sunt,
890 189 948 224 plu-
962 191 987 221 Α
1000 198 1046 218 eos
1059 192 1189 219 adversus
1203 192 1281 219 fidem
1294 191 1412 219 validum
1424 197 1519 220 contra
1537 194 1638 222 inferre
1649 203 1766 230 arguens
1777 217 1785 228 ,

158 229 234 255 ribus
246 237 277 255 ex
296 229 420 263 partibus
436 229 573 264 sequitur.
584 229 642 256 Non
661 231 731 256 enim
746 231 786 258 bis
804 232 884 259 licere
895 233 946 260 sibi

158 275 194 301 uti
213 275 318 308 ἀίει-ιιι,
337 275 397 301 aliis
414 283 478 302 vero
496 283 547 302 non
567 276 659 303 itidem
675 275 777 304 licere:
792 279 864 312 quod
881 279 948 306 irra-

158 321 327 348 tionabiliter
341 321 561 348 distribuentium
578 327 630 350 est.

193 378 391 405 Coutestantnr
410 383 501 406 autem
530 384 557 406 et
577 381 671 408 Arium
697 386 725 408 et
750 381 808 416 ejus
832 380 945 413 similes,

159 425 269 458 quoties
285 431 332 451 eos
349 425 419 452 ratio
433 424 580 459 defecerit;
599 426 683 454 fuisse
713 427 822 462 quidem
840 435 887 455 eos
902 435 947 454 sa-

159 471 263 505 pientia
281 471 415 504 insignes,
438 471 507 498 ultra
533 478 640 499 sanctos
656 480 760 502 omnes.
785 478 946 506 asserentes,

157 517 206 545 red
224 517 307 543 veluti
326 517 468 545 lucreticos
479 518 513 544 ab
527 518 648 546 Ecclesia
663 519 765 554 ejectos
777 519 946 553 inferentes;

159 562 282 596 nihilque
295 564 392 590 mirum
410 568 464 595 est,
485 564 508 590 si
525 565 585 598 quis
599 565 707 599 sapiens
725 573 785 592 cmn
809 565 853 596 sit,
875 565 947 592 aliud

159 608 278 642 aliquid,
293 613 391 642 praeter
410 609 434 636 id
460 610 532 644 quod
558 609 610 644 ipsi
628 610 733 641 volunt,
749 611 782 638 de
803 610 855 637 fide
868 610 946 638 dicit.

158 650 193 677 Et
222 652 309 683 ipsum
341 652 416 679 enim
442 652 620 681 nihilominus
649 659 760 689 propter
786 656 947 690 sapientiam

159 695 247 724 fuisse
272 697 442 725 danutatum.
461 697 524 726 Iliae
549 703 639 726 autem
663 700 796 732 dicentes,
823 700 947 729 ductores

158 744 302 778 ambiguos
320 744 436 772 faciunt.
463 744 530 772 Nam
557 746 579 772 si
599 745 717 773 infidelis
742 751 784 773 est
802 746 947 781 sapientia,

159 789 312 815 cavendum
331 789 409 817 nobis
423 794 476 823 est,
491 797 524 817 ne
535 791 673 825 sapientia:
683 798 764 818 causa
781 791 833 818 illis
845 792 949 819 obtem-

157 840 289 868 perantes
313 835 451 869 fallamur,
478 842 506 865 et
522 839 585 865 caeci
612 846 699 866 cmcos
716 844 860 873 sequentes
876 847 946 875 prte-

158 881 318 915 cipitemur,
335 887 417 918 atque
445 884 713 912 irrationabilitatem
741 886 856 913 rationis
881 895 946 914 nor-

158 935 233 954 mam
251 934 436 960 assumcntes,
451 937 499 964 per
518 930 589 958 hanc
602 930 685 958 veluti
708 931 735 959 in
749 933 868 960 tenebris
883 934 947 961 cauti

158 973 440 1008 obcrremus;simul
467 981 559 1003 autem
586 982 612 1004 et
625 982 720 1004 contra
746 982 855 1005 sanctos
870 985 947 1006 men-

155 1018 278 1047 tiuntur.

194 1075 290 1111 Neque
309 1078 381 1104 enim
401 1077 480 1105 Arius
503 1082 529 1105 et
545 1078 708 1113 Eunomins,
728 1083 756 1106 et
783 1080 828 1107 alii
854 1079 949 1115 hujus-

158 1123 236 1150 modi
264 1123 362 1150 Basilio
384 1127 414 1152 et
430 1124 572 1159 Gregorio,
590 1129 617 1152 et
639 1125 746 1153 caeteris
770 1125 949 1160 sapientiores

158 1167 272 1195 fuerunt
287 1177 293 1196 :
308 1169 365 1203 qui,
381 1169 403 1196 si
419 1170 527 1204 quidem
547 1170 772 1199 irrationabiliter
784 1172 949 1206 persuadere

158 1215 258 1248 velint,
275 1216 337 1250 quis
354 1215 496 1244 attendere
511 1217 658 1252 dignetur?

196 1270 226 1298 Si
244 1276 335 1298 autem
360 1279 407 1299 eos
429 1278 520 1300 mente
544 1277 571 1300 et
592 1273 697 1300 ratione
712 1273 851 1308 praeditos,
868 1279 949 1309 atque

159 1317 286 1343 eordatos
303 1317 397 1344 dicunt
413 1322 440 1345 et
466 1325 496 1346 se
511 1319 583 1352 ipsos
605 1320 759 1347 destruunt.
773 1319 851 1348 Unde
876 1321 948 1348 enim

157 1362 230 1393 suis,
246 1369 316 1396 quos
331 1362 358 1389 in
376 1363 508 1398 sapientia
525 1364 669 1396 mirantur,
691 1365 771 1392 fidem
797 1366 948 1393 habendam

159 1413 274 1442 propter
298 1407 369 1435 hanc
393 1408 536 1437 ostendere
552 1415 691 1444 poterunt,
718 1410 741 1438 si
766 1412 949 1440 communiter

161 1458 293 1487 arguatur
305 1454 460 1488 sapientia?
473 1456 576 1489 Itaque,
592 1464 646 1484 non
662 1456 747 1491 magis
759 1461 852 1484 contra
870 1457 947 1492 istos,

160 1505 243 1532 quam
259 1503 353 1526 contra
369 1499 437 1527 alios
452 1500 567 1533 dicetur,
588 1500 610 1528 si
630 1501 771 1536 sapientia
785 1509 869 1530 causa
883 1510 949 1530 con-

160 1543 266 1578 tigerit,
282 1549 310 1570 ut
325 1545 439 1572 veritate
454 1545 631 1574 frustrentur.

198 1599 253 1627 Sed
280 1600 403 1635 profecto
419 1602 554 1636 sapientia
571 1610 619 1637 per
642 1610 672 1630 se
696 1603 796 1630 malum
827 1611 879 1631 non
896 1608 948 1631 est.

160 1645 220 1674 Non
237 1647 309 1674 enim
326 1647 348 1674 si
368 1647 429 1682 quis
442 1655 472 1675 ea
485 1653 583 1683 praeter
595 1649 726 1676 rationem
742 1657 807 1677 usus
820 1655 872 1682 est,
892 1650 948 1684 ipsa

162 1693 294 1719 continuo
314 1693 340 1719 in
355 1695 433 1726 culpa
451 1694 513 1721 erit.
539 1693 590 1721 Sed
614 1702 703 1729 neque
721 1695 765 1722 ille
781 1695 890 1729 sapiens
906 1695 950 1721 di-

163 1739 269 1765 cendus
299 1744 352 1772 est,
370 1740 414 1773 qui
440 1740 578 1767 mendacia
595 1741 734 1776 confingit.
759 1740 852 1776 Neque
876 1742 948 1768 enim

163 1784 280 1810 scientia
306 1789 387 1819 atque
413 1785 564 1819 sapientia;
588 1787 636 1814 sed
661 1791 767 1819 contra,
794 1787 902 1814 inscitia
923 1790 950 1813 et

162 1828 331 1863 insipientia,
356 1831 402 1865 qui
423 1832 600 1864 mentiuntur,
617 1836 730 1859 utuntur
756 1837 784 1860 et
808 1832 877 1860 alios
900 1832 950 1859 fal-

162 1873 223 1901 lunt
240 1883 247 1901 :
267 1875 348 1901 sicuti
369 1883 455 1910 neque
477 1877 644 1911 gubernator
662 1878 759 1905 merito
776 1877 888 1910 dicitur,
900 1878 948 1913 qui

163 1929 261 1948 navem
282 1922 411 1956 perdidit,
428 1930 517 1957 neque
534 1924 665 1956 medicus,
677 1925 723 1959 qui
748 1924 885 1951 inﬁrmum
902 1932 950 1959 pe-

165 1967 254 1995 remit.
281 1967 376 2002 Neque
391 1968 462 1995 enim
488 1975 619 2003 quantum
645 1971 814 2004 gubernator
827 1975 879 2003 est,
907 1971 950 1998 vel

163 2013 294 2045 medicus,
309 2013 356 2040 sed
374 2013 400 2040 in
420 2017 551 2047 quantum
570 2014 674 2048 peritiae
690 2022 745 2042 sua:
759 2022 854 2042 norma
878 2020 950 2043 uter-

162 2065 215 2093 que
234 2058 345 2091 eacidit,
374 2058 445 2086 istud
470 2059 614 2095 corttingit.
634 2058 692 2086 Non
721 2065 810 2088 tamen
841 2066 951 2095 propter

163 2103 326 2138 imperitiam
342 2112 448 2142 eorum,
471 2105 529 2133 sive
554 2106 697 2139 malitiam,
713 2106 755 2133 Vel
775 2106 948 2141 gubernatio,

163 2150 204 2177 vel
222 2150 356 2177 medicina
374 2158 422 2185 pcr
439 2158 469 2178 se
496 2151 595 2178 malum
621 2156 674 2179 est.
702 2151 787 2179 Nemo
803 2151 876 2179 enim
902 2160 950 2187 per

999 237 1087 266 sicuti
1103 238 1239 271 prioribus
1257 239 1424 271 temporibus
1442 240 1546 275 antiqui
1574 241 1703 268 Ecclesia:
1728 252 1786 269 tua-

998 283 1074 318 gistri
1092 283 1241 314 faciebant;
1261 285 1361 319 quippe
1376 285 1450 318 juxta
1465 293 1590 319 magnum
1607 286 1736 313 Basiliam
1760 289 1785 314 in

998 329 1166 362 expositione
1187 336 1269 362 super
1292 329 1385 356 Isaiam
1411 339 1418 357 :
1440 330 1533 357 Murus
1556 335 1596 358 est
1620 331 1786 366 dogmatibus

999 374 1096 400 nostris
1119 380 1233 402 calet-me
1253 376 1391 409 sapientia!
1417 377 1473 408 vis,
1498 385 1550 404 non
1578 386 1608 404 ea
1635 379 1786 411 permittens

997 421 1142 448 nolentibus
1167 421 1258 455 facilia
1287 423 1321 448 ad
1350 423 1506 457 capiendum
1545 431 1577 450 ac
1608 424 1786 458 diripiendum

998 467 1067 501 ﬁeri.

1035 523 1086 556 Qui
1113 523 1269 559 ltnjusmodi
1287 530 1349 557 est,
1375 533 1515 561 nunquam
1541 531 1652 561 propter
1679 526 1786 560 sapien-

1000 570 1077 603 tiam,
1094 578 1188 597 norma
1204 571 1343 605 sapientiae
1360 576 1514 598 sanctorum
1531 572 1558 598 in
1575 572 1672 598 divinis
1695 577 1785 604 utens,

999 619 1029 641 ut
1052 616 1186 643 mentiens
1213 616 1316 650 culpari
1344 617 1445 650 poterit
1463 625 1469 643 :
1496 616 1614 650 alioquin
1633 621 1661 643 et
1683 616 1742 643 illos
1758 621 1786 644 ut

999 665 1175 694 corruptores
1188 668 1240 687 una
1254 661 1405 695 ejiciemus.
1430 661 1485 688 lloc
1501 661 1572 688 enim
1586 661 1672 695 ipsmn
1690 661 1784 688 Arium

1000 705 1121 732 Ecclesia
1137 705 1252 740 expulit,
1269 707 1338 741 quod
1365 706 1480 739 plurima
1510 713 1541 733 er
1566 706 1619 738 bis,
1635 714 1694 740 quae
1712 705 1787 733 Scri-

999 757 1087 786 ptura:
1110 753 1273 779 auctoritate
1297 756 1324 779 et
1347 751 1399 779 fide
1416 759 1547 779 concessa
1565 757 1639 785 sunt,
1663 751 1785 786 subjecta

1000 797 1084 832 ipsius
1100 798 1295 833 propositione,
1313 797 1488 825 tollebantur.

963 858 985 887 [ι
1034 853 1085 881 Hic
1110 859 1213 885 autem,
1240 858 1270 880 ut
1291 858 1431 880 ostensum
1461 857 1513 884 est,
1533 851 1599 879 nihil
1629 851 1784 887 hujusmodi

998 898 1141 932 contingit.
1157 898 1206 932 Qui
1223 898 1295 924 enim
1313 905 1345 925 ex
1360 898 1417 925 solo
1433 897 1513 924 Patre
1529 898 1674 932 procedere
1692 897 1786 925 dicunt

999 944 1129 979 Spiritum
1145 947 1280 974 sanctum,
1306 950 1353 970 eos
1381 943 1483 975 omnia,
1498 948 1594 976 praeter
1617 942 1784 977 Scripturam

999 997 1030 1017 ac
1048 995 1204 1018 sanctorum
1230 989 1373 1020 rationem,
1391 994 1552 1023 sequuntur.
1572 988 1623 1021 Qui
1640 995 1730 1016 autem
1751 997 1785 1016 ex

1000 1041 1127 1070 utroque,
1152 1035 1278 1062 videlicet
1306 1042 1338 1062 ex
1363 1034 1444 1062 Patre
1461 1043 1508 1069 per
1529 1033 1628 1061 Filium
1655 1033 1784 1067 fatentur,

998 1089 1044 1109 eos
1057 1081 1148 1109 omnia
1160 1081 1309 1108 secundum
1325 1081 1457 1107 rationem
1473 1081 1563 1115 sequi,
1576 1082 1784 1116 comprobatur;

999 1135 1059 1155 cum
1078 1134 1167 1162 neque
1195 1126 1295 1161 aliquid
1315 1134 1348 1153 ex
1375 1126 1523 1161 suppositis
1550 1125 1670 1157 tollatur,
1699 1133 1786 1160 neque

998 1174 1145 1201 absurdum
1175 1172 1285 1207 aliquod
1315 1171 1516 1199 introducalur.
1543 1171 1578 1198 At
1608 1171 1652 1198 ille
1674 1171 1786 1205 quidem

999 1219 1110 1247 minime
1125 1219 1164 1246 vel
1179 1218 1312 1245 catholico
1328 1217 1530 1252 universaliqne
1550 1217 1668 1244 concilio
1697 1216 1788 1243 credi—

999 1265 1048 1296 dit.
1061 1264 1103 1291 vel
1120 1264 1152 1290 ad
1175 1271 1347 1291 communem
1367 1263 1515 1290 Ecclesiatn
1531 1263 1672 1290 attendere
1690 1262 1785 1289 voluit.

999 1306 1103 1338 idcirco
1116 1310 1197 1337 etiam
1220 1309 1354 1344 propriam
1372 1309 1527 1343 quamdam,
1552 1313 1649 1342 praeter
1665 1315 1788 1334 commu-

1001 1362 1074 1387 nem,
1089 1355 1159 1381 viam
1184 1354 1224 1382 ire
1246 1354 1351 1386 volens,
1368 1353 1510 1381 bmreticus
1535 1353 1597 1380 fttit.
1621 1352 1670 1380 llic
1695 1357 1786 1379 autent

999 1399 1044 1435 qui
1065 1399 1230 1427 Occitlentali
1255 1399 1383 1426 Ecclesice
1398 1399 1528 1430 adhaeret,
1556 1403 1653 1433 praeter
1672 1398 1698 1424 id
1715 1397 1785 1432 quod

999 1444 1126 1472 omnibus
1152 1444 1295 1472 catholica:
1324 1444 1451 1471 Ecclesiae
1481 1444 1617 1478 magistris
1645 1443 1784 1478 congruit,

1001 1490 1146 1517 universali
1170 1491 1251 1517 etiam
1264 1489 1367 1524 synodo
1380 1489 1558 1523 obtemperet,
1574 1489 1599 1515 iu
1616 1497 1668 1523 qua
1684 1489 1784 1516 Orien-

963 1542 984 1571 ο
1002 1536 1111 1566 talibus,
1119 1535 1392 1569 Occidentalibusque
1403 1535 1639 1566 convenientilms,
1649 1534 1787 1561 communi

1002 1581 1137 1609 sententia
1154 1581 1294 1608 definitum
1323 1585 1375 1613 est,
1399 1587 1572 1607 communem
1598 1588 1658 1608 esse
1674 1585 1788 1607 sancto-

1000 1635 1059 1655 rum
1078 1627 1197 1653 omnium
1224 1625 1388 1660 opinionem,
1414 1634 1430 1653 a
1455 1625 1535 1653 Patre
1559 1631 1586 1653 et
1610 1625 1678 1652 Filio
1694 1633 1788 1661 proce<

1001 1672 1066 1699 dere
1084 1671 1217 1706 Spiritum
1231 1674 1366 1708 sanctum.
1384 1670 1587 1704 Ecclesiamque
1609 1671 1632 1697 id
1648 1670 1786 1702 conliteri,

1000 1724 1015 1743 a
1032 1724 1084 1752 qua
1097 1715 1169 1743 nulla
1185 1723 1302 1750 unquam
1316 1715 1396 1742 fallax
1419 1718 1452 1743 de
1471 1716 1524 1743 tide
1543 1716 1676 1743 sententia
1695 1723 1788 1742 inaus-

999 1763 1049 1789 vit.

1036 1820 1088 1848 Sed
1108 1827 1141 1847 ne
1163 1820 1263 1846 Basilio
1278 1820 1399 1854 quidem,
1416 1824 1444 1847 et
1466 1819 1598 1854 Gregorio
1623 1818 1788 1853 ceterisque

1000 1867 1135 1894 similibus
1157 1867 1345 1899 crederemus,
1369 1866 1509 1900 sapientiae
1524 1873 1618 1897 causa,
1637 1865 1686 1892 nisi
1712 1865 1788 1899 prius

1000 1913 1062 1949 ipsi,
1078 1913 1213 1941 ltaéreticis
1230 1913 1291 1940 aliis
1308 1913 1360 1940 alia
1385 1912 1548 1944 dicentibus,
1565 1910 1718 1944 huiusmodi
1736 1910 1788 1938 Ec-

1000 1960 1088 1988 clesiae
1110 1959 1179 1986 uniti
1195 1964 1297 1990 essent,
1317 1964 1400 1993 atque
1424 1965 1439 1985 a
1452 1957 1601 1995 catholicis
1624 1957 1734 1992 synodis
1753 1956 1788 1983 ab

1000 2015 1030 2036 ea
1047 2007 1216 2043 congregatis
1232 2006 1338 2042 probati
1361 2005 1491 2037 fuissent,
1508 2009 1590 2039 atque
1604 2006 1636 2032 ad
1650 2005 1710 2031 illos
1724 2009 1788 2032 tan-

999 2060 1081 2089 quam
1100 2053 1223 2080 veritatis
1239 2052 1396 2086 magistros,
1422 2050 1545 2077 Ecclesia
1569 2050 1710 2084 dirigeret.
1733 2049 1787 2076 Sed

1002 2106 1090 2134 neque
1108 2102 1217 2125 sanctos
1230 2104 1278 2125 eos
1299 2101 1467 2130 putaremus,
1485 2095 1507 2122 si
1524 2099 1620 2122 contra
1636 2095 1709 2122 illam
1724 2102 1787 2122 cum

1001 2146 1063 2173 aliis
1088 2144 1301 2173 reluctarentur.

162 2197 214 2224 ista
234 2203 402 2225 servaretur.
431 2196 516 2233 Igitur
539 2206 589 2226 nec
613 2198 746 2233 sapientia
766 2203 876 2234 propter
901 2205 949 2225 eos
966 2206 987 2233 ι)
1037 2203 1090 2230 Eos
1105 2201 1176 2228 enim
1192 2201 1238 2236 qui
1255 2207 1304 2235 per
1325 2199 1351 2227 id
1376 2199 1507 2234 temporis
1530 2199 1567 2227 illi
1583 2204 1635 2226 non
1650 2199 1789 2231 obtempe.

163 2244 208 2278 qui
228 2243 272 2271 illa
288 2245 448 2276 abutuntur,
461 2244 561 2272 malum
577 2251 634 2277 est;
648 2252 729 2271 nemo
744 2245 816 2272 enim
833 2251 896 2272 vera
909 2244 949 2272 di-

164 2294 249 2319 ceret.
272 2290 382 2323 sapiens
394 2289 440 2325 qui
461 2294 552 2324 esset;
580 2290 617 2318 ita
644 2294 671 2318 et
687 2297 783 2318 omnes
809 2290 950 2325 theologos

164 2334 272 2361 mentiri
293 2335 457 2362 diceremus.

197 2380 290 2414 Itaque
303 2381 325 2407 si
341 2382 404 2416 quis
420 2381 512 2409 modos
524 2381 670 2409 verborum
688 2388 720 2408 ac
736 2387 827 2408 rerum
844 2381 950 2413 sciens,

163 2430 245 2460 utque
264 2434 290 2453 tu
306 2426 361 2453 Deo
376 2426 449 2453 aliud
466 2427 575 2461 quidem
593 2426 730 2454 ineil‘abile
745 2431 795 2461 est,
810 2428 880 2454 aliud
896 2435 949 2455 non

164 2472 217 2504 ita;
234 2471 312 2506 juxta
338 2471 534 2499 Damascenum
561 2473 645 2505 enim,
663 2480 750 2507 neque
771 2473 862 2499 omnia
887 2477 952 2499 sunt

164 2517 323 2550 iuetl'abilia,
339 2524 428 2551 neque
439 2517 529 2544 omnia
540 2517 670 2550 etl'abilia,
688 2525 877 2552 coucessaqne
888 2517 949 2545 ﬁdei

163 2563 296 2597 principia
309 2570 477 2598 snpponens,
494 2564 558 2598 quid
573 2563 625 2590 hoc
639 2564 793 2598 supposito,
809 2568 951 2598 sequatur,

163 2610 228 2644 quid
247 2609 399 2641 auferatur,
418 2609 538 2644 inspicit,
552 2609 679 2637 et'iuiert
695 2609 835 2644 sequentia
849 2609 951 2644 princi-

165 2658 216 2691 piis
246 2663 377 2683 consona.
398 2656 436 2682 At:
466 2656 544 2682 ﬁdem
569 2656 679 2691 quidem
697 2656 818 2683 externis
843 2662 951 2690 quoque

164 2703 317 2730 rationibus
341 2698 449 2730 ostendi
475 2709 563 2737 posse,
586 2702 718 2736 conlidit,
741 2702 828 2730 solam
859 2707 950 2729 autem

164 2754 277 2784 propter
310 2748 514 2782 revelationem,
544 2754 758 2783 sanctorumque
784 2749 949 2782 theologiam

163 2795 268 2826 credit;
286 2794 487 2829 philosophiam
499 2803 562 2822 vero
575 2795 655 2822 veluti
668 2796 794 2822 ancillam
809 2795 950 2829 theologia:

164 2840 298 2876 adiungit,
324 2847 356 2868 ac
371 2841 498 2875 pcrltanc
523 2842 620 2870 refutat
637 2842 864 2875 calumniatores;
882 2841 947 2868 nihil

1003 2253 1130 2276 raverunt
1155 2247 1212 2275 sive
1237 2246 1483 2277 contradixerunt,
1509 2250 1696 2272 exsecramur.
1728 2241 1788 2269 Non

1002 2295 1093 2328 itaque
1107 2293 1195 2321 solum
1220 2296 1327 2326 oportet
1349 2298 1410 2318 esse
1437 2291 1600 2325 sapientem.
1623 2288 1681 2316 Nisi
1699 2287 1788 2314 adsint

1001 2344 1109 2372 extera,
1125 2345 1152 2367 et
1168 2337 1355 2373 principaliter
1372 2336 1499 2364 Ecclesiae
1515 2336 1645 2370 dogmata
1660 2335 1789 2362 cenlitea-

1004 2391 1057 2418 tur,
1089 2384 1288 2420 quantumlibet
1313 2383 1430 2418 quisque
1457 2382 1493 2409 sit
1525 2381 1648 2416 sapiens,
1680 2380 1786 2407 delirat.

1003 2433 1114 2467 Oportet
1135 2432 1207 2459 enim
1227 2429 1373 2457 Ecclesiam
1397 2428 1522 2456 stabilem
1546 2434 1655 2461 semper
1672 2426 1699 2453 in
1717 2425 1790 2452 veri—

1004 2482 1059 2505 tate
1072 2478 1232 2508 consistere,
1245 2476 1271 2504 id
1283 2484 1326 2510 iue
1343 2482 1377 2502 ex
1399 2474 1442 2501 bis
1455 2481 1517 2509 qua
1533 2473 1569 2500 illi
1586 2477 1648 2499 ante
1668 2471 1789 2504 contigc-
1829 2474 1834 2476 '

1004 2525 1078 2552 runt,
1090 2520 1305 2555 comprobatur;
1331 2520 1411 2553 eique
1429 2525 1519 2551 opera:
1540 2517 1658 2551 pretium
1677 2520 1719 2542 est
1739 2515 1791 2542 οὺς

1005 2570 1168 2600 temperare.
1207 2565 1293 2592 Aliter
1326 2565 1397 2591 enim
1432 2563 1567 2590 incertum
1599 2566 1689 2591 esset,
1725 2561 1794 2593 quis

1004 2610 1166 2645 sapientium
1190 2617 1252 2636 vera
1278 2614 1503 2644 prosequeretur,
1531 2607 1584 2633 nisi
1604 2606 1630 2632 id
1655 2603 1787 2639 subjicia-

1005 2660 1059 2687 tur,
1076 2655 1226 2682 Ecclesiam
1243 2661 1349 2688 semper
1365 2653 1522 2680 necessario
1535 2651 1676 2679 veritatem
1690 2650 1766 2684 sequi
1778 2656 1791 2681 ί

1004 2708 1086 2737 atque
1118 2702 1186 2729 hanc
1216 2701 1341 2736 ambigua
1382 2699 1473 2727 omnia
1505 2699 1672 2729 discernere,
1707 2699 1793 2730 atque

1005 2748 1131 2776 detiuire.

1318 2791 1354 2818 De
1370 2791 1481 2826 azymis.

1039 2838 1151 2866 Plurimi
1171 2846 1235 2866 vero
1249 2839 1281 2866 dc
1303 2838 1406 2873 alytuis
1421 2837 1500 2865 etiam
1526 2833 1673 2862 Ecclesiatu
1700 2832 1727 2858 in
1742 2830 1793 2866 jus
