  <div class='ocr_page' id='page_1' title='image "/cluster/home/n/w/nwhite01/storage/ocr_20150623/152/njp.32101077773206/115.png"; bbox 0 0 1960 3063; ppageno 0'>
   <div class='ocr_carea' id='block_1_1' title="bbox 179 140 233 172">
    <p class='ocr_par' dir='ltr' id='par_1_1' title="bbox 179 140 233 172">
     <span class='ocr_line' id='line_1_1' title="bbox 179 140 233 172; baseline 0 -1"><span class='ocrx_word' id='word_1_1' title='bbox 179 140 233 172; x_wconf 68' lang='grc'><strong>923</strong></span> 
     </span>
    </p>
   </div>
   <div class='ocr_carea' id='block_1_2' title="bbox 806 141 1171 174">
    <p class='ocr_par' dir='ltr' id='par_1_2' title="bbox 806 141 1171 174">
     <span class='ocr_line' id='line_1_2' title="bbox 806 141 1171 174; baseline -0.003 -2"><span class='ocrx_word' id='word_1_2' title='bbox 806 142 1007 174; x_wconf 85' lang='lat' dir='ltr'><strong>MANUELIS</strong></span> <span class='ocrx_word' id='word_1_3' title='bbox 1019 141 1171 172; x_wconf 71' lang='lat' dir='ltr'><strong>CALEC/E</strong></span> 
     </span>
    </p>
   </div>
   <div class='ocr_carea' id='block_1_3' title="bbox 1753 135 1826 167">
    <p class='ocr_par' dir='ltr' id='par_1_3' title="bbox 1753 135 1826 167">
     <span class='ocr_line' id='line_1_3' title="bbox 1753 135 1826 167; baseline -0.027 0"><span class='ocrx_word' id='word_1_4' title='bbox 1753 135 1826 167; x_wconf 61' lang='lat'><strong>224</strong></span> 
     </span>
    </p>
   </div>
   <div class='ocr_carea' id='block_1_4' title="bbox 185 197 1824 236">
    <p class='ocr_par' dir='ltr' id='par_1_4' title="bbox 185 197 1824 236">
     <span class='ocr_line' id='line_1_4' title="bbox 185 197 1824 236; baseline -0.002 -10"><span class='ocrx_word' id='word_1_5' title='bbox 185 203 296 229; x_wconf 87' lang='lat' dir='ltr'><strong>trahunt</strong></span> <span class='ocrx_word' id='word_1_6' title='bbox 320 201 389 236; x_wconf 80' lang='lat'><strong>(85),</strong></span> <span class='ocrx_word' id='word_1_7' title='bbox 416 200 449 228; x_wconf 90' lang='lat' dir='ltr'><strong>de</strong></span> <span class='ocrx_word' id='word_1_8' title='bbox 467 200 566 236; x_wconf 78' lang='lat' dir='ltr'><strong>quibus</strong></span> <span class='ocrx_word' id='word_1_9' title='bbox 582 208 616 228; x_wconf 93' lang='lat' dir='ltr'><strong>ne</strong></span> <span class='ocrx_word' id='word_1_10' title='bbox 635 200 709 235; x_wconf 86' lang='lat' dir='ltr'><strong>loqui</strong></span> <span class='ocrx_word' id='word_1_11' title='bbox 734 201 840 235; x_wconf 81' lang='lat' dir='ltr'><strong>quidem</strong></span> <span class='ocrx_word' id='word_1_12' title='bbox 857 201 968 236; x_wconf 78' lang='lat' dir='ltr'><strong>dignum</strong></span> <span class='ocrx_word' id='word_1_13' title='bbox 985 204 1007 231; x_wconf 77' lang='grc' dir='ltr'>Α</span> <span class='ocrx_word' id='word_1_14' title='bbox 1020 207 1082 228; x_wconf 90' lang='lat' dir='ltr'><strong>cum</strong></span> <span class='ocrx_word' id='word_1_15' title='bbox 1097 205 1171 228; x_wconf 88' lang='lat' dir='ltr'><strong>esset</strong></span> <span class='ocrx_word' id='word_1_16' title='bbox 1186 199 1351 235; x_wconf 90' lang='lat' dir='ltr'><strong>prohibitum</strong></span> <span class='ocrx_word' id='word_1_17' title='bbox 1366 197 1477 231; x_wconf 61' lang='lat' dir='ltr'><strong>Judaeis,</strong></span> <span class='ocrx_word' id='word_1_18' title='bbox 1491 201 1567 225; x_wconf 83' lang='lat' dir='ltr'><strong>extra</strong></span> <span class='ocrx_word' id='word_1_19' title='bbox 1580 197 1718 225; x_wconf 80' lang='lat' dir='ltr'><strong>civitatem</strong></span> <span class='ocrx_word' id='word_1_20' title='bbox 1729 204 1824 224; x_wconf 79' lang='lat' dir='ltr'><strong>suam</strong></span> 
     </span>
    </p>
   </div>
   <div class='ocr_carea' id='block_1_5' title="bbox 185 245 969 281">
    <p class='ocr_par' dir='ltr' id='par_1_5' title="bbox 185 245 969 281">
     <span class='ocr_line' id='line_1_5' title="bbox 185 245 969 281; baseline 0 -8"><span class='ocrx_word' id='word_1_21' title='bbox 185 252 236 280; x_wconf 77' lang='lat' dir='ltr'><strong>est,</strong></span> <span class='ocrx_word' id='word_1_22' title='bbox 255 247 288 274; x_wconf 87' lang='lat' dir='ltr'><strong>ad</strong></span> <span class='ocrx_word' id='word_1_23' title='bbox 307 254 354 275; x_wconf 89' lang='lat' dir='ltr'><strong>eos</strong></span> <span class='ocrx_word' id='word_1_24' title='bbox 382 246 531 281; x_wconf 54' lang='lat' dir='ltr'><strong>praesertim</strong></span> <span class='ocrx_word' id='word_1_25' title='bbox 549 246 596 280; x_wconf 89' lang='lat' dir='ltr'><strong>qui</strong></span> <span class='ocrx_word' id='word_1_26' title='bbox 623 247 750 281; x_wconf 83' lang='lat' dir='ltr'><strong>ignorant</strong></span> <span class='ocrx_word' id='word_1_27' title='bbox 776 245 913 274; x_wconf 86' lang='lat' dir='ltr'><strong>Ecciesias</strong></span> <span class='ocrx_word' id='word_1_28' title='bbox 935 246 969 273; x_wconf 90' lang='lat' dir='ltr'><strong>ab</strong></span> 
     </span>
    </p>
   </div>
   <div class='ocr_carea' id='block_1_6' title="bbox 183 291 970 326">
    <p class='ocr_par' dir='ltr' id='par_1_6' title="bbox 183 291 970 326">
     <span class='ocr_line' id='line_1_6' title="bbox 183 291 970 326; baseline 0 -8"><span class='ocrx_word' id='word_1_29' title='bbox 183 293 260 319; x_wconf 81' lang='lat' dir='ltr'><strong>initio</strong></span> <span class='ocrx_word' id='word_1_30' title='bbox 275 299 382 326; x_wconf 83' lang='lat' dir='ltr'><strong>semper</strong></span> <span class='ocrx_word' id='word_1_31' title='bbox 397 299 427 319; x_wconf 85' lang='lat' dir='ltr'><strong>se</strong></span> <span class='ocrx_word' id='word_1_32' title='bbox 445 292 482 318; x_wconf 89' lang='lat' dir='ltr'><strong>ita</strong></span> <span class='ocrx_word' id='word_1_33' title='bbox 507 292 648 323; x_wconf 87' lang='lat' dir='ltr'><strong>habuisse,</strong></span> <span class='ocrx_word' id='word_1_34' title='bbox 668 297 697 318; x_wconf 89' lang='lat' dir='ltr'><strong>ut</strong></span> <span class='ocrx_word' id='word_1_35' title='bbox 720 291 841 320; x_wconf 79' lang='lat' dir='ltr'><strong>Orientis</strong></span> <span class='ocrx_word' id='word_1_36' title='bbox 864 292 970 319; x_wconf 91' lang='lat' dir='ltr'><strong>scilicet</strong></span> 
     </span>
    </p>
   </div>
   <div class='ocr_carea' id='block_1_7' title="bbox 185 337 971 372">
    <p class='ocr_par' dir='ltr' id='par_1_7' title="bbox 185 337 971 372">
     <span class='ocr_line' id='line_1_7' title="bbox 185 337 971 372; baseline 0 -7"><span class='ocrx_word' id='word_1_37' title='bbox 185 339 305 366; x_wconf 73' lang='lat' dir='ltr'><strong>Ecclesia</strong></span> <span class='ocrx_word' id='word_1_38' title='bbox 336 338 527 371; x_wconf 84' lang='lat' dir='ltr'><strong>fermentatis,</strong></span> <span class='ocrx_word' id='word_1_39' title='bbox 556 337 712 364; x_wconf 79' lang='lat' dir='ltr'><strong>Occidentis</strong></span> <span class='ocrx_word' id='word_1_40' title='bbox 742 342 833 364; x_wconf 88' lang='lat' dir='ltr'><strong>autem</strong></span> <span class='ocrx_word' id='word_1_41' title='bbox 865 338 971 372; x_wconf 81' lang='lat' dir='ltr'><strong>azymis</strong></span> 
     </span>
    </p>
   </div>
   <div class='ocr_carea' id='block_1_8' title="bbox 185 382 972 417">
    <p class='ocr_par' dir='ltr' id='par_1_8' title="bbox 185 382 972 417">
     <span class='ocr_line' id='line_1_8' title="bbox 185 382 972 417; baseline 0.001 -9"><span class='ocrx_word' id='word_1_42' title='bbox 185 383 354 410; x_wconf 89' lang='lat' dir='ltr'><strong>sacrificaret</strong></span> <span class='ocrx_word' id='word_1_43' title='bbox 370 391 378 410; x_wconf 86' lang='lat'><strong>:</strong></span> <span class='ocrx_word' id='word_1_44' title='bbox 395 383 522 417; x_wconf 81' lang='lat' dir='ltr'><strong>quodque</strong></span> <span class='ocrx_word' id='word_1_45' title='bbox 540 382 573 409; x_wconf 88' lang='lat' dir='ltr'><strong>ad</strong></span> <span class='ocrx_word' id='word_1_46' title='bbox 591 382 712 417; x_wconf 89' lang='lat' dir='ltr'><strong>mysterii</strong></span> <span class='ocrx_word' id='word_1_47' title='bbox 727 382 854 409; x_wconf 90' lang='lat' dir='ltr'><strong>virtutem</strong></span> <span class='ocrx_word' id='word_1_48' title='bbox 868 388 972 410; x_wconf 88' lang='lat' dir='ltr'><strong>utrum-</strong></span> 
     </span>
    </p>
   </div>
   <div class='ocr_carea' id='block_1_9' title="bbox 186 427 971 462">
    <p class='ocr_par' dir='ltr' id='par_1_9' title="bbox 186 427 971 462">
     <span class='ocr_line' id='line_1_9' title="bbox 186 427 971 462; baseline -0.001 -7"><span class='ocrx_word' id='word_1_49' title='bbox 186 436 238 462; x_wconf 86' lang='lat' dir='ltr'><strong>que</strong></span> <span class='ocrx_word' id='word_1_50' title='bbox 259 428 330 455; x_wconf 88' lang='lat' dir='ltr'><strong>idem</strong></span> <span class='ocrx_word' id='word_1_51' title='bbox 345 427 426 455; x_wconf 87' lang='lat' dir='ltr'><strong>valet.</strong></span> <span class='ocrx_word' id='word_1_52' title='bbox 440 428 554 455; x_wconf 86' lang='lat' dir='ltr'><strong>Constat</strong></span> <span class='ocrx_word' id='word_1_53' title='bbox 575 427 647 454; x_wconf 82' lang='lat' dir='ltr'><strong>enim</strong></span> <span class='ocrx_word' id='word_1_54' title='bbox 662 435 694 455; x_wconf 88' lang='lat' dir='ltr'><strong>ex</strong></span> <span class='ocrx_word' id='word_1_55' title='bbox 712 428 795 454; x_wconf 88' lang='lat' dir='ltr'><strong>tritici</strong></span> <span class='ocrx_word' id='word_1_56' title='bbox 809 427 971 458; x_wconf 87' lang='lat' dir='ltr'><strong>substantia,</strong></span> 
     </span>
    </p>
   </div>
   <div class='ocr_carea' id='block_1_10' title="bbox 186 474 972 509">
    <p class='ocr_par' dir='ltr' id='par_1_10' title="bbox 186 474 972 509">
     <span class='ocr_line' id='line_1_10' title="bbox 186 474 972 509; baseline -0.001 -8"><span class='ocrx_word' id='word_1_57' title='bbox 186 482 219 501; x_wconf 82' lang='lat' dir='ltr'><strong>ex</strong></span> <span class='ocrx_word' id='word_1_58' title='bbox 243 482 297 508; x_wconf 87' lang='lat' dir='ltr'><strong>quo</strong></span> <span class='ocrx_word' id='word_1_59' title='bbox 322 474 391 507; x_wconf 89' lang='lat' dir='ltr'><strong>solo,</strong></span> <span class='ocrx_word' id='word_1_60' title='bbox 409 474 562 507; x_wconf 77' lang='lat' dir='ltr'><strong>subjectum</strong></span> <span class='ocrx_word' id='word_1_61' title='bbox 580 474 647 501; x_wconf 84' lang='lat' dir='ltr'><strong>illud</strong></span> <span class='ocrx_word' id='word_1_62' title='bbox 664 474 750 509; x_wconf 90' lang='lat' dir='ltr'><strong>accipi</strong></span> <span class='ocrx_word' id='word_1_63' title='bbox 776 481 887 502; x_wconf 87' lang='lat' dir='ltr'><strong>necesse</strong></span> <span class='ocrx_word' id='word_1_64' title='bbox 908 478 972 501; x_wconf 84' lang='lat' dir='ltr'><strong>est:</strong></span> 
     </span>
    </p>
   </div>
   <div class='ocr_carea' id='block_1_11' title="bbox 187 520 971 556">
    <p class='ocr_par' dir='ltr' id='par_1_11' title="bbox 187 520 971 556">
     <span class='ocr_line' id='line_1_11' title="bbox 187 520 971 556; baseline 0 -9"><span class='ocrx_word' id='word_1_65' title='bbox 187 520 369 555; x_wconf 80' lang='lat' dir='ltr'><strong>Sahatorque</strong></span> <span class='ocrx_word' id='word_1_66' title='bbox 380 526 475 548; x_wconf 89' lang='lat' dir='ltr'><strong>noster</strong></span> <span class='ocrx_word' id='word_1_67' title='bbox 486 521 635 548; x_wconf 87' lang='lat' dir='ltr'><strong>secundum</strong></span> <span class='ocrx_word' id='word_1_68' title='bbox 650 521 736 556; x_wconf 86' lang='lat' dir='ltr'><strong>legem</strong></span> <span class='ocrx_word' id='word_1_69' title='bbox 751 521 841 548; x_wconf 84' lang='lat' dir='ltr'><strong>omnia</strong></span> <span class='ocrx_word' id='word_1_70' title='bbox 855 521 971 548; x_wconf 79' lang='lat' dir='ltr'><strong>faciens:</strong></span> 
     </span>
    </p>
   </div>
   <div class='ocr_carea' id='block_1_12' title="bbox 189 566 974 601">
    <p class='ocr_par' dir='ltr' id='par_1_12' title="bbox 189 566 974 601">
     <span class='ocr_line' id='line_1_12' title="bbox 189 566 974 601; baseline 0 -8"><span class='ocrx_word' id='word_1_71' title='bbox 189 566 251 594; x_wconf 80' lang='lat' dir='ltr'><strong>Non</strong></span> <span class='ocrx_word' id='word_1_72' title='bbox 276 567 346 598; x_wconf 80' lang='lat' dir='ltr'><strong>veni,</strong></span> <span class='ocrx_word' id='word_1_73' title='bbox 370 567 468 601; x_wconf 85' lang='lat' dir='ltr'><strong>inquit,</strong></span> <span class='ocrx_word' id='word_1_74' title='bbox 490 567 572 600; x_wconf 82' lang='lat' dir='ltr'><strong>legem</strong></span> <span class='ocrx_word' id='word_1_75' title='bbox 590 568 698 598; x_wconf 78' lang='lat' dir='ltr'><strong>solt-ere.</strong></span> <span class='ocrx_word' id='word_1_76' title='bbox 716 566 761 593; x_wconf 69' lang='lat' dir='ltr'><strong>sed</strong></span> <span class='ocrx_word' id='word_1_77' title='bbox 780 566 922 600; x_wconf 76' lang='lat' dir='ltr'><strong>adimplere</strong></span> <span class='ocrx_word' id='word_1_78' title='bbox 936 566 974 598; x_wconf 78' lang='lat'><strong>&#39;7;</strong></span> 
     </span>
    </p>
   </div>
   <div class='ocr_carea' id='block_1_13' title="bbox 187 612 976 647">
    <p class='ocr_par' dir='ltr' id='par_1_13' title="bbox 187 612 976 647">
     <span class='ocr_line' id='line_1_13' title="bbox 187 612 976 647; baseline 0 -7"><span class='ocrx_word' id='word_1_79' title='bbox 187 619 216 641; x_wconf 87' lang='lat' dir='ltr'><strong>et</strong></span> <span class='ocrx_word' id='word_1_80' title='bbox 233 622 240 640; x_wconf 86' lang='lat'><strong>:</strong></span> <span class='ocrx_word' id='word_1_81' title='bbox 258 613 336 640; x_wconf 73' lang='lat' dir='ltr'><strong>Decet</strong></span> <span class='ocrx_word' id='word_1_82' title='bbox 351 621 396 640; x_wconf 77' lang='lat' dir='ltr'><strong>nos</strong></span> <span class='ocrx_word' id='word_1_83' title='bbox 414 612 521 646; x_wconf 83' lang='lat' dir='ltr'><strong>implere</strong></span> <span class='ocrx_word' id='word_1_84' title='bbox 539 621 642 639; x_wconf 88' lang='lat' dir='ltr'><strong>omnem</strong></span> <span class='ocrx_word' id='word_1_85' title='bbox 659 612 797 647; x_wconf 78' lang='lat' dir='ltr'><strong>justitiam</strong></span> <span class='ocrx_word' id='word_1_86' title='bbox 811 612 850 643; x_wconf 58' lang='lat'><strong>&#39;3;</strong></span> <span class='ocrx_word' id='word_1_87' title='bbox 867 616 976 647; x_wconf 86' lang='lat' dir='ltr'><strong>oporte-</strong></span> 
     </span>
    </p>
   </div>
   <div class='ocr_carea' id='block_1_14' title="bbox 191 657 976 693">
    <p class='ocr_par' dir='ltr' id='par_1_14' title="bbox 191 657 976 693">
     <span class='ocr_line' id='line_1_14' title="bbox 191 657 976 693; baseline 0.001 -9"><span class='ocrx_word' id='word_1_88' title='bbox 191 659 236 684; x_wconf 89' lang='lat' dir='ltr'><strong>bat</strong></span> <span class='ocrx_word' id='word_1_89' title='bbox 255 662 285 684; x_wconf 93' lang='lat' dir='ltr'><strong>ut</strong></span> <span class='ocrx_word' id='word_1_90' title='bbox 306 657 409 684; x_wconf 85' lang='lat' dir='ltr'><strong>eisdem</strong></span> <span class='ocrx_word' id='word_1_91' title='bbox 436 658 462 684; x_wconf 93' lang='lat' dir='ltr'><strong>in</strong></span> <span class='ocrx_word' id='word_1_92' title='bbox 481 657 560 692; x_wconf 81' lang='lat' dir='ltr'><strong>legali</strong></span> <span class='ocrx_word' id='word_1_93' title='bbox 585 657 689 684; x_wconf 82' lang='lat' dir='ltr'><strong>Pascha</strong></span> <span class='ocrx_word' id='word_1_94' title='bbox 713 661 838 685; x_wconf 82' lang='lat' dir='ltr'><strong>uteretur</strong></span> <span class='ocrx_word' id='word_1_95' title='bbox 862 658 976 693; x_wconf 85' lang='lat' dir='ltr'><strong>azymis,</strong></span> 
     </span>
    </p>
   </div>
   <div class='ocr_carea' id='block_1_15' title="bbox 190 703 976 738">
    <p class='ocr_par' dir='ltr' id='par_1_15' title="bbox 190 703 976 738">
     <span class='ocr_line' id='line_1_15' title="bbox 190 703 976 738; baseline 0.001 -8"><span class='ocrx_word' id='word_1_96' title='bbox 190 704 296 731; x_wconf 82' lang='lat' dir='ltr'><strong>scilicet</strong></span> <span class='ocrx_word' id='word_1_97' title='bbox 310 703 389 737; x_wconf 89' lang='lat' dir='ltr'><strong>juxta</strong></span> <span class='ocrx_word' id='word_1_98' title='bbox 413 703 584 731; x_wconf 76' lang='lat' dir='ltr'><strong>traditionem</strong></span> <span class='ocrx_word' id='word_1_99' title='bbox 610 703 686 738; x_wconf 87' lang='lat' dir='ltr'><strong>legis,</strong></span> <span class='ocrx_word' id='word_1_100' title='bbox 709 711 769 737; x_wconf 72' lang='lat' dir='ltr'><strong>qua:</strong></span> <span class='ocrx_word' id='word_1_101' title='bbox 785 703 901 731; x_wconf 80' lang='lat' dir='ltr'><strong>sublatis</strong></span> <span class='ocrx_word' id='word_1_102' title='bbox 920 704 976 731; x_wconf 88' lang='lat' dir='ltr'><strong>fer-</strong></span> 
     </span>
    </p>
   </div>
   <div class='ocr_carea' id='block_1_16' title="bbox 192 749 977 785">
    <p class='ocr_par' dir='ltr' id='par_1_16' title="bbox 192 749 977 785">
     <span class='ocr_line' id='line_1_16' title="bbox 192 749 977 785; baseline 0.003 -10"><span class='ocrx_word' id='word_1_103' title='bbox 192 749 329 780; x_wconf 86' lang='lat' dir='ltr'><strong>mentatis,</strong></span> <span class='ocrx_word' id='word_1_104' title='bbox 340 756 434 785; x_wconf 84' lang='lat' dir='ltr'><strong>azyma</strong></span> <span class='ocrx_word' id='word_1_105' title='bbox 447 755 502 776; x_wconf 89' lang='lat' dir='ltr'><strong>tum</strong></span> <span class='ocrx_word' id='word_1_106' title='bbox 515 749 678 784; x_wconf 82' lang='lat' dir='ltr'><strong>apponebat.</strong></span> <span class='ocrx_word' id='word_1_107' title='bbox 693 749 729 776; x_wconf 81' lang='lat' dir='ltr'><strong>Ex</strong></span> <span class='ocrx_word' id='word_1_108' title='bbox 744 749 842 784; x_wconf 86' lang='lat' dir='ltr'><strong>quibus</strong></span> <span class='ocrx_word' id='word_1_109' title='bbox 855 749 977 784; x_wconf 87' lang='lat' dir='ltr'><strong>profecto</strong></span> 
     </span>
    </p>
   </div>
   <div class='ocr_carea' id='block_1_17' title="bbox 192 794 979 830">
    <p class='ocr_par' dir='ltr' id='par_1_17' title="bbox 192 794 979 830">
     <span class='ocr_line' id='line_1_17' title="bbox 192 794 979 830; baseline 0.001 -9"><span class='ocrx_word' id='word_1_110' title='bbox 192 794 219 821; x_wconf 93' lang='lat' dir='ltr'><strong>in</strong></span> <span class='ocrx_word' id='word_1_111' title='bbox 235 795 330 821; x_wconf 85' lang='lat' dir='ltr'><strong>eadem</strong></span> <span class='ocrx_word' id='word_1_112' title='bbox 356 802 461 825; x_wconf 86' lang='lat' dir='ltr'><strong>mensa,</strong></span> <span class='ocrx_word' id='word_1_113' title='bbox 481 794 640 830; x_wconf 82' lang='lat' dir='ltr'><strong>mysterium</strong></span> <span class='ocrx_word' id='word_1_114' title='bbox 663 802 770 829; x_wconf 88' lang='lat' dir='ltr'><strong>quoque</strong></span> <span class='ocrx_word' id='word_1_115' title='bbox 791 795 832 822; x_wconf 90' lang='lat' dir='ltr'><strong>sui</strong></span> <span class='ocrx_word' id='word_1_116' title='bbox 858 795 979 830; x_wconf 89' lang='lat' dir='ltr'><strong>corporis</strong></span> 
     </span>
    </p>
   </div>
   <div class='ocr_carea' id='block_1_18' title="bbox 192 839 702 874">
    <p class='ocr_par' dir='ltr' id='par_1_18' title="bbox 192 839 702 874">
     <span class='ocr_line' id='line_1_18' title="bbox 192 839 702 874; baseline 0.004 -8"><span class='ocrx_word' id='word_1_117' title='bbox 192 839 341 867; x_wconf 86' lang='lat' dir='ltr'><strong>conficiens</strong></span> <span class='ocrx_word' id='word_1_118' title='bbox 359 839 503 866; x_wconf 73' lang='lat' dir='ltr'><strong>tradidisse</strong></span> <span class='ocrx_word' id='word_1_119' title='bbox 520 839 702 874; x_wconf 90' lang='lat' dir='ltr'><strong>cognoscitur.</strong></span> 
     </span>
    </p>
   </div>
   <div class='ocr_carea' id='block_1_19' title="bbox 1020 243 1827 280">
    <p class='ocr_par' dir='ltr' id='par_1_19' title="bbox 1020 243 1827 280">
     <span class='ocr_line' id='line_1_19' title="bbox 1020 243 1827 280; baseline -0.007 -6"><span class='ocrx_word' id='word_1_120' title='bbox 1020 246 1123 274; x_wconf 80' lang='lat' dir='ltr'><strong>Pascha</strong></span> <span class='ocrx_word' id='word_1_121' title='bbox 1142 246 1242 278; x_wconf 86' lang='lat' dir='ltr'><strong>facere,</strong></span> <span class='ocrx_word' id='word_1_122' title='bbox 1267 245 1288 273; x_wconf 88' lang='lat' dir='ltr'><strong>si</strong></span> <span class='ocrx_word' id='word_1_123' title='bbox 1305 245 1352 280; x_wconf 88' lang='lat' dir='ltr'><strong>qui</strong></span> <span class='ocrx_word' id='word_1_124' title='bbox 1376 244 1545 272; x_wconf 86' lang='lat' dir='ltr'><strong>solemnitati</strong></span> <span class='ocrx_word' id='word_1_125' title='bbox 1568 243 1730 274; x_wconf 85' lang='lat' dir='ltr'><strong>defuissent.</strong></span> <span class='ocrx_word' id='word_1_126' title='bbox 1748 246 1827 275; x_wconf 75' lang='lat' dir='ltr'><strong>post</strong></span> 
     </span>
    </p>
   </div>
   <div class='ocr_carea' id='block_1_20' title="bbox 1020 287 1824 321">
    <p class='ocr_par' dir='ltr' id='par_1_20' title="bbox 1020 287 1824 321">
     <span class='ocr_line' id='line_1_20' title="bbox 1020 287 1824 321; baseline -0.006 -3"><span class='ocrx_word' id='word_1_127' title='bbox 1020 292 1091 318; x_wconf 88' lang='lat' dir='ltr'><strong>hanc</strong></span> <span class='ocrx_word' id='word_1_128' title='bbox 1117 291 1144 317; x_wconf 93' lang='lat' dir='ltr'><strong>in</strong></span> <span class='ocrx_word' id='word_1_129' title='bbox 1169 290 1281 318; x_wconf 86' lang='lat' dir='ltr'><strong>civitate</strong></span> <span class='ocrx_word' id='word_1_130' title='bbox 1298 289 1474 317; x_wconf 81' lang='lat' dir='ltr'><strong>celebrabant</strong></span> <span class='ocrx_word' id='word_1_131' title='bbox 1498 297 1506 315; x_wconf 88' lang='lat'><strong>:</strong></span> <span class='ocrx_word' id='word_1_132' title='bbox 1533 289 1568 315; x_wconf 91' lang='lat' dir='ltr'><strong>ita</strong></span> <span class='ocrx_word' id='word_1_133' title='bbox 1594 293 1621 315; x_wconf 89' lang='lat' dir='ltr'><strong>et</strong></span> <span class='ocrx_word' id='word_1_134' title='bbox 1648 287 1690 315; x_wconf 90' lang='lat' dir='ltr'><strong>his</strong></span> <span class='ocrx_word' id='word_1_135' title='bbox 1709 287 1753 321; x_wconf 89' lang='lat' dir='ltr'><strong>qui</strong></span> <span class='ocrx_word' id='word_1_136' title='bbox 1787 287 1824 313; x_wconf 92' lang='lat' dir='ltr'><strong>in</strong></span> 
     </span>
    </p>
   </div>
   <div class='ocr_carea' id='block_1_21' title="bbox 1020 332 1824 368">
    <p class='ocr_par' dir='ltr' id='par_1_21' title="bbox 1020 332 1824 368">
     <span class='ocr_line' id='line_1_21' title="bbox 1020 332 1824 368; baseline -0.006 -5"><span class='ocrx_word' id='word_1_137' title='bbox 1020 336 1133 364; x_wconf 82' lang='lat' dir='ltr'><strong>civitate</strong></span> <span class='ocrx_word' id='word_1_138' title='bbox 1149 340 1227 362; x_wconf 90' lang='lat' dir='ltr'><strong>erant</strong></span> <span class='ocrx_word' id='word_1_139' title='bbox 1251 335 1359 362; x_wconf 84' lang='lat' dir='ltr'><strong>casibus</strong></span> <span class='ocrx_word' id='word_1_140' title='bbox 1373 333 1538 368; x_wconf 87' lang='lat' dir='ltr'><strong>quibusdam</strong></span> <span class='ocrx_word' id='word_1_141' title='bbox 1563 333 1673 360; x_wconf 74' lang='lat' dir='ltr'><strong>difierre</strong></span> <span class='ocrx_word' id='word_1_142' title='bbox 1698 332 1824 364; x_wconf 80' lang='lat' dir='ltr'><strong>licebat,</strong></span> 
     </span>
    </p>
   </div>
   <div class='ocr_carea' id='block_1_22' title="bbox 1022 378 1824 415">
    <p class='ocr_par' dir='ltr' id='par_1_22' title="bbox 1022 378 1824 415">
     <span class='ocr_line' id='line_1_22' title="bbox 1022 378 1824 415; baseline -0.005 -7"><span class='ocrx_word' id='word_1_143' title='bbox 1022 382 1103 409; x_wconf 86' lang='lat' dir='ltr'><strong>sicuti</strong></span> <span class='ocrx_word' id='word_1_144' title='bbox 1119 381 1229 415; x_wconf 90' lang='lat' dir='ltr'><strong>quidam</strong></span> <span class='ocrx_word' id='word_1_145' title='bbox 1247 385 1311 408; x_wconf 89' lang='lat' dir='ltr'><strong>tunc</strong></span> <span class='ocrx_word' id='word_1_146' title='bbox 1332 379 1413 407; x_wconf 90' lang='lat' dir='ltr'><strong>etiam</strong></span> <span class='ocrx_word' id='word_1_147' title='bbox 1436 379 1561 407; x_wconf 84' lang='lat' dir='ltr'><strong>fecerunt</strong></span> <span class='ocrx_word' id='word_1_148' title='bbox 1578 388 1585 406; x_wconf 91' lang='lat'><strong>:</strong></span> <span class='ocrx_word' id='word_1_149' title='bbox 1605 378 1731 413; x_wconf 88' lang='lat' dir='ltr'><strong>nequiter</strong></span> <span class='ocrx_word' id='word_1_150' title='bbox 1747 378 1824 412; x_wconf 88' lang='lat' dir='ltr'><strong>qui-</strong></span> 
     </span>
    </p>
   </div>
   <div class='ocr_carea' id='block_1_23' title="bbox 1023 423 1827 462">
    <p class='ocr_par' dir='ltr' id='par_1_23' title="bbox 1023 423 1827 462">
     <span class='ocr_line' id='line_1_23' title="bbox 1023 423 1827 462; baseline -0.005 -8"><span class='ocrx_word' id='word_1_151' title='bbox 1023 428 1095 458; x_wconf 89' lang='lat' dir='ltr'><strong>dem,</strong></span> <span class='ocrx_word' id='word_1_152' title='bbox 1113 427 1175 462; x_wconf 87' lang='lat' dir='ltr'><strong>quia</strong></span> <span class='ocrx_word' id='word_1_153' title='bbox 1196 427 1276 453; x_wconf 88' lang='lat' dir='ltr'><strong>morti</strong></span> <span class='ocrx_word' id='word_1_154' title='bbox 1291 427 1392 461; x_wconf 86' lang='lat' dir='ltr'><strong>justum</strong></span> <span class='ocrx_word' id='word_1_155' title='bbox 1407 426 1508 460; x_wconf 87' lang='lat' dir='ltr'><strong>injuste</strong></span> <span class='ocrx_word' id='word_1_156' title='bbox 1528 425 1675 456; x_wconf 87' lang='lat' dir='ltr'><strong>tradentes,</strong></span> <span class='ocrx_word' id='word_1_157' title='bbox 1693 423 1827 450; x_wconf 83' lang='lat' dir='ltr'><strong>arbitra-</strong></span> 
     </span>
    </p>
   </div>
   <div class='ocr_carea' id='block_1_24' title="bbox 1023 469 1829 505">
    <p class='ocr_par' dir='ltr' id='par_1_24' title="bbox 1023 469 1829 505">
     <span class='ocr_line' id='line_1_24' title="bbox 1023 469 1829 505; baseline -0.006 -6"><span class='ocrx_word' id='word_1_158' title='bbox 1023 472 1122 500; x_wconf 87' lang='lat' dir='ltr'><strong>bantur</strong></span> <span class='ocrx_word' id='word_1_159' title='bbox 1138 471 1256 499; x_wconf 91' lang='lat' dir='ltr'><strong>mundos</strong></span> <span class='ocrx_word' id='word_1_160' title='bbox 1267 479 1297 498; x_wconf 87' lang='lat' dir='ltr'><strong>se</strong></span> <span class='ocrx_word' id='word_1_161' title='bbox 1310 471 1412 498; x_wconf 88' lang='lat' dir='ltr'><strong>Pascha</strong></span> <span class='ocrx_word' id='word_1_162' title='bbox 1428 470 1576 498; x_wconf 91' lang='lat' dir='ltr'><strong>secundum</strong></span> <span class='ocrx_word' id='word_1_163' title='bbox 1593 470 1677 505; x_wconf 80' lang='lat' dir='ltr'><strong>legem</strong></span> <span class='ocrx_word' id='word_1_164' title='bbox 1695 469 1829 495; x_wconf 84' lang='lat' dir='ltr'><strong>mandu-</strong></span> 
     </span>
    </p>
   </div>
   <div class='ocr_carea' id='block_1_25' title="bbox 1024 513 1827 547">
    <p class='ocr_par' dir='ltr' id='par_1_25' title="bbox 1024 513 1827 547">
     <span class='ocr_line' id='line_1_25' title="bbox 1024 513 1827 547; baseline -0.005 -4"><span class='ocrx_word' id='word_1_165' title='bbox 1024 523 1098 544; x_wconf 79' lang='lat' dir='ltr'><strong>care.</strong></span> <span class='ocrx_word' id='word_1_166' title='bbox 1119 515 1289 543; x_wconf 88' lang='lat' dir='ltr'><strong>Distulerunt</strong></span> <span class='ocrx_word' id='word_1_167' title='bbox 1308 520 1410 547; x_wconf 89' lang='lat' dir='ltr'><strong>tamen,</strong></span> <span class='ocrx_word' id='word_1_168' title='bbox 1426 514 1477 542; x_wconf 86' lang='lat' dir='ltr'><strong>etsi</strong></span> <span class='ocrx_word' id='word_1_169' title='bbox 1494 513 1684 541; x_wconf 86' lang='lat' dir='ltr'><strong>rationabilem</strong></span> <span class='ocrx_word' id='word_1_170' title='bbox 1702 519 1827 540; x_wconf 77' lang='lat' dir='ltr'><strong>causam</strong></span> 
     </span>
    </p>
   </div>
   <div class='ocr_carea' id='block_1_26' title="bbox 1025 562 1299 590">
    <p class='ocr_par' dir='ltr' id='par_1_26' title="bbox 1025 562 1299 590">
     <span class='ocr_line' id='line_1_26' title="bbox 1025 562 1299 590; baseline -0.007 0"><span class='ocrx_word' id='word_1_171' title='bbox 1025 562 1139 590; x_wconf 90' lang='lat' dir='ltr'><strong>minime</strong></span> <span class='ocrx_word' id='word_1_172' title='bbox 1154 562 1299 589; x_wconf 85' lang='lat' dir='ltr'><strong>haberent.</strong></span> 
     </span>
    </p>
   </div>
   <div class='ocr_carea' id='block_1_27' title="bbox 1061 605 1829 640">
    <p class='ocr_par' dir='ltr' id='par_1_27' title="bbox 1061 605 1829 640">
     <span class='ocr_line' id='line_1_27' title="bbox 1061 605 1829 640; baseline -0.007 -6"><span class='ocrx_word' id='word_1_173' title='bbox 1061 607 1214 635; x_wconf 80' lang='lat' dir='ltr'><strong>Ridiculum</strong></span> <span class='ocrx_word' id='word_1_174' title='bbox 1238 615 1303 634; x_wconf 91' lang='lat' dir='ltr'><strong>vero</strong></span> <span class='ocrx_word' id='word_1_175' title='bbox 1329 610 1356 634; x_wconf 90' lang='lat' dir='ltr'><strong>et</strong></span> <span class='ocrx_word' id='word_1_176' title='bbox 1375 606 1440 633; x_wconf 90' lang='lat' dir='ltr'><strong>illud</strong></span> <span class='ocrx_word' id='word_1_177' title='bbox 1457 611 1517 638; x_wconf 88' lang='lat' dir='ltr'><strong>est,</strong></span> <span class='ocrx_word' id='word_1_178' title='bbox 1535 606 1606 640; x_wconf 90' lang='lat' dir='ltr'><strong>quod</strong></span> <span class='ocrx_word' id='word_1_179' title='bbox 1628 605 1748 640; x_wconf 88' lang='lat' dir='ltr'><strong>quidam,</strong></span> <span class='ocrx_word' id='word_1_180' title='bbox 1767 611 1829 638; x_wconf 85' lang='lat' dir='ltr'><strong>pa-</strong></span> 
     </span>
    </p>
   </div>
   <div class='ocr_carea' id='block_1_28' title="bbox 1028 649 1828 688">
    <p class='ocr_par' dir='ltr' id='par_1_28' title="bbox 1028 649 1828 688">
     <span class='ocr_line' id='line_1_28' title="bbox 1028 649 1828 688; baseline -0.008 -6"><span class='ocrx_word' id='word_1_181' title='bbox 1028 655 1069 682; x_wconf 86' lang='lat' dir='ltr'><strong>nis</strong></span> <span class='ocrx_word' id='word_1_182' title='bbox 1102 662 1211 685; x_wconf 86' lang='lat' dir='ltr'><strong>nomen,</strong></span> <span class='ocrx_word' id='word_1_183' title='bbox 1236 653 1280 688; x_wconf 90' lang='lat' dir='ltr'><strong>qui</strong></span> <span class='ocrx_word' id='word_1_184' title='bbox 1309 653 1403 681; x_wconf 67' lang='lat' dir='ltr'><strong>Graece</strong></span> <span class='ocrx_word' id='word_1_185' title='bbox 1434 652 1515 687; x_wconf 79' lang='grc' dir='ltr'><strong>ἄρτος</strong></span> <span class='ocrx_word' id='word_1_186' title='bbox 1540 651 1648 685; x_wconf 83' lang='lat' dir='ltr'><strong>dieitur,</strong></span> <span class='ocrx_word' id='word_1_187' title='bbox 1682 650 1736 678; x_wconf 80' lang='grc' dir='ltr'><strong>ἀπὸ</strong></span> <span class='ocrx_word' id='word_1_188' title='bbox 1769 649 1828 677; x_wconf 75' lang='grc' dir='ltr'><strong>τοῦ</strong></span> 
     </span>
    </p>
   </div>
   <div class='ocr_carea' id='block_1_29' title="bbox 1027 697 1828 733">
    <p class='ocr_par' dir='ltr' id='par_1_29' title="bbox 1027 697 1828 733">
     <span class='ocr_line' id='line_1_29' title="bbox 1027 697 1828 733; baseline -0.005 -7"><span class='ocrx_word' id='word_1_189' title='bbox 1027 700 1162 733; x_wconf 79' lang='grc' dir='ltr'><strong>αιρεαοαι,</strong></span> <span class='ocrx_word' id='word_1_190' title='bbox 1177 699 1202 726; x_wconf 92' lang='lat' dir='ltr'><strong>id</strong></span> <span class='ocrx_word' id='word_1_191' title='bbox 1218 703 1260 726; x_wconf 88' lang='lat' dir='ltr'><strong>est</strong></span> <span class='ocrx_word' id='word_1_192' title='bbox 1272 699 1306 726; x_wconf 91' lang='lat' dir='ltr'><strong>ab</strong></span> <span class='ocrx_word' id='word_1_193' title='bbox 1317 706 1348 725; x_wconf 81' lang='lat' dir='ltr'><strong>en</strong></span> <span class='ocrx_word' id='word_1_194' title='bbox 1364 698 1436 732; x_wconf 89' lang='lat' dir='ltr'><strong>quod</strong></span> <span class='ocrx_word' id='word_1_195' title='bbox 1450 702 1492 725; x_wconf 90' lang='lat' dir='ltr'><strong>est</strong></span> <span class='ocrx_word' id='word_1_196' title='bbox 1505 697 1594 724; x_wconf 85' lang='lat' dir='ltr'><strong>atto/fi</strong></span> <span class='ocrx_word' id='word_1_197' title='bbox 1606 717 1613 728; x_wconf 91' lang='lat'><strong>,</strong></span> <span class='ocrx_word' id='word_1_198' title='bbox 1631 697 1692 732; x_wconf 89' lang='lat' dir='ltr'><strong>quia</strong></span> <span class='ocrx_word' id='word_1_199' title='bbox 1705 700 1828 731; x_wconf 84' lang='lat' dir='ltr'><strong>propter</strong></span> 
     </span>
    </p>
   </div>
   <div class='ocr_carea' id='block_1_30' title="bbox 1029 743 1827 778">
    <p class='ocr_par' dir='ltr' id='par_1_30' title="bbox 1029 743 1827 778">
     <span class='ocr_line' id='line_1_30' title="bbox 1029 743 1827 778; baseline -0.009 -5"><span class='ocrx_word' id='word_1_200' title='bbox 1029 745 1192 773; x_wconf 80' lang='lat' dir='ltr'><strong>fermentum</strong></span> <span class='ocrx_word' id='word_1_201' title='bbox 1219 743 1360 778; x_wconf 80' lang='lat' dir='ltr'><strong>turgescit,</strong></span> <span class='ocrx_word' id='word_1_202' title='bbox 1388 743 1491 770; x_wconf 91' lang='lat' dir='ltr'><strong>dictum</strong></span> <span class='ocrx_word' id='word_1_203' title='bbox 1510 746 1649 777; x_wconf 86' lang='lat' dir='ltr'><strong>putantes,</strong></span> <span class='ocrx_word' id='word_1_204' title='bbox 1691 748 1827 776; x_wconf 88' lang='lat' dir='ltr'><strong>azymum</strong></span> 
     </span>
    </p>
   </div>
   <div class='ocr_carea' id='block_1_31' title="bbox 1030 786 1832 827">
    <p class='ocr_par' dir='ltr' id='par_1_31' title="bbox 1030 786 1832 827">
     <span class='ocr_line' id='line_1_31' title="bbox 1030 786 1832 827; baseline -0.007 -8"><span class='ocrx_word' id='word_1_205' title='bbox 1030 799 1138 827; x_wconf 89' lang='lat' dir='ltr'><strong>panem,</strong></span> <span class='ocrx_word' id='word_1_206' title='bbox 1154 790 1216 825; x_wconf 88' lang='lat' dir='ltr'><strong>quia</strong></span> <span class='ocrx_word' id='word_1_207' title='bbox 1235 790 1369 817; x_wconf 90' lang='lat' dir='ltr'><strong>fermento</strong></span> <span class='ocrx_word' id='word_1_208' title='bbox 1384 793 1488 820; x_wconf 84' lang='lat' dir='ltr'><strong>careat,</strong></span> <span class='ocrx_word' id='word_1_209' title='bbox 1515 795 1603 822; x_wconf 90' lang='lat' dir='ltr'><strong>neque</strong></span> <span class='ocrx_word' id='word_1_210' title='bbox 1615 795 1712 822; x_wconf 87' lang='lat' dir='ltr'><strong>panem</strong></span> <span class='ocrx_word' id='word_1_211' title='bbox 1727 786 1832 821; x_wconf 86' lang='lat' dir='ltr'><strong>appel-</strong></span> 
     </span>
    </p>
   </div>
   <div class='ocr_carea' id='block_1_32' title="bbox 1030 833 1828 868">
    <p class='ocr_par' dir='ltr' id='par_1_32' title="bbox 1030 833 1828 868">
     <span class='ocr_line' id='line_1_32' title="bbox 1030 833 1828 868; baseline -0.008 -3"><span class='ocrx_word' id='word_1_212' title='bbox 1030 838 1080 865; x_wconf 87' lang='lat' dir='ltr'><strong>lari</strong></span> <span class='ocrx_word' id='word_1_213' title='bbox 1102 837 1204 864; x_wconf 81' lang='lat' dir='ltr'><strong>volunt.</strong></span> <span class='ocrx_word' id='word_1_214' title='bbox 1221 835 1304 868; x_wconf 75' lang='lat' dir='ltr'><strong>Quasi</strong></span> <span class='ocrx_word' id='word_1_215' title='bbox 1324 842 1389 862; x_wconf 87' lang='lat' dir='ltr'><strong>vero</strong></span> <span class='ocrx_word' id='word_1_216' title='bbox 1405 840 1516 861; x_wconf 78' lang='lat' dir='ltr'><strong>necesse</strong></span> <span class='ocrx_word' id='word_1_217' title='bbox 1533 833 1569 861; x_wconf 85' lang='lat' dir='ltr'><strong>sit</strong></span> <span class='ocrx_word' id='word_1_218' title='bbox 1593 833 1698 868; x_wconf 78' lang='lat' dir='ltr'><strong>linguas</strong></span> <span class='ocrx_word' id='word_1_219' title='bbox 1712 839 1828 864; x_wconf 90' lang='lat' dir='ltr'><strong>omnes,</strong></span> 
     </span>
    </p>
   </div>
   <div class='ocr_carea' id='block_1_33' title="bbox 229 879 1555 922">
    <p class='ocr_par' dir='ltr' id='par_1_33' title="bbox 229 879 1555 922">
     <span class='ocr_line' id='line_1_33' title="bbox 229 879 1555 922; baseline -0.005 -9"><span class='ocrx_word' id='word_1_220' title='bbox 229 886 306 918; x_wconf 83' lang='lat' dir='ltr'><strong>Quod</strong></span> <span class='ocrx_word' id='word_1_221' title='bbox 330 885 539 920; x_wconf 84' lang='lat' dir='ltr'><strong>Chrysostomus</strong></span> <span class='ocrx_word' id='word_1_222' title='bbox 559 893 665 920; x_wconf 87' lang='lat' dir='ltr'><strong>quoque</strong></span> <span class='ocrx_word' id='word_1_223' title='bbox 678 891 843 922; x_wconf 81' lang='lat' dir='ltr'><strong>_attestatur,</strong></span> <span class='ocrx_word' id='word_1_224' title='bbox 857 887 951 914; x_wconf 85' lang='lat' dir='ltr'><strong>dicens</strong></span> <span class='ocrx_word' id='word_1_225' title='bbox 969 896 977 915; x_wconf 74' lang='grc' dir='ltr'>ε</span> <span class='ocrx_word' id='word_1_226' title='bbox 996 893 1017 920; x_wconf 74' lang='grc' dir='ltr'><strong><em>Β</em></strong></span> <span class='ocrx_word' id='word_1_227' title='bbox 1032 884 1067 911; x_wconf 85' lang='lat' dir='ltr'><strong>ita</strong></span> <span class='ocrx_word' id='word_1_228' title='bbox 1085 889 1194 917; x_wconf 87' lang='lat' dir='ltr'><strong>quoque</strong></span> <span class='ocrx_word' id='word_1_229' title='bbox 1212 881 1289 916; x_wconf 86' lang='lat' dir='ltr'><strong>panis</strong></span> <span class='ocrx_word' id='word_1_230' title='bbox 1305 887 1403 908; x_wconf 93' lang='lat' dir='ltr'><strong>nomen</strong></span> <span class='ocrx_word' id='word_1_231' title='bbox 1418 879 1555 907; x_wconf 83' lang='lat' dir='ltr'><strong>derivare.</strong></span> 
     </span>
    </p>
   </div>
   <div class='ocr_carea' id='block_1_34' title="bbox 193 931 978 967">
    <p class='ocr_par' dir='ltr' id='par_1_34' title="bbox 193 931 978 967">
     <span class='ocr_line' id='line_1_34' title="bbox 193 931 978 967; baseline 0.004 -10"><span class='ocrx_word' id='word_1_232' title='bbox 193 931 227 958; x_wconf 78' lang='lat' dir='ltr'><strong>In</strong></span> <span class='ocrx_word' id='word_1_233' title='bbox 242 931 289 958; x_wconf 87' lang='lat' dir='ltr'><strong>illa</strong></span> <span class='ocrx_word' id='word_1_234' title='bbox 305 940 376 958; x_wconf 75' lang='lat' dir='ltr'><strong>uena</strong></span> <span class='ocrx_word' id='word_1_235' title='bbox 391 931 479 957; x_wconf 83' lang='lat' dir='ltr'><strong>omnia</strong></span> <span class='ocrx_word' id='word_1_236' title='bbox 492 939 550 958; x_wconf 78' lang='lat' dir='ltr'><strong>eum</strong></span> <span class='ocrx_word' id='word_1_237' title='bbox 563 931 706 958; x_wconf 81' lang='lat' dir='ltr'><strong>secundum</strong></span> <span class='ocrx_word' id='word_1_238' title='bbox 723 933 803 967; x_wconf 82' lang='lat' dir='ltr'><strong>legem</strong></span> <span class='ocrx_word' id='word_1_239' title='bbox 821 933 978 967; x_wconf 73' lang='lat' dir='ltr'><strong>patravisse.</strong></span> 
     </span>
    </p>
   </div>
   <div class='ocr_carea' id='block_1_35' title="bbox 195 976 981 1013">
    <p class='ocr_par' dir='ltr' id='par_1_35' title="bbox 195 976 981 1013">
     <span class='ocr_line' id='line_1_35' title="bbox 195 976 981 1013; baseline 0.003 -9"><span class='ocrx_word' id='word_1_240' title='bbox 195 977 252 1004; x_wconf 76' lang='lat' dir='ltr'><strong>Nisi</strong></span> <span class='ocrx_word' id='word_1_241' title='bbox 265 977 337 1004; x_wconf 88' lang='lat' dir='ltr'><strong>cnim</strong></span> <span class='ocrx_word' id='word_1_242' title='bbox 352 976 500 1004; x_wconf 74' lang='lat' dir='ltr'><strong>secundum</strong></span> <span class='ocrx_word' id='word_1_243' title='bbox 514 977 599 1011; x_wconf 81' lang='lat' dir='ltr'><strong>legem</strong></span> <span class='ocrx_word' id='word_1_244' title='bbox 613 979 715 1013; x_wconf 90' lang='lat' dir='ltr'><strong>azymis</strong></span> <span class='ocrx_word' id='word_1_245' title='bbox 729 979 754 1006; x_wconf 94' lang='lat' dir='ltr'><strong>in</strong></span> <span class='ocrx_word' id='word_1_246' title='bbox 768 986 845 1006; x_wconf 58' lang='lat' dir='ltr'><strong>caena</strong></span> <span class='ocrx_word' id='word_1_247' title='bbox 860 979 904 1006; x_wconf 85' lang='lat' dir='ltr'><strong>illa</strong></span> <span class='ocrx_word' id='word_1_248' title='bbox 915 986 981 1007; x_wconf 90' lang='lat' dir='ltr'><strong>usus</strong></span> 
     </span>
    </p>
   </div>
   <div class='ocr_carea' id='block_1_36' title="bbox 195 1020 980 1060">
    <p class='ocr_par' dir='ltr' id='par_1_36' title="bbox 195 1020 980 1060">
     <span class='ocr_line' id='line_1_36' title="bbox 195 1020 980 1060; baseline 0.005 -11"><span class='ocrx_word' id='word_1_249' title='bbox 195 1026 281 1055; x_wconf 84' lang='lat' dir='ltr'><strong>esset,</strong></span> <span class='ocrx_word' id='word_1_250' title='bbox 309 1028 325 1048; x_wconf 86' lang='lat' dir='ltr'><strong>a</strong></span> <span class='ocrx_word' id='word_1_251' title='bbox 352 1020 454 1050; x_wconf 56' lang='lat' dir='ltr'><strong>ludatis</strong></span> <span class='ocrx_word' id='word_1_252' title='bbox 480 1023 602 1056; x_wconf 87' lang='lat' dir='ltr'><strong>omnino,</strong></span> <span class='ocrx_word' id='word_1_253' title='bbox 631 1028 660 1050; x_wconf 91' lang='lat' dir='ltr'><strong>ut</strong></span> <span class='ocrx_word' id='word_1_254' title='bbox 688 1025 881 1059; x_wconf 64' lang='lat' dir='ltr'><strong>praevaricator</strong></span> <span class='ocrx_word' id='word_1_255' title='bbox 902 1025 980 1060; x_wconf 83' lang='lat' dir='ltr'><strong>legis,</strong></span> 
     </span>
    </p>
   </div>
   <div class='ocr_carea' id='block_1_37' title="bbox 196 1067 983 1105">
    <p class='ocr_par' dir='ltr' id='par_1_37' title="bbox 196 1067 983 1105">
     <span class='ocr_line' id='line_1_37' title="bbox 196 1067 983 1105; baseline 0.005 -11"><span class='ocrx_word' id='word_1_256' title='bbox 196 1067 369 1096; x_wconf 83' lang='lat' dir='ltr'><strong>insimulatus</strong></span> <span class='ocrx_word' id='word_1_257' title='bbox 383 1072 456 1095; x_wconf 86' lang='lat' dir='ltr'><strong>esset</strong></span> <span class='ocrx_word' id='word_1_258' title='bbox 473 1077 480 1096; x_wconf 92' lang='lat'>:</span> <span class='ocrx_word' id='word_1_259' title='bbox 503 1067 573 1094; x_wconf 85' lang='lat' dir='ltr'><strong>Nam</strong></span> <span class='ocrx_word' id='word_1_260' title='bbox 591 1076 649 1096; x_wconf 82' lang='lat' dir='ltr'><strong>cum</strong></span> <span class='ocrx_word' id='word_1_261' title='bbox 663 1070 739 1096; x_wconf 86' lang='lat' dir='ltr'><strong>multi</strong></span> <span class='ocrx_word' id='word_1_262' title='bbox 753 1070 815 1105; x_wconf 77' lang='lat' dir='ltr'><strong>falsi</strong></span> <span class='ocrx_word' id='word_1_263' title='bbox 832 1075 920 1105; x_wconf 76' lang='lat' dir='ltr'><strong>testes,</strong></span> <span class='ocrx_word' id='word_1_264' title='bbox 939 1071 983 1098; x_wconf 89' lang='lat' dir='ltr'><strong>in-</strong></span> 
     </span>
    </p>
   </div>
   <div class='ocr_carea' id='block_1_38' title="bbox 196 1113 983 1148">
    <p class='ocr_par' dir='ltr' id='par_1_38' title="bbox 196 1113 983 1148">
     <span class='ocr_line' id='line_1_38' title="bbox 196 1113 983 1148; baseline 0.005 -8"><span class='ocrx_word' id='word_1_265' title='bbox 196 1113 266 1148; x_wconf 89' lang='lat' dir='ltr'><strong>quit,</strong></span> <span class='ocrx_word' id='word_1_266' title='bbox 281 1113 464 1144; x_wconf 72' lang='lat' dir='ltr'><strong>surrexiuent,</strong></span> <span class='ocrx_word' id='word_1_267' title='bbox 478 1122 587 1141; x_wconf 82' lang='lat' dir='ltr'><strong>causam</strong></span> <span class='ocrx_word' id='word_1_268' title='bbox 605 1122 656 1141; x_wconf 86' lang='lat' dir='ltr'><strong>non</strong></span> <span class='ocrx_word' id='word_1_269' title='bbox 675 1115 826 1143; x_wconf 84' lang='lat' dir='ltr'><strong>invenerunt</strong></span> <span class='ocrx_word' id='word_1_270' title='bbox 837 1117 859 1133; x_wconf 81' lang='lat'>&quot;</span> <span class='ocrx_word' id='word_1_271' title='bbox 870 1125 877 1143; x_wconf 86' lang='lat'>:</span> <span class='ocrx_word' id='word_1_272' title='bbox 890 1117 983 1143; x_wconf 89' lang='lat' dir='ltr'><strong>maxi—</strong></span> 
     </span>
    </p>
   </div>
   <div class='ocr_carea' id='block_1_39' title="bbox 197 1158 983 1196">
    <p class='ocr_par' dir='ltr' id='par_1_39' title="bbox 197 1158 983 1196">
     <span class='ocr_line' id='line_1_39' title="bbox 197 1158 983 1196; baseline 0.005 -12"><span class='ocrx_word' id='word_1_273' title='bbox 197 1165 240 1185; x_wconf 89' lang='lat' dir='ltr'><strong>me</strong></span> <span class='ocrx_word' id='word_1_274' title='bbox 252 1165 313 1185; x_wconf 91' lang='lat' dir='ltr'><strong>cum</strong></span> <span class='ocrx_word' id='word_1_275' title='bbox 327 1162 354 1185; x_wconf 88' lang='lat' dir='ltr'><strong>et</strong></span> <span class='ocrx_word' id='word_1_276' title='bbox 367 1158 486 1192; x_wconf 85' lang='lat' dir='ltr'><strong>proditor</strong></span> <span class='ocrx_word' id='word_1_277' title='bbox 499 1165 584 1186; x_wconf 66' lang='lat' dir='ltr'><strong>caena:</strong></span> <span class='ocrx_word' id='word_1_278' title='bbox 596 1158 633 1185; x_wconf 91' lang='lat' dir='ltr'><strong>illi</strong></span> <span class='ocrx_word' id='word_1_279' title='bbox 647 1159 802 1193; x_wconf 88' lang='lat' dir='ltr'><strong>interesset,</strong></span> <span class='ocrx_word' id='word_1_280' title='bbox 817 1161 863 1195; x_wconf 87' lang='lat' dir='ltr'><strong>qui</strong></span> <span class='ocrx_word' id='word_1_281' title='bbox 885 1161 906 1188; x_wconf 89' lang='lat' dir='ltr'><strong>si</strong></span> <span class='ocrx_word' id='word_1_282' title='bbox 919 1162 983 1196; x_wconf 89' lang='lat' dir='ltr'><strong>quid</strong></span> 
     </span>
    </p>
   </div>
   <div class='ocr_carea' id='block_1_40' title="bbox 198 1203 980 1236">
    <p class='ocr_par' dir='ltr' id='par_1_40' title="bbox 198 1203 980 1236">
     <span class='ocr_line' id='line_1_40' title="bbox 198 1203 980 1236; baseline 0.006 -7"><span class='ocrx_word' id='word_1_283' title='bbox 198 1203 253 1231; x_wconf 82' lang='lat' dir='ltr'><strong>tale</strong></span> <span class='ocrx_word' id='word_1_284' title='bbox 271 1203 367 1231; x_wconf 86' lang='lat' dir='ltr'><strong>fuisset</strong></span> <span class='ocrx_word' id='word_1_285' title='bbox 384 1203 542 1236; x_wconf 86' lang='lat' dir='ltr'><strong>admissum,</strong></span> <span class='ocrx_word' id='word_1_286' title='bbox 562 1204 661 1232; x_wconf 64' lang='lat' dir='ltr'><strong>Iudaeis</strong></span> <span class='ocrx_word' id='word_1_287' title='bbox 689 1205 758 1232; x_wconf 85' lang='lat' dir='ltr'><strong>clam</strong></span> <span class='ocrx_word' id='word_1_288' title='bbox 787 1207 980 1235; x_wconf 87' lang='lat' dir='ltr'><strong>renuntiasset.</strong></span> 
     </span>
    </p>
   </div>
   <div class='ocr_carea' id='block_1_41' title="bbox 198 1248 985 1283">
    <p class='ocr_par' dir='ltr' id='par_1_41' title="bbox 198 1248 985 1283">
     <span class='ocr_line' id='line_1_41' title="bbox 198 1248 985 1283; baseline 0.005 -7"><span class='ocrx_word' id='word_1_289' title='bbox 198 1248 358 1283; x_wconf 79' lang='lat' dir='ltr'><strong>Quanquam</strong></span> <span class='ocrx_word' id='word_1_290' title='bbox 383 1253 410 1277; x_wconf 92' lang='lat' dir='ltr'><strong>et</strong></span> <span class='ocrx_word' id='word_1_291' title='bbox 427 1249 558 1277; x_wconf 87' lang='lat' dir='ltr'><strong>Dominus</strong></span> <span class='ocrx_word' id='word_1_292' title='bbox 577 1250 614 1276; x_wconf 86' lang='lat' dir='ltr'><strong>ait</strong></span> <span class='ocrx_word' id='word_1_293' title='bbox 639 1258 646 1277; x_wconf 92' lang='lat'>:</span> <span class='ocrx_word' id='word_1_294' title='bbox 675 1250 813 1278; x_wconf 77' lang='lat' dir='ltr'><strong>Deriderio</strong></span> <span class='ocrx_word' id='word_1_295' title='bbox 834 1252 985 1280; x_wconf 75' lang='lat' dir='ltr'><strong>desideravi</strong></span> 
     </span>
    </p>
   </div>
   <div class='ocr_carea' id='block_1_42' title="bbox 198 1294 984 1332">
    <p class='ocr_par' dir='ltr' id='par_1_42' title="bbox 198 1294 984 1332">
     <span class='ocr_line' id='line_1_42' title="bbox 198 1294 984 1332; baseline 0.006 -11"><span class='ocrx_word' id='word_1_296' title='bbox 198 1295 246 1322; x_wconf 80' lang='lat' dir='ltr'><strong>hoc</strong></span> <span class='ocrx_word' id='word_1_297' title='bbox 259 1296 356 1330; x_wconf 73' lang='lat' dir='ltr'><strong>pascha</strong></span> <span class='ocrx_word' id='word_1_298' title='bbox 373 1296 533 1322; x_wconf 83' lang='lat' dir='ltr'><strong>manducare</strong></span> <span class='ocrx_word' id='word_1_299' title='bbox 549 1294 681 1323; x_wconf 79' lang='lat' dir='ltr'><strong>vobiscum</strong></span> <span class='ocrx_word' id='word_1_300' title='bbox 696 1296 738 1330; x_wconf 73' lang='lat'><strong>‘°;</strong></span> <span class='ocrx_word' id='word_1_301' title='bbox 758 1297 783 1323; x_wconf 92' lang='lat' dir='ltr'><strong>in</strong></span> <span class='ocrx_word' id='word_1_302' title='bbox 804 1305 858 1332; x_wconf 92' lang='lat' dir='ltr'><strong>qtto</strong></span> <span class='ocrx_word' id='word_1_303' title='bbox 878 1298 984 1326; x_wconf 83' lang='lat' dir='ltr'><strong>scilicet</strong></span> 
     </span>
    </p>
   </div>
   <div class='ocr_carea' id='block_1_43' title="bbox 200 1341 984 1378">
    <p class='ocr_par' dir='ltr' id='par_1_43' title="bbox 200 1341 984 1378">
     <span class='ocr_line' id='line_1_43' title="bbox 200 1341 984 1378; baseline 0.004 -11"><span class='ocrx_word' id='word_1_304' title='bbox 200 1341 280 1367; x_wconf 84' lang='lat' dir='ltr'><strong>etiam</strong></span> <span class='ocrx_word' id='word_1_305' title='bbox 315 1341 473 1375; x_wconf 85' lang='lat' dir='ltr'><strong>mysterium</strong></span> <span class='ocrx_word' id='word_1_306' title='bbox 502 1341 624 1375; x_wconf 85' lang='lat' dir='ltr'><strong>corporis</strong></span> <span class='ocrx_word' id='word_1_307' title='bbox 651 1342 691 1368; x_wconf 90' lang='lat' dir='ltr'><strong>sui</strong></span> <span class='ocrx_word' id='word_1_308' title='bbox 723 1343 884 1370; x_wconf 88' lang='lat' dir='ltr'><strong>tradendum</strong></span> <span class='ocrx_word' id='word_1_309' title='bbox 914 1348 984 1378; x_wconf 85' lang='lat' dir='ltr'><strong>erat,</strong></span> 
     </span>
    </p>
   </div>
   <div class='ocr_carea' id='block_1_44' title="bbox 201 1385 985 1421">
    <p class='ocr_par' dir='ltr' id='par_1_44' title="bbox 201 1385 985 1421">
     <span class='ocr_line' id='line_1_44' title="bbox 201 1385 985 1421; baseline 0.005 -9"><span class='ocrx_word' id='word_1_310' title='bbox 201 1385 382 1420; x_wconf 57' lang='lat' dir='ltr'><strong>pradixitque</strong></span> <span class='ocrx_word' id='word_1_311' title='bbox 397 1386 508 1413; x_wconf 89' lang='lat' dir='ltr'><strong>ubinam</strong></span> <span class='ocrx_word' id='word_1_312' title='bbox 529 1394 590 1413; x_wconf 89' lang='lat' dir='ltr'><strong>eum</strong></span> <span class='ocrx_word' id='word_1_313' title='bbox 607 1387 746 1421; x_wconf 87' lang='lat' dir='ltr'><strong>discipulis</strong></span> <span class='ocrx_word' id='word_1_314' title='bbox 765 1392 906 1421; x_wconf 87' lang='lat' dir='ltr'><strong>oporteret</strong></span> <span class='ocrx_word' id='word_1_315' title='bbox 922 1395 985 1416; x_wconf 83' lang='lat' dir='ltr'><strong>eum</strong></span> 
     </span>
    </p>
   </div>
   <div class='ocr_carea' id='block_1_45' title="bbox 202 1431 500 1458">
    <p class='ocr_par' dir='ltr' id='par_1_45' title="bbox 202 1431 500 1458">
     <span class='ocr_line' id='line_1_45' title="bbox 202 1431 500 1458; baseline 0.003 -1"><span class='ocrx_word' id='word_1_316' title='bbox 202 1431 304 1458; x_wconf 85' lang='lat' dir='ltr'><strong>[&#39;ascha</strong></span> <span class='ocrx_word' id='word_1_317' title='bbox 327 1431 500 1458; x_wconf 77' lang='lat' dir='ltr'><strong>manducare.</strong></span> 
     </span>
    </p>
   </div>
   <div class='ocr_carea' id='block_1_46' title="bbox 239 1476 986 1512">
    <p class='ocr_par' dir='ltr' id='par_1_46' title="bbox 239 1476 986 1512">
     <span class='ocr_line' id='line_1_46' title="bbox 239 1476 986 1512; baseline 0.003 -8"><span class='ocrx_word' id='word_1_318' title='bbox 239 1476 266 1504; x_wconf 89' lang='lat' dir='ltr'><strong>Si</strong></span> <span class='ocrx_word' id='word_1_319' title='bbox 283 1481 372 1503; x_wconf 87' lang='lat' dir='ltr'><strong>autem</strong></span> <span class='ocrx_word' id='word_1_320' title='bbox 391 1477 490 1511; x_wconf 88' lang='lat' dir='ltr'><strong>pascha</strong></span> <span class='ocrx_word' id='word_1_321' title='bbox 514 1477 663 1512; x_wconf 81' lang='lat' dir='ltr'><strong>legitimum</strong></span> <span class='ocrx_word' id='word_1_322' title='bbox 682 1478 743 1511; x_wconf 87' lang='lat' dir='ltr'><strong>fuit,</strong></span> <span class='ocrx_word' id='word_1_323' title='bbox 769 1479 882 1507; x_wconf 90' lang='lat' dir='ltr'><strong>omnino</strong></span> <span class='ocrx_word' id='word_1_324' title='bbox 905 1479 986 1507; x_wconf 89' lang='lat' dir='ltr'><strong>etiam</strong></span> 
     </span>
    </p>
   </div>
   <div class='ocr_carea' id='block_1_47' title="bbox 202 1522 987 1558">
    <p class='ocr_par' dir='ltr' id='par_1_47' title="bbox 202 1522 987 1558">
     <span class='ocr_line' id='line_1_47' title="bbox 202 1522 987 1558; baseline 0.003 -9"><span class='ocrx_word' id='word_1_325' title='bbox 202 1522 330 1557; x_wconf 83' lang='lat' dir='ltr'><strong>legitimis</strong></span> <span class='ocrx_word' id='word_1_326' title='bbox 349 1523 375 1549; x_wconf 90' lang='lat' dir='ltr'><strong>in</strong></span> <span class='ocrx_word' id='word_1_327' title='bbox 400 1522 444 1548; x_wconf 88' lang='lat' dir='ltr'><strong>illo</strong></span> <span class='ocrx_word' id='word_1_328' title='bbox 460 1522 527 1548; x_wconf 85' lang='lat' dir='ltr'><strong>cibis</strong></span> <span class='ocrx_word' id='word_1_329' title='bbox 551 1531 615 1549; x_wconf 87' lang='lat' dir='ltr'><strong>usus</strong></span> <span class='ocrx_word' id='word_1_330' title='bbox 630 1528 680 1551; x_wconf 77' lang='lat' dir='ltr'><strong>est.</strong></span> <span class='ocrx_word' id='word_1_331' title='bbox 706 1523 798 1558; x_wconf 80' lang='lat' dir='ltr'><strong>Neque</strong></span> <span class='ocrx_word' id='word_1_332' title='bbox 824 1525 907 1556; x_wconf 88' lang='lat' dir='ltr'><strong>enim,</strong></span> <span class='ocrx_word' id='word_1_333' title='bbox 926 1532 987 1552; x_wconf 87' lang='lat' dir='ltr'><strong>cum</strong></span> 
     </span>
    </p>
   </div>
   <div class='ocr_carea' id='block_1_48' title="bbox 203 1561 1026 1604">
    <p class='ocr_par' dir='ltr' id='par_1_48' title="bbox 203 1561 1026 1604">
     <span class='ocr_line' id='line_1_48' title="bbox 203 1561 1026 1604; baseline 0.006 -11"><span class='ocrx_word' id='word_1_334' title='bbox 203 1567 293 1594; x_wconf 86' lang='lat' dir='ltr'><strong>omnia</strong></span> <span class='ocrx_word' id='word_1_335' title='bbox 310 1567 377 1601; x_wconf 69' lang='lat' dir='ltr'><strong>legis</strong></span> <span class='ocrx_word' id='word_1_336' title='bbox 396 1567 548 1602; x_wconf 82' lang='lat' dir='ltr'><strong>implesset,</strong></span> <span class='ocrx_word' id='word_1_337' title='bbox 565 1575 623 1595; x_wconf 90' lang='lat' dir='ltr'><strong>eam</strong></span> <span class='ocrx_word' id='word_1_338' title='bbox 643 1569 668 1596; x_wconf 92' lang='lat' dir='ltr'><strong>in</strong></span> <span class='ocrx_word' id='word_1_339' title='bbox 690 1569 792 1596; x_wconf 81' lang='lat' dir='ltr'><strong>Pascha</strong></span> <span class='ocrx_word' id='word_1_340' title='bbox 817 1571 989 1604; x_wconf 61' lang='lat' dir='ltr'><strong>prmvaricari</strong></span> <span class='ocrx_word' id='word_1_341' title='bbox 1003 1561 1026 1592; x_wconf 70' lang='grc' dir='ltr'>Ο</span> 
     </span>
    </p>
   </div>
   <div class='ocr_carea' id='block_1_49' title="bbox 204 1613 988 1650">
    <p class='ocr_par' dir='ltr' id='par_1_49' title="bbox 204 1613 988 1650">
     <span class='ocr_line' id='line_1_49' title="bbox 204 1613 988 1650; baseline 0.009 -11"><span class='ocrx_word' id='word_1_342' title='bbox 204 1613 306 1640; x_wconf 77' lang='lat' dir='ltr'><strong>debuit.</strong></span> <span class='ocrx_word' id='word_1_343' title='bbox 319 1613 499 1640; x_wconf 86' lang='lat' dir='ltr'><strong>Commendat</strong></span> <span class='ocrx_word' id='word_1_344' title='bbox 515 1614 565 1642; x_wconf 89' lang='lat' dir='ltr'><strong>hoc</strong></span> <span class='ocrx_word' id='word_1_345' title='bbox 578 1616 793 1650; x_wconf 80' lang='lat' dir='ltr'><strong>etevangelista,</strong></span> <span class='ocrx_word' id='word_1_346' title='bbox 814 1623 874 1644; x_wconf 88' lang='lat' dir='ltr'><strong>cum</strong></span> <span class='ocrx_word' id='word_1_347' title='bbox 895 1617 961 1645; x_wconf 87' lang='lat' dir='ltr'><strong>dicit</strong></span> <span class='ocrx_word' id='word_1_348' title='bbox 981 1627 988 1646; x_wconf 87' lang='lat'><strong>:</strong></span> 
     </span>
    </p>
   </div>
   <div class='ocr_carea' id='block_1_50' title="bbox 207 1658 689 1694">
    <p class='ocr_par' dir='ltr' id='par_1_50' title="bbox 207 1658 689 1694">
     <span class='ocr_line' id='line_1_50' title="bbox 207 1658 689 1694; baseline 0.004 -9"><span class='ocrx_word' id='word_1_349' title='bbox 207 1658 297 1685; x_wconf 81' lang='lat' dir='ltr'><strong>Prima</strong></span> <span class='ocrx_word' id='word_1_350' title='bbox 316 1663 403 1685; x_wconf 86' lang='lat' dir='ltr'><strong>autem</strong></span> <span class='ocrx_word' id='word_1_351' title='bbox 419 1659 461 1685; x_wconf 85' lang='lat' dir='ltr'><strong>die</strong></span> <span class='ocrx_word' id='word_1_352' title='bbox 480 1659 640 1694; x_wconf 77' lang='lat' dir='ltr'><strong>Azymorum</strong></span> <span class='ocrx_word' id='word_1_353' title='bbox 655 1660 689 1687; x_wconf 79' lang='grc'><strong>“.</strong></span> 
     </span>
    </p>
   </div>
   <div class='ocr_carea' id='block_1_51' title="bbox 205 1703 991 1743">
    <p class='ocr_par' dir='ltr' id='par_1_51' title="bbox 205 1703 991 1743">
     <span class='ocr_line' id='line_1_51' title="bbox 205 1703 991 1743; baseline 0.009 -14"><span class='ocrx_word' id='word_1_354' title='bbox 205 1708 208 1713; x_wconf 84' lang='grc'><em>’</em></span> <span class='ocrx_word' id='word_1_355' title='bbox 240 1703 330 1730; x_wconf 88' lang='lat' dir='ltr'><strong>Prima</strong></span> <span class='ocrx_word' id='word_1_356' title='bbox 348 1711 412 1731; x_wconf 90' lang='lat' dir='ltr'><strong>vero</strong></span> <span class='ocrx_word' id='word_1_357' title='bbox 425 1704 587 1738; x_wconf 86' lang='lat' dir='ltr'><strong>Azymorum</strong></span> <span class='ocrx_word' id='word_1_358' title='bbox 602 1705 731 1732; x_wconf 86' lang='lat' dir='ltr'><strong>solemnis</strong></span> <span class='ocrx_word' id='word_1_359' title='bbox 748 1711 806 1733; x_wconf 86' lang='lat' dir='ltr'><strong>erat</strong></span> <span class='ocrx_word' id='word_1_360' title='bbox 821 1714 854 1734; x_wconf 90' lang='lat' dir='ltr'><strong>ac</strong></span> <span class='ocrx_word' id='word_1_361' title='bbox 878 1707 991 1743; x_wconf 77' lang='lat' dir='ltr'><strong>legitimi</strong></span> 
     </span>
    </p>
   </div>
   <div class='ocr_carea' id='block_1_52' title="bbox 206 1749 992 1789">
    <p class='ocr_par' dir='ltr' id='par_1_52' title="bbox 206 1749 992 1789">
     <span class='ocr_line' id='line_1_52' title="bbox 206 1749 992 1789; baseline 0.006 -13"><span class='ocrx_word' id='word_1_362' title='bbox 206 1749 330 1777; x_wconf 72' lang='lat' dir='ltr'><strong>Paschaa.</strong></span> <span class='ocrx_word' id='word_1_363' title='bbox 357 1749 404 1777; x_wconf 93' lang='lat' dir='ltr'><strong>Sin</strong></span> <span class='ocrx_word' id='word_1_364' title='bbox 427 1758 492 1778; x_wconf 87' lang='lat' dir='ltr'><strong>vero</strong></span> <span class='ocrx_word' id='word_1_365' title='bbox 517 1751 594 1778; x_wconf 91' lang='lat' dir='ltr'><strong>divus</strong></span> <span class='ocrx_word' id='word_1_366' title='bbox 617 1751 829 1785; x_wconf 86' lang='lat' dir='ltr'><strong>Chrysostomus</strong></span> <span class='ocrx_word' id='word_1_367' title='bbox 853 1761 992 1789; x_wconf 78' lang='lat' dir='ltr'><strong>exponens</strong></span> 
     </span>
    </p>
   </div>
   <div class='ocr_carea' id='block_1_53' title="bbox 206 1796 991 1836">
    <p class='ocr_par' dir='ltr' id='par_1_53' title="bbox 206 1796 991 1836">
     <span class='ocr_line' id='line_1_53' title="bbox 206 1796 991 1836; baseline 0.009 -15"><span class='ocrx_word' id='word_1_368' title='bbox 206 1797 317 1828; x_wconf 78' lang='lat' dir='ltr'><strong>primaut</strong></span> <span class='ocrx_word' id='word_1_369' title='bbox 346 1796 520 1831; x_wconf 75' lang='lat' dir='ltr'><strong>Azymorum,</strong></span> <span class='ocrx_word' id='word_1_370' title='bbox 551 1804 612 1824; x_wconf 86' lang='lat' dir='ltr'><strong>eam</strong></span> <span class='ocrx_word' id='word_1_371' title='bbox 645 1806 705 1832; x_wconf 70' lang='lat' dir='ltr'><strong>quae</strong></span> <span class='ocrx_word' id='word_1_372' title='bbox 735 1799 869 1834; x_wconf 63' lang='lat' dir='ltr'><strong>praecedat</strong></span> <span class='ocrx_word' id='word_1_373' title='bbox 896 1808 991 1836; x_wconf 86' lang='lat' dir='ltr'><strong>azyma</strong></span> 
     </span>
    </p>
   </div>
   <div class='ocr_carea' id='block_1_54' title="bbox 213 1841 994 1878">
    <p class='ocr_par' dir='ltr' id='par_1_54' title="bbox 213 1841 994 1878">
     <span class='ocr_line' id='line_1_54' title="bbox 213 1841 994 1878; baseline 0.009 -11"><span class='ocrx_word' id='word_1_374' title='bbox 213 1842 291 1872; x_wconf 84' lang='lat' dir='ltr'><strong>dixit,</strong></span> <span class='ocrx_word' id='word_1_375' title='bbox 315 1841 376 1869; x_wconf 86' lang='lat' dir='ltr'><strong>ideo</strong></span> <span class='ocrx_word' id='word_1_376' title='bbox 399 1841 427 1869; x_wconf 94' lang='lat' dir='ltr'><strong>id</strong></span> <span class='ocrx_word' id='word_1_377' title='bbox 442 1842 490 1874; x_wconf 90' lang='lat' dir='ltr'><strong>ait,</strong></span> <span class='ocrx_word' id='word_1_378' title='bbox 508 1842 570 1876; x_wconf 84' lang='lat' dir='ltr'><strong>quia</strong></span> <span class='ocrx_word' id='word_1_379' title='bbox 593 1841 694 1870; x_wconf 72' lang='lat' dir='ltr'><strong>Iudaeis</strong></span> <span class='ocrx_word' id='word_1_380' title='bbox 708 1845 874 1872; x_wconf 89' lang='lat' dir='ltr'><strong>consuetudo</strong></span> <span class='ocrx_word' id='word_1_381' title='bbox 894 1850 964 1878; x_wconf 82' lang='lat' dir='ltr'><strong>erat,</strong></span> <span class='ocrx_word' id='word_1_382' title='bbox 979 1854 994 1874; x_wconf 93' lang='lat' dir='ltr'><strong>a</strong></span> 
     </span>
    </p>
   </div>
   <div class='ocr_carea' id='block_1_55' title="bbox 207 1887 995 1924">
    <p class='ocr_par' dir='ltr' id='par_1_55' title="bbox 207 1887 995 1924">
     <span class='ocr_line' id='line_1_55' title="bbox 207 1887 995 1924; baseline 0.01 -13"><span class='ocrx_word' id='word_1_383' title='bbox 207 1893 322 1920; x_wconf 83' lang='lat' dir='ltr'><strong>vespera</strong></span> <span class='ocrx_word' id='word_1_384' title='bbox 355 1893 464 1921; x_wconf 84' lang='lat' dir='ltr'><strong>semper</strong></span> <span class='ocrx_word' id='word_1_385' title='bbox 495 1887 604 1914; x_wconf 91' lang='lat' dir='ltr'><strong>initium</strong></span> <span class='ocrx_word' id='word_1_386' title='bbox 634 1888 687 1915; x_wconf 89' lang='lat' dir='ltr'><strong>diei</strong></span> <span class='ocrx_word' id='word_1_387' title='bbox 714 1891 950 1924; x_wconf 85' lang='lat' dir='ltr'><strong>computantibus,</strong></span> <span class='ocrx_word' id='word_1_388' title='bbox 980 1899 995 1919; x_wconf 90' lang='lat' dir='ltr'><strong>e</strong></span> 
     </span>
    </p>
   </div>
   <div class='ocr_carea' id='block_1_56' title="bbox 208 1931 994 1968">
    <p class='ocr_par' dir='ltr' id='par_1_56' title="bbox 208 1931 994 1968">
     <span class='ocr_line' id='line_1_56' title="bbox 208 1931 994 1968; baseline 0.009 -11"><span class='ocrx_word' id='word_1_389' title='bbox 208 1938 321 1966; x_wconf 77' lang='lat' dir='ltr'><strong>vespera</strong></span> <span class='ocrx_word' id='word_1_390' title='bbox 339 1931 421 1958; x_wconf 83' lang='lat' dir='ltr'><strong>etiam</strong></span> <span class='ocrx_word' id='word_1_391' title='bbox 441 1931 642 1960; x_wconf 85' lang='lat' dir='ltr'><strong>solemnitatem</strong></span> <span class='ocrx_word' id='word_1_392' title='bbox 660 1934 825 1968; x_wconf 82' lang='lat' dir='ltr'><strong>Azymorum</strong></span> <span class='ocrx_word' id='word_1_393' title='bbox 844 1935 994 1964; x_wconf 71' lang='lat' dir='ltr'><strong>inchoare:</strong></span> 
     </span>
    </p>
   </div>
   <div class='ocr_carea' id='block_1_57' title="bbox 208 1973 997 2013">
    <p class='ocr_par' dir='ltr' id='par_1_57' title="bbox 208 1973 997 2013">
     <span class='ocr_line' id='line_1_57' title="bbox 208 1973 997 2013; baseline 0.009 -11"><span class='ocrx_word' id='word_1_394' title='bbox 208 1984 290 2011; x_wconf 85' lang='lat' dir='ltr'><strong>quant</strong></span> <span class='ocrx_word' id='word_1_395' title='bbox 304 1977 375 2004; x_wconf 88' lang='lat' dir='ltr'><strong>ettim</strong></span> <span class='ocrx_word' id='word_1_396' title='bbox 393 1977 442 2012; x_wconf 90' lang='lat' dir='ltr'><strong>ipsi</strong></span> <span class='ocrx_word' id='word_1_397' title='bbox 460 1982 576 2010; x_wconf 86' lang='lat' dir='ltr'><strong>noctem,</strong></span> <span class='ocrx_word' id='word_1_398' title='bbox 591 1984 694 2013; x_wconf 88' lang='lat' dir='ltr'><strong>partem</strong></span> <span class='ocrx_word' id='word_1_399' title='bbox 711 1973 841 2013; x_wconf 65' lang='lat' dir='ltr'><strong>prieteriti</strong></span> <span class='ocrx_word' id='word_1_400' title='bbox 854 1981 906 2008; x_wconf 87' lang='lat' dir='ltr'><strong>diei</strong></span> <span class='ocrx_word' id='word_1_401' title='bbox 922 1989 997 2009; x_wconf 86' lang='lat' dir='ltr'><strong>com-</strong></span> 
     </span>
    </p>
   </div>
   <div class='ocr_carea' id='block_1_58' title="bbox 210 2023 998 2059">
    <p class='ocr_par' dir='ltr' id='par_1_58' title="bbox 210 2023 998 2059">
     <span class='ocr_line' id='line_1_58' title="bbox 210 2023 998 2059; baseline 0.008 -11"><span class='ocrx_word' id='word_1_402' title='bbox 210 2028 348 2056; x_wconf 86' lang='lat' dir='ltr'><strong>putamus,</strong></span> <span class='ocrx_word' id='word_1_403' title='bbox 365 2023 469 2050; x_wconf 84' lang='lat' dir='ltr'><strong>initium</strong></span> <span class='ocrx_word' id='word_1_404' title='bbox 493 2024 544 2050; x_wconf 87' lang='lat' dir='ltr'><strong>diei</strong></span> <span class='ocrx_word' id='word_1_405' title='bbox 560 2031 574 2050; x_wconf 87' lang='lat' dir='ltr'><strong>a</strong></span> <span class='ocrx_word' id='word_1_406' title='bbox 591 2024 657 2052; x_wconf 75' lang='lat' dir='ltr'><strong>solis</strong></span> <span class='ocrx_word' id='word_1_407' title='bbox 673 2030 734 2052; x_wconf 90' lang='lat' dir='ltr'><strong>ortu</strong></span> <span class='ocrx_word' id='word_1_408' title='bbox 756 2024 886 2054; x_wconf 87' lang='lat' dir='ltr'><strong>facientes</strong></span> <span class='ocrx_word' id='word_1_409' title='bbox 897 2045 905 2059; x_wconf 91' lang='lat'><strong>,</strong></span> <span class='ocrx_word' id='word_1_410' title='bbox 927 2026 998 2055; x_wconf 87' lang='lat' dir='ltr'><strong>hanc</strong></span> 
     </span>
    </p>
   </div>
   <div class='ocr_carea' id='block_1_59' title="bbox 212 2067 998 2107">
    <p class='ocr_par' dir='ltr' id='par_1_59' title="bbox 212 2067 998 2107">
     <span class='ocr_line' id='line_1_59' title="bbox 212 2067 998 2107; baseline 0.006 -13"><span class='ocrx_word' id='word_1_411' title='bbox 212 2068 248 2094; x_wconf 90' lang='lat' dir='ltr'><strong>illi</strong></span> <span class='ocrx_word' id='word_1_412' title='bbox 272 2067 325 2094; x_wconf 88' lang='lat' dir='ltr'><strong>diei</strong></span> <span class='ocrx_word' id='word_1_413' title='bbox 351 2067 490 2102; x_wconf 87' lang='lat' dir='ltr'><strong>sequentis</strong></span> <span class='ocrx_word' id='word_1_414' title='bbox 514 2068 619 2096; x_wconf 90' lang='lat' dir='ltr'><strong>initium</strong></span> <span class='ocrx_word' id='word_1_415' title='bbox 635 2074 911 2106; x_wconf 85' lang='lat' dir='ltr'><strong>eompntant;quatn</strong></span> <span class='ocrx_word' id='word_1_416' title='bbox 933 2080 998 2107; x_wconf 84' lang='lat' dir='ltr'><strong>ergo</strong></span> 
     </span>
    </p>
   </div>
   <div class='ocr_carea' id='block_1_60' title="bbox 211 2114 997 2151">
    <p class='ocr_par' dir='ltr' id='par_1_60' title="bbox 211 2114 997 2151">
     <span class='ocr_line' id='line_1_60' title="bbox 211 2114 997 2151; baseline 0.006 -11"><span class='ocrx_word' id='word_1_417' title='bbox 211 2121 260 2141; x_wconf 81' lang='lat' dir='ltr'><strong>nos</strong></span> <span class='ocrx_word' id='word_1_418' title='bbox 275 2118 338 2142; x_wconf 89' lang='lat' dir='ltr'><strong>ante</strong></span> <span class='ocrx_word' id='word_1_419' title='bbox 361 2115 472 2149; x_wconf 83' lang='lat' dir='ltr'><strong>Azyma,</strong></span> <span class='ocrx_word' id='word_1_420' title='bbox 498 2114 535 2141; x_wconf 88' lang='lat' dir='ltr'><strong>illi</strong></span> <span class='ocrx_word' id='word_1_421' title='bbox 563 2115 677 2149; x_wconf 90' lang='lat' dir='ltr'><strong>primam</strong></span> <span class='ocrx_word' id='word_1_422' title='bbox 703 2116 867 2151; x_wconf 87' lang='lat' dir='ltr'><strong>Azymorum</strong></span> <span class='ocrx_word' id='word_1_423' title='bbox 892 2117 997 2145; x_wconf 81' lang='lat' dir='ltr'><strong>dicunt.</strong></span> 
     </span>
    </p>
   </div>
   <div class='ocr_carea' id='block_1_61' title="bbox 212 2159 999 2199">
    <p class='ocr_par' dir='ltr' id='par_1_61' title="bbox 212 2159 999 2199">
     <span class='ocr_line' id='line_1_61' title="bbox 212 2159 999 2199; baseline 0.006 -14"><span class='ocrx_word' id='word_1_424' title='bbox 212 2159 347 2192; x_wconf 86' lang='lat' dir='ltr'><strong>Quocirca</strong></span> <span class='ocrx_word' id='word_1_425' title='bbox 364 2159 530 2199; x_wconf 81' lang='lat' dir='ltr'><strong>evangelista</strong></span> <span class='ocrx_word' id='word_1_426' title='bbox 554 2168 663 2195; x_wconf 84' lang='lat' dir='ltr'><strong>quoque</strong></span> <span class='ocrx_word' id='word_1_427' title='bbox 685 2162 836 2189; x_wconf 90' lang='lat' dir='ltr'><strong>secundum</strong></span> <span class='ocrx_word' id='word_1_428' title='bbox 852 2168 999 2190; x_wconf 84' lang='lat' dir='ltr'><strong>consuetu-</strong></span> 
     </span>
    </p>
   </div>
   <div class='ocr_carea' id='block_1_62' title="bbox 1065 921 1853 956">
    <p class='ocr_par' dir='ltr' id='par_1_62' title="bbox 1065 921 1853 956">
     <span class='ocr_line' id='line_1_62' title="bbox 1065 921 1853 956; baseline -0.009 -1"><span class='ocrx_word' id='word_1_429' title='bbox 1065 928 1179 956; x_wconf 88' lang='lat' dir='ltr'><strong>Latiuus</strong></span> <span class='ocrx_word' id='word_1_430' title='bbox 1190 927 1261 955; x_wconf 88' lang='lat' dir='ltr'><strong>ettim</strong></span> <span class='ocrx_word' id='word_1_431' title='bbox 1284 926 1412 956; x_wconf 77' lang='lat' dir='ltr'><strong>fortasse.</strong></span> <span class='ocrx_word' id='word_1_432' title='bbox 1426 925 1465 952; x_wconf 88' lang='lat' dir='ltr'><strong>vel</strong></span> <span class='ocrx_word' id='word_1_433' title='bbox 1481 924 1578 952; x_wconf 82' lang='lat' dir='ltr'><strong>Perses</strong></span> <span class='ocrx_word' id='word_1_434' title='bbox 1593 931 1606 950; x_wconf 88' lang='lat' dir='ltr'><strong>a</strong></span> <span class='ocrx_word' id='word_1_435' title='bbox 1628 921 1825 951; x_wconf 86' lang='lat' dir='ltr'><strong>conﬁrmando</strong></span> <span class='ocrx_word' id='word_1_436' title='bbox 1849 946 1853 949; x_wconf 88' lang='lat'><strong>.</strong></span> 
     </span>
    </p>
   </div>
   <div class='ocr_carea' id='block_1_63' title="bbox 1030 969 1828 1012">
    <p class='ocr_par' dir='ltr' id='par_1_63' title="bbox 1030 969 1828 1012">
     <span class='ocr_line' id='line_1_63' title="bbox 1030 969 1828 1012; baseline -0.009 -10"><span class='ocrx_word' id='word_1_437' title='bbox 1030 976 1110 1012; x_wconf 88' lang='lat' dir='ltr'><strong>panis</strong></span> <span class='ocrx_word' id='word_1_438' title='bbox 1124 981 1220 1002; x_wconf 87' lang='lat' dir='ltr'><strong>nomen</strong></span> <span class='ocrx_word' id='word_1_439' title='bbox 1234 994 1242 1006; x_wconf 89' lang='lat'><strong>,</strong></span> <span class='ocrx_word' id='word_1_440' title='bbox 1256 973 1318 1007; x_wconf 89' lang='lat' dir='ltr'><strong>quia</strong></span> <span class='ocrx_word' id='word_1_441' title='bbox 1332 980 1380 1000; x_wconf 88' lang='lat' dir='ltr'><strong>cor</strong></span> <span class='ocrx_word' id='word_1_442' title='bbox 1394 971 1513 999; x_wconf 90' lang='lat' dir='ltr'><strong>hominis</strong></span> <span class='ocrx_word' id='word_1_443' title='bbox 1529 970 1673 998; x_wconf 88' lang='lat' dir='ltr'><strong>confirmat</strong></span> <span class='ocrx_word' id='word_1_444' title='bbox 1692 969 1734 996; x_wconf 90' lang='lat' dir='ltr'><strong>vel</strong></span> <span class='ocrx_word' id='word_1_445' title='bbox 1750 975 1828 1003; x_wconf 89' lang='lat' dir='ltr'><strong>quo-</strong></span> 
     </span>
    </p>
   </div>
   <div class='ocr_carea' id='block_1_64' title="bbox 1033 1017 1829 1053">
    <p class='ocr_par' dir='ltr' id='par_1_64' title="bbox 1033 1017 1829 1053">
     <span class='ocr_line' id='line_1_64' title="bbox 1033 1017 1829 1053; baseline -0.009 -5"><span class='ocrx_word' id='word_1_446' title='bbox 1033 1021 1179 1049; x_wconf 85' lang='lat' dir='ltr'><strong>modolibet</strong></span> <span class='ocrx_word' id='word_1_447' title='bbox 1196 1019 1287 1052; x_wconf 87' lang='lat' dir='ltr'><strong>aliter,</strong></span> <span class='ocrx_word' id='word_1_448' title='bbox 1312 1026 1327 1046; x_wconf 92' lang='lat' dir='ltr'><strong>a</strong></span> <span class='ocrx_word' id='word_1_449' title='bbox 1352 1017 1567 1053; x_wconf 84' lang='lat' dir='ltr'><strong>proprietatibus</strong></span> <span class='ocrx_word' id='word_1_450' title='bbox 1585 1017 1670 1051; x_wconf 87' lang='lat' dir='ltr'><strong>ipsam</strong></span> <span class='ocrx_word' id='word_1_451' title='bbox 1696 1023 1753 1042; x_wconf 75' lang='lat' dir='ltr'><strong>rem</strong></span> <span class='ocrx_word' id='word_1_452' title='bbox 1782 1023 1829 1042; x_wconf 88' lang='lat' dir='ltr'><strong>se-</strong></span> 
     </span>
    </p>
   </div>
   <div class='ocr_carea' id='block_1_65' title="bbox 1033 1060 1826 1102">
    <p class='ocr_par' dir='ltr' id='par_1_65' title="bbox 1033 1060 1826 1102">
     <span class='ocr_line' id='line_1_65' title="bbox 1033 1060 1826 1102; baseline -0.009 -9"><span class='ocrx_word' id='word_1_453' title='bbox 1033 1066 1179 1102; x_wconf 87' lang='lat' dir='ltr'><strong>quentibus</strong></span> <span class='ocrx_word' id='word_1_454' title='bbox 1193 1064 1313 1092; x_wconf 84' lang='lat' dir='ltr'><strong>deducit.</strong></span> <span class='ocrx_word' id='word_1_455' title='bbox 1332 1063 1361 1091; x_wconf 94' lang='lat' dir='ltr'><strong>Si</strong></span> <span class='ocrx_word' id='word_1_456' title='bbox 1378 1068 1467 1091; x_wconf 92' lang='lat' dir='ltr'><strong>autem</strong></span> <span class='ocrx_word' id='word_1_457' title='bbox 1485 1067 1512 1090; x_wconf 90' lang='lat' dir='ltr'><strong>et</strong></span> <span class='ocrx_word' id='word_1_458' title='bbox 1529 1069 1624 1097; x_wconf 84' lang='lat' dir='ltr'><strong>azyma</strong></span> <span class='ocrx_word' id='word_1_459' title='bbox 1641 1068 1687 1089; x_wconf 90' lang='lat' dir='ltr'><strong>cor</strong></span> <span class='ocrx_word' id='word_1_460' title='bbox 1702 1060 1826 1088; x_wconf 89' lang='lat' dir='ltr'><strong>hominis</strong></span> 
     </span>
    </p>
   </div>
   <div class='ocr_carea' id='block_1_66' title="bbox 1034 1106 1825 1145">
    <p class='ocr_par' dir='ltr' id='par_1_66' title="bbox 1034 1106 1825 1145">
     <span class='ocr_line' id='line_1_66' title="bbox 1034 1106 1825 1145; baseline -0.01 -4"><span class='ocrx_word' id='word_1_461' title='bbox 1034 1113 1208 1144; x_wconf 88' lang='lat' dir='ltr'><strong>confirmant,</strong></span> <span class='ocrx_word' id='word_1_462' title='bbox 1231 1115 1258 1138; x_wconf 87' lang='lat' dir='ltr'><strong>et</strong></span> <span class='ocrx_word' id='word_1_463' title='bbox 1274 1110 1332 1145; x_wconf 86' lang='lat' dir='ltr'><strong>ipsa</strong></span> <span class='ocrx_word' id='word_1_464' title='bbox 1350 1109 1461 1137; x_wconf 87' lang='lat' dir='ltr'><strong>omnino</strong></span> <span class='ocrx_word' id='word_1_465' title='bbox 1475 1108 1553 1144; x_wconf 87' lang='lat' dir='ltr'><strong>panis</strong></span> <span class='ocrx_word' id='word_1_466' title='bbox 1574 1107 1682 1135; x_wconf 88' lang='lat' dir='ltr'><strong>nomine</strong></span> <span class='ocrx_word' id='word_1_467' title='bbox 1697 1106 1825 1133; x_wconf 83' lang='lat' dir='ltr'><strong>vocanda</strong></span> 
     </span>
    </p>
   </div>
   <div class='ocr_carea' id='block_1_67' title="bbox 1034 1154 1831 1192">
    <p class='ocr_par' dir='ltr' id='par_1_67' title="bbox 1034 1154 1831 1192">
     <span class='ocr_line' id='line_1_67' title="bbox 1034 1154 1831 1192; baseline -0.009 -6"><span class='ocrx_word' id='word_1_468' title='bbox 1034 1163 1115 1192; x_wconf 81' lang='lat' dir='ltr'><strong>sunt;</strong></span> <span class='ocrx_word' id='word_1_469' title='bbox 1144 1163 1172 1185; x_wconf 89' lang='lat' dir='ltr'><strong>et</strong></span> <span class='ocrx_word' id='word_1_470' title='bbox 1195 1156 1349 1191; x_wconf 89' lang='lat' dir='ltr'><strong>Scriptura,</strong></span> <span class='ocrx_word' id='word_1_471' title='bbox 1370 1163 1433 1183; x_wconf 92' lang='lat' dir='ltr'><strong>cum</strong></span> <span class='ocrx_word' id='word_1_472' title='bbox 1454 1155 1488 1182; x_wconf 92' lang='lat' dir='ltr'><strong>de</strong></span> <span class='ocrx_word' id='word_1_473' title='bbox 1504 1154 1571 1190; x_wconf 88' lang='lat' dir='ltr'><strong>ipsis</strong></span> <span class='ocrx_word' id='word_1_474' title='bbox 1585 1154 1715 1189; x_wconf 85' lang='lat' dir='ltr'><strong>loquitur,</strong></span> <span class='ocrx_word' id='word_1_475' title='bbox 1740 1159 1831 1187; x_wconf 79' lang='lat' dir='ltr'><strong>panes</strong></span> 
     </span>
    </p>
   </div>
   <div class='ocr_carea' id='block_1_68' title="bbox 1036 1203 1291 1238">
    <p class='ocr_par' dir='ltr' id='par_1_68' title="bbox 1036 1203 1291 1238">
     <span class='ocr_line' id='line_1_68' title="bbox 1036 1203 1291 1238; baseline -0.004 -7"><span class='ocrx_word' id='word_1_476' title='bbox 1036 1209 1151 1238; x_wconf 83' lang='lat' dir='ltr'><strong>utraque</strong></span> <span class='ocrx_word' id='word_1_477' title='bbox 1163 1203 1291 1237; x_wconf 86' lang='lat' dir='ltr'><strong>appellat.</strong></span> 
     </span>
    </p>
   </div>
   <div class='ocr_carea' id='block_1_69' title="bbox 1070 1246 1828 1284">
    <p class='ocr_par' dir='ltr' id='par_1_69' title="bbox 1070 1246 1828 1284">
     <span class='ocr_line' id='line_1_69' title="bbox 1070 1246 1828 1284; baseline -0.005 -7"><span class='ocrx_word' id='word_1_478' title='bbox 1070 1251 1146 1284; x_wconf 91' lang='lat' dir='ltr'><strong>Quod</strong></span> <span class='ocrx_word' id='word_1_479' title='bbox 1163 1250 1266 1277; x_wconf 78' lang='lat' dir='ltr'><strong>indicat</strong></span> <span class='ocrx_word' id='word_1_480' title='bbox 1284 1251 1380 1278; x_wconf 89' lang='lat' dir='ltr'><strong>beatus</strong></span> <span class='ocrx_word' id='word_1_481' title='bbox 1395 1248 1560 1283; x_wconf 76' lang='lat' dir='ltr'><strong>evangelista</strong></span> <span class='ocrx_word' id='word_1_482' title='bbox 1580 1246 1680 1279; x_wconf 87' lang='lat' dir='ltr'><strong>Lucas,</strong></span> <span class='ocrx_word' id='word_1_483' title='bbox 1697 1247 1742 1282; x_wconf 91' lang='lat' dir='ltr'><strong>qui</strong></span> <span class='ocrx_word' id='word_1_484' title='bbox 1761 1246 1828 1275; x_wconf 88' lang='lat' dir='ltr'><strong>Sal-</strong></span> 
     </span>
    </p>
   </div>
   <div class='ocr_carea' id='block_1_70' title="bbox 1036 1293 1829 1330">
    <p class='ocr_par' dir='ltr' id='par_1_70' title="bbox 1036 1293 1829 1330">
     <span class='ocr_line' id='line_1_70' title="bbox 1036 1293 1829 1330; baseline -0.003 -8"><span class='ocrx_word' id='word_1_485' title='bbox 1036 1296 1139 1323; x_wconf 89' lang='lat' dir='ltr'><strong>vatoris</strong></span> <span class='ocrx_word' id='word_1_486' title='bbox 1151 1301 1214 1330; x_wconf 85' lang='lat' dir='ltr'><strong>post</strong></span> <span class='ocrx_word' id='word_1_487' title='bbox 1228 1296 1457 1323; x_wconf 85' lang='lat' dir='ltr'><strong>resurrectionem</strong></span> <span class='ocrx_word' id='word_1_488' title='bbox 1472 1294 1505 1321; x_wconf 89' lang='lat' dir='ltr'><strong>ad</strong></span> <span class='ocrx_word' id='word_1_489' title='bbox 1518 1293 1619 1320; x_wconf 89' lang='lat' dir='ltr'><strong>Lucam</strong></span> <span class='ocrx_word' id='word_1_490' title='bbox 1634 1298 1662 1320; x_wconf 85' lang='lat' dir='ltr'><strong>et</strong></span> <span class='ocrx_word' id='word_1_491' title='bbox 1675 1293 1829 1328; x_wconf 82' lang='lat' dir='ltr'><strong>Cleopham</strong></span> 
     </span>
    </p>
   </div>
   <div class='ocr_carea' id='block_1_71' title="bbox 1037 1339 1828 1376">
    <p class='ocr_par' dir='ltr' id='par_1_71' title="bbox 1037 1339 1828 1376">
     <span class='ocr_line' id='line_1_71' title="bbox 1037 1339 1828 1376; baseline -0.003 -8"><span class='ocrx_word' id='word_1_492' title='bbox 1037 1341 1065 1368; x_wconf 90' lang='lat' dir='ltr'><strong>in</strong></span> <span class='ocrx_word' id='word_1_493' title='bbox 1086 1341 1212 1368; x_wconf 88' lang='lat' dir='ltr'><strong>Emmaus</strong></span> <span class='ocrx_word' id='word_1_494' title='bbox 1234 1340 1442 1376; x_wconf 87' lang='lat' dir='ltr'><strong>proficiscentes</strong></span> <span class='ocrx_word' id='word_1_495' title='bbox 1466 1339 1629 1367; x_wconf 88' lang='lat' dir='ltr'><strong>locutionem</strong></span> <span class='ocrx_word' id='word_1_496' title='bbox 1648 1346 1828 1374; x_wconf 84' lang='lat' dir='ltr'><strong>prosequens,</strong></span> 
     </span>
    </p>
   </div>
   <div class='ocr_carea' id='block_1_72' title="bbox 1036 1385 1830 1422">
    <p class='ocr_par' dir='ltr' id='par_1_72' title="bbox 1036 1385 1830 1422">
     <span class='ocr_line' id='line_1_72' title="bbox 1036 1385 1830 1422; baseline -0.003 -8"><span class='ocrx_word' id='word_1_497' title='bbox 1036 1392 1099 1422; x_wconf 87' lang='lat' dir='ltr'><strong>post</strong></span> <span class='ocrx_word' id='word_1_498' title='bbox 1126 1387 1248 1421; x_wconf 66' lang='lat' dir='ltr'><strong>qnazdam</strong></span> <span class='ocrx_word' id='word_1_499' title='bbox 1279 1387 1384 1414; x_wconf 85' lang='lat' dir='ltr'><strong>infert:</strong></span> <span class='ocrx_word' id='word_1_500' title='bbox 1401 1385 1452 1413; x_wconf 78' lang='lat' dir='ltr'><strong>Sed</strong></span> <span class='ocrx_word' id='word_1_501' title='bbox 1473 1393 1532 1413; x_wconf 86' lang='lat' dir='ltr'><strong>cum</strong></span> <span class='ocrx_word' id='word_1_502' title='bbox 1552 1386 1592 1412; x_wconf 68' lang='lat' dir='ltr'><strong>his</strong></span> <span class='ocrx_word' id='word_1_503' title='bbox 1606 1385 1726 1413; x_wconf 68' lang='lat' dir='ltr'><strong>amnibus</strong></span> <span class='ocrx_word' id='word_1_504' title='bbox 1752 1385 1830 1412; x_wconf 82' lang='lat' dir='ltr'><strong>hodie</strong></span> 
     </span>
    </p>
   </div>
   <div class='ocr_carea' id='block_1_73' title="bbox 1039 1431 1830 1467">
    <p class='ocr_par' dir='ltr' id='par_1_73' title="bbox 1039 1431 1830 1467">
     <span class='ocr_line' id='line_1_73' title="bbox 1039 1431 1830 1467; baseline -0.003 -8"><span class='ocrx_word' id='word_1_505' title='bbox 1039 1432 1118 1459; x_wconf 82' lang='lat' dir='ltr'><strong>tertia</strong></span> <span class='ocrx_word' id='word_1_506' title='bbox 1135 1432 1191 1459; x_wconf 72' lang='lat' dir='ltr'><strong>dies</strong></span> <span class='ocrx_word' id='word_1_507' title='bbox 1207 1437 1255 1463; x_wconf 78' lang='lat' dir='ltr'><strong>est,</strong></span> <span class='ocrx_word' id='word_1_508' title='bbox 1280 1440 1330 1467; x_wconf 81' lang='lat' dir='ltr'><strong>quo</strong></span> <span class='ocrx_word' id='word_1_509' title='bbox 1347 1433 1405 1464; x_wconf 76' lang='lat' dir='ltr'><strong>ipsa</strong></span> <span class='ocrx_word' id='word_1_510' title='bbox 1421 1432 1493 1466; x_wconf 79' lang='lat' dir='ltr'><strong>facta</strong></span> <span class='ocrx_word' id='word_1_511' title='bbox 1508 1437 1567 1458; x_wconf 71' lang='lat' dir='ltr'><strong>sunt</strong></span> <span class='ocrx_word' id='word_1_512' title='bbox 1587 1431 1628 1463; x_wconf 76' lang='lat'><strong>&quot;,</strong></span> <span class='ocrx_word' id='word_1_513' title='bbox 1650 1431 1682 1458; x_wconf 87' lang='lat' dir='ltr'><strong>de</strong></span> <span class='ocrx_word' id='word_1_514' title='bbox 1704 1431 1830 1465; x_wconf 84' lang='lat' dir='ltr'><strong>passione</strong></span> 
     </span>
    </p>
   </div>
   <div class='ocr_carea' id='block_1_74' title="bbox 1039 1477 1831 1512">
    <p class='ocr_par' dir='ltr' id='par_1_74' title="bbox 1039 1477 1831 1512">
     <span class='ocr_line' id='line_1_74' title="bbox 1039 1477 1831 1512; baseline -0.006 -6"><span class='ocrx_word' id='word_1_515' title='bbox 1039 1478 1140 1506; x_wconf 84' lang='lat' dir='ltr'><strong>scilicet</strong></span> <span class='ocrx_word' id='word_1_516' title='bbox 1150 1478 1273 1512; x_wconf 82' lang='lat' dir='ltr'><strong>loquens.</strong></span> <span class='ocrx_word' id='word_1_517' title='bbox 1282 1478 1317 1505; x_wconf 91' lang='lat' dir='ltr'><strong>De</strong></span> <span class='ocrx_word' id='word_1_518' title='bbox 1332 1477 1383 1504; x_wconf 83' lang='lat' dir='ltr'><strong>hac</strong></span> <span class='ocrx_word' id='word_1_519' title='bbox 1395 1478 1467 1504; x_wconf 90' lang='lat' dir='ltr'><strong>enim</strong></span> <span class='ocrx_word' id='word_1_520' title='bbox 1479 1484 1568 1504; x_wconf 88' lang='lat' dir='ltr'><strong>sermo</strong></span> <span class='ocrx_word' id='word_1_521' title='bbox 1580 1481 1654 1509; x_wconf 84' lang='lat' dir='ltr'><strong>erat;</strong></span> <span class='ocrx_word' id='word_1_522' title='bbox 1668 1479 1831 1510; x_wconf 86' lang='lat' dir='ltr'><strong>constatque</strong></span> 
     </span>
    </p>
   </div>
   <div class='ocr_carea' id='block_1_75' title="bbox 1041 1521 1829 1559">
    <p class='ocr_par' dir='ltr' id='par_1_75' title="bbox 1041 1521 1829 1559">
     <span class='ocr_line' id='line_1_75' title="bbox 1041 1521 1829 1559; baseline -0.004 -9"><span class='ocrx_word' id='word_1_523' title='bbox 1041 1524 1105 1559; x_wconf 88' lang='lat' dir='ltr'><strong>quia</strong></span> <span class='ocrx_word' id='word_1_524' title='bbox 1122 1524 1180 1551; x_wconf 72' lang='lat' dir='ltr'><strong>lucc</strong></span> <span class='ocrx_word' id='word_1_525' title='bbox 1194 1525 1271 1551; x_wconf 88' lang='lat' dir='ltr'><strong>tertia</strong></span> <span class='ocrx_word' id='word_1_526' title='bbox 1287 1523 1358 1551; x_wconf 91' lang='lat' dir='ltr'><strong>inter</strong></span> <span class='ocrx_word' id='word_1_527' title='bbox 1374 1528 1477 1557; x_wconf 85' lang='lat' dir='ltr'><strong>septem</strong></span> <span class='ocrx_word' id='word_1_528' title='bbox 1497 1527 1558 1558; x_wconf 88' lang='lat' dir='ltr'><strong>post</strong></span> <span class='ocrx_word' id='word_1_529' title='bbox 1569 1521 1675 1549; x_wconf 78' lang='lat' dir='ltr'><strong>Pasoha</strong></span> <span class='ocrx_word' id='word_1_530' title='bbox 1694 1522 1750 1549; x_wconf 79' lang='lat' dir='ltr'><strong>dies</strong></span> <span class='ocrx_word' id='word_1_531' title='bbox 1767 1521 1829 1552; x_wconf 89' lang='lat' dir='ltr'><strong>fuit,</strong></span> 
     </span>
    </p>
   </div>
   <div class='ocr_carea' id='block_1_76' title="bbox 1043 1566 1828 1604">
    <p class='ocr_par' dir='ltr' id='par_1_76' title="bbox 1043 1566 1828 1604">
     <span class='ocr_line' id='line_1_76' title="bbox 1043 1566 1828 1604; baseline -0.005 -8"><span class='ocrx_word' id='word_1_532' title='bbox 1043 1569 1069 1596; x_wconf 91' lang='lat' dir='ltr'><strong>in</strong></span> <span class='ocrx_word' id='word_1_533' title='bbox 1083 1569 1182 1604; x_wconf 92' lang='lat' dir='ltr'><strong>quibus</strong></span> <span class='ocrx_word' id='word_1_534' title='bbox 1195 1569 1345 1596; x_wconf 89' lang='lat' dir='ltr'><strong>secundum</strong></span> <span class='ocrx_word' id='word_1_535' title='bbox 1365 1569 1451 1603; x_wconf 83' lang='lat' dir='ltr'><strong>legem</strong></span> <span class='ocrx_word' id='word_1_536' title='bbox 1473 1568 1512 1596; x_wconf 90' lang='lat' dir='ltr'><strong>eis</strong></span> <span class='ocrx_word' id='word_1_537' title='bbox 1526 1568 1701 1596; x_wconf 83' lang='lat' dir='ltr'><strong>interdictum</strong></span> <span class='ocrx_word' id='word_1_538' title='bbox 1716 1571 1774 1594; x_wconf 90' lang='lat' dir='ltr'><strong>erat</strong></span> <span class='ocrx_word' id='word_1_539' title='bbox 1789 1566 1828 1593; x_wconf 85' lang='lat' dir='ltr'><strong>uti</strong></span> 
     </span>
    </p>
   </div>
   <div class='ocr_carea' id='block_1_77' title="bbox 1043 1612 1830 1653">
    <p class='ocr_par' dir='ltr' id='par_1_77' title="bbox 1043 1612 1830 1653">
     <span class='ocr_line' id='line_1_77' title="bbox 1043 1612 1830 1653; baseline -0.004 -12"><span class='ocrx_word' id='word_1_540' title='bbox 1043 1614 1233 1648; x_wconf 82' lang='lat' dir='ltr'><strong>fermentatis,</strong></span> <span class='ocrx_word' id='word_1_541' title='bbox 1258 1615 1300 1642; x_wconf 93' lang='lat' dir='ltr'><strong>vel</strong></span> <span class='ocrx_word' id='word_1_542' title='bbox 1327 1621 1358 1642; x_wconf 87' lang='lat' dir='ltr'><strong>ea</strong></span> <span class='ocrx_word' id='word_1_543' title='bbox 1391 1619 1531 1648; x_wconf 83' lang='lat' dir='ltr'><strong>utcunque</strong></span> <span class='ocrx_word' id='word_1_544' title='bbox 1560 1613 1748 1653; x_wconf 73' lang='lat' dir='ltr'><strong>circumferre.</strong></span> <span class='ocrx_word' id='word_1_545' title='bbox 1779 1612 1830 1639; x_wconf 80' lang='lat' dir='ltr'><strong>At-</strong></span> 
     </span>
    </p>
   </div>
   <div class='ocr_carea' id='block_1_78' title="bbox 1042 1659 1829 1696">
    <p class='ocr_par' dir='ltr' id='par_1_78' title="bbox 1042 1659 1829 1696">
     <span class='ocr_line' id='line_1_78' title="bbox 1042 1659 1829 1696; baseline -0.003 -9"><span class='ocrx_word' id='word_1_546' title='bbox 1042 1668 1095 1695; x_wconf 90' lang='lat' dir='ltr'><strong>que</strong></span> <span class='ocrx_word' id='word_1_547' title='bbox 1124 1660 1180 1688; x_wconf 90' lang='lat' dir='ltr'><strong>illic</strong></span> <span class='ocrx_word' id='word_1_548' title='bbox 1212 1661 1298 1694; x_wconf 85' lang='lat' dir='ltr'><strong>addit,</strong></span> <span class='ocrx_word' id='word_1_549' title='bbox 1321 1660 1384 1696; x_wconf 89' lang='lat' dir='ltr'><strong>quia</strong></span> <span class='ocrx_word' id='word_1_550' title='bbox 1404 1660 1529 1695; x_wconf 76' lang='lat' dir='ltr'><strong>cognitus</strong></span> <span class='ocrx_word' id='word_1_551' title='bbox 1556 1659 1608 1687; x_wconf 91' lang='lat' dir='ltr'><strong>fuit</strong></span> <span class='ocrx_word' id='word_1_552' title='bbox 1640 1659 1668 1686; x_wconf 82' lang='lat' dir='ltr'><strong>in</strong></span> <span class='ocrx_word' id='word_1_553' title='bbox 1700 1659 1829 1693; x_wconf 79' lang='lat' dir='ltr'><strong>fractioue</strong></span> 
     </span>
    </p>
   </div>
   <div class='ocr_carea' id='block_1_79' title="bbox 1043 1707 1131 1742">
    <p class='ocr_par' dir='ltr' id='par_1_79' title="bbox 1043 1707 1131 1742">
     <span class='ocr_line' id='line_1_79' title="bbox 1043 1707 1131 1742; baseline 0.011 -9"><span class='ocrx_word' id='word_1_554' title='bbox 1043 1707 1131 1742; x_wconf 73' lang='lat' dir='ltr'><strong>panis.</strong></span> 
     </span>
    </p>
   </div>
   <div class='ocr_carea' id='block_1_80' title="bbox 1080 1750 1829 1786">
    <p class='ocr_par' dir='ltr' id='par_1_80' title="bbox 1080 1750 1829 1786">
     <span class='ocr_line' id='line_1_80' title="bbox 1080 1750 1829 1786; baseline -0.004 -8"><span class='ocrx_word' id='word_1_555' title='bbox 1080 1751 1108 1778; x_wconf 95' lang='lat' dir='ltr'><strong>In</strong></span> <span class='ocrx_word' id='word_1_556' title='bbox 1133 1751 1190 1786; x_wconf 89' lang='lat' dir='ltr'><strong>ipsa</strong></span> <span class='ocrx_word' id='word_1_557' title='bbox 1207 1758 1316 1786; x_wconf 89' lang='lat' dir='ltr'><strong>qttoque</strong></span> <span class='ocrx_word' id='word_1_558' title='bbox 1330 1751 1502 1786; x_wconf 89' lang='lat' dir='ltr'><strong>apparitione</strong></span> <span class='ocrx_word' id='word_1_559' title='bbox 1521 1750 1638 1781; x_wconf 86' lang='lat' dir='ltr'><strong>Domini,</strong></span> <span class='ocrx_word' id='word_1_560' title='bbox 1654 1757 1704 1784; x_wconf 90' lang='lat' dir='ltr'><strong>qua</strong></span> <span class='ocrx_word' id='word_1_561' title='bbox 1720 1750 1829 1783; x_wconf 78' lang='lat' dir='ltr'><strong>piscan-</strong></span> 
     </span>
    </p>
   </div>
   <div class='ocr_carea' id='block_1_81' title="bbox 1045 1796 1828 1832">
    <p class='ocr_par' dir='ltr' id='par_1_81' title="bbox 1045 1796 1828 1832">
     <span class='ocr_line' id='line_1_81' title="bbox 1045 1796 1828 1832; baseline -0.003 -9"><span class='ocrx_word' id='word_1_562' title='bbox 1045 1796 1116 1824; x_wconf 87' lang='lat' dir='ltr'><strong>tibus</strong></span> <span class='ocrx_word' id='word_1_563' title='bbox 1146 1797 1289 1831; x_wconf 87' lang='lat' dir='ltr'><strong>apparuit,</strong></span> <span class='ocrx_word' id='word_1_564' title='bbox 1318 1797 1449 1832; x_wconf 88' lang='lat' dir='ltr'><strong>scriptum</strong></span> <span class='ocrx_word' id='word_1_565' title='bbox 1482 1802 1526 1824; x_wconf 87' lang='lat' dir='ltr'><strong>est</strong></span> <span class='ocrx_word' id='word_1_566' title='bbox 1550 1805 1557 1824; x_wconf 93' lang='lat'>:</span> <span class='ocrx_word' id='word_1_567' title='bbox 1578 1796 1647 1829; x_wconf 83' lang='lat' dir='ltr'><strong>Quia</strong></span> <span class='ocrx_word' id='word_1_568' title='bbox 1675 1796 1828 1822; x_wconf 80' lang='lat' dir='ltr'><strong>invenerunt</strong></span> 
     </span>
    </p>
   </div>
   <div class='ocr_carea' id='block_1_82' title="bbox 1045 1842 1829 1877">
    <p class='ocr_par' dir='ltr' id='par_1_82' title="bbox 1045 1842 1829 1877">
     <span class='ocr_line' id='line_1_82' title="bbox 1045 1842 1829 1877; baseline -0.004 -8"><span class='ocrx_word' id='word_1_569' title='bbox 1045 1851 1157 1877; x_wconf 84' lang='lat' dir='ltr'><strong>prunam</strong></span> <span class='ocrx_word' id='word_1_570' title='bbox 1177 1842 1307 1877; x_wconf 71' lang='lat' dir='ltr'><strong>positam,</strong></span> <span class='ocrx_word' id='word_1_571' title='bbox 1331 1847 1355 1869; x_wconf 93' lang='lat' dir='ltr'><strong>et</strong></span> <span class='ocrx_word' id='word_1_572' title='bbox 1383 1843 1481 1877; x_wconf 73' lang='lat' dir='ltr'><strong>piscem</strong></span> <span class='ocrx_word' id='word_1_573' title='bbox 1507 1842 1712 1877; x_wconf 78' lang='lat' dir='ltr'><strong>superpositum,</strong></span> <span class='ocrx_word' id='word_1_574' title='bbox 1731 1846 1758 1868; x_wconf 86' lang='lat' dir='ltr'><strong>et</strong></span> <span class='ocrx_word' id='word_1_575' title='bbox 1783 1849 1829 1875; x_wconf 84' lang='lat' dir='ltr'><strong>pa-</strong></span> 
     </span>
    </p>
   </div>
   <div class='ocr_carea' id='block_1_83' title="bbox 1046 1887 1830 1924">
    <p class='ocr_par' dir='ltr' id='par_1_83' title="bbox 1046 1887 1830 1924">
     <span class='ocr_line' id='line_1_83' title="bbox 1046 1887 1830 1924; baseline -0.005 -8"><span class='ocrx_word' id='word_1_576' title='bbox 1046 1897 1104 1917; x_wconf 86' lang='lat' dir='ltr'><strong>nem</strong></span> <span class='ocrx_word' id='word_1_577' title='bbox 1118 1889 1151 1916; x_wconf 71' lang='lat'><strong>“.</strong></span> <span class='ocrx_word' id='word_1_578' title='bbox 1182 1889 1296 1916; x_wconf 88' lang='lat' dir='ltr'><strong>Constat</strong></span> <span class='ocrx_word' id='word_1_579' title='bbox 1324 1896 1388 1922; x_wconf 87' lang='lat' dir='ltr'><strong>ergo</strong></span> <span class='ocrx_word' id='word_1_580' title='bbox 1415 1895 1508 1924; x_wconf 84' lang='lat' dir='ltr'><strong>azyma</strong></span> <span class='ocrx_word' id='word_1_581' title='bbox 1533 1894 1627 1922; x_wconf 88' lang='lat' dir='ltr'><strong>panem</strong></span> <span class='ocrx_word' id='word_1_582' title='bbox 1655 1887 1830 1922; x_wconf 77' lang='lat' dir='ltr'><strong>evangelistas</strong></span> 
     </span>
    </p>
   </div>
   <div class='ocr_carea' id='block_1_84' title="bbox 1047 1931 1831 1969">
    <p class='ocr_par' dir='ltr' id='par_1_84' title="bbox 1047 1931 1831 1969">
     <span class='ocr_line' id='line_1_84' title="bbox 1047 1931 1831 1969; baseline -0.003 -9"><span class='ocrx_word' id='word_1_583' title='bbox 1047 1934 1208 1969; x_wconf 86' lang='lat' dir='ltr'><strong>appellasse,</strong></span> <span class='ocrx_word' id='word_1_584' title='bbox 1234 1941 1323 1968; x_wconf 90' lang='lat' dir='ltr'><strong>neque</strong></span> <span class='ocrx_word' id='word_1_585' title='bbox 1350 1934 1422 1960; x_wconf 91' lang='lat' dir='ltr'><strong>enim</strong></span> <span class='ocrx_word' id='word_1_586' title='bbox 1450 1933 1492 1961; x_wconf 88' lang='lat' dir='ltr'><strong>eis</strong></span> <span class='ocrx_word' id='word_1_587' title='bbox 1520 1933 1620 1960; x_wconf 83' lang='lat' dir='ltr'><strong>licebat</strong></span> <span class='ocrx_word' id='word_1_588' title='bbox 1651 1937 1753 1966; x_wconf 89' lang='lat' dir='ltr'><strong>septem</strong></span> <span class='ocrx_word' id='word_1_589' title='bbox 1783 1931 1831 1958; x_wconf 81' lang='lat' dir='ltr'><strong>illis</strong></span> 
     </span>
    </p>
   </div>
   <div class='ocr_carea' id='block_1_85' title="bbox 1048 1978 1831 2015">
    <p class='ocr_par' dir='ltr' id='par_1_85' title="bbox 1048 1978 1831 2015">
     <span class='ocr_line' id='line_1_85' title="bbox 1048 1978 1831 2015; baseline -0.003 -9"><span class='ocrx_word' id='word_1_590' title='bbox 1048 1980 1142 2007; x_wconf 89' lang='lat' dir='ltr'><strong>diebus</strong></span> <span class='ocrx_word' id='word_1_591' title='bbox 1165 1980 1357 2008; x_wconf 82' lang='lat' dir='ltr'><strong>fermentatum</strong></span> <span class='ocrx_word' id='word_1_592' title='bbox 1383 1987 1479 2015; x_wconf 86' lang='lat' dir='ltr'><strong>panem</strong></span> <span class='ocrx_word' id='word_1_593' title='bbox 1508 1979 1622 2012; x_wconf 85' lang='lat' dir='ltr'><strong>habere,</strong></span> <span class='ocrx_word' id='word_1_594' title='bbox 1648 1979 1690 2006; x_wconf 83' lang='lat' dir='ltr'><strong>vel</strong></span> <span class='ocrx_word' id='word_1_595' title='bbox 1716 1978 1831 2006; x_wconf 82' lang='lat' dir='ltr'><strong>circum-</strong></span> 
     </span>
    </p>
   </div>
   <div class='ocr_carea' id='block_1_86' title="bbox 1049 2025 1130 2053">
    <p class='ocr_par' dir='ltr' id='par_1_86' title="bbox 1049 2025 1130 2053">
     <span class='ocr_line' id='line_1_86' title="bbox 1049 2025 1130 2053; baseline 0 0"><span class='ocrx_word' id='word_1_596' title='bbox 1049 2025 1130 2053; x_wconf 88' lang='lat' dir='ltr'><strong>ferre.</strong></span> 
     </span>
    </p>
   </div>
   <div class='ocr_carea' id='block_1_87' title="bbox 1084 2072 1831 2108">
    <p class='ocr_par' dir='ltr' id='par_1_87' title="bbox 1084 2072 1831 2108">
     <span class='ocr_line' id='line_1_87' title="bbox 1084 2072 1831 2108; baseline -0.001 -8"><span class='ocrx_word' id='word_1_597' title='bbox 1084 2072 1228 2106; x_wconf 71' lang='lat' dir='ltr'><strong>Prazterea,</strong></span> <span class='ocrx_word' id='word_1_598' title='bbox 1255 2073 1416 2101; x_wconf 90' lang='lat' dir='ltr'><strong>fermentum</strong></span> <span class='ocrx_word' id='word_1_599' title='bbox 1462 2080 1512 2108; x_wconf 91' lang='lat' dir='ltr'><strong>pro</strong></span> <span class='ocrx_word' id='word_1_600' title='bbox 1543 2072 1605 2100; x_wconf 89' lang='lat' dir='ltr'><strong>dolo</strong></span> <span class='ocrx_word' id='word_1_601' title='bbox 1629 2076 1656 2099; x_wconf 89' lang='lat' dir='ltr'><strong>et</strong></span> <span class='ocrx_word' id='word_1_602' title='bbox 1683 2072 1781 2099; x_wconf 84' lang='lat' dir='ltr'><strong>malitia</strong></span> <span class='ocrx_word' id='word_1_603' title='bbox 1807 2072 1831 2099; x_wconf 90' lang='lat' dir='ltr'><strong>in</strong></span> 
     </span>
    </p>
   </div>
   <div class='ocr_carea' id='block_1_88' title="bbox 1051 2118 1829 2153">
    <p class='ocr_par' dir='ltr' id='par_1_88' title="bbox 1051 2118 1829 2153">
     <span class='ocr_line' id='line_1_88' title="bbox 1051 2118 1829 2153; baseline -0.001 -7"><span class='ocrx_word' id='word_1_604' title='bbox 1051 2118 1189 2153; x_wconf 85' lang='lat' dir='ltr'><strong>Scriptura</strong></span> <span class='ocrx_word' id='word_1_605' title='bbox 1213 2119 1347 2153; x_wconf 81' lang='lat' dir='ltr'><strong>accipitur</strong></span> <span class='ocrx_word' id='word_1_606' title='bbox 1372 2128 1379 2146; x_wconf 91' lang='lat'>:</span> <span class='ocrx_word' id='word_1_607' title='bbox 1407 2119 1541 2146; x_wconf 82' lang='lat' dir='ltr'><strong>Attendile</strong></span> <span class='ocrx_word' id='word_1_608' title='bbox 1574 2119 1654 2151; x_wconf 87' lang='lat' dir='ltr'><strong>enim,</strong></span> <span class='ocrx_word' id='word_1_609' title='bbox 1682 2119 1778 2152; x_wconf 88' lang='lat' dir='ltr'><strong>inquit,</strong></span> <span class='ocrx_word' id='word_1_610' title='bbox 1814 2127 1829 2145; x_wconf 75' lang='grc' dir='ltr'><strong>ιι</strong></span> 
     </span>
    </p>
   </div>
   <div class='ocr_carea' id='block_1_89' title="bbox 1052 2164 1832 2199">
    <p class='ocr_par' dir='ltr' id='par_1_89' title="bbox 1052 2164 1832 2199">
     <span class='ocr_line' id='line_1_89' title="bbox 1052 2164 1832 2199; baseline -0.001 -8"><span class='ocrx_word' id='word_1_611' title='bbox 1052 2165 1178 2199; x_wconf 78' lang='lat' dir='ltr'><strong>fermento</strong></span> <span class='ocrx_word' id='word_1_612' title='bbox 1207 2164 1451 2192; x_wconf 75' lang='lat' dir='ltr'><strong>Pharisworum&quot;.</strong></span> <span class='ocrx_word' id='word_1_613' title='bbox 1481 2165 1514 2192; x_wconf 84' lang='lat' dir='ltr'><strong>Et</strong></span> <span class='ocrx_word' id='word_1_614' title='bbox 1539 2173 1548 2192; x_wconf 85' lang='lat'><strong><em>:</em></strong></span> <span class='ocrx_word' id='word_1_615' title='bbox 1576 2164 1721 2199; x_wconf 81' lang='lat' dir='ltr'><strong>Epulenmr</strong></span> <span class='ocrx_word' id='word_1_616' title='bbox 1738 2173 1786 2191; x_wconf 84' lang='lat' dir='ltr'><strong>non</strong></span> <span class='ocrx_word' id='word_1_617' title='bbox 1807 2165 1832 2191; x_wconf 86' lang='lat' dir='ltr'><strong>in</strong></span> 
     </span>
    </p>
   </div>
   <div class='ocr_carea' id='block_1_90' title="bbox 212 2205 1832 2259">
    <p class='ocr_par' dir='ltr' id='par_1_90' title="bbox 212 2205 1832 2259">
     <span class='ocr_line' id='line_1_90' title="bbox 212 2205 1832 2259; baseline 0.003 -28"><span class='ocrx_word' id='word_1_618' title='bbox 212 2205 324 2237; x_wconf 85' lang='lat' dir='ltr'><strong>dinem,</strong></span> <span class='ocrx_word' id='word_1_619' title='bbox 358 2206 473 2240; x_wconf 73' lang='lat' dir='ltr'><strong>primani</strong></span> <span class='ocrx_word' id='word_1_620' title='bbox 509 2205 670 2240; x_wconf 75' lang='lat' dir='ltr'><strong>Azymorum</strong></span> <span class='ocrx_word' id='word_1_621' title='bbox 713 2207 877 2241; x_wconf 86' lang='lat' dir='ltr'><strong>appellavit,</strong></span> <span class='ocrx_word' id='word_1_622' title='bbox 917 2211 1180 2259; x_wconf 81' lang='lat' dir='ltr'><strong>quameermento</strong></span> <span class='ocrx_word' id='word_1_623' title='bbox 1209 2211 1298 2242; x_wconf 82' lang='lat' dir='ltr'><strong>veleri,</strong></span> <span class='ocrx_word' id='word_1_624' title='bbox 1328 2219 1410 2246; x_wconf 85' lang='lat' dir='ltr'><strong>neque</strong></span> <span class='ocrx_word' id='word_1_625' title='bbox 1443 2211 1470 2238; x_wconf 83' lang='lat' dir='ltr'><strong>in</strong></span> <span class='ocrx_word' id='word_1_626' title='bbox 1506 2210 1636 2245; x_wconf 80' lang='lat' dir='ltr'><strong>fermento</strong></span> <span class='ocrx_word' id='word_1_627' title='bbox 1669 2210 1779 2237; x_wconf 75' lang='lat' dir='ltr'><strong>malitiw</strong></span> <span class='ocrx_word' id='word_1_628' title='bbox 1810 2215 1832 2237; x_wconf 86' lang='lat' dir='ltr'><strong>et</strong></span> 
     </span>
    </p>
   </div>
   <div class='ocr_carea' id='block_1_91' title="bbox 212 2251 1000 2288">
    <p class='ocr_par' dir='ltr' id='par_1_91' title="bbox 212 2251 1000 2288">
     <span class='ocr_line' id='line_1_91' title="bbox 212 2251 1000 2288; baseline 0.005 -10"><span class='ocrx_word' id='word_1_629' title='bbox 212 2251 424 2287; x_wconf 87' lang='lat' dir='ltr'><strong>Chrysostomus</strong></span> <span class='ocrx_word' id='word_1_630' title='bbox 456 2257 519 2280; x_wconf 86' lang='lat' dir='ltr'><strong>ante</strong></span> <span class='ocrx_word' id='word_1_631' title='bbox 546 2253 647 2287; x_wconf 80' lang='lat' dir='ltr'><strong>Azyma</strong></span> <span class='ocrx_word' id='word_1_632' title='bbox 674 2253 752 2286; x_wconf 87' lang='lat' dir='ltr'><strong>dixit,</strong></span> <span class='ocrx_word' id='word_1_633' title='bbox 781 2262 922 2288; x_wconf 88' lang='lat' dir='ltr'><strong>vesperam</strong></span> <span class='ocrx_word' id='word_1_634' title='bbox 958 2255 1000 2283; x_wconf 90' lang='lat' dir='ltr'><strong>in-</strong></span> 
     </span>
    </p>
   </div>
   <div class='ocr_carea' id='block_1_92' title="bbox 213 2297 1003 2337">
    <p class='ocr_par' dir='ltr' id='par_1_92' title="bbox 213 2297 1003 2337">
     <span class='ocr_line' id='line_1_92' title="bbox 213 2297 1003 2337; baseline 0.006 -13"><span class='ocrx_word' id='word_1_635' title='bbox 213 2298 324 2325; x_wconf 87' lang='lat' dir='ltr'><strong>sinuare</strong></span> <span class='ocrx_word' id='word_1_636' title='bbox 355 2297 466 2330; x_wconf 88' lang='lat' dir='ltr'><strong>volens,</strong></span> <span class='ocrx_word' id='word_1_637' title='bbox 500 2299 526 2326; x_wconf 92' lang='lat' dir='ltr'><strong>in</strong></span> <span class='ocrx_word' id='word_1_638' title='bbox 560 2306 615 2333; x_wconf 90' lang='lat' dir='ltr'><strong>qua</strong></span> <span class='ocrx_word' id='word_1_639' title='bbox 648 2298 778 2327; x_wconf 87' lang='lat' dir='ltr'><strong>Dominus</strong></span> <span class='ocrx_word' id='word_1_640' title='bbox 811 2301 898 2335; x_wconf 84' lang='lat' dir='ltr'><strong>prima</strong></span> <span class='ocrx_word' id='word_1_641' title='bbox 931 2301 1003 2337; x_wconf 69' lang='grc' dir='ltr'><strong>Δη-</strong></span> 
     </span>
    </p>
   </div>
   <div class='ocr_carea' id='block_1_93' title="bbox 215 2344 1004 2379">
    <p class='ocr_par' dir='ltr' id='par_1_93' title="bbox 215 2344 1004 2379">
     <span class='ocr_line' id='line_1_93' title="bbox 215 2344 1004 2379; baseline 0.005 -9"><span class='ocrx_word' id='word_1_642' title='bbox 215 2351 320 2371; x_wconf 85' lang='lat' dir='ltr'><strong>morum</strong></span> <span class='ocrx_word' id='word_1_643' title='bbox 338 2344 496 2378; x_wconf 85' lang='lat' dir='ltr'><strong>inchoante,</strong></span> <span class='ocrx_word' id='word_1_644' title='bbox 519 2352 581 2372; x_wconf 91' lang='lat' dir='ltr'><strong>cum</strong></span> <span class='ocrx_word' id='word_1_645' title='bbox 598 2344 739 2379; x_wconf 87' lang='lat' dir='ltr'><strong>discipulis</strong></span> <span class='ocrx_word' id='word_1_646' title='bbox 764 2345 868 2373; x_wconf 87' lang='lat' dir='ltr'><strong>Pascha</strong></span> <span class='ocrx_word' id='word_1_647' title='bbox 888 2347 1004 2374; x_wconf 84' lang='lat' dir='ltr'><strong>mandu-</strong></span> 
     </span>
    </p>
   </div>
   <div class='ocr_carea' id='block_1_94' title="bbox 216 2390 299 2418">
    <p class='ocr_par' dir='ltr' id='par_1_94' title="bbox 216 2390 299 2418">
     <span class='ocr_line' id='line_1_94' title="bbox 216 2390 299 2418; baseline 0 -1"><span class='ocrx_word' id='word_1_648' title='bbox 216 2390 299 2418; x_wconf 78' lang='lat' dir='ltr'><strong>cavit.</strong></span> 
     </span>
    </p>
   </div>
   <div class='ocr_carea' id='block_1_95' title="bbox 251 2436 1004 2472">
    <p class='ocr_par' dir='ltr' id='par_1_95' title="bbox 251 2436 1004 2472">
     <span class='ocr_line' id='line_1_95' title="bbox 251 2436 1004 2472; baseline 0.003 -9"><span class='ocrx_word' id='word_1_649' title='bbox 251 2436 328 2469; x_wconf 87' lang='lat' dir='ltr'><strong>Quod</strong></span> <span class='ocrx_word' id='word_1_650' title='bbox 348 2437 370 2464; x_wconf 88' lang='lat' dir='ltr'><strong>si</strong></span> <span class='ocrx_word' id='word_1_651' title='bbox 390 2437 490 2464; x_wconf 89' lang='lat' dir='ltr'><strong>dictum</strong></span> <span class='ocrx_word' id='word_1_652' title='bbox 507 2441 572 2465; x_wconf 88' lang='lat' dir='ltr'><strong>est:</strong></span> <span class='ocrx_word' id='word_1_653' title='bbox 589 2436 623 2465; x_wconf 86' lang='lat' dir='ltr'><strong>Et</strong></span> <span class='ocrx_word' id='word_1_654' title='bbox 641 2437 691 2472; x_wconf 73' lang='lat' dir='ltr'><strong>ipsi</strong></span> <span class='ocrx_word' id='word_1_655' title='bbox 718 2446 769 2465; x_wconf 86' lang='lat' dir='ltr'><strong>mm</strong></span> <span class='ocrx_word' id='word_1_656' title='bbox 794 2439 950 2466; x_wconf 79' lang='lat' dir='ltr'><strong>introierunt</strong></span> <span class='ocrx_word' id='word_1_657' title='bbox 976 2439 1004 2466; x_wconf 86' lang='lat' dir='ltr'><strong>in</strong></span> 
     </span>
    </p>
   </div>
   <div class='ocr_carea' id='block_1_96' title="bbox 217 2482 1005 2516">
    <p class='ocr_par' dir='ltr' id='par_1_96' title="bbox 217 2482 1005 2516">
     <span class='ocr_line' id='line_1_96' title="bbox 217 2482 1005 2516; baseline 0.004 -8"><span class='ocrx_word' id='word_1_658' title='bbox 217 2482 382 2516; x_wconf 75' lang='lat' dir='ltr'><strong>prretorium,</strong></span> <span class='ocrx_word' id='word_1_659' title='bbox 397 2487 424 2509; x_wconf 85' lang='lat' dir='ltr'><strong>ut</strong></span> <span class='ocrx_word' id='word_1_660' title='bbox 448 2491 499 2510; x_wconf 81' lang='lat' dir='ltr'><strong>non</strong></span> <span class='ocrx_word' id='word_1_661' title='bbox 514 2484 769 2514; x_wconf 75' lang='lat' dir='ltr'><strong>contaminarentur.</strong></span> <span class='ocrx_word' id='word_1_662' title='bbox 787 2485 831 2511; x_wconf 78' lang='lat' dir='ltr'><strong>sed</strong></span> <span class='ocrx_word' id='word_1_663' title='bbox 850 2489 877 2511; x_wconf 85' lang='lat' dir='ltr'><strong>ut</strong></span> <span class='ocrx_word' id='word_1_664' title='bbox 890 2484 1005 2512; x_wconf 85' lang='lat' dir='ltr'><strong>mandu-</strong></span> 
     </span>
    </p>
   </div>
   <div class='ocr_carea' id='block_1_97' title="bbox 218 2526 1006 2564">
    <p class='ocr_par' dir='ltr' id='par_1_97' title="bbox 218 2526 1006 2564">
     <span class='ocr_line' id='line_1_97' title="bbox 218 2526 1006 2564; baseline 0.005 -11"><span class='ocrx_word' id='word_1_665' title='bbox 218 2535 309 2554; x_wconf 83' lang='lat' dir='ltr'><strong>carent</strong></span> <span class='ocrx_word' id='word_1_666' title='bbox 323 2526 426 2555; x_wconf 65' lang='lat' dir='ltr'><strong>Pascha</strong></span> <span class='ocrx_word' id='word_1_667' title='bbox 439 2529 474 2561; x_wconf 82' lang='lat'><strong>“,</strong></span> <span class='ocrx_word' id='word_1_668' title='bbox 497 2536 550 2556; x_wconf 91' lang='lat' dir='ltr'><strong>non</strong></span> <span class='ocrx_word' id='word_1_669' title='bbox 569 2529 629 2556; x_wconf 89' lang='lat' dir='ltr'><strong>ideo</strong></span> <span class='ocrx_word' id='word_1_670' title='bbox 641 2530 788 2564; x_wconf 88' lang='lat' dir='ltr'><strong>putandum</strong></span> <span class='ocrx_word' id='word_1_671' title='bbox 815 2536 868 2562; x_wconf 85' lang='lat' dir='ltr'><strong>est,</strong></span> <span class='ocrx_word' id='word_1_672' title='bbox 888 2531 1006 2557; x_wconf 90' lang='lat' dir='ltr'><strong>nondum</strong></span> 
     </span>
    </p>
   </div>
   <div class='ocr_carea' id='block_1_98' title="bbox 219 2573 1006 2609">
    <p class='ocr_par' dir='ltr' id='par_1_98' title="bbox 219 2573 1006 2609">
     <span class='ocr_line' id='line_1_98' title="bbox 219 2573 1006 2609; baseline 0.004 -10"><span class='ocrx_word' id='word_1_673' title='bbox 219 2573 360 2600; x_wconf 87' lang='lat' dir='ltr'><strong>advenisse</strong></span> <span class='ocrx_word' id='word_1_674' title='bbox 386 2573 511 2606; x_wconf 83' lang='lat' dir='ltr'><strong>Pascha;</strong></span> <span class='ocrx_word' id='word_1_675' title='bbox 538 2575 584 2601; x_wconf 88' lang='lat' dir='ltr'><strong>sed</strong></span> <span class='ocrx_word' id='word_1_676' title='bbox 601 2575 663 2609; x_wconf 88' lang='lat' dir='ltr'><strong>quia</strong></span> <span class='ocrx_word' id='word_1_677' title='bbox 688 2573 790 2602; x_wconf 69' lang='lat' dir='ltr'><strong>Iudaeis</strong></span> <span class='ocrx_word' id='word_1_678' title='bbox 807 2575 911 2602; x_wconf 84' lang='lat' dir='ltr'><strong>licitum</strong></span> <span class='ocrx_word' id='word_1_679' title='bbox 935 2581 1006 2608; x_wconf 89' lang='lat' dir='ltr'><strong>erat,</strong></span> 
     </span>
    </p>
   </div>
   <div class='ocr_carea' id='block_1_99' title="bbox 220 2619 1003 2654">
    <p class='ocr_par' dir='ltr' id='par_1_99' title="bbox 220 2619 1003 2654">
     <span class='ocr_line' id='line_1_99' title="bbox 220 2619 1003 2654; baseline 0.004 -8"><span class='ocrx_word' id='word_1_680' title='bbox 220 2619 307 2652; x_wconf 89' lang='lat' dir='ltr'><strong>ipsum</strong></span> <span class='ocrx_word' id='word_1_681' title='bbox 335 2619 361 2646; x_wconf 92' lang='lat' dir='ltr'><strong>in</strong></span> <span class='ocrx_word' id='word_1_682' title='bbox 385 2619 548 2654; x_wconf 85' lang='lat' dir='ltr'><strong>quibusdam</strong></span> <span class='ocrx_word' id='word_1_683' title='bbox 566 2621 675 2648; x_wconf 84' lang='lat' dir='ltr'><strong>casibus</strong></span> <span class='ocrx_word' id='word_1_684' title='bbox 692 2620 811 2648; x_wconf 70' lang='lat' dir='ltr'><strong>differre.</strong></span> <span class='ocrx_word' id='word_1_685' title='bbox 838 2620 916 2649; x_wconf 89' lang='lat' dir='ltr'><strong>Sicut</strong></span> <span class='ocrx_word' id='word_1_686' title='bbox 930 2622 1003 2649; x_wconf 91' lang='lat' dir='ltr'><strong>enim</strong></span> 
     </span>
    </p>
   </div>
   <div class='ocr_carea' id='block_1_100' title="bbox 257 2708 839 2744">
    <p class='ocr_par' dir='ltr' id='par_1_100' title="bbox 257 2708 839 2744">
     <span class='ocr_line' id='line_1_100' title="bbox 257 2708 839 2744; baseline 0.009 -9"><span class='ocrx_word' id='word_1_687' title='bbox 257 2708 279 2744; x_wconf 58' lang='grc' dir='ltr'><strong>ξ’</strong></span> <span class='ocrx_word' id='word_1_688' title='bbox 295 2708 388 2737; x_wconf 80' lang='lat' dir='ltr'><strong>Matth.</strong></span> <span class='ocrx_word' id='word_1_689' title='bbox 408 2717 435 2741; x_wconf 91' lang='lat' dir='ltr'><strong>v,</strong></span> <span class='ocrx_word' id='word_1_690' title='bbox 464 2709 509 2738; x_wconf 79' lang='grc'><strong>17.</strong></span> <span class='ocrx_word' id='word_1_691' title='bbox 564 2711 586 2728; x_wconf 86' lang='grc'><strong>⁸⁸</strong></span> <span class='ocrx_word' id='word_1_692' title='bbox 609 2711 704 2738; x_wconf 82' lang='lat' dir='ltr'><strong>Matth.</strong></span> <span class='ocrx_word' id='word_1_693' title='bbox 736 2719 774 2744; x_wconf 84' lang='grc' dir='ltr'><strong>ιιι,</strong></span> <span class='ocrx_word' id='word_1_694' title='bbox 796 2712 839 2740; x_wconf 80' lang='grc'><strong>15.</strong></span> 
     </span>
    </p>
   </div>
   <div class='ocr_carea' id='block_1_101' title="bbox 891 2711 1186 2742">
    <p class='ocr_par' dir='ltr' id='par_1_101' title="bbox 891 2711 1186 2742">
     <span class='ocr_line' id='line_1_101' title="bbox 891 2711 1186 2742; baseline -0.003 -2"><span class='ocrx_word' id='word_1_695' title='bbox 891 2713 914 2729; x_wconf 85' lang='grc'><strong>¹⁹</strong></span> <span class='ocrx_word' id='word_1_696' title='bbox 938 2712 1032 2740; x_wconf 84' lang='lat' dir='ltr'><strong>Matth.</strong></span> <span class='ocrx_word' id='word_1_697' title='bbox 1048 2719 1123 2742; x_wconf 75' lang='lat' dir='ltr'><strong>xxvr.</strong></span> <span class='ocrx_word' id='word_1_698' title='bbox 1140 2711 1186 2739; x_wconf 89' lang='lat'><strong>60.</strong></span> 
     </span>
    </p>
   </div>
   <div class='ocr_carea' id='block_1_102' title="bbox 220 2743 1583 2794">
    <p class='ocr_par' dir='ltr' id='par_1_102' title="bbox 220 2743 1583 2794">
     <span class='ocr_line' id='line_1_102' title="bbox 220 2743 1583 2794; baseline 0.004 -24"><span class='ocrx_word' id='word_1_699' title='bbox 220 2743 243 2760; x_wconf 71' lang='grc' dir='ltr'><strong>ι’</strong></span> <span class='ocrx_word' id='word_1_700' title='bbox 259 2743 335 2771; x_wconf 79' lang='lat' dir='ltr'><strong>loan.</strong></span> <span class='ocrx_word' id='word_1_701' title='bbox 353 2753 427 2779; x_wconf 79' lang='lat' dir='ltr'><strong>xvtn,</strong></span> <span class='ocrx_word' id='word_1_702' title='bbox 443 2745 488 2773; x_wconf 66' lang='lat'><strong>28.</strong></span> <span class='ocrx_word' id='word_1_703' title='bbox 504 2747 603 2774; x_wconf 73' lang='lat' dir='ltr'><strong>“Luc.</strong></span> <span class='ocrx_word' id='word_1_704' title='bbox 619 2755 692 2781; x_wconf 83' lang='lat' dir='ltr'><strong>xxiv,</strong></span> <span class='ocrx_word' id='word_1_705' title='bbox 707 2747 752 2794; x_wconf 71' lang='lat' dir='ltr'><strong>2i.</strong></span> <span class='ocrx_word' id='word_1_706' title='bbox 791 2747 904 2776; x_wconf 71' lang='lat' dir='ltr'><strong>&quot;Joan.</strong></span> <span class='ocrx_word' id='word_1_707' title='bbox 922 2756 978 2782; x_wconf 76' lang='lat' dir='ltr'><strong>xu,</strong></span> <span class='ocrx_word' id='word_1_708' title='bbox 997 2747 1024 2776; x_wconf 90' lang='lat'><strong>9.</strong></span> <span class='ocrx_word' id='word_1_709' title='bbox 1061 2749 1084 2765; x_wconf 77' lang='grc'>⁸⁵</span> <span class='ocrx_word' id='word_1_710' title='bbox 1101 2747 1200 2776; x_wconf 82' lang='lat' dir='ltr'><strong>Matth.</strong></span> <span class='ocrx_word' id='word_1_711' title='bbox 1222 2755 1277 2781; x_wconf 79' lang='lat' dir='ltr'><strong>xvr,</strong></span> <span class='ocrx_word' id='word_1_712' title='bbox 1296 2748 1322 2775; x_wconf 85' lang='lat'><strong>6.</strong></span> <span class='ocrx_word' id='word_1_713' title='bbox 1361 2747 1404 2774; x_wconf 70' lang='lat' dir='ltr'><strong>“‘l</strong></span> <span class='ocrx_word' id='word_1_714' title='bbox 1421 2748 1486 2775; x_wconf 68' lang='lat' dir='ltr'><strong>(lor.</strong></span> <span class='ocrx_word' id='word_1_715' title='bbox 1511 2755 1536 2781; x_wconf 79' lang='grc' dir='ltr'><strong>ν,</strong></span> <span class='ocrx_word' id='word_1_716' title='bbox 1556 2747 1583 2775; x_wconf 87' lang='lat'><strong>8.</strong></span> 
     </span>
    </p>
   </div>
   <div class='ocr_carea' id='block_1_103' title="bbox 1052 2254 1830 2290">
    <p class='ocr_par' dir='ltr' id='par_1_103' title="bbox 1052 2254 1830 2290">
     <span class='ocr_line' id='line_1_103' title="bbox 1052 2254 1830 2290; baseline -0.003 -8"><span class='ocrx_word' id='word_1_717' title='bbox 1052 2256 1185 2290; x_wconf 67' lang='lat' dir='ltr'><strong>nequitiae.</strong></span> <span class='ocrx_word' id='word_1_718' title='bbox 1201 2256 1246 2283; x_wconf 81' lang='lat' dir='ltr'><strong>sed</strong></span> <span class='ocrx_word' id='word_1_719' title='bbox 1273 2256 1300 2282; x_wconf 83' lang='lat' dir='ltr'><strong>in</strong></span> <span class='ocrx_word' id='word_1_720' title='bbox 1318 2256 1420 2290; x_wconf 79' lang='lat' dir='ltr'><strong>azymis</strong></span> <span class='ocrx_word' id='word_1_721' title='bbox 1436 2255 1600 2283; x_wconf 73' lang='lat' dir='ltr'><strong>sinceritatis</strong></span> <span class='ocrx_word' id='word_1_722' title='bbox 1617 2259 1642 2282; x_wconf 85' lang='lat' dir='ltr'><strong>et</strong></span> <span class='ocrx_word' id='word_1_723' title='bbox 1668 2255 1783 2282; x_wconf 83' lang='lat' dir='ltr'><strong>veritatis</strong></span> <span class='ocrx_word' id='word_1_724' title='bbox 1794 2254 1830 2286; x_wconf 50' lang='lat' dir='ltr'><strong>t‘;</strong></span> 
     </span>
    </p>
   </div>
   <div class='ocr_carea' id='block_1_104' title="bbox 1051 2300 1832 2337">
    <p class='ocr_par' dir='ltr' id='par_1_104' title="bbox 1051 2300 1832 2337">
     <span class='ocr_line' id='line_1_104' title="bbox 1051 2300 1832 2337; baseline -0.004 -8"><span class='ocrx_word' id='word_1_725' title='bbox 1051 2304 1115 2337; x_wconf 89' lang='lat' dir='ltr'><strong>quia</strong></span> <span class='ocrx_word' id='word_1_726' title='bbox 1143 2302 1225 2330; x_wconf 87' lang='lat' dir='ltr'><strong>etiam</strong></span> <span class='ocrx_word' id='word_1_727' title='bbox 1255 2308 1393 2337; x_wconf 89' lang='lat' dir='ltr'><strong>sumptum</strong></span> <span class='ocrx_word' id='word_1_728' title='bbox 1426 2310 1459 2330; x_wconf 82' lang='lat' dir='ltr'><strong>ex</strong></span> <span class='ocrx_word' id='word_1_729' title='bbox 1488 2309 1567 2329; x_wconf 89' lang='lat' dir='ltr'><strong>sacra</strong></span> <span class='ocrx_word' id='word_1_730' title='bbox 1593 2301 1707 2336; x_wconf 78' lang='lat' dir='ltr'><strong>Virgine</strong></span> <span class='ocrx_word' id='word_1_731' title='bbox 1734 2300 1832 2327; x_wconf 90' lang='lat' dir='ltr'><strong>Domini</strong></span> 
     </span>
    </p>
   </div>
   <div class='ocr_carea' id='block_1_105' title="bbox 1052 2347 1830 2383">
    <p class='ocr_par' dir='ltr' id='par_1_105' title="bbox 1052 2347 1830 2383">
     <span class='ocr_line' id='line_1_105' title="bbox 1052 2347 1830 2383; baseline -0.005 -8"><span class='ocrx_word' id='word_1_732' title='bbox 1052 2355 1153 2383; x_wconf 90' lang='lat' dir='ltr'><strong>corpus</strong></span> <span class='ocrx_word' id='word_1_733' title='bbox 1177 2349 1210 2375; x_wconf 87' lang='lat' dir='ltr'><strong>ab</strong></span> <span class='ocrx_word' id='word_1_734' title='bbox 1232 2347 1305 2375; x_wconf 90' lang='lat' dir='ltr'><strong>omni</strong></span> <span class='ocrx_word' id='word_1_735' title='bbox 1331 2348 1436 2382; x_wconf 87' lang='lat' dir='ltr'><strong>peccati</strong></span> <span class='ocrx_word' id='word_1_736' title='bbox 1455 2348 1517 2375; x_wconf 83' lang='lat' dir='ltr'><strong>labe</strong></span> <span class='ocrx_word' id='word_1_737' title='bbox 1533 2347 1682 2380; x_wconf 89' lang='lat' dir='ltr'><strong>sincerum,</strong></span> <span class='ocrx_word' id='word_1_738' title='bbox 1698 2347 1830 2377; x_wconf 83' lang='lat' dir='ltr'><strong>intactum,</strong></span> 
     </span>
    </p>
   </div>
   <div class='ocr_carea' id='block_1_106' title="bbox 1053 2393 1831 2428">
    <p class='ocr_par' dir='ltr' id='par_1_106' title="bbox 1053 2393 1831 2428">
     <span class='ocr_line' id='line_1_106' title="bbox 1053 2393 1831 2428; baseline -0.006 -6"><span class='ocrx_word' id='word_1_739' title='bbox 1053 2394 1222 2422; x_wconf 88' lang='lat' dir='ltr'><strong>inaccessum</strong></span> <span class='ocrx_word' id='word_1_740' title='bbox 1258 2393 1318 2427; x_wconf 90' lang='lat' dir='ltr'><strong>fuit,</strong></span> <span class='ocrx_word' id='word_1_741' title='bbox 1351 2394 1454 2421; x_wconf 87' lang='lat' dir='ltr'><strong>idcirco</strong></span> <span class='ocrx_word' id='word_1_742' title='bbox 1484 2393 1564 2428; x_wconf 88' lang='lat' dir='ltr'><strong>panis</strong></span> <span class='ocrx_word' id='word_1_743' title='bbox 1592 2400 1700 2428; x_wconf 86' lang='lat' dir='ltr'><strong>quoque</strong></span> <span class='ocrx_word' id='word_1_744' title='bbox 1728 2399 1831 2427; x_wconf 88' lang='lat' dir='ltr'><strong>azymus</strong></span> 
     </span>
    </p>
   </div>
   <div class='ocr_carea' id='block_1_107' title="bbox 1055 2437 1830 2475">
    <p class='ocr_par' dir='ltr' id='par_1_107' title="bbox 1055 2437 1830 2475">
     <span class='ocr_line' id='line_1_107' title="bbox 1055 2437 1830 2475; baseline -0.006 -7"><span class='ocrx_word' id='word_1_745' title='bbox 1055 2441 1188 2468; x_wconf 87' lang='lat' dir='ltr'><strong>sincerior</strong></span> <span class='ocrx_word' id='word_1_746' title='bbox 1200 2448 1232 2468; x_wconf 90' lang='lat' dir='ltr'><strong>ac</strong></span> <span class='ocrx_word' id='word_1_747' title='bbox 1251 2440 1399 2475; x_wconf 86' lang='lat' dir='ltr'><strong>simplicior</strong></span> <span class='ocrx_word' id='word_1_748' title='bbox 1415 2447 1475 2467; x_wconf 89' lang='lat' dir='ltr'><strong>cmn</strong></span> <span class='ocrx_word' id='word_1_749' title='bbox 1490 2440 1537 2472; x_wconf 89' lang='lat' dir='ltr'><strong>sit,</strong></span> <span class='ocrx_word' id='word_1_750' title='bbox 1560 2439 1659 2466; x_wconf 91' lang='lat' dir='ltr'><strong>merito</strong></span> <span class='ocrx_word' id='word_1_751' title='bbox 1674 2438 1699 2465; x_wconf 91' lang='lat' dir='ltr'><strong>in</strong></span> <span class='ocrx_word' id='word_1_752' title='bbox 1715 2437 1830 2464; x_wconf 78' lang='lat' dir='ltr'><strong>sacrificii</strong></span> 
     </span>
    </p>
   </div>
   <div class='ocr_carea' id='block_1_108' title="bbox 1056 2482 1831 2520">
    <p class='ocr_par' dir='ltr' id='par_1_108' title="bbox 1056 2482 1831 2520">
     <span class='ocr_line' id='line_1_108' title="bbox 1056 2482 1831 2520; baseline -0.006 -7"><span class='ocrx_word' id='word_1_753' title='bbox 1056 2485 1192 2513; x_wconf 82' lang='lat' dir='ltr'><strong>oblatione</strong></span> <span class='ocrx_word' id='word_1_754' title='bbox 1211 2491 1367 2520; x_wconf 87' lang='lat' dir='ltr'><strong>assumptus</strong></span> <span class='ocrx_word' id='word_1_755' title='bbox 1384 2485 1434 2513; x_wconf 93' lang='lat' dir='ltr'><strong>dici</strong></span> <span class='ocrx_word' id='word_1_756' title='bbox 1452 2490 1551 2519; x_wconf 89' lang='lat' dir='ltr'><strong>potest,</strong></span> <span class='ocrx_word' id='word_1_757' title='bbox 1573 2484 1598 2511; x_wconf 94' lang='lat' dir='ltr'><strong>in</strong></span> <span class='ocrx_word' id='word_1_758' title='bbox 1613 2491 1678 2519; x_wconf 85' lang='lat' dir='ltr'><strong>qua,</strong></span> <span class='ocrx_word' id='word_1_759' title='bbox 1690 2482 1831 2516; x_wconf 85' lang='lat' dir='ltr'><strong>subjectum</strong></span> 
     </span>
    </p>
   </div>
   <div class='ocr_carea' id='block_1_109' title="bbox 1056 2528 1829 2564">
    <p class='ocr_par' dir='ltr' id='par_1_109' title="bbox 1056 2528 1829 2564">
     <span class='ocr_line' id='line_1_109' title="bbox 1056 2528 1829 2564; baseline -0.005 -6"><span class='ocrx_word' id='word_1_760' title='bbox 1056 2531 1121 2559; x_wconf 90' lang='lat' dir='ltr'><strong>illud</strong></span> <span class='ocrx_word' id='word_1_761' title='bbox 1147 2532 1172 2559; x_wconf 94' lang='lat' dir='ltr'><strong>iu</strong></span> <span class='ocrx_word' id='word_1_762' title='bbox 1210 2531 1380 2558; x_wconf 89' lang='lat' dir='ltr'><strong>Domiuioum</strong></span> <span class='ocrx_word' id='word_1_763' title='bbox 1414 2535 1534 2558; x_wconf 90' lang='lat' dir='ltr'><strong>mutatur</strong></span> <span class='ocrx_word' id='word_1_764' title='bbox 1567 2537 1678 2564; x_wconf 84' lang='lat' dir='ltr'><strong>corpus.</strong></span> <span class='ocrx_word' id='word_1_765' title='bbox 1708 2529 1736 2556; x_wconf 86' lang='lat' dir='ltr'><strong>ld</strong></span> <span class='ocrx_word' id='word_1_766' title='bbox 1768 2528 1829 2556; x_wconf 87' lang='lat' dir='ltr'><strong>enim</strong></span> 
     </span>
    </p>
   </div>
   <div class='ocr_carea' id='block_1_110' title="bbox 1058 2576 1830 2612">
    <p class='ocr_par' dir='ltr' id='par_1_110' title="bbox 1058 2576 1830 2612">
     <span class='ocr_line' id='line_1_110' title="bbox 1058 2576 1830 2612; baseline -0.004 -8"><span class='ocrx_word' id='word_1_767' title='bbox 1058 2576 1166 2611; x_wconf 90' lang='lat' dir='ltr'><strong>plenum</strong></span> <span class='ocrx_word' id='word_1_768' title='bbox 1193 2577 1306 2604; x_wconf 84' lang='lat' dir='ltr'><strong>rati0nis</strong></span> <span class='ocrx_word' id='word_1_769' title='bbox 1330 2581 1391 2610; x_wconf 89' lang='lat' dir='ltr'><strong>est,</strong></span> <span class='ocrx_word' id='word_1_770' title='bbox 1424 2581 1454 2603; x_wconf 90' lang='lat' dir='ltr'><strong>ut</strong></span> <span class='ocrx_word' id='word_1_771' title='bbox 1482 2577 1515 2603; x_wconf 86' lang='lat' dir='ltr'><strong>ad</strong></span> <span class='ocrx_word' id='word_1_772' title='bbox 1540 2577 1686 2612; x_wconf 71' lang='lat' dir='ltr'><strong>mysteria,</strong></span> <span class='ocrx_word' id='word_1_773' title='bbox 1710 2582 1768 2609; x_wconf 62' lang='lat' dir='ltr'><strong>qua:</strong></span> <span class='ocrx_word' id='word_1_774' title='bbox 1790 2582 1830 2608; x_wconf 87' lang='lat' dir='ltr'><strong>per</strong></span> 
     </span>
    </p>
   </div>
   <div class='ocr_carea' id='block_1_111' title="bbox 1058 2621 1832 2657">
    <p class='ocr_par' dir='ltr' id='par_1_111' title="bbox 1058 2621 1832 2657">
     <span class='ocr_line' id='line_1_111' title="bbox 1058 2621 1832 2657; baseline -0.004 -8"><span class='ocrx_word' id='word_1_775' title='bbox 1058 2622 1202 2649; x_wconf 83' lang='lat' dir='ltr'><strong>sensibiles</strong></span> <span class='ocrx_word' id='word_1_776' title='bbox 1220 2621 1326 2656; x_wconf 84' lang='lat' dir='ltr'><strong>species</strong></span> <span class='ocrx_word' id='word_1_777' title='bbox 1347 2621 1501 2655; x_wconf 87' lang='lat' dir='ltr'><strong>traduntur,</strong></span> <span class='ocrx_word' id='word_1_778' title='bbox 1524 2621 1709 2657; x_wconf 88' lang='lat' dir='ltr'><strong>pretiosiores,</strong></span> <span class='ocrx_word' id='word_1_779' title='bbox 1734 2624 1760 2647; x_wconf 89' lang='lat' dir='ltr'><strong>et</strong></span> <span class='ocrx_word' id='word_1_780' title='bbox 1783 2627 1832 2652; x_wconf 75' lang='lat' dir='ltr'><strong>qua:</strong></span> 
     </span>
    </p>
   </div>
   <div class='ocr_carea' id='block_1_112' title="bbox 1243 2708 1826 2744">
    <p class='ocr_par' dir='ltr' id='par_1_112' title="bbox 1243 2708 1826 2744">
     <span class='ocr_line' id='line_1_112' title="bbox 1243 2708 1826 2744; baseline -0.009 -4"><span class='ocrx_word' id='word_1_781' title='bbox 1243 2712 1266 2728; x_wconf 81' lang='grc'><strong>⁸⁰</strong></span> <span class='ocrx_word' id='word_1_782' title='bbox 1281 2712 1348 2740; x_wconf 88' lang='lat' dir='ltr'><strong>Luc.</strong></span> <span class='ocrx_word' id='word_1_783' title='bbox 1371 2720 1438 2744; x_wconf 80' lang='lat' dir='ltr'><strong>xxn,</strong></span> <span class='ocrx_word' id='word_1_784' title='bbox 1453 2712 1496 2740; x_wconf 72' lang='lat'><strong>{5.</strong></span> <span class='ocrx_word' id='word_1_785' title='bbox 1549 2712 1572 2728; x_wconf 77' lang='lat'><em>“</em></span> <span class='ocrx_word' id='word_1_786' title='bbox 1588 2711 1685 2739; x_wconf 83' lang='lat' dir='ltr'><strong>Matth.</strong></span> <span class='ocrx_word' id='word_1_787' title='bbox 1700 2717 1772 2741; x_wconf 79' lang='lat' dir='ltr'><strong>xxvr,</strong></span> <span class='ocrx_word' id='word_1_788' title='bbox 1791 2708 1826 2735; x_wconf 81' lang='grc' dir='ltr'><strong>Π.</strong></span> 
     </span>
    </p>
   </div>
   <div class='ocr_carea' id='block_1_113' title="bbox 260 2814 986 2854">
    <p class='ocr_par' dir='ltr' id='par_1_113' title="bbox 260 2815 986 2854">
     <span class='ocr_line' id='line_1_113' title="bbox 260 2815 986 2854; baseline 0.003 -11"><span class='ocrx_word' id='word_1_789' title='bbox 260 2815 315 2854; x_wconf 65' lang='grc' dir='ltr'><strong>(εξ)</strong></span> <span class='ocrx_word' id='word_1_790' title='bbox 334 2816 405 2851; x_wconf 77' lang='lat' dir='ltr'><strong>Lege</strong></span> <span class='ocrx_word' id='word_1_791' title='bbox 423 2817 615 2854; x_wconf 74' lang='lat' dir='ltr'><strong>Bellarminum</strong></span> <span class='ocrx_word' id='word_1_792' title='bbox 628 2817 678 2854; x_wconf 83' lang='lat' dir='ltr'><strong>lib.</strong></span> <span class='ocrx_word' id='word_1_793' title='bbox 703 2817 793 2854; x_wconf 45' lang='lat' dir='ltr'><strong>IVUDE</strong></span> <span class='ocrx_word' id='word_1_794' title='bbox 822 2816 986 2845; x_wconf 71' lang='lat' dir='ltr'><strong>Eucharistia</strong></span> 
     </span>
    </p>
   </div>
   <div class='ocr_carea' id='block_1_114' title="bbox 1042 2814 1830 2854">
    <p class='ocr_par' dir='ltr' id='par_1_114' title="bbox 1042 2814 1830 2854">
     <span class='ocr_line' id='line_1_114' title="bbox 1042 2814 1830 2854; baseline -0.008 -7"><span class='ocrx_word' id='word_1_795' title='bbox 1042 2824 1063 2846; x_wconf 84' lang='lat' dir='ltr'><strong>c.</strong></span> <span class='ocrx_word' id='word_1_796' title='bbox 1091 2818 1107 2845; x_wconf 90' lang='lat'><strong>7</strong></span> <span class='ocrx_word' id='word_1_797' title='bbox 1123 2822 1148 2846; x_wconf 88' lang='lat' dir='ltr'><strong>et</strong></span> <span class='ocrx_word' id='word_1_798' title='bbox 1172 2826 1271 2854; x_wconf 85' lang='lat' dir='ltr'><strong>seqq.;</strong></span> <span class='ocrx_word' id='word_1_799' title='bbox 1296 2817 1419 2846; x_wconf 77' lang='lat' dir='ltr'><strong>Gennad.</strong></span> <span class='ocrx_word' id='word_1_800' title='bbox 1449 2824 1498 2853; x_wconf 88' lang='lat' dir='ltr'><strong>pro</strong></span> <span class='ocrx_word' id='word_1_801' title='bbox 1533 2816 1649 2845; x_wconf 89' lang='lat' dir='ltr'><strong>concilio</strong></span> <span class='ocrx_word' id='word_1_802' title='bbox 1676 2814 1830 2847; x_wconf 82' lang='lat' dir='ltr'><strong>Florentino,</strong></span> 
     </span>
    </p>
   </div>
   <div class='ocr_carea' id='block_1_115' title="bbox 225 2848 866 2882">
    <p class='ocr_par' dir='ltr' id='par_1_115' title="bbox 225 2848 866 2882">
     <span class='ocr_line' id='line_1_115' title="bbox 225 2848 866 2882; baseline 0.008 -7"><span class='ocrx_word' id='word_1_803' title='bbox 225 2848 401 2880; x_wconf 74' lang='lat' dir='ltr'><strong>llumbertuin</strong></span> <span class='ocrx_word' id='word_1_804' title='bbox 414 2857 506 2881; x_wconf 87' lang='lat' dir='ltr'><strong>contra</strong></span> <span class='ocrx_word' id='word_1_805' title='bbox 521 2853 678 2882; x_wconf 82' lang='lat' dir='ltr'><strong>Michaelcm</strong></span> <span class='ocrx_word' id='word_1_806' title='bbox 696 2858 721 2881; x_wconf 90' lang='lat' dir='ltr'><strong>et</strong></span> <span class='ocrx_word' id='word_1_807' title='bbox 734 2852 866 2881; x_wconf 82' lang='lat' dir='ltr'><strong>Nicetam.</strong></span> 
     </span>
    </p>
   </div>
  </div>
