1960 3063
100 120 154 150 Ξίὶῇ

652 116 853 164 auvuasus
872 116 1032 147 Gnaeos
1051 102 1125 148 LIB.
1147 119 1197 150 tv.

1674 118 1726 150 2:6

101 177 157 202 sint
176 169 277 211 magis
288 175 338 208 eis,
361 181 421 209 qua
438 178 594 208 sumuntur,
613 174 822 202 accommodata:
844 173 893 202 eli—
908 173 932 203 Α
945 173 1064 201 Ecclesia
1080 179 1226 208 canuntur,
1248 178 1276 203 ut
1293 175 1357 203 illud
1372 183 1379 202 :
1397 175 1527 208 Quoniam
1544 176 1571 202 in
1583 175 1730 203 mlestibm

102 227 214 256 gantur.
394 230 402 242 ⁸

371 264 409 292 De
430 264 628 292 dormientibus.

138 311 173 338 Et
215 311 267 338 hoc
308 311 373 338 item
402 311 621 339 Occidentalibus
659 311 762 340 crimen
797 311 897 346 impin-

101 361 170 391 gunt
190 357 258 391 (84),
273 357 344 391 quod
362 365 410 384 eos
423 357 467 391 qui
486 357 541 384 vita
554 357 696 389 excedunt,
714 357 765 384 nisi
785 362 896 392 peccata

103 403 196 436 aliqua
217 403 380 436 impediant,
405 407 517 430 sanctos
537 402 629 431 debita
653 404 783 431 beatitate
803 405 895 431 statim

103 447 158 474 frui
180 448 286 481 dicunt,
313 453 340 476 et
370 453 570 485 consequenter
597 450 755 478 mortalibus
779 451 897 485 peccatis

104 493 258 520 obstrictos
270 513 278 524 ,
295 499 378 529 atque
402 495 462 522 ideo
481 503 495 522 a
521 495 688 524 beatitudine
710 497 847 531 indignos,
864 498 897 525 ad

106 543 227 566 mternos
241 541 382 568 cruciatus
398 541 530 575 pertrahi,
542 543 630 577 quoad
644 541 715 570 facta
729 547 896 571 morluorum

109 584 156 611 illa
187 586 306 619 generali
337 588 559 622 resurrectione,
591 589 696 624 singula
729 589 897 623 singulorum

108 629 257 657 animabus
274 631 417 666 conjuncta
440 640 554 668 corpora
570 641 621 660 una
638 634 678 661 vel
695 635 820 662 fruantur
834 643 899 669 gau-

109 673 174 707 diis,
190 675 230 702 vel
247 676 387 711 suppliciis
400 677 562 706 adiciantur.
583 679 633 712 Qui
649 685 739 707 autem
754 680 780 707 id
795 681 899 708 crimen

110 719 255 753 objiciunt,
279 721 336 757 sive
357 723 443 750 sacris
460 723 572 752 Litteris
590 726 765 758 credendum,
791 727 848 754 sive
865 728 900 754 sit

110 765 284 793 observanda
303 767 384 801 ratio,
407 769 510 803 culpari
531 770 621 804 potius
644 776 792 804 merentur,
818 780 899 806 quam

113 811 224 845 culpare
240 812 292 846 ipsi
309 813 436 841 debeant.
453 815 523 842 Nam
546 815 676 845 Dominus
689 818 808 852 quidem,
819 823 848 845 ut
867 826 898 846 ex

112 858 242 892 pauperis
259 857 367 891 Lazari,
385 864 412 887 et
434 859 527 888 divitis
541 862 663 896 epulonis
684 863 812 897 parabole
834 871 898 898 pro-

113 903 214 936 posita,
235 908 343 931 constat
357 904 393 937 ",
407 907 470 939 quia
489 914 542 933 non
559 908 640 935 verba
659 908 718 935 sine
735 908 816 937 rebus
837 917 900 944 pro-

113 948 244 982 ponebat,
270 950 444 985 concludens
462 952 562 987 adjecit
580 962 587 980 :
605 955 678 989 quod
702 953 822 983 Lazarus
840 956 900 990 qui-

115 993 176 1021 dem
201 999 325 1023 mortuus
339 997 374 1023 ab
396 997 497 1031 angelis
520 998 635 1026 Abrahae
649 1000 754 1028 sinibus
778 1001 901 1029 invectus

114 1043 174 1072 est;
193 1046 316 1069 mortuus
331 1047 372 1069 est
387 1048 476 1071 autem
492 1049 519 1071 et
536 1045 611 1073 dives
626 1051 654 1073 et
669 1047 801 1081 sepultus,
820 1052 901 1083 atque

116 1086 142 1112 in
161 1086 298 1114 ﬂammant
317 1089 394 1116 abiit.
411 1090 465 1117 Per
489 1098 550 1126 quae
569 1096 630 1126 post
653 1097 770 1121 mortem
789 1094 901 1123 alterius

119 1131 227 1165 quidem
248 1133 364 1167 requies.
376 1138 403 1162 et
416 1135 555 1164 beatitudo
566 1137 698 1173 signatur,
711 1138 824 1168 alterius
837 1148 901 1168 vero

117 1177 268 1209 cruciatus,
285 1178 389 1206 nullttm
410 1180 490 1208 ﬁnem
508 1182 625 1210 habens.

150 1222 313 1257 Quanquam
344 1230 372 1253 et
397 1225 424 1253 id
451 1228 522 1262 quod
551 1228 586 1256 ad
613 1229 744 1258 latronem
772 1231 799 1258 in
823 1238 903 1260 cruce

119 1266 218 1295 dictum
236 1275 280 1297 est
295 1279 303 1298 :
322 1270 408 1298 Hodie
420 1279 520 1299 mecum
533 1275 584 1300 eris
598 1274 625 1301 in
641 1276 767 1309 paradiso
780 1276 815 1308 ‘5,
830 1276 902 1312 jam-

118 1312 170 1346 jatn
191 1313 313 1341 futuram
331 1315 526 1344 beatitudinem
549 1319 730 1346 commendat.
755 1319 838 1347 Divus
857 1327 905 1346 au-

122 1363 171 1385 tem
201 1359 304 1389 Paulus
328 1361 441 1390 dissolvi
463 1363 548 1398 cupit,
572 1369 676 1392 etesse
700 1372 761 1392 cum
784 1365 903 1393 Christo.

121 1403 203 1438 Cujus
218 1405 260 1432 rei
286 1407 373 1440 gratia
390 1407 415 1434 id
440 1408 585 1442 cupiebat?
600 1407 799 1443 lngemiscimus
823 1411 903 1444 enim,

122 1450 216 1483 inquit,
234 1451 348 1478 scientes
365 1453 489 1486 quoniam
512 1454 573 1480 dum
598 1462 688 1481 sumus
711 1455 738 1482 in
756 1455 805 1482 hoc
819 1457 906 1483 taber-

946 219 1071 247 t/talamis
1087 221 1196 255 gloriosi
1213 228 1340 255 martyres
1364 227 1475 248 exorant
1498 227 1533 254 te,
1551 222 1668 248 Domine.
1698 222 1731 249 Et

946 264 1031 292 illud:
1053 265 1185 301 Martyres
1200 267 1302 301 inclyti,
1322 275 1372 293 non
1393 271 1464 293 terra
1485 275 1529 294 uos
1546 267 1671 300 occuluit,
1686 267 1730 294 sed

946 310 1039 337 ctelunt
1064 313 1189 347 suscepit.
1215 313 1319 347 Aperta:
1334 317 1394 339 sunt
1412 313 1482 339 vobis
1502 313 1621 346 paradisi
1638 318 1731 347 porta',

946 357 1066 390 intusque
1077 358 1269 389 accumbentes,
1282 358 1381 392 lignum
1395 359 1453 385 vitae
1466 359 1591 392 gustatis.
1604 358 1635 384 Et
1646 359 1709 385 illud
1723 367 1729 386 :

949 401 1107 430 Sanctorum
1133 404 1226 430 chorus
1253 405 1312 431 vita:
1331 404 1429 438 fontem
1455 404 1561 436 invenit,
1580 410 1603 431 et
1625 410 1728 439 portum

946 448 1076 482 paradisi.
1088 448 1120 474 Et
1132 448 1197 476 illud
1213 457 1220 475 :
1234 449 1303 480 Quia
1314 457 1383 476 nunc
1397 449 1501 476 assistis
1517 449 1642 476 Trinitati
1656 450 1730 485 felix,

949 494 1102 527 interpellas
1123 503 1171 528 pro
1190 495 1275 529 nobis,
1291 496 1336 530 qui
1354 495 1405 529 ﬁde
1430 501 1454 522 et
1468 495 1563 529 a/fectu
1577 497 1727 523 memoriam

949 539 989 566 tui
1004 548 1170 568 veneramur.

984 585 1017 612 Et
1043 586 1142 621 ubique
1168 586 1278 614 omnino
1304 591 1417 614 sanctos
1440 586 1544 621 angelis
1572 587 1679 619 adesse,
1705 590 1732 613 et

953 632 1134 666 congaudere,
1159 636 1187 660 et
1203 640 1255 659 una
1271 633 1384 660 choreas
1408 640 1489 667 agere
1506 633 1669 659 confitemur
1685 640 1733 659 ve-

950 683 1089 710 nerantes,
1116 683 1197 712 atque
1214 683 1242 705 ut
1264 686 1315 714 pro
1341 678 1418 706 nobis
1435 679 1615 706 intervenient
1639 685 1730 712 preca'

950 731 1022 756 mur,
1043 723 1113 757 quod
1135 723 1256 758 proiecto
1271 731 1324 751 non
1342 724 1428 756 fieret,
1446 724 1497 750 nisi
1516 728 1589 751 esset
1609 731 1734 750 commu-

951 769 993 797 nis
1007 770 1134 797 Ecclesiae
1148 770 1249 805 opinio,
1261 769 1341 796 etiam
1357 774 1420 796 ante
1438 769 1554 796 futuram
1567 773 1734 796 mortuorum

952 815 1179 843 resurrectionem
1211 819 1320 842 sanctos
1349 822 1444 842 omnes
1467 814 1600 842 beatitate
1620 813 1733 848 perfrui.

949 860 1025 888 Alias
1039 865 1129 888 autem
1147 861 1237 888 miseri
1254 860 1364 887 omnino
1377 865 1478 892 essent,
1498 860 1519 887 si
1537 861 1655 894 reposita
1682 860 1734 888 sibi

949 907 1020 935 bona
1035 906 1128 940 procul
1140 906 1286 938 intuentes,
1301 911 1424 941 prompte
1437 913 1471 933 ex
1487 905 1538 932 hac
1553 905 1618 937 vita,
1631 911 1659 932 et
1671 912 1733 933 cum

950 952 1087 987 voluptate
1099 951 1258 986 migrarent.

949 1024 952 1028 ,
988 995 1117 1027 Proinde,
1134 995 1271 1028 quomodo
1291 995 1444 1027 conveniat,
1461 994 1569 1022 illorum
1594 995 1686 1031 aliquo
1705 996 1731 1024 in

951 1041 1011 1069 loco
1023 1047 1145 1069 servatas
1157 1041 1263 1068 animas
1279 1045 1353 1068 tanto
1370 1046 1488 1075 tempore
1501 1042 1621 1076 praemiis
1635 1042 1734 1070 debitis

952 1087 1085 1120 fraudari,
1099 1087 1197 1121 quibus
1208 1086 1338 1114 Dominus
1353 1087 1481 1122 gaudium
1497 1091 1628 1114 arternum
1641 1095 1734 1122 repro-

952 1132 1036 1164 misit,
1052 1139 1173 1166 quosque
1195 1132 1370 1159 assumendus
1387 1132 1426 1159 ait
1441 1140 1447 1158 :
1468 1132 1500 1160 Ut
1525 1132 1569 1158 ubi
1584 1132 1627 1159 ille
1645 1139 1693 1166 est,
1709 1138 1733 1159 et

951 1177 1004 1211 ipsi
1019 1177 1071 1204 sint
1083 1176 1128 1203 “3
1153 1177 1205 1204 Sed
1222 1182 1249 1204 et
1270 1183 1331 1212 post
1350 1177 1421 1205 hanc
1437 1178 1520 1204 vitam
1538 1186 1598 1206 cum
1627 1179 1679 1207 ﬁde
1707 1185 1735 1206 et

953 1226 1013 1258 spe'
1033 1227 1179 1255 vrveretur,
1195 1230 1255 1257 quae
1278 1223 1373 1251 beatus
1396 1223 1494 1251 Paulus
1513 1225 1679 1258 evacuanda,
1691 1232 1736 1252 so-

953 1267 1060 1302 iamque
1075 1269 1236 1296 cbaritatem
1252 1276 1455 1304 permansuram
1471 1270 1539 1297 dixit
1563 1270 1590 1297 in
1615 1270 1736 1298 beatitu-

954 1313 1028 1345 dine,
1042 1321 1102 1348 qua
1130 1313 1156 1340 in
1173 1313 1265 1340 divina
1282 1314 1469 1348 speculatione
1490 1316 1629 1343 consistit.
1654 1317 1736 1351 Atqui

955 1364 1041 1392 neque
1058 1357 1189 1384 Dominus
1218 1358 1244 1385 id
1262 1358 1400 1391 voluisset,
1416 1366 1461 1391 ne,
1488 1359 1510 1386 si
1541 1359 1592 1394 ipsi
1617 1360 1736 1395 quidem,

956 1403 1001 1438 qui
1020 1403 1138 1430 debitam
1162 1403 1355 1430 beatitudinem
1379 1405 1531 1439 percepturi
1556 1409 1629 1437 sunt,
1646 1405 1737 1434 minus

955 1449 1035 1483 digne
1051 1449 1084 1476 ad
1099 1456 1158 1476 eam
1177 1449 1379 1484 percipiendam
1398 1457 1428 1477 se
1446 1455 1664 1484 comparassent,
1679 1451 1738 1486 ejus

123 1497 225 1530 uacula,
254 1499 456 1533 peregrinamur
479 1508 496 1527 α
520 1500 633 1536 Domi/.0
650 1509 660 1530 ε
675 1507 722 1535 ρετ
738 1501 818 1536 ﬁdem
837 1504 905 1530 εηξηι
919 1502 941 1532 c
958 1502 1062 1522 summa
1078 1494 1245 1530 benignitate
1261 1494 1331 1522 ultra
1348 1496 1443 1522 merita
1460 1503 1568 1530 semper
1580 1496 1738 1528 inundante.

124 1543 302 1576 antbutamus,
323 1552 375 1571 non
403 1552 450 1579 per
473 1546 586 1580 speciem
605 1546 628 1562 "
649 1555 657 1574 :
674 1547 791 1581 speciem
813 1548 906 1576 dicens

125 1588 290 1615 creditarum
319 1597 410 1617 rerum
434 1591 612 1621 substantiam
643 1597 724 1627 atque
752 1593 905 1620 veritatem.

127 1631 248 1661 Proiecto
267 1641 359 1662 autem
376 1636 428 1663 ista
444 1644 497 1664 non
517 1638 629 1670 diceret,
642 1639 693 1665 nisi
707 1644 799 1674 aperte
813 1640 906 1673 sciret,

127 1685 182 1712 post
202 1679 359 1715 bujusmodi
377 1683 631 1718 peregrinationem,
655 1685 745 1712 carnis
760 1693 842 1713 onere
858 1686 904 1713 de-

130 1725 223 1759 posito,
242 1733 274 1753 se
287 1733 337 1761 per
352 1728 470 1762 speciem
485 1724 805 1764 concupitis'lruiturum.
822 1731 907 1758 Aliter

129 1771 234 1806 quippe,
265 1771 359 1799 vivere
387 1773 557 1807 praestitisset
581 1781 660 1807 quam
678 1775 759 1802 mori.
786 1774 853 1802 Nam
880 1779 908 1803 et

129 1815 248 1848 corporis
266 1813 302 1841 ad
319 1815 436 1842 animam
464 1817 608 1846 connexio.
628 1818 710 1845 veluti
739 1819 858 1846 materiae
875 1819 908 1846 ad

130 1860 242 1892 speciem
255 1860 407 1888 naturalem
423 1865 474 1889 est.
491 1861 622 1890 Omnibus
635 1868 724 1891 autem
741 1871 833 1892 eorum
846 1872 909 1899 quae

131 1906 276 1932 secundum
293 1909 417 1933 naturam
436 1912 509 1938 sunt,
535 1915 566 1935 ac
582 1908 763 1943 propriorum,
780 1909 848 1936 inest
864 1910 910 1937 de-

131 1950 257 1978 siderium
288 1960 296 1979 :
322 1959 409 1988 neque
431 1953 521 1980 dirimi
540 1955 673 1989 quispiam
699 1962 714 1982 a
741 1955 909 1983 naturalibus

131 1995 241 2024 vinculis
257 1997 384 2033 eligeret,
400 1999 452 2026 nisi
477 2003 536 2034 post
556 1999 761 2027 dissolutionem
779 2005 909 2034 praestan-

134 2042 244 2071 tioribus
269 2051 300 2071 se
320 2043 464 2072 fruiturum
479 2046 611 2077 crederet,
625 2045 808 2081 defunctoque
833 2045 910 2073 dolor

134 2087 239 2122 inesset,
259 2089 313 2118 nisi
329 2090 446 2124 speratis
459 2091 614 2125 potireturp

166 2135 298 2162 thterum
312 2143 373 2162 cum
390 2135 541 2169 hujusmodi
555 2143 617 2171 spes
631 2136 706 2163 lirma
719 2135 820 2163 sanctis
834 2143 910 2170 repo-

959 1540 1034 1568 nullo
1048 1540 1093 1587 hic
1107 1540 1277 1576 prohibente,
1295 1541 1427 1575 promissa
1448 1541 1502 1569 illis
1525 1541 1595 1568 bona
1611 1549 1694 1576 penes
1709 1550 1739 1570 se

960 1587 1099 1614 recondita
1126 1594 1247 1619 servare,
1275 1587 1399 1614 ntueroris
1420 1594 1501 1615 causa
1529 1589 1587 1617 suis
1615 1588 1738 1622 etl'ectus,

957 1633 1117 1667 meritisque
1139 1632 1198 1660 illos
1215 1633 1361 1660 honoribus
1379 1633 1498 1666 privaus.

994 1678 1062 1706 Nam
1082 1680 1105 1707 si
1121 1678 1246 1706 frustrari
1265 1679 1319 1706 line
1341 1686 1486 1707 maerorem
1504 1680 1602 1715 ubique
1620 1687 1738 1716 praestat,

959 1725 1093 1759 quomodo
1109 1732 1163 1752 non
1184 1725 1209 1751 id
1224 1725 1325 1752 sanctis
1342 1726 1467 1753 maeroris
1480 1726 1533 1754 erit
1546 1733 1639 1761 causa,
1653 1735 1740 1763 eaque

959 1770 1055 1805 magis,
1083 1778 1137 1805 quo
1164 1762 1217 1797 line
1243 1771 1360 1798 maximo
1388 1775 1468 1805 atque
1496 1772 1656 1807 dignissimo
1687 1762 1739 1801 non

952 1815 1120 1852 potientur?
1151 1816 1263 1850 Semper
1291 1816 1363 1843 enim
1393 1817 1534 1852 cupientes
1560 1824 1695 1852 quaerent,
1713 1826 1740 1847 et

961 1869 1015 1889 non
1031 1863 1164 1896 potienles
1176 1864 1336 1889 mterebunt.
1360 1861 1387 1889 Si
1404 1862 1475 1889 enim
1490 1863 1534 1891 hic
1551 1864 1740 1899 ingemiscant.

960 1907 1005 1933 ubi
1031 1907 1238 1941 peregrinantur
1261 1915 1275 1933 a
1303 1907 1435 1939 Domino,
1464 1910 1597 1941 quomodo
1629 1918 1681 1936 non
1709 1910 1735 1937 id

959 1953 1044 1980 etia-
1073 1957 1135 1987 post
1162 1957 1323 1986 pratsentem
1353 1954 1434 1980 vitam
1464 1955 1609 1989 patientur,
1638 1956 1659 1982 si
1687 1956 1740 1983 illic

959 1999 998 2026 eis
1021 2005 1080 2025 cum
1108 1998 1159 2025 [ide
1184 1998 1264 2025 etiam
1287 2005 1319 2025 ac
1344 2005 1391 2032 spe
1416 1998 1558 2026 vivendum
1596 2001 1651 2027 sit?
1676 2001 1741 2034 Quas

960 2044 1063 2076 omnia,
1087 2048 1185 2078 praeter
1209 2042 1357 2078 Scriptum
1375 2051 1511 2078 normam,
1528 2051 1683 2081 praterque
1697 2055 1741 2074 ra-

961 2089 1059 2117 tionem
1072 2093 1146 2115 suut.
1205 2087 1208 2089 ’

1000 2134 1085 2162 Porro
1099 2134 1122 2161 si
1138 2135 1199 2169 quis
1217 2134 1307 2161 divum
1323 2134 1434 2162 Paulum
1455 2135 1566 2168 objiciet
1581 2136 1715 2164 dicentem
1735 2147 1742 2164 :

136 2179 182 2205 sita
202 2181 247 2212 sit,
267 2187 355 2214 neque
380 2181 406 2207 in
426 2168 523 2208 rerum
552 2168 706 2208 substantia
725 2188 785 2208 esse
813 2168 910 2216 possit,
927 2168 948 2196 ί)
964 2179 999 2206 Et
1015 2181 1042 2206 hi
1064 2188 1162 2212 omnes,
1176 2179 1259 2206 sancti
1275 2179 1380 2206 scilicet
1395 2180 1428 2207 de
1441 2181 1541 2214 quibus
1556 2181 1673 2214 dicebat,
1692 2190 1744 2209 non

137 2224 184 2250 nisi
198 2230 342 2259 separetur
355 2226 444 2253 anima
460 2233 476 2253 a
490 2233 615 2261 corpore,
637 2225 787 2253 naturalem
804 2225 915 2259 conjun—

137 2270 248 2296 ctionem
277 2271 364 2298 sancti
394 2270 539 2306 fugientes.
564 2271 768 2298 dissolutionem
787 2270 913 2305 cupiunt,

138 2319 163 2340 ut
180 2316 218 2342 eis
233 2316 374 2344 destructa
397 2317 522 2348 materia,
539 2317 618 2345 liceat
640 2324 735 2345 eorum
750 2324 810 2351 quae
825 2316 914 2342 credi-

139 2359 239 2392 derunt,
254 2361 434 2389 substantiam
451 2362 571 2395 recipere
588 2369 595 2388 :
616 2361 702 2389 donec
715 2357 766 2396 per
780 2367 913 2388 summam

141 2406 182 2433 Dei
198 2407 390 2443 benignitatem
417 2409 547 2436 naturalis
574 2408 654 2435 etiam
670 2407 824 2443 coniunctio
844 2406 914 2434 divi-

141 2452 196 2478 nius
210 2458 236 2480 et
251 2453 429 2481 excellentius
449 2454 555 2481 redeat.
580 2454 733 2482 Attestatur
746 2457 835 2480 autem
859 2451 912 2484 his,

140 2503 164 2525 et
177 2500 245 2534 quod
261 2499 287 2526 in
303 2499 471 2527 testamentis
484 2508 498 2527 a
516 2499 615 2534 Josepb
638 2498 791 2534 patriarcha
811 2497 914 2525 dictum

140 2551 176 2572 cst
191 2558 196 2573 ι
212 2547 364 2573 Moriuntur
379 2552 525 2581 peccatores
552 2551 577 2574 et
605 2547 765 2574 descendunt
789 2546 816 2572 in
835 2546 917 2580 infer-

142 2599 208 2619 num.
224 2593 394 2620 Attestantur
416 2594 478 2621 item
506 2598 533 2621 et
553 2601 613 2628 quat
638 2593 733 2620 diebus
755 2592 870 2627 singulis
886 2593 912 2618 in

173 2683 195 2700 "
212 2683 278 2712 Luc.
292 2691 348 2718 xvt,
362 2684 454 2712 19-51.
495 2683 518 2700 ⁵⁸
547 2682 613 2711 Luc.
624 2690 703 2717 xxttl,
716 2683 762 2710 45.

965 2227 1082 2253 tulerunt
1102 2226 1339 2260 repruntissiunem,
1364 2225 1417 2252 Deo
1433 2227 1526 2254 melius
1542 2227 1645 2262 aliquid
1657 2229 1744 2262 prori-

963 2273 1052 2304 dcnte,
1076 2279 1107 2298 ne
1138 2272 1193 2298 sine
1228 2271 1303 2298 nobis
1327 2271 1544 2305 perficerentur"
1567 2281 1574 2299 :
1594 2273 1745 2304 sciendum.

963 2319 1026 2354 quia
1041 2319 1091 2345 hoc
1105 2318 1131 2344 in
1151 2319 1221 2350 loco,
1237 2317 1436 2351 perlectionem,
1452 2318 1522 2345 dixit
1539 2319 1636 2345 animae
1650 2319 1747 2354 corpo-

965 2365 1057 2397 risque
1082 2363 1221 2394 uniunem,
1245 2370 1305 2396 qua-
1323 2362 1515 2390 universalitcr
1535 2363 1587 2390 erit
1612 2364 1638 2391 in
1657 2364 1746 2392 futura

965 2414 1132 2437 mortuorum
1150 2409 1360 2436 resurrectione.
1377 2408 1444 2436 Nam
1461 2410 1611 2437 secundum
1625 2412 1747 2445 corp0ris

966 2459 1068 2489 partem
1082 2453 1169 2481 sancti
1186 2454 1301 2480 necdum
1319 2454 1387 2480 beati
1403 2458 1475 2487 sunt,
1496 2455 1558 2489 quia
1575 2456 1663 2489 ipsum
1682 2464 1747 2484 nec-

967 2500 1030 2527 dum
1046 2499 1146 2526 habent
1171 2498 1360 2533 glorilicatum,
1384 2500 1460 2534 juxta
1478 2501 1610 2528 rationem
1630 2501 1748 2529 beatitu-

967 2545 1038 2572 dinis
1054 2545 1161 2571 animal.
1175 2544 1242 2571 Cum
1259 2551 1322 2571 vero
1344 2545 1406 2572 talis
1421 2546 1485 2572 uuio
1506 2546 1568 2579 erit,
1586 2551 1648 2574 tunc
1666 2552 1742 2574 utra-

967 2598 1021 2626 que
1034 2598 1098 2625 pars
1111 2590 1228 2617 hominis
1243 2590 1361 2625 perlecta
1380 2591 1432 2618 erit
1445 2599 1453 2624 ;
1467 2591 1537 2626 quod
1558 2599 1622 2627 ergo
1644 2593 1745 2620 dictum

802 2682 825 2699 δ’
855 2681 877 2710 ιι
892 2681 968 2716 Con,
984 2689 1011 2715 v,
1029 2680 1057 2709 6.
1094 2679 1118 2696 '°
1131 2686 1210 2706 toan.
1234 2686 1291 2711 xlv,
1308 2679 1336 2706 5.
1373 2679 1396 2696 "
1421 2679 1504 2708 Hebr.
1535 2687 1573 2713 XI,
1597 2679 1688 2708 59-40.

163 2777 227 2816 ¹(85)
246 2777 314 2812 ῐλνιςθ
344 2777 509 2805 Gcnnadium
534 2784 582 2812 pro
607 2777 722 2806 concilio
743 2776 908 2809 Florentino,
930 2783 955 2804 c.
969 2775 995 2808 ι,
1011 2765 1038 2802 et
1062 2773 1256 2802 Bellarminum
1274 2773 1357 2801 -lib.t
1382 2771 1417 2800 De
1453 2779 1601 2800 sanctorum
1632 2772 1740 2798 beatitu-

145 2813 207 2838 diue.
