1960 3063
140 101 194 132 ~90?

769 101 967 134 MANUELIS
981 102 1133 132 CALEC/E

1711 101 1762 132 208

141 164 193 192 est,
214 159 264 187 hoc
289 167 302 186 a
331 158 493 194 quibusdam
519 163 611 193 postea
639 159 724 195 gestis
748 159 923 194 synodalibus
939 161 960 188 Α
976 158 1059 192 pisse,
1090 159 1123 186 de
1146 156 1244 193 quibus
1271 155 1342 184 nulla
1372 161 1443 184 esset
1467 157 1539 184 facta
1567 156 1687 195 mentio.
1711 157 1765 184 Aut

144 205 311 241 appositum,
327 206 391 233 hinc
416 206 560 234 ostendere
583 205 745 239 nitentibus,
771 205 926 240 hujusmodi

139 251 312 279 additionem
330 251 411 278 fuisse
427 251 607 286 prohibitam;
624 251 674 279 hoc
692 255 782 279 autem
795 251 927 279 ratiOnem

143 303 196 324 non
213 297 323 329 habere,
339 297 508 332 perspicuum
524 301 577 325 est.

178 341 301 370 Primum
319 342 437 377 quidem,
453 343 582 378 quoniam
605 343 631 371 in
646 344 728 379 gestis
742 343 826 379 huius
845 350 929 379 syno-

144 388 184 420 di,
200 388 454 416 commentariolum
472 388 528 424 (64)
547 390 683 424 quoddam
696 394 749 422 est,
761 397 855 418 eorum
870 396 930 424 qua:

145 434 172 461 in
188 441 222 461 eo
237 434 352 461 concilio
371 439 450 461 erant
471 435 640 463 discutienda
656 436 856 471 expositionem
882 443 930 471 per

145 479 267 506 ordinem
285 479 440 512 continens,
458 480 528 514 quod
548 480 629 516 legati
653 481 756 516 synodo
782 488 930 516 proposue-

142 530 228 552 runt:
242 526 464 552 commentarium
479 525 530 553 sibi
548 533 562 552 a
576 533 682 554 summo
697 527 824 560 pontifice
838 527 929 553 datum

147 574 310 602 asserentes,
328 575 357 597 nt
376 571 564 599 meminissent
581 579 641 606 quae
663 572 689 599 in
713 580 744 600 ea
763 573 866 607 synodo
887 572 930 600 Vel

143 616 275 649 dicenda,
291 616 335 644 vel
361 616 486 644 facienda
510 622 612 645 essent.
635 617 727 652 Neque
753 619 825 647 enim
847 619 873 646 in
898 626 931 647 eo

147 662 296 695 qttidquam
319 662 352 690 de
375 661 513 689 additione
533 663 602 698 (65),
618 663 659 691 vel
676 663 709 691 de
728 664 855 698 Symbolo
871 672 932 692 om-

148 707 212 734 nino
234 707 364 741 scriptutn
388 713 441 735 est.
466 707 499 734 Et
526 713 600 736 certe
627 709 654 736 id
680 709 705 736 in
726 710 812 744 prima
841 711 931 738 statim

148 751 237 779 (route
257 754 408 786 [saliendum
435 753 495 786 fuit,
525 753 582 781 sive
611 761 625 780 a
655 754 778 782 Romano
806 755 933 791 pontiﬁce

149 797 202 823 illis
217 798 248 824 de
263 797 314 824 hoc
326 796 420 825 fuisset
432 798 578 833 quidquam
596 799 768 834 imperatum,
782 800 839 828 sive
849 801 930 828 etiam

981 204 1052 231 enim
1075 192 1260 238 principaliter
1282 210 1314 231 ea
1336 210 1380 230 res
1394 203 1498 237 agenda
1515 203 1578 236 fuit,
1593 208 1639 230 aut
1656 192 1708 231 non
1728 204 1764 231 ita

981 253 1178 284 prmtereunter
1194 253 1221 276 et
1241 247 1441 282 intempestive,
1457 253 1483 276 et
1498 253 1597 282 praeter
1617 249 1704 276 locum
1718 249 1767 276 de-

981 295 1066 322 bitum
1083 295 1199 329 agenda.
1216 294 1273 322 Etsi
1286 294 1357 322 enim
1370 301 1386 321 a
1398 295 1502 328 synodo
1515 295 1616 321 dictum
1629 295 1765 323 conceda-

982 347 1052 372 mus,
1062 339 1131 366 nihil
1144 344 1232 366 tamen
1246 339 1278 366 de
1294 338 1446 372 huiusmodi
1463 338 1612 373 quastione
1625 339 1766 373 declarat;

982 392 1071 419 neque
1090 385 1133 412 bis
1150 385 1321 417 adversatur,
1337 391 1398 419 quae
1420 384 1493 412 dicta
1514 389 1589 414 sunt.
1607 385 1659 413 Aut
1684 386 1768 419 enim,

983 435 1013 458 ut
1029 431 1130 458 dictum
1147 434 1199 461 est,
1217 429 1278 457 ﬁdei
1293 430 1406 457 alterius
1421 429 1600 463 adjectionem
1619 430 1768 463 interdicit,

982 481 1119 510 rectaeque
1133 475 1319 508 abolitionem,
1336 476 1395 503 sive
1415 475 1494 507 alias,
1515 483 1567 502 non
1592 483 1621 503 se
1646 475 1768 504 Ecclesia

985 521 1036 548 hac
1058 525 1189 556 potestate
1210 521 1309 555 privat.
1326 521 1486 555 Quanquam
1505 521 1597 548 dicere
1613 529 1770 555 possumus,

985 567 1036 594 hac
1058 566 1204 600 sententia,
1221 567 1243 593 si
1268 566 1374 594 concilii
1389 567 1434 598 sit,
1464 574 1515 601 qua
1540 567 1705 594 declaratum
1723 568 1768 600 sit,

986 613 1052 640 nihil
1074 619 1199 648 oportere
1227 613 1346 643 auferri.
1373 613 1399 640 id
1425 618 1589 648 praeceptum
1619 614 1713 647 fuisse,
1737 622 1771 642 ne

984 658 1138 686 auferretur
1164 658 1379 687 Occidentalium
1407 659 1521 693 additio,
1549 667 1630 695 quam
1657 667 1770 688 accusa-

985 704 1060 732 bant.

1022 749 1050 776 Si
1069 749 1159 784 igitur,
1181 753 1209 776 nt
1228 757 1308 785 supra
1325 749 1492 777 declaratum
1508 755 1560 783 est,
1579 754 1606 778 et
1622 754 1685 778 ante
1699 750 1770 777 Pho-

987 796 1052 822 tiunt
1080 795 1171 822 multis
1194 801 1256 823 ante
1279 796 1457 830 temporibtts,
1483 796 1638 831 Symbolum
1659 797 1692 824 ab
1716 797 1771 824 illis

149 843 270 878 synodus
282 843 339 876 illa,
351 851 432 878 quam
449 844 711 880 quadringentorum
729 846 814 874 ferme
827 836 970 881 episeoo‘Ii
984 849 1045 869 cum
1058 841 1194 869 additione
1215 841 1363 876 legebatur,
1383 842 1495 876 ipseque
1511 842 1625 876 primus,
1640 849 1700 869 cum
1716 843 1771 869 voti

150 897 245 923 parum
267 889 396 924 implebat
419 898 558 923 numerus,
573 890 756 926 blasphemam
774 892 844 919 hanc
857 893 935 920 addi-

150 937 251 964 tionem
271 938 396 972 putabat,
412 946 461 965 cur
476 947 527 966 non
547 939 733 974 principaliter
749 941 782 968 de
797 941 841 969 illa
854 942 934 969 verba

150 983 235 1010 fecit?
258 983 295 1010 lta
317 983 390 1010 enim
408 984 433 1010 in
455 984 673 1018 prw-redentibus
695 985 804 1021 synodis
832 986 864 1013 de
885 985 936 1014 ﬁde

149 1029 238 1063 primo
261 1028 319 1056 loco
333 1035 442 1064 semper
456 1029 597 1064 agelatur.
616 1030 670 1058 Cur
685 1036 774 1058 autem
799 1031 825 1058 in
852 1031 935 1058 Deum

152 1073 403 1108 hlasphemantibus
421 1074 631 1108 conveniebant,
662 1075 781 1111 ipsisque
809 1077 843 1104 de
872 1084 936 1104 con-

149 1121 244 1147 cordia
259 1121 292 1147 ad
310 1120 425 1148 invicem
443 1122 543 1148 tuenda
568 1122 801 1157 obtemperabant,
818 1123 860 1151 vel
877 1131 937 1151 om-

152 1166 217 1192 nino
241 1166 291 1193 sub
316 1166 423 1194 silcntio
450 1174 480 1194 se
506 1168 703 1195 continebant?
726 1167 839 1201 Quando
871 1177 937 1197 vero

149 1210 220 1236 nihil
244 1210 346 1238 dixisse
370 1212 593 1246 comprobantur,
623 1212 665 1239 cui
687 1220 742 1239 non
766 1213 937 1248 perspicutnn

151 1255 197 1288 sit,
214 1263 305 1283 veram
329 1263 377 1283 eos
398 1257 471 1284 illam
487 1257 652 1285 additionem
674 1258 866 1286 existimasse?
887 1259 939 1287 Ne-

151 1309 205 1336 que
224 1302 296 1329 enim
312 1302 365 1330 dici
390 1308 488 1337 potest,
511 1303 571 1331 illos
592 1303 730 1338 ignorasse
748 1303 860 1332 Latinos
876 1312 937 1332 cum

152 1348 290 1375 additione
314 1347 471 1383 Symbolum
500 1349 599 1383 legere,
617 1356 678 1375 cum
704 1349 730 1376 id
748 1348 846 1377 Oriens
867 1354 938 1378 totus

150 1392 205 1427 jam
221 1398 282 1421 tunc
296 1394 390 1421 saltem
408 1401 423 1420 a
437 1393 506 1421 beati
526 1393 635 1421 Maximi
651 1395 820 1429 temporibus
834 1395 939 1423 didice-

149 1437 205 1464 εἱιῗ
618 1448 626 1464 ο

184 1483 307 1516 Deinde,
337 1489 367 1512 ut
393 1484 587 1517 concedamus,
618 1484 742 1512 Photium
772 1486 972 1533 additionemc

154 1537 207 1556 non
227 1529 370 1557 admisisse
385 1537 392 1557 :
407 1530 565 1558 rationabile
586 1535 659 1558 certe
678 1539 731 1558 non
744 1536 812 1564 erat,
827 1537 936 1566 postca-

155 1583 235 1611 quam
260 1584 274 1602 a
294 1577 417 1603 ltomano
433 1576 560 1610 pontiﬁce
585 1576 739 1610 patriarcha
757 1577 936 1607 conﬁrntatus

154 1622 252 1655 fuerat,
266 1622 378 1648 verbum
392 1622 426 1649 de
450 1621 587 1649 additione
603 1629 712 1649 movere
731 1630 737 1648 :
755 1630 798 1655 ne,
818 1623 862 1650 vix
879 1628 938 1651 tau-

153 1668 215 1695 dem
235 1668 287 1695 voti
313 1676 422 1703 compos
439 1668 562 1701 cﬂectus,
584 1676 632 1702 per
647 1668 721 1696 illum
745 1677 839 1697 rursus
855 1670 937 1697 abro-

150 1719 246 1748 gatus,
272 1713 409 1740 amitteret
435 1714 536 1740 omnia.
556 1712 629 1741 Satis
654 1719 743 1740 autent
764 1719 824 1741 erat
840 1715 938 1749 legatis

155 1765 237 1793 atque
252 1758 301 1792 ipsi
320 1759 346 1785 in
368 1758 463 1792 primis
478 1757 600 1785 Romano
621 1758 753 1792 pontifici,
766 1759 937 1794 subjectione

156 1805 208 1832 sibi
238 1804 353 1836 reddita,
370 1805 403 1832 de
428 1804 535 1831 caeteris
555 1804 614 1831 illos
640 1809 713 1832 recte
739 1805 841 1832 sentire
865 1806 940 1833 arbi—

156 1850 234 1877 trari.
255 1850 348 1885 Itaque
370 1850 437 1877 nihil
460 1850 530 1876 ultra
558 1849 739 1885 inquirentes,
760 1851 865 1885 reliqua
883 1852 939 1880 suis

157 1896 223 1923 locis
237 1903 346 1922 manere
361 1895 551 1930 permiserunt.

192 1942 227 1969 Et
251 1942 316 1969 illud
338 1947 427 1969 autem
448 1941 548 1968 iudicat
569 1940 703 1975 adjectum
727 1948 741 1968 a
765 1942 939 1977 quibusdam,

159 1989 230 2023 quod
258 1989 394 2020 diximus,
420 1988 491 2022 quod
519 1992 581 2023 post
604 1980 718 2022 plurima
745 1989 940 2023 imperatorum

159 2035 243 2067 anni,
274 2034 544 2069 subscriptionesth
579 2033 768 2068 episcoporum
803 2035 940 2062 adnotatas

159 2081 224 2112 sint,
237 2084 264 2107 et
276 2080 361 2115 gloria
379 2080 481 2107 reddita
494 2079 528 2106 sit
542 2078 608 2112 Deo,
621 2087 669 2113 pro
685 2079 814 2106 Ecclesia:
829 2080 939 2107 unione.

160 2127 224 2159 Qum
236 2126 325 2153 omnia
339 2127 365 2152 in
379 2125 431 2152 flue
443 2131 581 2159 gestorum
593 2124 761 2160 synodalium
775 2125 941 2153 scribuntur.

987 895 1039 915 non
1057 888 1202 922 potiretur.
1215 888 1379 916 additionem
1400 889 1575 916 discessionis
1592 889 1692 922 reperit
1705 897 1767 916 caua

986 941 1055 965 sam,
1072 938 1101 960 ut
1121 933 1220 968 passim
1240 933 1291 960 sibi
1313 934 1408 961 liceret
1423 935 1492 961 votis
1509 934 1610 970 perfrui
1636 944 1642 962 :
1662 943 1772 970 compos

986 984 1077 1006 autem
1095 979 1136 1006 sui
1151 979 1288 1007 desiderio
1307 979 1431 1013 eﬁ'ectus,
1446 980 1547 1008 nullum
1560 981 1628 1008 ultra
1648 988 1679 1008 ea
1695 983 1729 1008 de
1745 988 1774 1008 re

987 1027 1101 1053 verbum
1118 1025 1211 1057 movit,
1224 1025 1479 1060 subiectionemque
1490 1026 1610 1053 debitam
1623 1034 1672 1061 per
1681 1027 1771 1054 omnia

987 1078 1093 1099 summo
1107 1071 1227 1106 pontiﬁci
1247 1072 1363 1099 reddidit
1381 1072 1450 1107 (67),
1465 1079 1552 1099 nonne
1564 1072 1650 1106 liquet
1665 1079 1698 1099 ex
1712 1080 1772 1099 om-

989 1118 1077 1150 uibus,
1099 1125 1152 1145 non
1169 1118 1345 1151 additionem,
1360 1118 1406 1146 sed
1420 1119 1573 1153 superbiam
1598 1119 1698 1153 potius,
1712 1124 1740 1146 et
1757 1126 1772 1146 a

989 1163 1097 1191 nemine
1122 1164 1191 1191 velle
1212 1164 1340 1198 judicari,
1358 1163 1514 1191 schismatis
1539 1163 1624 1192 fuisse
1644 1164 1774 1191 causam?

989 1209 1063 1237 Obiit
1073 1215 1162 1237 autem
1180 1209 1304 1241 Photius,
1315 1217 1376 1237 cum
1388 1215 1461 1237 esset
1477 1210 1658 1248 Ecclesiarum
1671 1210 1773 1242 unitas,

989 1263 1048 1290 qua:
1067 1260 1127 1290 post
1150 1255 1225 1282 illmu
1243 1263 1291 1290 per
1315 1255 1406 1283 decem
1427 1258 1454 1282 et
1475 1261 1580 1290 septem
1602 1255 1774 1290 patriarchas

989 1301 1108 1328 duravit.

1025 1347 1063 1374 Ex
1080 1355 1133 1382 quo
1147 1354 1212 1375 sane
1220 1352 1338 1379 constat,
1352 1347 1514 1375 celebratam
1526 1347 1576 1376 sub
1587 1348 1682 1375 Photio
1692 1355 1775 1384 syno-

990 1394 1052 1421 dum
1079 1394 1199 1430 Symboli
1226 1394 1390 1421 additionem
1418 1402 1510 1421 veram
1540 1398 1567 1421 et
1587 1394 1774 1422 rationabilem

989 1439 1175 1473 existimasse,
1205 1440 1347 1475 ipsumque
1381 1440 1455 1467 illum
1486 1439 1616 1473 Romanae
1648 1440 1776 1468 Ecclesia!

989 1485 1208 1512 communionem
1221 1486 1343 1520 rlegisse,
1357 1485 1448 1520 priore
1459 1485 1563 1521 abjecta
1579 1487 1774 1519 controversia,

989 1540 1051 1568 quae
1065 1531 1103 1559 illi
1122 1536 1152 1559 ut
1170 1532 1270 1559 homini
1289 1532 1457 1566 obrepserat.

1026 1578 1138 1611 Deinde,
1155 1583 1184 1605 ut
1204 1578 1242 1605 ait
1263 1578 1409 1613 praedictus
1423 1579 1569 1606 historicus
1583 1579 1680 1616 Srylex
1695 1579 1774 1616 [Scy-

991 1624 1058 1660 lax],
1077 1624 1189 1652 Michael
1209 1625 1364 1659 patriarcha
1381 1631 1560 1660 cognomento
1581 1625 1694 1653 Cernlus
1712 1626 1775 1661 [Ce-

993 1670 1148 1706 rulariusj,
1179 1670 1240 1698 aliis
1272 1677 1380 1697 rursum
1414 1671 1617 1704 emergentibus
1647 1671 1774 1703 casibus,

992 1715 1087 1750 quales
1119 1715 1274 1743 hominibus
1303 1722 1373 1749 stepc
1400 1716 1611 1749 superveniunt,
1640 1716 1774 1750 simulque

993 1761 1131 1788 invidente
1155 1761 1230 1796 pacis
1255 1761 1421 1793 adversario,
1440 1761 1592 1789 Romanum
1620 1762 1774 1796 pontiﬁcem

993 1811 1103 1842 propter
1132 1813 1225 1841 azyma
1262 1806 1396 1841 diptychis
1426 1806 1524 1841 dcjccit
1554 1807 1621 1842 (68).
1652 1807 1773 1834 Habebat

992 1855 1082 1878 autem
1099 1851 1218 1878 fautores
1239 1851 1368 1885 patricios
1390 1851 1468 1884 duos,
1482 1857 1508 1878 et
1525 1851 1652 1879 Ecclesiae
1667 1859 1775 1887 corrup<

995 1897 1090 1924 liorem
1112 1901 1138 1923 et
1163 1887 1360 1923 seditiosiorem
1384 1901 1485 1931 partem
1511 1905 1518 1921 :
1545 1897 1671 1931 additque
1695 1897 1774 1924 aliam

993 1943 1044 1969 viri
1060 1941 1250 1976 differentiam,
1267 1942 1301 1970 ob
1316 1950 1396 1977 quam
1418 1943 1514 1970 merito
1528 1943 1652 1970 videntur
1664 1944 1776 1978 elegisse

995 1989 1108 2016 seorsim
1137 1989 1237 2016 vivere.
1270 1989 1439 2024 Quanquam,
1468 1990 1490 2016 si
1522 1989 1667 2018 additionis
1695 1998 1776 2018 causa

996 2034 1148 2062 Romanum
1185 2034 1338 2069 episcopum
1367 2034 1500 2070 diptychis
1526 2035 1624 2069 ejecit,
1651 2042 1698 2063 cur
1723 2043 1775 2063 non

995 2081 1076 2108 etiam
1102 2080 1194 2114 prius?
1221 2079 1250 2106 Si
1273 2083 1360 2106 autem
1390 2083 1499 2113 propter
1514 2087 1620 2115 azyma,
1646 2081 1680 2108 ab
1698 2080 1776 2108 initio

996 2126 1116 2153 Romana
1137 2125 1256 2153 Ecclesia
1278 2125 1319 2152 bis
1333 2125 1487 2152 sacriﬁcare
1510 2126 1659 2153 consuevit.
1676 2125 1774 2153 Verum

161 2173 238 2205 Quod
255 2177 344 2200 autem
362 2173 395 2198 de
411 2180 463 2198 non
481 2171 633 2206 adjicieudo
645 2173 688 2199 vel
703 2172 850 2199 auferendo
868 2172 941 2207 adje-
957 2174 979 2202 D
994 2173 1076 2199 etiam
1092 2172 1114 2198 si
1138 2171 1199 2206 quis
1215 2170 1371 2205 diligentius
1391 2171 1519 2204 inquirat,
1532 2171 1612 2198 aliam
1626 2171 1774 2206 deprehen-

161 2224 234 2246 ctnm
259 2222 302 2246 est
317 2218 431 2245 seorsim
448 2217 565 2251 positum
582 2216 650 2252 (66),
673 2221 700 2243 et
716 2217 751 2243 ab
772 2217 834 2244 aliis
852 2222 945 2252 aperte

164 2265 330 2299 disjunctum
345 2268 372 2290 et
385 2266 539 2296 separatum
554 2267 606 2289 cst.
620 2261 677 2288 Non
695 2261 778 2297 igitur
794 2263 946 2298 suscipien-

160 2311 224 2336 dum
245 2313 286 2336 est
300 2311 362 2342 post
382 2314 475 2334 eorum
492 2314 553 2340 qua:
571 2306 788 2339 inquirebantur,
805 2308 944 2335 enodatio-

161 2362 236 2386 netn,
256 2358 315 2387 post
331 2353 495 2386 compositas
511 2360 565 2385 res,
579 2356 640 2386 post
652 2351 732 2378 ﬁnem
749 2353 863 2387 denique
878 2361 943 2381 eon-

140 2402 143 2404 ”
162 2401 228 2431 cilii,
252 2398 311 2433 pest
334 2399 379 2424 illa
397 2405 456 2432 qua:
472 2398 497 2424 in
514 2397 566 2424 ﬁne
583 2397 746 2433 synodorum
763 2399 860 2434 apponi
875 2407 943 2427 con-

162 2450 322 2476 sueverunt,
346 2451 454 2471 rursum
478 2443 537 2470 illos
555 2449 649 2478 putare
673 2444 706 2471 de
727 2444 769 2472 his
794 2453 873 2480 agere
889 2454 944 2474 cce-

188 2504 254 2540 ,(64)
271 2503 508 2540 commentarium
517 2511 564 2531 seu
575 2503 819 2540 commonitorium
833 2505 883 2531 hoc
896 2505 944 2532 ha-

157 2537 209 2569 bes
223 2540 292 2572 apud
308 2539 451 2566 Barottium
460 2538 522 2570 879,
532 2547 560 2566 ιι.
568 2538 613 2571 47,
623 2539 667 2565 sed
679 2537 804 2565 falsatum
814 2547 827 2565 a
837 2540 944 2568 Pbotio.

197 2575 253 2609 (65)
267 2574 372 2608 Aliquid
384 2580 473 2601 actum
486 2574 582 2601 essein
615 2574 664 2601 hac
686 2573 890 2609 pseudosyuodo
914 2576 946 2603 de

162 2610 210 2637 illa
220 2610 358 2636 additione
368 2609 499 2644 Filioque,
513 2609 620 2635 lraduttt
637 2608 942 2644 recentioresscbisma-

164 2645 207 2671 tici
225 2644 323 2676 Graeci,
337 2642 650 2678 quietiammentiuntur
671 2642 816 2678 Joan.Vlll
846 2644 942 2677 pontii.

151 2677 389 2711 -consensisse,iut
408 2679 472 2705 illud
485 2677 603 2712 Filioque
616 2686 649 2705 ex
664 2677 792 2714 Sytubolo
805 2686 942 2714 expunge-

163 2720 247 2740 retur.
265 2715 373 2749 Aliquid
389 2719 462 2740 certe
475 2714 506 2740 de
518 2715 568 2749 hac
583 2713 720 2749 adtlitioue
734 2713 822 2749 fuisse
841 2713 942 2747 actum,

164 2749 241 2776 testis
254 2755 296 2776 est
317 2747 400 2776 ‘scxta
411 2749 497 2775 sessio
527 2748 599 2774 illius
627 2747 701 2774 falsae
728 2748 839 2783 synodi.
864 2749 942 2783 cujus

160 2789 297 2811 summam
314 2785 408 2811 recitat
419 2783 560 2814 Barunins,
577 2791 647 2809 anno
668 2782 767 2809 Christi
794 2782 855 2809 879.
886 2784 940 2810 Msi

159 2818 253 2847 ἀξίαν-ε
264 2820 387 2852 velimus,
403 2820 472 2853 quod
487 2818 594 2852 quidam
607 2817 677 2845 haud
689 2824 787 2845 temere
800 2818 941 2854 suspican-

994 2219 1039 2246 det
1062 2225 1122 2246 csse
1145 2217 1326 2252 separationis
1355 2223 1476 2243 causam.
1496 2215 1554 2243 Jatn
1580 2217 1652 2244 enim
1676 2217 1775 2244 dudtun

994 2262 1142 2291 assuefacti
1166 2262 1259 2297 jttguttt
1282 2261 1444 2289 obedientitn
1459 2266 1600 2293 excutere,
1621 2261 1708 2289 locum
1724 2262 1774 2289 sibi

994 2309 1168 2343 dignitatum,
1201 2312 1227 2334 et
1261 2308 1429 2334 excellentiae
1460 2307 1598 2334 nominum
1632 2308 1666 2334 ab
1698 2307 1777 2334 initio

994 2355 1150 2383 schismatis
1167 2346 1195 2380 lii
1212 2353 1256 2388 qui
1277 2357 1425 2388 praeerant,
1443 2356 1618 2387 aperuerunt,
1635 2352 1776 2380 honestate

993 2401 1133 2428 nomintnn
1155 2400 1336 2428 sacerdotium
1358 2407 1435 2426 suum
1455 2406 1553 2426 ornare
1569 2399 1775 2426 contendentes.

998 2446 1075 2475 Alius
1093 2446 1164 2472 enim
1187 2444 1359 2471 uniuersalem
1383 2443 1563 2476 patriam/tam
1586 2443 1704 2478 seipsutu
1732 2450 1778 2477 ap-

996 2510 1050 2538 tur,
1064 2509 1147 2532 totam
1164 2503 1236 2530 hanc
1251 2501 1382 2538 synodum
1397 2501 1478 2528 fuisse
1494 2501 1580 2538 Photii
1593 2504 1774 2538 commentum

995 2535 1134 2573 nunquam
1151 2538 1243 2573 nisiriu
1259 2535 1374 2564 cerebro
1390 2537 1461 2573 pejus
1488 2535 1665 2562 celebratam.
1691 2535 1777 2562 Aliter

996 2572 1083 2602 tamen
1098 2574 1179 2600 sentit
1196 2572 1304 2602 Calcca.
1321 2576 1351 2598 ut
1370 2572 1456 2598 vides.

1030 2609 1086 2645 (66)
1099 2608 1154 2634 Non
1167 2612 1208 2634 est
1232 2607 1265 2645 de
1294 2605 1551 2645 hislaborandmn.
1575 2603 1702 2645 _Synodus
1720 2605 1776 2632 haec

996 2640 1044 2671 fuit
1060 2640 1294 2677 paeutlosynodus.
1308 2640 1415 2677 Calcca_
1431 2641 1559 2677 nonsatis
1573 2641 1642 2677 bene
1674 2641 1775 2677 instru-

994 2675 1298 2712 ctus‘pseudmyuodum
1309 2683 1357 2710 pro
1367 2675 1485 2710 legitima
1500 2675 1605 2709 habuit,
1619 2675 1688 2709 quod
1704 2675 1775 2701 ntul-

994 2714 1027 2741 tis
1047 2713 1105 2740 aliis
1121 2714 1220 2738 evertit.

1028 2749 1083 2783 (67)
1101 2746 1217 2783 Vulpin
1230 2753 1314 2773 more.

1028 2779 1083 2817 (68)
1102 2779 1160 2808 lloc
1171 2782 1270 2817 factmu
1287 2787 1327 2809 est
1341 2787 1461 2817 tempore
1475 2779 1626 2813 Lconile,
1644 2780 1714 2808 circa
1727 2786 1775 2805 an-

993 2826 1054 2846 num
1067 2817 1165 2844 Christi
1184 2816 1261 2843 1055.
