1960 3063
184 148 240 180 909

737 152 937 183 ADVERSUS
956 153 1113 183 GRAECOS
1132 153 1207 184 LIB.
1230 155 1281 186 ιν.

1740 158 1744 163 ”
1759 159 1820 193 210

186 206 311 241 petlavit,
331 206 402 240 quod
419 209 484 234 ante
503 206 661 236 schismatis
675 211 798 244 tempora
814 213 974 237 consuetum
992 210 1011 236 Α
1026 216 1130 241 sumus,
1159 210 1322 246 virtutisque
1349 211 1419 238 viam
1442 211 1475 239 ad
1503 212 1588 240 Deum
1618 214 1812 248 perduccntem

187 260 241 279 non
252 256 311 280 erat
321 251 388 287 (69).
396 251 471 280 Alius
480 260 508 280 se
519 254 606 288 ipsum
615 255 813 291 orbisjudicem
823 256 974 283 constituit.

187 298 268 326 Alius
287 299 381 326 tertius
404 300 522 327 decimus
547 302 681 336 aportolus
701 303 792 330 vocari
808 303 975 337 concupivit.

189 345 224 372 Et
248 349 323 373 certe
350 345 471 381 antiquis
493 347 645 376 suﬂiciebat
668 349 812 385 episcopos
843 357 874 378 se
903 351 976 384 ipsos

187 390 361 418 solummodo
387 399 484 419 vocare
503 400 510 420 :
526 400 593 427 quos
615 394 643 422 hi
665 397 760 427 etiam,
776 395 822 430 qui
838 396 889 423 sub
910 396 976 430 ipsis

188 441 280 476 erant,
297 437 445 469 imitantes,
460 445 512 465 non
537 440 715 473 perstiterunt
732 440 758 468 in
784 441 891 468 traditis
906 442 980 468 antis

186 483 279 517 quitus
303 483 337 511 ab
363 484 483 511 Ecclesia
508 485 676 521 nominibus,
700 487 899 522 quamdamque
923 487 976 515 sibi

187 529 334 564 superbam
350 529 510 565 dignitatem
536 531 635 566 singuli
650 533 839 568 excogitantes
856 533 978 561 subscri-

187 575 327 610 ptionibus
349 575 452 604 addunt
480 585 487 604 :
511 577 575 604 dum
596 577 642 605 alii
665 586 695 606 se
713 586 882 612 praseuores
907 580 975 614 (70),

187 621 233 648 alii
261 621 351 652 ducet,
375 626 548 657 prwceptorea
571 623 629 657 alii,
653 624 698 652 alii
723 625 866 660 primarios
891 626 976 653 ascri-

188 668 256 694 bunt
281 667 351 702 (7i),
366 668 559 696 documentum
583 669 705 705 profecto
729 671 854 706 ingenitae
876 671 925 699 sibi
945 679 977 699 ac

188 712 300 747 penitus
315 713 403 741 insitae
414 714 545 742 vanitatis
558 721 613 749 prae
628 723 657 743 se
672 715 792 743 ferentes
809 725 817 743 :
835 724 883 751 per
896 725 975 752 quam

188 769 242 789 non
269 761 358 789 solum
384 761 513 790 Romanae
535 763 592 790 sedi
620 763 751 791 honorem
779 764 899 792 debitum
923 773 976 792 non

189 808 314 840 reddere.
333 808 381 836 sed
407 809 460 844 ipsi
478 816 586 844 quoque
612 817 643 837 se
665 809 794 844 praeferre
821 811 975 845 cupiebant,

187 861 356 889 prorsusquc
380 854 505 882 omnibus
528 862 656 890 praeesse.
682 855 717 883 Ut
733 856 805 883 enim
831 856 882 883 sibi
909 856 975 891 ipsis

187 900 370 935 indulgentes.
390 899 510 935 reliquos
528 901 584 935 jam
597 901 673 929 licito
694 902 835 936 increpare
851 902 976 930 videren-

191 951 253 980 tur,
266 954 320 973 non
335 946 515 981 adjectionem
531 947 630 985 solam,
648 947 695 976 sed
709 947 778 976 alias
792 956 901 984 quoque
914 948 976 984 plu-

189 993 273 1020 rimas
288 1000 385 1020 causas
397 993 570 1020 invenerunt.

224 1037 304 1070 Nam,
329 1045 392 1065 cum
408 1038 492 1066 semel
510 1039 641 1068 adversus
656 1039 803 1068 Occiduam
824 1040 975 1070 Ecclesiam

187 1084 222 1111 de
234 1084 353 1119 primatu
372 1083 538 1111 contendere
552 1084 723 1117 statuissent,
741 1084 853 1119 ipsaque
864 1090 977 1113 conten-

187 1131 226 1157 tio
250 1129 351 1157 sensim
377 1128 404 1155 in
424 1129 543 1163 ipsorum
568 1129 711 1156 animabus
730 1129 823 1156 odium
841 1130 975 1165 gigneret,

187 1176 301 1210 suisque
314 1175 464 1210 gratiﬁcari
480 1175 610 1207 volentes,
629 1178 660 1202 ut
676 1175 721 1210 qui
747 1180 858 1210 possent
872 1176 977 1210 gratiﬁ-

188 1222 315 1250 cantibus
328 1221 517 1255 regratilicari,
532 1222 610 1256 proni
630 1227 657 1249 ct
676 1221 770 1250 faciles
785 1223 818 1249 ad
833 1222 976 1251 maledicta

187 1273 217 1296 et
231 1268 349 1296 erimina
365 1266 494 1300 fuerunt;
517 1271 545 1294 et
567 1267 611 1294 ille
636 1267 757 1302 sapiens,
778 1267 823 1295 ille
845 1268 976 1302 optimus,

188 1315 235 1343 ille
259 1313 367 1342 cunctis
382 1317 511 1348 prrcstare
528 1312 681 1346 videbatur,
707 1313 753 1347 qui
779 1318 874 1341 contra
897 1313 977 1341 Occi-

189 1362 271 1389 duam
293 1359 444 1388 Ecclesiam
462 1363 554 1394 posset
576 1359 676 1394 aliquid
701 1358 880 1386 convitiorum
902 1359 979 1392 jacu-

189 1406 239 1434 .ari
254 1405 324 1441 (72).
339 1405 407 1433 Cum
430 1405 504 1432 enim
529 1404 619 1432 nullus
639 1409 721 1437 esset,
745 1405 791 1440 qui
814 1405 976 1440 corriperet,

189 1452 260 1479 alius
279 1451 388 1486 quidem
411 1450 511 1482 zelum,
527 1449 575 1477 sed
593 1457 647 1477 non
662 1451 811 1477 secundum
832 1451 977 1478 scientiam

191 1497 310 1529 habens;
339 1495 409 1523 alius
435 1502 499 1522 vero
528 1495 740 1530 praesumptione
768 1496 976 1524 consuetudinis

1027 254 1133 290 edocti;
1161 265 1192 285 ac
1220 266 1268 293 per
1294 259 1460 287 voluntatem
1483 261 1528 288 Dei
1555 261 1666 295 bonam,
1691 268 1717 290 et
1743 263 1814 292 bene

1027 303 1190 336 placentem,
1203 304 1304 331 inimici
1323 312 1382 332 cum
1395 313 1517 333 essemus
1532 306 1630 340 Patris,
1646 310 1812 336 reconciliati

1027 348 1051 374 ei
1065 355 1175 382 suums;
1194 350 1244 378 huc
1264 350 1393 384 denique,
1410 351 1435 378 id
1452 353 1523 386 quod
1545 353 1680 386 sequitur,
1701 353 1814 390 intelligi

1027 393 1083 420 vult
1099 393 1169 421 :Per
1179 403 1217 421 me
1225 396 1315 430 siquis
1332 397 1473 430 introierit,
1485 397 1664 424 salvabitnret
1680 399 1814 433 ingredie-

1026 443 1077 468 tur.
1096 444 1118 465 et
1133 440 1290 473 egredietur,
1304 445 1328 467 et
1341 449 1439 475 pascua
1454 442 1565 469 inueniet
1578 443 1611 474 ’1,
1630 444 1676 470 Dei
1691 449 1815 470 contem-

1025 482 1184 516 plationem,
1208 484 1394 519 ccelorumque
1425 493 1548 521 regnum.
1573 487 1607 514 ad
1636 489 1706 522 quod
1735 489 1814 516 aliter

1027 527 1129 562 ingredi
1148 536 1200 556 non
1213 537 1358 563 possumus
1370 531 1424 559 nisi
1434 539 1481 566 per
1491 532 1666 568 Evangelium
1677 538 1704 560 et
1713 533 1814 562 Christi

1028 573 1167 607 mysteria.

1061 618 1234 655 Metropolita
1254 628 1318 649 vero
1337 622 1524 650 Methonensis
1539 623 1595 658 (7b)
1621 632 1736 659 arguens
1753 633 1762 652 :
1785 625 1814 653 Si

1027 663 1156 698 Spiritus,
1173 666 1269 700 inquit,
1286 672 1395 694 sanctus
1414 672 1484 695 esset
1502 676 1534 695 ea:
1554 668 1639 701 Filio,
1664 677 1716 696 non
1737 678 1817 704 super.

1026 718 1084 738 eum
1108 711 1270 744 baptizatum
1287 721 1303 740 a
1328 714 1496 749 cie/olapsus
1522 720 1587 742 esset
1605 723 1614 741 :
1642 716 1771 750 ignorans
1788 721 1815 744 ct

1026 755 1094 789 ipse,
1127 758 1199 792 quod
1235 766 1348 794 magnus
1381 760 1421 787 ait
1449 761 1630 794 Athanasius,
1665 762 1735 797 quia
1762 763 1816 797 ipse

1026 802 1110 836 ipsum
1134 804 1255 839 desuper,
1283 810 1311 832 ut
1337 805 1426 840 Deus,
1454 807 1535 834 mittit
1562 814 1572 835 :
1602 811 1627 834 et
1652 807 1705 841 ipse
1730 808 1817 840 ipsum

1026 849 1099 884 infra
1129 855 1158 877 ut
1181 850 1268 878 homo.
1287 851 1325 878 Ex
1351 852 1410 887 ipso
1428 852 1510 887 igitur
1535 853 1561 881 in
1589 853 1676 888 ipsum
1703 855 1817 882 descen-

1028 895 1067 923 dit
1083 903 1091 922 :
1112 903 1143 924 ex
1160 896 1267 925 Deitate
1284 898 1343 931 ejus
1371 898 1475 927 scilicet
1504 899 1532 927 in
1557 899 1643 935 ipsius
1661 901 1818 928 humanitao

1026 942 1094 969 tem.

1061 988 1115 1016 Alii
1134 997 1207 1023 vero,
1222 991 1267 1025 qui
1291 991 1450 1020 subtiliores
1465 999 1526 1020 esse
1541 992 1694 1026 voluerunt,
1715 994 1815 1022 aiunt:

1027 1034 1153 1067 Spiritum
1180 1042 1302 1064 sanatum
1331 1046 1383 1065 non
1413 1038 1440 1065 in
1471 1039 1599 1067 columbae
1627 1041 1711 1072 specie
1737 1048 1818 1075 super

1026 1079 1118 1107 Iesum
1133 1081 1296 1116 baptizatum
1312 1083 1489 1116 descendisse,
1506 1084 1552 1111 sed
1576 1085 1662 1118 ipsum
1687 1085 1754 1112 illud
1771 1095 1817 1112 ιιο-

1026 1127 1109 1159 latt’le,
1131 1128 1260 1156 columth
1281 1129 1393 1164 speciem
1406 1130 1491 1157 visam
1510 1131 1677 1159 sensibilibus
1691 1132 1774 1160 oculis
1790 1134 1818 1159 in

1027 1174 1111 1207 specie
1125 1173 1253 1205 sensibili,
1267 1175 1337 1208 quod
1350 1174 1386 1201 ad
1400 1175 1591 1203 insinuandam
1608 1177 1821 1211 dispensationis

1027 1218 1160 1245 ueritatem
1178 1219 1306 1246 indicium
1332 1221 1418 1247 sancti
1444 1219 1561 1256 Spiritus
1585 1221 1657 1256 fuit;
1685 1222 1816 1257 Spiritum

1027 1270 1149 1292 Sanctum
1166 1273 1217 1292 non
1236 1266 1322 1300 ipsius
1340 1265 1456 1300 Spiritus
1474 1267 1687 1301 signiﬁcativum
1705 1276 1817 1296 asseve-

1028 1315 1100 1337 rant.
1112 1310 1179 1343 Quia
1195 1311 1267 1338 enim
1283 1311 1402 1338 sensibili
1421 1312 1512 1347 specie
1527 1313 1685 1347 apparuerit
1699 1314 1817 1349 Spiritus

1030 1361 1143 1383 sanctus
1168 1360 1195 1384 et
1222 1356 1435 1392 Chrysostomus
1457 1364 1539 1393 super
1552 1357 1684 1386 Joannem
1706 1363 1817 1387 attesta-

1027 1407 1081 1428 tur.

1065 1447 1143 1475 Alius
1161 1454 1225 1475 vero
1249 1447 1404 1482 patriarcha
1422 1457 1429 1476 :
1453 1447 1531 1476 Nihil
1548 1449 1588 1477 ait
1604 1458 1660 1477 esse
1684 1451 1817 1483 mirabile,

1027 1493 1050 1520 si
1067 1494 1138 1528 apud
1158 1502 1249 1522 sacras
1263 1494 1388 1527 Litteras,
1410 1495 1580 1532 doctoresque
1605 1505 1695 1525 sacros
1712 1499 1818 1525 dicatur

190 1543 336 1574 inductus;
362 1541 431 1568 alius
449 1541 580 1576 magister
601 1540 636 1568 ab
650 1541 712 1568 aliis
739 1541 828 1568 vocari
850 1541 974 1576 cupiens,
988 1547 1009 1577 (ξ
1029 1539 1115 1566 Filius
1134 1539 1230 1567 habere
1245 1535 1521 1575 Spiritum-sanctum,
1541 1544 1605 1576 quia
1628 1543 1697 1570 hunc
1723 1550 1748 1571 et
1766 1545 1815 1572 Dei

189 1593 218 1616 et
233 1587 367 1622 superbiae
383 1587 449 1614 vitio
464 1588 600 1620 caecatus;
628 1586 707 1618 alius,
726 1591 755 1613 ut
775 1587 817 1614 vel
834 1588 976 1622 praesentis

189 1633 329 1669 dignitatis
353 1633 463 1667 praemia
489 1637 698 1667 compensaret,
731 1633 772 1660 Vel
798 1641 895 1660 novam
923 1634 976 1662 sibi

189 1683 343 1714 quaereret;
360 1679 442 1710 alius.
456 1686 548 1706 veram
567 1678 676 1713 quidem
689 1679 843 1713 opinionem
861 1679 975 1714 habens,

188 1726 237 1753 sed
263 1725 375 1759 tempori
403 1723 558 1759 indulgens,
587 1729 737 1760 contraque
769 1732 801 1752 ac
829 1726 975 1759 sentiebat,

189 1771 342 1806 proferens,
355 1777 415 1797 cum
432 1769 499 1796 alius
519 1769 572 1797 sibi
596 1774 655 1797 tuto
672 1771 762 1797 vivere
781 1770 892 1798 minime
908 1771 976 1798 lice-

190 1821 240 1849 ret,
258 1823 289 1843 ac
313 1823 347 1842 ne
374 1814 497 1850 plurimis
525 1814 627 1849 probro
644 1819 734 1848 esset,
760 1819 787 1842 et
802 1816 975 1844 contumeliis

190 1867 273 1897 atque
297 1861 407 1897 injuriis
425 1861 586 1893 abiceretur.
614 1861 747 1896 bonisque
771 1861 828 1889 suis
845 1862 897 1889 frui
923 1871 974 1890 non

191 1909 341 1944 permissus
365 1912 442 1935 extra
473 1907 641 1942 Synagogam
670 1907 757 1939 ﬁeret,
787 1915 836 1942 per
863 1909 975 1937 multam

190 1955 328 1982 licentiam
353 1962 385 1982 ac
403 1954 572 1986 facilitatem,
588 1953 685 1988 singuli
710 1954 918 1989 irrationabilia,
934 1956 976 1984 vel

189 2001 282 2035 iniqua
300 2004 327 2027 et
344 2000 477 2033 scribunt,
491 2004 519 2026 et
536 1999 639 2026 dicunt.

224 2048 313 2080 Atque
328 2045 445 2073 Nicenus
457 2045 567 2080 quidem
581 2045 737 2072 Eustratius
749 2045 805 2081 (75)
818 2054 865 2079 per
878 2046 975 2074 Filium

190 2092 338 2128 procedere
365 2091 438 2126 quod
467 2091 566 2118 dicitur
593 2098 755 2126 exponens:
786 2091 862 2119 Sicut
888 2093 976 2127 prodit

189 2138 267 2165 homo
281 2137 459 2172 perjanuam,
470 2137 548 2169 dixit,
561 2135 760 2171 Dominumque
774 2138 868 2165 citavit
880 2143 975 2166 testem

190 2185 325 2212 dicentem
342 2192 349 2210 :
366 2183 422 2218 Ego
440 2191 498 2209 sum
523 2183 609 2218 janua
627 2190 637 2210 :
663 2182 793 2218 ignorans
815 2183 877 2218 quia
892 2184 974 2219 janua

189 2229 337 2257 serundum
363 2229 509 2260 hominem,
527 2227 658 2255 Dominus
673 2228 754 2255 etiam
766 2229 914 2255 secundum
928 2237 976 2256 nos

189 2275 278 2302 dictus
295 2280 338 2302 est
355 2283 361 2301 :
382 2273 457 2301 Unus
485 2274 555 2301 enim
571 2274 702 2301 mediator
723 2273 771 2301 Dei
791 2279 815 2301 et
842 2274 976 2301 hominum

189 2326 239 2354 est,
254 2324 283 2347 ut
302 2321 340 2347 ait
362 2319 507 2354 Apostolus
526 2319 564 2352 ¹⁹;
591 2324 618 2346 et
635 2328 641 2346 :
662 2319 713 2346 Per
728 2319 815 2353 ipsum
841 2327 977 2346 accenum

190 2367 316 2394 habemus
328 2367 371 2399 “;
385 2366 447 2399 quia
470 2373 519 2400 per
534 2365 619 2400 ipsius
632 2365 803 2392 divinitatem
827 2370 854 2392 et
876 2365 978 2392 huma-

191 2413 316 2445 nitatem,
335 2419 390 2440 ιιιιο
407 2412 460 2440 Dco
472 2411 575 2446 agnito,
591 2418 685 2439 errore
708 2411 843 2439 idolorutn
868 2411 977 2439 liberati

227 2527 249 2544 "
267 2527 278 2555 ι
295 2527 408 2559 'l'im.n.
423 2526 451 2554 5.
488 2527 511 2543 ὀ
527 2526 629 2562 Ephes.
644 2534 676 2561 ιι,
690 2527 735 2563 18.
774 2528 796 2544 ’⁸
818 2527 899 2557 Joan.
926 2535 956 2562 x,
974 2527 1001 2554 9.

229 2622 285 2657 (69)
300 2621 424 2656 lmojam
440 2625 560 2656 tempore
583 2622 707 2656 Gregorii
722 2622 811 2658 Magni
827 2625 899 2651 hunc
914 2622 978 2658 titu-

191 2659 246 2686 lum
265 2658 314 2684 sibi
324 2664 454 2692 arrogarc
464 2662 614 2692 coeperunt.
872 2658 876 2664 '

228 2693 288 2730 (7o),
310 2692 639 2730 Hltnt:_litttlttt_n_usurpal
656 2692 849 2722 schismaticus
862 2694 978 2730 patriar-

192 2727 242 2756 cha
259 2727 457 2755 Alexandrinus
473 2727 606 2755 Meletius.

229 2763 285 2798 (7t)
307 2763 343 2790 De
354 2763 511 2789 vanitatein
529 2763 614 2798 titulis
631 2764 814 2792 recentiorum
835 2764 978 2798 episcopo-

194 2797 253 2825 rum
264 2797 386 2827 Graeciae.
404 2797 512 2824 Consule
525 2797 716 2832 Curopalalam
745 2799 782 2827 De
795 2797 891 2827 ofﬁciis
912 2797 979 2826 aula:

194 2833 342 2869 (Ipolitanae
356 2833 388 2859 ad
405 2831 483 2869 cujus
495 2831 745 2869 calcem'inttjgrum
758 2835 910 2869 catalogum
939 2835 994 2863 in-’

196 2868 299 2901 venies,
312 2875 367 2903 quo
381 2867 495 2902 quisque
505 2867 581 2895 titulo
596 2867 753 2897 allicicndus
767 2870 812 2897 sit.

993 2213 1015 2241 D

1029 1583 1149 1612 Genitria:
1168 1585 1271 1618 habuit,
1297 1590 1322 1613 et
1345 1591 1498 1614 mactarunt
1521 1588 1621 1624 singuli
1641 1597 1651 1617 :
1674 1590 1732 1617 vult
1755 1592 1817 1622 iste.

1028 1633 1258 1666 quemadmodum
1287 1633 1374 1660 sancti
1402 1633 1568 1668 habuerunt,
1594 1635 1631 1663 ita
1655 1642 1682 1664 et
1712 1637 1813 1665 Filium

1027 1677 1076 1705 Dei
1112 1678 1229 1705 habere»
1250 1678 1383 1714 Spiritum
1419 1684 1556 1708 sanctum.
1593 1681 1631 1708 lta
1666 1682 1816 1710 secundum

1027 1723 1265 1759 participationem
1292 1724 1366 1752 illum
1397 1725 1498 1754 habere
1523 1725 1654 1762 Spiritum
1686 1727 1816 1763 blasphe«

1029 1774 1097 1796 mat.
1146 1804 1150 1807 ν

1064 1815 1091 1842 ln
1115 1814 1343 1850 disputationibus
1356 1823 1421 1844 vero
1439 1821 1466 1845 et
1490 1817 1540 1845 hoc
1556 1818 1677 1846 nonnulli
1690 1820 1817 1856 blasphe-

1028 1867 1134 1891 mantes
1152 1863 1261 1890 dicunt:
1282 1864 1352 1897 Quia
1369 1864 1530 1899 impossibile
1544 1870 1594 1896 est.
1616 1873 1648 1892 ex
1668 1865 1736 1894 Filio
1761 1875 1817 1894 esse

1028 1907 1156 1943 Spiritum
1169 1912 1302 1940 sanctum,
1315 1916 1367 1943 quo
1388 1906 1477 1935 Filius
1503 1909 1636 1941 posterior
1662 1915 1711 1938 est.
1750 1910 1816 1938 Erat

1026 1954 1107 1985 enim,
1125 1953 1230 1988 quando
1246 1961 1296 1980 non
1308 1957 1365 1980 erat
1395 1961 1427 1981 ea:
1454 1953 1533 1981 beata
1567 1954 1674 1990 Virgine
1700 1957 1815 1991 genitus.

1027 2000 1080 2026 Aut
1095 1999 1167 2026 enim
1182 2003 1211 2026 ut
1223 2003 1316 2034 aperte
1331 1998 1487 2032 conjicitur,
1505 2004 1635 2027 retentam
1661 2000 1724 2028 Filii
1750 2002 1817 2028 nali-

1027 2045 1138 2072 vitatem
1148 2050 1255 2080 negant,
1273 2042 1449 2078 temporalem
1462 2045 1502 2072 illi
1513 2045 1596 2072 solam
1613 2047 1792 2075 attribuentes
1808 2056 1815 2074 :

1027 2095 1075 2118 aut
1094 2094 1262 2125 assumptam
1291 2090 1471 2117 conditionem
1491 2091 1666 2118 humanitatis
1681 2091 1709 2119 in
1726 2091 1816 2118 Deita-

1028 2141 1081 2164 tem
1098 2135 1256 2165 translatam
1271 2136 1459 2165 arbitrantur:
1481 2140 1528 2163 aut
1539 2144 1586 2164 eos
1600 2133 1651 2171 'qui
1685 2145 1717 2165 ex
1747 2137 1819 2165 Filio

1028 2181 1159 2217 Spiritum
1173 2186 1295 2209 sanctum
1326 2182 1472 2217 procedere
1499 2182 1673 2216 confitentur,
1708 2188 1816 2218 putant,

1030 2235 1062 2256 ex
1079 2228 1182 2255 Christi
1201 2227 1368 2256 humanitate
1386 2228 1542 2263 procedere,
1556 2235 1688 2258 asserere.

1065 2273 1181 2309 Quidam
1195 2280 1269 2306 vero,
1282 2273 1330 2308 qui
1351 2281 1465 2308 magnus
1487 2273 1514 2300 in
1541 2274 1683 2308 sapientiae
1708 2274 1818 2302 nomino

1030 2320 1139 2347 habitus
1154 2323 1206 2352 est,
1219 2327 1263 2352 ue,
1279 2320 1302 2347 si
1317 2320 1455 2355 apostolus
1473 2320 1583 2355 quidem
1598 2320 1692 2348 Petrus
1705 2321 1816 2352 diceret,

1030 2366 1113 2393 etiam
1128 2372 1161 2392 ex
1179 2365 1247 2392 Filio
1271 2372 1333 2393 esse
1349 2366 1480 2401 Spiritum
1493 2371 1629 2399 sanctum,
1658 2373 1687 2394 se
1700 2367 1820 2394 creditu-

1032 2418 1090 2438 rum
1115 2411 1291 2439 asseveravit.

1068 2622 1125 2657 (72)
1136 2620 1226 2648 [labes
1236 2619 1279 2648 hic
1295 2626 1387 2647 veram
1404 2619 1549 2655 imaginem
1561 2626 1656 2648 eorum
1682 2619 1728 2655 qui
1744 2627 1818 2647 nune

1030 2657 1182 2686 Ecclesiam
1196 2659 1366 2690 oppugnant.

1067 2693 1122 2727 (73)
1138 2689 1436 2727 Eustratiuerie'enus
1459 2689 1644 2727 metropolita,
1657 2689 1736 2727 cujus
1756 2696 1815 2727 _t-x_-

1032 2724 1105 2756 sta'nt
1113 2726 1302 2754 commentarii
1317 2726 1342 2752 in
1359 2733 1378 2753 ιι
1392 2725 1488 2753 librum
1498 2726 1681 2760 posteriorum
1695 2724 1817 2759 Analyti-

1031 2761 1304 2799 (τοινιιιιιιλιςίιιιιπητιίξιΖ
1335 2795 1342 2799 ⁵
1441 2795 1448 2799 _
1480 2795 1487 2799 _
1534 2795 1577 2799 ’ἓ
1773 2793 1779 2799 .

1068 2798 1125 2833 (74)
1144 2797 1268 2823 Nicotaus
1280 2795 1506 2833 Methonensis‘in
1533 2795 1711 2833 Peloponfso,
1736 2795 1815 2833 cujus

1030 2829 1190 2868 argumenta
1201 2836 1295 2868 contra
1312 2831 1423 2868 Latinos
1437 2830 1516 2857 solt-it
1539 2829 1616 2866 [Iugo
1639 2829 1816 2858 Athoriuuus

1034 2865 1124 2897 in'suo
1145 2873 1228 2902 opere
1245 2866 1376 2894 adversus
1394 2865 1512 2893 Graecos.
