1960 3063
150 147 198 180 2H

783 147 982 177 MANUELIS
997 147 1151 178 CALECrE

1721 149 1773 182 9.29.

186 205 273 238 Alius,
290 203 478 232 Occidclllnles
494 203 624 240 ευιρληενλ
635 205 697 240 quia
714 213 746 232 ’ξι
775 205 843 233 Filio
871 205 934 240 Spi-
950 209 971 237 Δ
987 208 1052 236 ﬁdes
1066 208 1233 243 reprobanda
1245 212 1299 241 est,
1327 212 1355 236 et
1370 207 1435 236 falsa
1453 208 1634 236 existimanda
1649 216 1658 236 :
1672 209 1775 243 alioqui

150 253 232 279 ritum
272 255 397 278 sanctum
427 251 574 286 procedere
604 251 740 278 fatentur:
779 250 935 286 Augustini:

152 298 308 332 quibusdam
336 297 496 332 infelicibus,
519 297 688 330 profanisque
709 297 894 333 Ilieronymis,
905 307 937 326 ac

150 345 291 372 tenebrosis
305 344 450 370 Ambrosii:
463 343 633 379 nitiait(75).
648 343 754 379 Ignorat
768 344 861 377 miser,
873 345 937 372 dum

153 392 201 420 ista
222 390 353 425 loquitur,
369 394 476 417 nostros
507 397 614 425 quoque
637 389 783 418 Orientalis
810 390 937 419 Ecclesia:

153 436 295 471 magistros
310 435 411 463 eisdem
426 442 456 463 se
468 434 626 462 criminibus
644 435 769 462 subdere.

185 494 237 528 Qui
255 501 318 522 vero
332 494 454 529 juniores
467 498 541 527 sunt,
558 493 639 521 etiam
655 493 687 521 es
701 494 812 521 mortuis
827 494 853 521 id
864 501 938 522 asse-

153 547 215 567 rere
228 544 372 568 conantur.
383 540 421 566 Ac
435 544 533 573 praeter
543 539 724 570 mendacium,
735 545 788 571 quo
800 544 937 573 asserunt,

154 586 327 621 Lngdunense
360 585 499 612 concilium
534 585 700 619 tyrannicum
734 585 824 618 fuisse,
855 585 937 619 ipsius

152 639 264 666 quoque,
284 631 328 666 qui
351 631 419 657 illud
430 631 565 665 confiat-it,
581 631 647 664 regis
665 629 720 665 (76)
736 630 858 663 cadaver,
871 630 938 657 inte-

152 684 239 712 grum,
256 681 284 704 ut
306 677 392 708 aiunt,
418 676 576 710 perdurons,
602 675 674 702 illius
696 676 791 702 animre
811 676 939 711 iniquita-

153 729 205 750 tem
221 723 391 754 annuntiare,
422 722 483 757 quia
509 721 659 756 hujusmodi
678 722 818 749 concilium
843 722 937 757 coegit,

155 773 305 796 autumant.
318 767 449 795 Sensibus
469 767 568 802 quippe
583 767 616 795 de
630 767 682 795 ﬁde
701 767 834 802 iudicant.
862 766 938 800 Quod

156 816 182 841 in
199 814 306 842 caeteris
323 814 473 842 sanctitatis
489 814 595 848 signum
625 814 802 846 arbitrantur,
832 813 884 840 hoc
911 814 938 840 in

155 861 254 895 quibus
270 860 321 895 ipsi
337 860 439 893 volunt,
450 860 578 887 indicium
602 859 781 888 damnat'onis
793 859 938 893 accipiunt,

157 905 235 938 quasi
251 904 305 932 Deo
320 911 369 939 pro
383 904 489 932 illorum
506 905 643 932 voluntate
657 904 832 932 decernente.
851 903 942 937 Quan-

157 958 238 984 quam
267 951 290 978 si
310 950 497 978 defunctorum
528 951 658 978 cadavera
677 949 787 977 minime
818 950 939 983 dissolvi,

159 995 287 1023 iudicium
315 996 470 1023 sanctitatis
502 996 680 1028 arbitrantur,
709 997 774 1032 quid
802 997 836 1025 de
866 997 940 1025 Petri

159 1041 288 1078 Paulique
316 1043 478 1078 corporibus
502 1043 600 1070 dicturi
628 1049 700 1077 sunt,
730 1050 942 1081 sanctorumque

160 1089 424 1124 plurititorunnquaa
438 1089 567 1117 dissoluta
584 1090 610 1117 in
633 1091 720 1118 frusta
743 1096 772 1118 et
800 1091 827 1118 in
854 1092 943 1126 pulve-

160 1143 215 1162 Iem
245 1135 328 1162 sunt?
352 1134 380 1163 Si
409 1133 500 1163 autem
530 1136 661 1164 dissoluta
692 1137 806 1172 plurima
827 1145 941 1173 corpora

158 1185 314 1208 sanctorum
330 1180 432 1214 vident,
449 1182 519 1209 unde
534 1190 565 1209 ea
584 1189 644 1217 qua:
661 1183 686 1210 id
706 1191 785 1218 passa
802 1191 856 1211 non
866 1188 940 1217 sunt,

159 1230 252 1254 sancta
269 1227 384 1261 probare
399 1228 541 1261 poterunt?
557 1228 624 1261 Quid
641 1234 730 1256 autem
743 1230 775 1256 de
790 1230 942 1258 infidelibus

159 1271 256 1299 dicturi
271 1276 344 1304 sunt,
358 1276 384 1300 et
397 1280 464 1308 quos
479 1273 528 1308 ipsi
552 1274 667 1308 publicis
695 1274 845 1303 maledictis
878 1276 943 1302 sub-

160 1316 242 1349 dunt;
274 1323 388 1350 quorum
420 1317 576 1352 incorrupta
618 1320 750 1345 cadavera
779 1319 943 1353 perdurant!

159 1361 245 1389 l’orro
257 1362 279 1389 si
297 1362 354 1390 haec
371 1363 552 1391 damnationis
569 1363 738 1391 arbitrantur
752 1365 840 1400 signa,
876 1372 943 1399 quo-

159 1407 241 1435 modo
256 1412 409 1435 sanctorum
426 1415 539 1443 corpora
566 1406 717 1436 honorant?

194 1463 247 1490 Sed
260 1459 437 1498 ista-quidem
454 1463 592 1491 hominum
612 1472 705 1491 eorum
719 1468 793 1498 sunt,
825 1465 881 1499 qui,
913 1468 942 1491 ut

160 1509 272 1543 intelligi
288 1510 377 1542 datur,
394 1517 476 1538 sensu
491 1510 594 1544 vivunt,
613 1516 639 1539 et
668 1511 746 1540 lldcm
779 1517 851 1540 tactu
868 1511 942 1539 colo-

160 1554 290 1589 ribusque
305 1555 474 1590 dignoscunt.
497 1555 525 1582 Si
541 1560 630 1583 autent
646 1564 678 1583 ea:
698 1557 827 1592 fructibus
851 1565 942 1585 eorum

159 1599 358 1634 dignoscendos,
378 1600 414 1626 ait
430 1599 559 1628 Dotuinus
571 1600 604 1634 “,
615 1600 719 1628 fructus
736 1605 825 1639 autem
840 1602 944 1636 primus

161 1646 260 1680 utique
277 1652 350 1678 vera,
371 1652 452 1680 quam
470 1647 503 1672 de
515 1645 570 1672 Deo
595 1646 686 1680 habet,
716 1646 808 1680 opinio
838 1650 890 1679 est,
916 1650 944 1674 et

161 1698 252 1725 opera,
270 1698 329 1726 quae
346 1691 406 1718 lidei
434 1687 701 1726 auperzédilicantur:
733 1692 858 1719 desinant
888 1696 945 1719 tan-

163 1739 223 1764 dem
239 1741 344 1764 tentare
359 1735 500 1764 Dominum
528 1737 623 1768 Deum,
640 1741 722 1770 atque
752 1745 784 1764 cx
811 1737 855 1765 his
885 1745 945 1772 quae

162 1787 226 1811 sunt.
242 1782 400 1815 materialia,
416 1787 443 1810 et
454 1783 522 1811 alias
549 1783 627 1811 aliter
645 1784 792 1811 secundum
813 1788 944 1819 tempora,

162 1835 317 1863 corporum,
334 1833 361 1856 et
374 1828 507 1862 locorutn,
525 1833 551 1856 et
563 1836 656 1856 rerum
668 1829 861 1865 dispositiones
877 1837 944 1857 con-

162 1875 278 1910 tingunt,
290 1881 383 1901 earum
399 1881 501 1908 rerum,
515 1882 575 1910 quae
589 1879 652 1902 sunt
677 1882 691 1901 a
709 1874 822 1902 materia
835 1879 946 1902 remotae

162 1920 323 1946 documenta
345 1927 452 1954 capere.

201 1976 301 2004 Deinde
316 1983 367 2003 non
381 1975 470 2003 omnis
485 1975 531 2010 qui
544 1983 611 2003 sana
625 1976 678 2004 lida
701 1981 753 2010 est,
779 1976 835 2012 jam
865 1977 946 2005 etiam

163 2025 284 2053 sanctus,
309 2025 336 2047 et
353 2023 449 2048 beatus
465 2026 526 2048 est:
544 2019 607 2047 Non
625 2021 693 2048 enim
725 2023 820 2054 omnia,
849 2022 947 2056 inquit,

162 2066 208 2099 qui
221 2065 286 2092 dicit
302 2066 385 2092 mihi:
400 2065 521 2098 Domine,
537 2065 656 2099 Domine,
673 2067 783 2094 intrabit
799 2068 826 2095 in
842 2076 948 2103 regnum

164 2113 286 2139 calorum
296 2111 328 2138 “.
341 2111 374 2139 Et
389 2121 397 2140 :
408 2111 485 2139 Multi
499 2112 585 2139 dicent
596 2113 658 2140 mihi
668 2113 695 2139 in
705 2113 747 2140 die
759 2113 816 2145 illa.
829 2113 948 2144 Domine.

165 2166 250 2186 nonne
263 2159 289 2185 iu
307 2160 410 2186 nomine
442 2163 487 2185 tuo
513 2159 734 2193 prop/rettulimus,
769 2165 793 2187 et
818 2160 949 2187 daemonia

957 888 978 916 Β

989 254 1068 283 fidem
1089 254 1172 282 solam
1183 255 1215 280 ad
1244 254 1357 282 salutem
1373 254 1496 282 sullicere
1513 254 1644 281 dicemus.
1674 253 1774 281 Verum

991 301 1069 328 ﬁdem
1085 301 1145 328 sine
1170 301 1298 335 operibus
1320 308 1381 328 esse
1398 305 1532 328 mortuam
1551 300 1714 327 audivimus.
1741 300 1776 327 At

990 354 1065 379 vero,
1080 353 1167 380 neque
1186 353 1232 373 rex
1254 346 1310 377 ille.
1331 346 1382 373 sub
1396 353 1449 380 quo
1464 346 1583 381 synodus
1612 349 1775 380 congregata

990 396 1042 424 est,
1058 391 1144 426 ipsius
1157 392 1268 419 omnino
1282 395 1376 419 auctor
1394 391 1454 418 l'uit.
1486 391 1566 423 Nam,
1597 391 1649 419 sub
1673 399 1706 418 eo
1729 391 1775 425 qui

991 443 1054 466 ante
1091 437 1165 465 illum
1199 442 1369 472 regnaverat,
1400 438 1512 466 collecta
1538 443 1592 470 est.
1616 446 1696 473 quam
1725 438 1778 465 iste

991 490 1100 518 compos
1122 490 1212 510 rerum
1231 482 1328 514 factus.
1346 483 1459 517 peregit.
1474 483 1573 510 Indicio
1589 483 1671 510 etiam
1697 483 1777 510 nobis

991 533 1055 555 sunt
1068 527 1212 563 Nicephori
1237 528 1398 564 Blemmydze
1417 529 1554 560 monachi,
1566 533 1594 555 et
1614 528 1777 562 presbyteri,

992 573 1068 608 cujus
1084 574 1111 601 in
1126 573 1198 601 omni
1217 574 1314 601 virtute
1328 579 1357 601 et
1382 574 1515 608 sapientia
1545 581 1642 600 nomen
1672 574 1779 608 insigne

991 622 1060 655 apud
1085 627 1180 647 onmes
1209 626 1269 652 est,
1296 620 1348 646 duo
1382 620 1415 646 ad
1439 619 1610 647 Theodorum
1637 619 1777 646 Lascarim

991 672 1081 699 regem
1096 666 1152 701 (77)
1164 665 1224 692 libri
1239 665 1273 692 de
1284 665 1386 700 Spiritu
1400 670 1493 693 sancto
1507 665 1664 700 conscripti,
1681 664 1779 699 quibus

993 710 1137 743 iudicatur,
1171 718 1203 738 ex
1228 710 1307 743 Filio,
1324 717 1350 738 et
1377 718 1424 745 per
1454 710 1553 738 Filium
1590 711 1776 739 substantiam

993 756 1105 790 habere,
1120 763 1136 784 a
1151 757 1255 785 sanctis
1278 756 1405 784 Patribus
1426 756 1566 784 traditum.

1027 811 1136 838 Addunt
1152 816 1295 846 praeterea,
1310 811 1354 846 qui
1375 812 1412 838 ita
1425 811 1555 843 sentiunt,
1581 811 1692 839 Nullum
1706 811 1779 846 apud

994 856 1112 889 Latinos,
1122 862 1179 889 post
1195 857 1309 884 acltisma
1323 857 1427 892 signum
1441 857 1524 892 fuisse
1534 856 1608 892 (78);
1622 857 1694 893 quod
1706 857 1779 885 enim

993 911 1045 930 non
1062 903 1177 936 videtur,
1196 910 1284 937 neque
1300 909 1361 930 esse
1386 907 1492 938 putant.
1520 902 1619 930 Volunt
1646 903 1719 930 enim
1745 910 1779 930 ex

992 949 1117 981 Thracia,
1128 956 1188 983 quae
1217 949 1243 976 in
1272 948 1357 980 ltalia,
1371 953 1399 976 et
1450 948 1607 981 Germania,
1633 947 1777 983 Hispania,

991 1000 1018 1022 et
1040 995 1066 1021 in
1079 994 1182 1026 Galliis.
1195 1001 1228 1022 ac
1241 993 1405 1022 Britannicis
1431 994 1527 1021 insulis
1546 999 1610 1021 sunt
1633 994 1777 1028 inspicere,

991 1040 1036 1068 ubi
1046 1044 1108 1074 post
1124 1039 1242 1067 schisma
1259 1039 1366 1074 plurimi
1383 1039 1539 1070 virtutibus,
1554 1043 1635 1074 atque
1648 1038 1779 1074 prodigiis

990 1085 1110 1120 insignes
1131 1085 1305 1113 Occidentem
1337 1085 1507 1113 illustrarunt
1524 1090 1621 1116 totum,
1643 1092 1696 1112 non
1713 1092 1772 1110 am-

991 1131 1077 1166 biguis
1095 1131 1267 1166 quibusdam,
1280 1135 1308 1158 et
1324 1131 1458 1163 obscuris,
1469 1131 1516 1158 sed
1533 1131 1624 1166 qualia
1639 1131 1673 1158 ab
1700 1138 1781 1165 apos-

991 1178 1066 1210 tolis,
1077 1185 1224 1212 eorumque
1235 1177 1439 1205 successoribus
1453 1178 1522 1204 facta
1536 1177 1661 1211 legimus.
1688 1176 1782 1209 Quan—

992 1232 1072 1260 quam
1089 1223 1139 1251 ista
1163 1224 1271 1258 quidem
1299 1224 1378 1251 modo
1409 1222 1571 1257 inquirenda
1596 1230 1649 1250 non
1680 1227 1779 1254 erant;

993 1277 1080 1303 neque
1099 1269 1363 1298 sanctilatisindiclo
1376 1269 1527 1297 sumenda:
1555 1269 1641 1304 Signa
1673 1269 1779 1304 quidem

994 1324 1045 1343 non
1063 1315 1194 1350 ﬁdelibus,
1212 1316 1257 1343 sed
1267 1315 1418 1349 inﬁdelibus
1429 1316 1469 1348 ἐς
1486 1320 1533 1343 et:
1553 1315 1643 1342 Nolite
1657 1317 1781 1350 gaudere,

992 1362 1054 1396 quia
1066 1361 1196 1388 daemonio
1212 1361 1284 1388 vobis
1304 1361 1409 1388 subdita
1422 1366 1503 1388 sunt:
1524 1361 1568 1388 sed
1584 1361 1706 1396 gaudete,
1717 1360 1781 1395 quia

992 1407 1100 1434 nomina
1114 1412 1200 1434 vestra
1215 1407 1315 1442 scripta
1337 1412 1397 1434 sunt
1426 1408 1453 1434 in
1465 1407 1536 1434 caelis
1546 1407 1584 1440 '°;
1598 1410 1635 1437 et.
1672 1413 1732 1442 qua:
1755 1406 1782 1434 in

994 1452 1064 1480 hanc
1090 1460 1145 1480 rem
1159 1460 1173 1480 a
1190 1453 1331 1480 Salvatore
1345 1453 1424 1480 dicta;
1440 1457 1503 1480 sunt
1517 1453 1670 1481 sententia.

1274 1510 1312 1537 De
1342 1509 1525 1537 Eucharistia.

956 1542 978 1571 α

1029 1566 1143 1600 Quidam
1160 1567 1241 1594 etiam
1267 1566 1402 1594 Dominici
1432 1567 1555 1601 corporis
1587 1572 1614 1594 et
1643 1567 1783 1601 sanguinis

995 1613 1151 1648 mysterium
1163 1620 1194 1640 ex
1212 1612 1266 1645 his,
1285 1620 1346 1646 qtue
1358 1613 1463 1645 dicunt,
1481 1613 1596 1641 tollunt:
1614 1612 1677 1640 Non
1698 1614 1780 1640 etiam

995 1660 1064 1694 apud
1083 1659 1266 1687 Occidentales
1299 1658 1461 1686 benedictum
1481 1667 1578 1694 aquam
1598 1659 1782 1693 incorruptam

994 1706 1092 1734 durare
1119 1707 1243 1738 dicentes,
1271 1706 1348 1740 idque
1374 1705 1481 1732 illorum
1507 1706 1632 1733 luereseos
1657 1706 1782 1733 indicium

996 1755 1129 1779 asserunt.
1154 1751 1281 1786 Ignorant
1306 1751 1377 1778 enim
1409 1751 1472 1785 quia
1497 1752 1655 1786 mysterium
1673 1751 1783 1786 quidem

997 1796 1060 1824 illud
1076 1796 1204 1824 omnibus
1226 1796 1252 1823 in
1275 1795 1377 1824 Christi
1395 1796 1515 1824 Ecclesia
1532 1797 1671 1832 mysteriis
1699 1797 1783 1823 mira-

996 1842 1076 1870 bilius
1091 1850 1122 1869 ac
1138 1842 1269 1874 sanctius,
1290 1841 1316 1868 in
1334 1849 1387 1877 quo
1400 1849 1459 1869 cum
1476 1841 1630 1870 accidentia
1666 1842 1692 1868 in
1717 1844 1781 1868 sub-

994 1888 1066 1924 jecta
1086 1887 1163 1922 panis
1179 1887 1332 1915 substantia
1359 1887 1557 1922 maneant(79).
1573 1894 1607 1914 eo
1622 1887 1693 1921 quod
1705 1886 1783 1920 quasi

997 1933 1048 1961 sub
1068 1932 1242 1960 sensibilibus
1258 1932 1417 1960 velamentis
1437 1932 1580 1959 traduntur
1608 1931 1686 1958 nobis
1705 1938 1784 1958 vene-

998 1979 1083 2005 randa
1099 1977 1238 2013 mysteria,
1265 1976 1416 2012 subjectum
1435 1976 1514 2012 partis
1544 1978 1569 2003 in
1602 1983 1702 2011 corpus
1734 1976 1785 2003 Do-

998 2026 1063 2054 mini
1088 2030 1219 2053 mutatur.
1243 2024 1299 2053 Hoc
1339 2030 1440 2058 autem,
1464 2024 1516 2052 nisi
1556 2025 1616 2060 quis
1650 2024 1780 2051 adhibeat

998 2078 1143 2107 congruam
1163 2070 1341 2106 diligentiam,
1356 2078 1467 2098 necesse
1477 2074 1529 2102 est,
1545 2077 1604 2104 qua:
1616 2069 1732 2097 subsunt
1757 2069 1783 2095 in

999 2117 1046 2144 illo
1060 2115 1220 2146 accidentia.
1242 2116 1313 2151 quod
1325 2123 1405 2143 suum
1418 2119 1470 2147 est,
1491 2114 1602 2142 faciant.
1626 2113 1695 2141 Num
1719 2121 1784 2148 ergo

999 2162 1070 2190 istud
1084 2170 1138 2190 non
1152 2161 1344 2189 arbitrabimur
1357 2161 1460 2189 Domini
1478 2168 1540 2189 esse
1567 2168 1685 2195 corpus,
1712 2160 1784 2194 quod

164 2205 295 2240 ejecimus,
309 2210 332 2232 et
349 2206 457 2232 virtutes
471 2206 566 2231 multos
589 2205 720 2240 fecimus?
742 2204 775 2232 Et
793 2205 950 2240 respondebo
965 2215 988 2244 ι)
1002 2207 1061 2242 ipse
1100 2214 1157 2234 suae
1189 2207 1319 2235 Ecclesia;
1356 2206 1487 2234 tradidit?
1530 2206 1552 2233 si
1582 2210 1672 2232 autem
1715 2205 1784 2231 istud

164 2252 212 2283 eis,
228 2250 290 2278 Non
307 2252 363 2277 novi
378 2259 439 2278 vos:
456 2250 581 2278 discedite
592 2259 608 2277 α
621 2259 671 2283 me,
692 2251 809 2285 operarii
824 2251 952 2286 iniquita—

166 2297 244 2324 tis".
272 2296 340 2329 Quid
370 2303 436 2331 ergo
463 2296 571 2329 mirum,
601 2296 623 2323 si
647 2297 708 2330 quis
747 2302 848 2324 rectam
873 2299 952 2325 [idem

167 2342 279 2373 habens,
294 2346 321 2368 et
335 2341 396 2369 aliis
409 2349 516 2376 quoque
534 2342 618 2377 ipsius
629 2342 683 2369 dux
718 2342 829 2371 cile-tus
841 2363 849 2376 ,
877 2344 951 2371 circa

167 2395 230 2415 vero
244 2387 346 2422 reliqua
362 2392 516 2422 corruptus,
541 2395 572 2415 ac
593 2388 723 2421 perditus,
745 2388 889 2417 damnatus
908 2393 950 2417 est

166 2437 192 2461 et
211 2438 312 2461 aeterno
328 2433 461 2468 supplicio
477 2433 606 2462 all‘cctus?
625 2434 682 2462 Non
696 2435 756 2462 ideo
768 2439 856 2462 tamen
877 2435 949 2462 illius

201 2535 223 2550 "
236 2534 329 2561 Matth.
348 2542 396 2566 vn,
410 2533 453 2560 16.
490 2533 589 2560 “ibid.
602 2532 646 2560 21.
685 2533 707 2549 ’⁵
727 2533 804 2565 ibid.,
825 2532 870 2565 ῃ,
890 2533 936 2561 25.

203 2640 259 2674 Πὸ)
280 2639 337 2667 lloc
352 2639 508 2675 graphicum
524 2642 565 2665 est
580 2643 606 2665 et
618 2637 764 2672 genuinum
779 2638 946 2666 schismatici

169 2677 343 2708 luanctirique
363 2674 546 2707 supercilium.

204 2710 260 2743 (76)
283 2707 421 2737 Michaelis
438 2707 589 2742 Palmulogi.

204 2742 259 2780 (77)
279 2745 414 2779 Imperare
429 2743 510 2777 cmpit
524 2751 567 2780 an.
585 2743 685 2780 Christi
700 2742 778 2780 r255.

205 2777 260 2813 (78)
282 2777 337 2807 Hoc
358 2780 428 2813 quod
443 2780 476 2805 de
496 2778 635 2805 miraculis
657 2778 741 2805 Graeci
766 2777 948 2811 obiectabant,

171 2816 345 2842 falsissimum
361 2823 421 2841 esse
438 2814 602 2839 convincunt
615 2813 654 2840 vel
672 2815 721 2840 soli
738 2813 774 2839 illi
789 2815 842 2840 duo
859 2814 949 2839 mira-

170 2851 290 2878 Cubitum
311 2851 460 2886 ingentium
474 2852 626 2877 battatores
642 2848 802 2876 Franuscus
818 2853 844 2876 ct
858 2848 949 2876 Domi-

999 2252 1170 2286 coulitemnr,
1196 2257 1225 2279 ut
1255 2251 1418 2286 accipimus:
1434 2250 1495 2278 etsi
1521 2249 1683 2282 accidentia,
1714 2248 1784 2283 quod

1000 2306 1078 2326 suum
1095 2303 1147 2330 est,
1173 2298 1199 2326 in
1217 2297 1282 2333 ipsis
1309 2299 1454 2325 ostendere
1471 2302 1593 2332 possunt,
1610 2303 1658 2322 cur
1674 2302 1728 2321 non
1758 2299 1786 2321 et.

1000 2342 1027 2370 in
1060 2343 1178 2376 caeteris,
1206 2343 1229 2370 si
1259 2342 1331 2370 istud
1364 2342 1503 2377 contingat
1531 2346 1641 2376 propter
1665 2339 1786 2367 materia:

1000 2388 1131 2423 subjecta,
1148 2388 1287 2423 inquibus
1304 2388 1431 2424 mysteria
1454 2386 1605 2418 traduntur,
1635 2393 1687 2412 non
1713 2384 1784 2412 idem

1001 2433 1208 2462 conﬁtebimur?

973 2533 995 2550 ³⁸
1006 2532 1014 2559 l
1024 2533 1087 2561 Cor.
1098 2541 1154 2565 xiv,
1167 2533 1212 2560 22.
1250 2533 1273 2549 “
1288 2532 1354 2560 Luc.
1375 2541 1402 2565 ι,
1416 2531 1462 2559 20.

1005 2639 1092 2666 uicus.
1113 2638 1211 2673 lmoin
1237 2637 1346 2666 Graecos
1379 2639 1436 2666 hzec
1462 2638 1578 2673 objectio
1603 2637 1704 2671 Optime
1719 2645 1785 2667 qua-

1002 2675 1074 2701 drat.
1090 2673 1159 2706 Lege
1175 2672 1367 2700 Bellarminnm
1381 2673 1428 2700 lib.
1439 2680 1458 2701 tt
1475 2672 1511 2701 De
1530 2673 1647 2706 Christo,
1667 2680 1691 2700 c.
1703 2673 1748 2704 50,
1760 2677 1786 2698 ct

1001 2709 1049 2736 lib.
1068 2715 1094 2734 tv
1109 2708 1147 2735 De
1166 2707 1292 2738 Ecclesia,
1311 2715 1335 2735 c.
1352 2708 1379 2735 4.

1037 2743 1093 2778 (79)
1113 2743 1169 2770 Hoc
1195 2747 1238 2770 est
1265 2743 1412 2770 accidentia
1441 2743 1600 2771 substantias
1627 2743 1714 2778 panis,
1743 2743 1783 2770 vel

1000 2778 1149 2819 accidentia
1180 2785 1240 2814 quae
1272 2782 1350 2805 antea
1382 2783 1459 2806 erant
1491 2778 1518 2806 itt
1550 2778 1627 2813 panis
1657 2778 1784 2806 substan-

1002 2819 1048 2841 llil.
