1960 3063
193 108 248 140 2ἰ3

738 108 936 140 ADVERSUS
954 107 1111 138 GRAECOS
1132 109 1204 138 LIB.
1225 109 1272 140 iV.
1768 109 1820 137 iiii

228 167 307 200 Nam,
320 167 342 195 si
368 167 440 202 quod
456 168 559 201 dicunt,
575 168 677 205 Aquam
692 169 789 196 durare
811 170 917 196 minime
943 168 984 194 t'n-
1000 166 1099 195 Anius
1126 175 1174 195 nos
1206 167 1403 200 componendo,
1438 166 1627 194 mediocritate
1655 165 1760 194 scilicet
1793 167 1818 192 iu

191 218 357 248 corruptam,
375 222 431 241 rem
444 214 687 249 Mcitmnbiguam,
706 215 813 242 videant
828 215 892 250 quid
919 215 981 242 inde

191 263 336 291 sequatur.
367 257 442 286 Unde
474 259 545 286 enim
584 265 710 295 poterunt
749 259 855 288 Domini
883 267 982 294 corpus

191 301 309 327 ﬁrmiter
337 302 460 334 credere,
483 307 593 337 propter
621 310 716 331 eorum
743 304 905 336 accidentia,
922 311 982 338 qua

192 345 248 371 illic
268 346 443 374 subsistunt?
458 346 515 374 Non
532 348 624 383 itaque
639 348 769 380 eﬂiciunt,
782 349 853 384 quod
875 349 979 382 volunt,

192 391 240 418 sed
256 398 454 419 sacramentum
473 393 652 421 Eucharistiat
681 394 836 428 ambiguum
867 393 979 422 faciunt.

193 436 321 470 Ignorant
337 441 427 464 autem
443 439 505 472 quia
528 445 588 473 quae
615 439 640 466 in
667 439 824 466 Occidentis
849 439 982 467 Ecclesiis

192 489 263 517 aqua
280 482 457 516 benedicitur,
485 484 551 511 nihil
586 491 711 518 magnum
740 484 893 520 pollicetur,
916 485 981 512 sim.

193 528 301 562 pliciter
325 533 417 556 autem
436 533 478 556 est
498 536 567 564 aqua
593 530 747 563 benedicta,
779 529 892 566 singulis
913 531 980 559 heb-

193 573 317 601 domadis
336 581 350 600 a
369 574 510 602 sacerdote
525 582 574 608 pro
602 577 798 604 transeuntium
825 577 978 609 devotione,

195 625 226 646 ac
240 619 302 650 ﬁde,
316 622 347 645 ut
372 619 434 647 inde
458 627 488 646 se
519 625 674 656 aspergant,
698 621 820 656 profusa.
852 621 889 650 Ea
915 629 980 650 vero

193 671 274 698 quam
290 664 318 691 in
341 664 386 692 die
406 665 494 700 magni
511 665 635 693 Sabbati’
654 665 826 699 heuedicuut,
857 671 884 694 et
914 675 979 694 con-

194 715 322 742 secrant,
346 718 414 745 aqua
438 711 594 746 pretiosior,
627 719 707 740 sacro
733 717 761 740 et
786 717 843 742 tuto
867 713 894 740 in
921 713 980 741 loco

194 757 293 791 posita,
307 764 387 791 quam
401 764 479 785 nemo
493 758 592 792 passim
610 758 729 793 attingit,
745 767 868 794 magnam
884 760 978 788 Eccle-

194 802 243 830 siis
255 803 475 830 commoditatem
490 808 619 838 przestat:
633 812 721 839 neque
735 805 822 832 solum
840 813 887 841 per
916 806 978 834 anni

194 848 327 875 circulum
343 849 498 884 incorrupta
516 851 607 881 durat,
624 851 672 878 sed
691 850 750 885 plus
774 851 854 878 etiam
881 852 980 880 durare

194 898 299 928 posset,
325 895 396 928 quod
438 895 624 929 experimento
660 896 816 923 didicimus.
855 897 981 932 Ignorant

195 944 298 970 autem,
323 944 351 967 et
364 941 437 975 quod
449 947 541 973 omne,
569 945 595 969 ct
612 941 749 976 quodlibet
775 950 807 969 ex
823 950 892 977 aqua
905 951 981 970 seor-

195 986 246 1012 situ
268 991 421 1021 acceptum,
436 991 460 1014 et
494 986 554 1014 sine
578 987 650 1014 omni
680 987 783 1014 macula
809 991 980 1016 commutant;

194 1031 277 1058 etiam
292 1032 504 1066 quomodolihet,
523 1033 598 1066 prius
617 1033 644 1060 in
659 1033 762 1067 seipso,
777 1033 887 1066 deinde,
902 1033 980 1068 quasi

195 1081 349 1111 purgatum,
372 1082 399 1104 et
425 1078 555 1110 colatum,
576 1079 603 1105 in
616 1083 745 1113 quantum
757 1079 873 1113 quisque
888 1079 981 1106 volue-

195 1124 424 1156 rit,_scrvatum,
463 1124 650 1158 incorruptum
691 1124 782 1156 durat,
822 1132 981 1160 semperque

196 1169 334 1204 limpidius
361 1170 406 1202 tlt;
423 1170 494 1204 quod
519 1175 546 1197 ct
569 1170 655 1204 ipsum
680 1171 846 1204 experientia
878 1171 980 1200 docuit.

196 1214 360 1250 Argumenta
397 1219 485 1242 autem
511 1216 589 1243 nobis
617 1221 669 1248 cst,
696 1221 723 1242 et
747 1216 817 1250 quod
852 1216 879 1243 in
908 1217 980 1250 vino,

196 1260 321 1296 quamvis
338 1261 483 1288 crassioris
507 1261 628 1288 materiae
644 1262 689 1295 sit,
716 1262 810 1298 itidem
838 1263 980 1298 contingit.

467 1307 504 1335 De
521 1313 630 1335 tonsura
646 1308 770 1335 crinium.

231 1353 345 1386 Qui-lam
360 1361 427 1381 vero
450 1355 531 1381 etiam
561 1354 676 1381 crinium
703 1358 855 1387 tonsuram.
870 1361 924 1381 non
948 1353 982 1381 ad

196 1400 419 1428 consuetudinem
436 1399 569 1427 referunt:
594 1404 782 1435 ornatumque,
810 1403 838 1427 et
864 1400 983 1436 turpitu-

197 1445 286 1472 dinam
301 1452 354 1472 non
369 1453 402 1472 ex
430 1446 624 1472 consuetudine
644 1445 776 1479 iudicant.
803 1445 881 1478 Quod
910 1445 982 1473 enim

197 1491 258 1518 aliis
268 1491 424 1524 honestum,
441 1491 502 1525 quia
519 1495 689 1524 consuetum,
716 1490 768 1518 hoc
781 1490 841 1518 aliis
855 1491 981 1525 quoniam

198 1537 334 1563 insolitum
355 1540 407 1568 est,
438 1539 514 1570 turpe
542 1535 692 1570 judicatur.
724 1535 824 1563 Verum
859 1539 886 1563 et
913 1535 982 1563 hanc

197 1583 268 1608 inter
284 1581 402 1609 haereses
435 1580 583 1613 ascribunt,
610 1581 740 1615 aiuutque
767 1579 839 1613 illos,
862 1581 907 1615 qui
931 1580 984 1608 hoc

197 1626 310 1658 faciunt,
326 1625 439 1660 formam
452 1625 500 1652 Dei
512 1625 620 1658 uiolare,
639 1632 699 1653 cum
717 1630 790 1653 certe
814 1632 867 1652 non
888 1631 984 1652 omnes

197 1673 248 1699 ista
277 1672 471 1699 consuetudine
503 1676 630 1702 utantur,
661 1671 759 1706 Deique
788 1671 929 1706 imaginem
958 1674 983 1697 et

197 1718 396 1745 similitudinem
410 1722 514 1745 mutare
536 1725 544 1745 :
564 1718 641 1753 quasi
660 1717 702 1745 vel
721 1717 837 1745 hominis
852 1716 982 1751 dignitas,

197 1771 257 1791 esse
275 1764 381 1791 scilicet
394 1763 566 1795 rationalem,
589 1767 616 1790 et
638 1763 670 1790 ad
687 1762 831 1798 imaginem
847 1769 878 1790 ac
906 1763 983 1790 sitni-

200 1811 341 1838 litudinem
356 1810 413 1840 Dei.
430 1814 540 1845 propter
556 1810 667 1845 capillos
697 1809 735 1836 illi
750 1809 837 1837 adsit:
857 1809 898 1836 vel
914 1809 984 1837 Deus

200 1858 325 1883 humana:
342 1856 444 1890 aliquid
461 1856 566 1889 formae,
590 1855 631 1883 vel
659 1855 847 1883 crassitudinis
873 1855 982 1887 habeat,

199 1902 231 1929 ad
249 1902 324 1936 cujus
337 1903 482 1937 imaginem
507 1903 590 1930 homo
605 1909 667 1929 cum
691 1901 735 1935 sit,
768 1901 849 1928 etiam
879 1900 983 1935 capillis

199 1948 236 1975 illi
256 1956 316 1976 esse
330 1948 429 1976 similis
441 1949 546 1976 debeat.
564 1947 665 1982 Nempe
679 1952 706 1975 et
720 1948 790 1982 apud
817 1955 866 1974 nos
894 1947 984 1974 oratio

199 1995 230 2023 ad
248 2001 388 2023 tonsuram
422 1995 514 2023 barbae
539 1995 701 2023 invenitura
729 1994 917 2022 sacerdotibus
941 1994 984 2020 di-

199 2041 283 2069 cenda
300 2041 376 2077 (90):
391 2048 426 2068 ne
444 2041 548 2068 scilicet
570 2040 604 2068 ad
620 2044 775 2067 sanctorum
793 2040 983 2075 mysteriorum

199 2087 417 2114 communionem
452 2085 643 2113 accedentibus
673 2085 823 2112 Salvatoris
852 2084 985 2118 sanguine

200 2133 288 2168 capilli
305 2133 502 2164 intinguantur,
523 2131 579 2157 sive
596 2130 761 2162 iuﬁciantur.
788 2135 870 2165 atque
889 2130 982 2166 iidem

1035 214 1162 242 omnibus
1182 218 1300 241 servata.

1069 269 1107 296 De
1121 269 1205 296 sacris
1235 268 1402 304 imaginibus.
1435 273 1458 295 et
1488 267 1619 302 reliquiis,
1637 271 1662 295 et
1693 267 1821 294 memoria

1346 303 1541 338 defunctorum.

1067 349 1129 376 inde
1148 349 1228 377 etiam
1251 349 1476 377 Occidentalibus
1509 348 1675 376 calumniam
1698 353 1819 378 struunt.

1031 394 1162 429 imagines
1181 395 1241 422 illos
1261 402 1314 421 non
1343 394 1467 422 venerari
1496 398 1649 421 asserentes
1663 393 1718 428 (81)
1737 402 1744 420 :
1774 393 1820 426 qui

1031 445 1103 467 certe
1122 439 1208 467 sacris
1231 439 1393 474 imaginibus
1420 439 1512 473 plenas
1542 439 1670 466 ecclesias
1699 438 1820 465 habent:

1032 484 1247 519 Sanctornmque
1276 485 1404 520 reliquias
1435 485 1567 519 abiectius
1586 489 1722 511 tractare:
1753 491 1822 518 quas

1031 530 1068 557 ita
1082 536 1255 562 venerantur.
1273 535 1302 558 ut
1320 531 1409 558 nullus
1424 530 1505 562 alius,
1527 530 1707 564 pretiosisque
1721 529 1820 563 lapidi-

1030 574 1080 602 blli
1092 580 1201 608 ornant,
1219 583 1342 609 auroque
1358 581 1385 602 et
1403 579 1515 610 argento
1537 578 1639 608 tegunt.

1066 620 1171 648 Nullam
1188 622 1252 649 item
1268 622 1455 649 defunctorum
1480 621 1569 648 facere
1595 621 1753 647 memoriam
1778 619 1822 647 di-

1031 670 1114 693 cunt:
1128 675 1177 701 pro
1193 668 1293 702 quibus
1304 666 1375 701 apud
1390 674 1437 694 eos
1454 670 1493 693 tot
1518 666 1667 698 orationes,
1699 670 1726 693 et
1749 664 1822 692 cleo-

1031 719 1148 747 mosynte
1160 712 1236 746 (lunt,
1253 717 1282 739 ιιι
1297 712 1370 740 dictu
1395 711 1502 740 dicile
1522 711 1567 742 sit.
1593 712 1660 739 adeo
1676 716 1705 738 ut
1728 710 1820 737 inﬂui-

1031 757 1065 795 tis
1081 764 1148 791 pene
1174 758 1380 789 monachorum,
1420 764 1452 784 ac
1482 764 1631 793 pauperum
1663 755 1824 790 agminibus

1031 802 1175 830 suﬁlciant.
1191 802 1284 836 Neque
1310 810 1377 829 vero
1401 802 1489 830 solum
1521 802 1629 836 corpori
1661 801 1816 829 necessaria

1034 848 1198 881 ministrant,
1224 856 1317 876 verum
1333 853 1359 876 et
1382 848 1545 876 monasteria
1572 847 1742 880 aediﬁcant“
1754 854 1822 882 quo-

1033 902 1093 922 rum
1113 899 1248 922 structura
1270 895 1371 929 regiam
1399 895 1564 930 epulentiam
1583 894 1679 921 vincit.

1047 940 1120 972 .Alii
1134 947 1199 968 vero
1216 940 1394 976 quorumdam
1431 940 1512 968 etiam
1538 940 1660 968 deiectus
1690 939 1821 967 Occiden-

1033 986 1079 1014 tali
1094 986 1223 1014 Ecclesia:
1238 986 1392 1021 applicant;
1413 986 1523 1021 quippe,
1538 986 1572 1013 ab
1598 986 1688 1021 aliquo
1713 985 1821 1012 illorum

1034 1031 1147 1066 injurias
1161 1032 1275 1066 accepit,
1302 1039 1362 1059 eum
1395 1032 1441 1070 qui
1471 1039 1501 1059 se
1531 1032 1610 1063 Itesit,
1649 1031 1720 1058 circa
1742 1031 1823 1058 ﬁdem

1034 1078 1107 1106 ultus
1122 1081 1173 1105 est.
1199 1077 1281 1104 Ethic
1290 1077 1363 1105 enim
1381 1078 1479 1110 omnis,
1496 1077 1541 1112 qui
1565 1078 1718 1108 contristat.
1745 1078 1823 1104 malm

1034 1124 1158 1159 protinus
1173 1123 1310 1158 opinionis
1332 1122 1461 1150 efﬁcitur.
1483 1123 1510 1150 Si
1535 1123 1581 1158 qui
1598 1130 1662 1150 vero
1688 1122 1822 1151 Christia-

1035 1178 1130 1198 norum
1151 1170 1361 1205 praevaricantur
1376 1169 1464 1204 leges:
1482 1177 1535 1197 non
1550 1177 1597 1197 eos
1615 1169 1713 1202 solum,
1729 1177 1824 1196 verum

1035 1217 1141 1244 illorum
1157 1223 1264 1252 quoqtte
1274 1216 1425 1243 Ecclesium
1456 1216 1610 1243 lizreticam
1637 1221 1665 1243 et
1688 1216 1821 1243 inﬁdelem

1035 1266 1138 1298 putant.
1155 1261 1251 1289 Nautis
1267 1263 1338 1289 enim
1359 1266 1386 1289 et
1401 1261 1499 1290 vilibus
1520 1262 1693 1297 quibusdam,
1717 1270 1748 1289 ac
1765 1262 1824 1290 vul-

1035 1308 1144 1342 garibus
1157 1307 1311 1335 hominibus
1335 1306 1553 1342 congredientes,
1582 1307 1615 1335 de
1628 1308 1763 1339 omnibus,
1794 1312 1823 1336 nt

1035 1353 1087 1381 sibi
1123 1353 1268 1386 similibus,
1298 1354 1458 1381 sententiam
1499 1353 1599 1380 ferunt.
1627 1353 1748 1388 Cumque
1775 1360 1823 1381 eos

1034 1406 1229 1437 prtrsumptum
1252 1401 1344 1429 odium
1370 1400 1487 1428 inimicis
1503 1401 1602 1428 animis
1625 1408 1684 1428 esse
1715 1401 1819 1430 iecerit.

1036 1446 1107 1480 quod
1127 1447 1230 1480 volunt,
1250 1447 1275 1474 id
1292 1449 1389 1481 putant
1407 1453 1478 1474 esse.
1500 1447 1618 1475 Prorsus
1656 1454 1720 1474 vero
1749 1447 1825 1481 quod

1036 1498 1089 1518 non
1105 1492 1206 1524 vident,
1222 1492 1265 1520 vel
1280 1492 1402 1520 videntes
1419 1495 1528 1526 propter
1544 1491 1641 1526 lingtm
1663 1491 1824 1519 varii-tatem

1036 1542 1087 1562 non
1111 1535 1276 1571 intelligunt,
1309 1544 1396 1571 neque
1422 1543 1483 1564 esse
1510 1537 1621 1563 omnino
1641 1537 1821 1564 arbitrantur.

1035 1581 1082 1608 Sic
1094 1581 1171 1608 malis
1186 1581 1295 1616 quidem
1311 1582 1472 1609 intendunt:
1487 1589 1547 1617 qum
1561 1587 1624 1610 aute
1636 1592 1649 1608 ιι
1667 1588 1728 1610 sunt
1741 1583 1823 1614 bona,

1034 1631 1061 1656 et
1090 1628 1217 1662 honesta,
1256 1629 1377 1657 scientes
1414 1629 1613 1666 prndcnIeSqne
1647 1635 1825 1664 praetereunt,

1033 1673 1110 1709 quasi
1125 1673 1168 1701 vel
1186 1674 1236 1709 ipsi
1264 1675 1410 1702 humanam
1438 1676 1608 1703 excesserint
1625 1676 1823 1709 inﬁrmitatem,

1034 1723 1080 1748 ant
1095 1727 1147 1747 non
1166 1720 1273 1754 plurimi
1289 1720 1359 1755 apud
1373 1728 1419 1748 eos
1433 1721 1488 1749 sint
1511 1722 1593 1749 etiam
1619 1729 1653 1750 ex
1684 1723 1823 1750 honestio-

1034 1773 1093 1793 rum
1114 1773 1241 1798 numero,
1267 1766 1312 1801 qui
1352 1767 1472 1801 legitima
1513 1768 1734 1803 prtet'aricentur.
1767 1768 1824 1797 lioc

1034 1811 1106 1839 enim
1130 1812 1217 1840 solum
1237 1812 1356 1847 tetigisse
1379 1814 1445 1841 satis
1459 1815 1505 1841 sit.
1544 1813 1599 1841 imo
1628 1821 1690 1841 cum
1717 1815 1743 1841 in
1769 1815 1822 1841 vita

1034 1857 1087 1885 hac
1101 1857 1180 1885 bonis
1201 1857 1265 1885 mali
1293 1858 1416 1892 permiin
1434 1859 1499 1891 sint.
1526 1866 1558 1887 ac
1571 1859 1691 1887 debitum
1718 1860 1752 1887 sit
1780 1867 1824 1887 er-

1035 1906 1126 1929 rantes
1146 1902 1179 1929 ad
1203 1901 1282 1929 ﬁdem
1316 1901 1521 1939 Ecclesiamque
1549 1903 1681 1930 reducere
1708 1911 1716 1931 :
1745 1902 1826 1931 Occi-

1034 1945 1157 1974 dentsies
1177 1952 1225 1979 per
1246 1945 1338 1973 omnia
1354 1946 1448 1974 volunt
1473 1954 1534 1975 esse
1562 1947 1717 1982 perfectos;
1744 1952 1771 1975 et
1799 1949 1822 1975 si

1034 1991 1140 2026 quodin
1151 1990 1190 2018 eis
1204 1991 1414 2026 reprehensibile
1425 1992 1516 2025 fuerit,
1525 2000 1584 2020 mox
1595 1993 1715 2020 haeretici
1726 1999 1822 2027 erunt;

1034 2041 1062 2065 et
1078 2037 1102 2064 si
1118 2036 1180 2071 quis
1206 2037 1370 2071 peccaverit,
1389 2037 1509 2065 Ecclesia
1526 2043 1580 2066 tota
1599 2039 1625 2066 in
1652 2038 1732 2073 culpa
1759 2039 1821 2067 erit.

1036 2082 1093 2110 Hac
1110 2082 1228 2116 denique
1246 2081 1363 2114 ratione,
1387 2083 1409 2110 si
1432 2084 1494 2119 quis
1522 2087 1620 2118 praeter
1645 2083 1821 2119 Evangelinni

1035 2128 1173 2164 quidpim
1187 2127 1338 2160 admiserit,
1363 2128 1540 2163 Evangelium
1572 2129 1665 2158 itidem
1683 2130 1825 2159 insimula-

199 2185 293 2205 rursus
310 2178 336 2204 in
356 2177 488 2204 sumendo
501 2175 562 2204 cibo
578 2176 732 2203 necessario
754 2176 892 2210 quodlibet
931 2175 983 2202 im-
1000 2183 1024 2211 ι)
1038 2175 1123 2204 bitur.
1149 2172 1196 2200 Illa
1212 2173 1296 2204 enim.
1314 2181 1374 2208 qua:
1401 2180 1474 2202 recte
1494 2175 1598 2209 agenda
1622 2181 1697 2210 sunt,
1722 2185 1824 2211 [ιι-ποε-

200 2223 292 2250 bibant
307 2223 455 2257 liquamen,
470 2222 527 2249 sive
546 2221 613 2249 alias
629 2221 830 2256 quomodolihet
856 2220 985 2254 deﬂuant,

200 2273 280 2303 atque
296 2269 333 2296 ita
347 2276 398 2295 non
423 2275 523 2303 parvus
541 2275 619 2296 error
645 2267 690 2295 sit.
708 2267 857 2301 Simulque,
892 2274 987 2302 quem-

202 2315 345 2342 admodum
360 2321 465 2349 ungues
479 2320 645 2347 resecamus,
658 2320 692 2340 ne
706 2313 783 2340 nobis
795 2313 988 2347 impedimento

199 2369 259 2388 esse
271 2361 392 2396 possint:
405 2360 470 2387 nihil
484 2360 610 2395 prohibet
627 2359 723 2387 eadem
743 2359 858 2391 ratione,
875 2359 898 2386 si
922 2359 986 2394 quid

201 2407 340 2443 impediat,
360 2406 451 2435 crines
468 2413 603 2438 resecare,
631 2405 767 2438 ornatius,
793 2409 873 2440 atque
888 2405 986 2433 huma-

238 2508 295 2543 (80)
314 2507 385 2542 Lege
399 2507 544 2534 Berenium
559 2514 626 2543 tom.
638 2507 660 2538 ι,
670 2512 713 2543 an.
723 2504 826 2543 Christi
841 2504 886 2543 57,
899 2504 987 2543 ιικξιῖι⁷

200 2548 227 2571 ct
239 2539 339 2576 an.'58,
353 2539 379 2570 ἦ.
394 2543 443 2569 156
454 2547 546 2575 etseq.
558 2542 626 2576 Lege
636 2541 774 2575 epistolam
788 2539 858 2567 Petri
872 2541 991 2576 patriar:

201 2580 259 2606 clue
273 2574 434 2605 Antiocheni
460 2578 492 2604 ad
513 2574 669 2605 Micha‘elem
683 2575 862 2607 Cerularium,
876 2580 941 2602 tom.
957 2574 991 2601 ιιι

202 2613 309 2641 Baronii
327 2621 370 2639 an.
386 2612 463 2640 1054.

237 2648 294 2683 (8|)
316 2647 376 2674 Fuit
392 2648 449 2674 lucc
468 2647 579 2682 antiqua
594 2646 756 2683 Graecorum
767 2644 899 2683 adversus
915 2643 987 2670 Lati-

203 2680 252 2711 nos
265 2680 411 2712 calumnia,
427 2687 456 2709 ut
469 2680 542 2716 patet
553 2690 585 2710 ex
604 2682 660 2709 Nic.
672 2680 819 2708 Chouiate:
835 2680 986 2716 sed_tamen_

204 2718 392 2751 iniquissima;
413 2713 474 2751 qua'
490 2717 570 2743 etiam
599 2716 708 2744 Latinos
731 2714 854 2751 oneravit
874 2713 989 2751 Michael

206 2748 364 2780 Cerularius
382 2748 462 2786 epist.
475 2753 508 2779 ad
522 2751 630 2778 Petrum
646 2750 773 2778 Antioch.
787 2749 849 2786 Bar.
862 2754 931 2786 t_om._
941 2748 986 2780 XI,

205 2794 277 2814 anno
294 2786 373 2817 1054,
394 2782 422 2813 ιι.
440 2784 485 2813 54.
511 2786 565 2813 Sed
588 2795 601 2812 a
618 2786 772 2812 Graecorum
798 2782 989 2810 criminatione

207 2823 304 2850 liberat
328 2820 437 2850 Latinos
458 2821 567 2850 Grzccus
587 2821 726 2854 cpiscopus
746 2818 863 2846 Joannes
876 2818 987 2850 (liuius.

1035 2221 1094 2258 pit:
1113 2220 1158 2248 hic
1179 2222 1279 2252 autem,
1311 2219 1356 2248 illa
1373 2220 1521 2254 inhibente,
1535 2221 1700 2257 voluptatem
1713 2223 1824 2257 iustitia:

1035 2266 1164 2302 praetulit.
1203 2264 1308 2301 Nempe
1335 2266 1408 2294 enim
1432 2267 1496 2294 mali
1525 2266 1654 2295 Ecclesia:
1685 2276 1823 2303 nunquam

1035 2313 1200 2346 defuerunt;
1225 2319 1314 2347 neque
1334 2317 1422 2340 tamen
1435 2312 1492 2343 illa.
1506 2313 1607 2346 minor,
1631 2318 1678 2340 aut.
1706 2314 1826 2341 deterior

1035 2358 1106 2392 fuit;
1134 2366 1223 2393 neque
1250 2359 1382 2385 malorum
1414 2358 1591 2394 perversitas,
1615 2359 1694 2387 bonis
1730 2360 1825 2387 obesse

1035 2404 1143 2440 potuit;
1161 2411 1251 2440 neqtte
1267 2404 1345 2432 ﬁdem
1360 2404 1540 2439 quorumdam
1565 2405 1668 2432 malitia
1686 2405 1823 2432 obtundit.

1043 2506 1088 2540 qui
1105 2505 1133 2533 in
1157 2505 1304 2538 Responsis
1322 2505 1378 2533 suis
1400 2509 1466 2532 tom.
1487 2505 1496 2532 Ι
1511 2504 1586 2532 Ιανὶι
1603 2505 1825 2533 Greco-Romani

1044 2541 1092 2571 ait.
1110 2541 1300 2568 uenerationem
1316 2541 1436 2575 pretiosae
1451 2542 1535 2567 crucis
1557 2545 1758 2575 sanctorumque
1776 2542 1825 2567 La.

1046 2576 1110 2603 tinis
1126 2583 1186 2602 cutn
1200 2576 1300 2603 Graecis
1316 2583 1376 2602 esse
1390 2583 1570 2602 communem.
1588 2576 1653 2602 Item
1669 2575 1822 2602 Demetrius

1045 2610 1228 2638 Chomatenns
1249 2611 1275 2637 iu
1293 2610 1438 2643 neSponsis
1454 2610 1487 2636 ad
1512 2609 1719 2642 Constantinum
1735 2609 1824 2636 Caba-

1043 2645 1120 2673 siiam
1141 2645 1374 2680 archiepiscopum
1398 2645 1538 2680 Dyrrachii
1556 2653 1563 2671 :
1584 2645 1740 2672 Sanctorum
1756 2645 1824 2670 ima-

1041 2681 1132 2715 ginum
1146 2684 1207 2707 sunt
1220 2685 1243 2706 et
1262 2679 1350 2707 Latini
1370 2679 1492 2710 cultiores.
1505 2685 1529 2706 et
1547 2680 1574 2706 in
1588 2680 1643 2706 sui:
1655 2679 1758 2715 tentplt's
1777 2687 1822 2706 ea:

1042 2716 1157 2750 erigunt.
1181 2715 1264 2742 Vocat
1294 2717 1363 2742 idem
1392 2715 1542 2750 Demetrius
1564 2722 1596 2742 ex
1622 2714 1822 2750 Theoitbylacto

1042 2750 1172 2785 Bulgaria:
1185 2750 1386 2784 archiepiscopo
1404 2749 1556 2785 Satatticam
1571 2749 1779 2784 sycophantiam,
1798 2749 1823 2775 si

1040 2784 1102 2820 quis
1118 2785 1198 2818 dicat,
1215 2784 1325 2812 Latinos
1341 2791 1394 2811 non
1415 2784 1504 2812 colere
1520 2784 1663 2820 imagines.
