1960 3063
153 93 206 128 215

764 102 961 132 MANUELIS
980 101 1133 132 CALECA!

1718 99 1771 130 226

154 153 198 182 Illa
218 155 289 183 enim
307 155 366 184 sine
386 156 497 183 crimine
523 161 584 184 cst:
620 156 682 183 mali
718 161 806 184 autem
833 156 936 184 debitas
949 158 972 190 Α
987 158 1045 192 quis
1062 158 1132 186 enim
1145 158 1170 185 id
1189 165 1241 185 non
1257 157 1358 189 laudet,
1382 157 1452 192 quod
1479 164 1493 184 a
1516 157 1619 185 sanctis
1644 157 1770 186 Patribus

156 202 297 230 cxsolvcnt
312 209 417 236 pmnas.
436 201 473 228 lta
496 209 583 236 neque
604 203 648 237 qui
673 201 741 230 duce
770 202 822 229 fide
844 202 936 230 Eccle-

154 247 201 274 sia:
215 247 349 282 graditur,
364 247 478 282 proximi
507 248 613 275 delictis
640 248 691 275 erit
721 248 867 280 obnoxius,
887 249 934 276 sed

154 294 340 329 unusquisque
352 294 481 322 rationem
497 302 546 328 pro
560 301 590 322 se
605 293 710 327 reddet,
733 292 809 328 juxta
823 301 934 329 operum

154 340 262 367 merits.

188 383 235 412 Est
256 385 337 420 igitur
359 384 536 419 quorumdam
554 384 671 419 nequitia
699 383 849 413 communis
876 385 935 420 qui-

153 428 212 457 dem
227 430 353 458 Ecclesiae
371 430 451 457 coetui
470 430 648 457 scandalum:
675 438 729 458 non
758 434 846 457 tamen
873 431 936 458 inde

152 475 210 509 ejus
225 475 342 502 violatur
361 475 428 503 ﬁdes
440 483 450 502 :
466 475 507 502 vel
522 476 570 510 qui
587 476 637 503 sibi
667 475 735 503 uniti
774 481 846 508 sunt,
874 476 936 504 inde

153 520 300 547 laeduntur.
323 519 407 547 Porro
421 521 442 548 si
472 521 533 555 quis
562 521 692 548 malorum
723 528 817 554 causa,
844 521 936 549 Eccle‘

151 566 230 598 siam,
244 570 274 592 ut
286 566 443 593 inhonoram
460 567 572 600 respuit,
590 574 697 594 omnem
721 574 775 593 una
789 567 934 594 Ecclesium

151 611 256 646 abiicit,
273 618 306 638 eo
317 611 428 646 quodin
456 618 486 638 es
502 612 580 639 malis
606 619 713 646 semper
742 611 817 639 locus
844 612 934 640 fuerit.

151 658 197 685 Sic
209 661 300 685 autem
316 658 398 685 etiam
413 656 561 685 Ecclesiam
577 665 654 685 suam
674 657 791 691 abjiciet,
812 659 935 686 tandem-

151 710 205 738 que
231 709 319 737 neque
331 701 515 730 Christianum
530 710 559 730 se
586 702 673 737 ipsum
699 702 852 737 appellabit,
875 704 934 730 nul-

152 749 206 776 lam
233 749 292 776 sine
323 748 438 775 crimine
463 748 611 775 Ecclesium
642 749 761 776 habens:
780 749 803 776 si
827 749 934 784 quidem

152 794 332 830 quorumdam
364 793 484 828 perditos
512 793 687 825 morestidei
710 795 838 830 applicat,
866 803 935 830 quos

987 203 1120 231 utactivm
1151 203 1259 231 virtutis
1300 203 1405 238 species
1435 209 1487 229 non
1513 203 1634 235 minima,
1665 211 1770 230 summa

985 248 1135 284 diligentia,
1153 253 1180 276 et
1194 256 1258 276 cura
1283 248 1480 283 apprehensum
1513 249 1578 276 est?
1596 248 1630 276 Et
1655 248 1772 278 fortasse

985 295 1084 322 dixerit
1105 295 1237 331 quispiam
1254 295 1441 323 Occidentales
1457 295 1516 329 plus
1549 302 1631 330 quam
1664 301 1772 324 ttOstros

983 339 1117 376 jejunare,
1133 340 1156 367 si
1177 340 1357 368 communiter
1380 340 1505 368 omnibus
1528 347 1623 367 omnes
1660 347 1772 375 compa-

988 390 1095 412 rentur.
1109 385 1255 420 Utcunque
1267 388 1356 412 tamen
1372 392 1401 412 se
1431 392 1474 413 res
1496 385 1603 417 habeat,
1625 385 1770 420 jejunium,

986 430 1083 458 sicum
1099 431 1214 465 proximi
1236 430 1391 463 dilectione,
1422 436 1450 458 et
1479 431 1538 458 sine
1562 431 1770 465 disceptatione,

985 481 1012 503 et
1025 477 1249 504 condctnnatione
1269 484 1324 504 non
1346 476 1527 510 jejunantium
1543 476 1599 509 fiat,
1618 478 1771 504 mercedem

987 521 1077 549 habet.
1096 521 1181 549 Aliter
1207 522 1278 549 enim
1301 521 1466 549 Pbarisaica:
1497 522 1608 549 elationi
1632 529 1774 556 compara—

987 573 1053 598 tum.
1082 571 1231 600 nocetzet,
1258 568 1281 595 si
1307 575 1387 602 quem
1412 567 1528 595 fructum
1551 568 1633 595 alium
1663 569 1771 600 habeat,

986 613 1102 640 amittit:
1129 612 1158 640 Si
1173 614 1241 640 enim
1255 613 1425 646 distribuere,
1439 614 1536 647 inquit,
1577 622 1680 640 omnem
1708 614 1772 641 sub-

986 658 1109 684 stantiam
1124 666 1208 685 nteant
1233 659 1260 685 in
1277 659 1349 685 cibos
1371 666 1527 693 pauperum,
1548 659 1611 685 etsi
1637 659 1773 685 tradidero

985 711 1079 737 corpus
1093 711 1178 730 meum
1212 704 1251 730 ita
1283 707 1313 730 ut
1345 707 1464 736 ardeam,
1499 703 1654 731 charilatem
1685 708 1773 730 autem

987 755 1039 774 non
1065 747 1194 780 habuero,
1211 748 1278 775 nihil
1306 749 1370 775 mihi
1394 749 1545 784 prodest".
1575 749 1655 776 Addit
1689 750 1772 776 etiam

988 795 1131 828 Apostolus
1146 804 1153 822 :
1171 794 1240 822 Esca
1251 804 1298 822 nos
1312 803 1365 823 non
1373 795 1535 822 commendat
1554 795 1651 823 Deo".
1665 795 1708 828 Et,
1722 796 1774 828 Qui

152 840 317 868 multitudini
340 840 469 867 admistos
497 847 556 867 esse
583 847 694 868 necesse
726 846 778 869 est.
809 841 862 869 Sed
885 842 936 869 ista
952 830 973 858 Β
989 848 1040 867 non
1056 841 1175 873 comedit,
1199 841 1400 868 manducantem
1429 849 1480 868 non
1501 846 1607 875 spernat
1620 842 1653 868 “.

154 887 302 914 crudelium
340 885 461 921 judicum
491 890 563 918 sunt,
594 890 621 912 et
637 894 652 914 a
667 887 782 921 proximi
797 887 939 915 dilectione

154 938 264 966 prorsus
282 930 441 964 alienorum,
468 935 494 958 et
518 938 607 965 neque
622 939 699 958 suam
714 939 802 967 neque
815 941 938 960 commu-

155 986 215 1006 nem
241 978 427 1005 infirmitatem
463 977 648 1011 sentientium,
690 985 776 1012 neque
807 978 882 1006 utilia
905 985 939 1006 ex

153 1025 279 1053 omnibus
294 1024 419 1060 colligere
441 1024 585 1051 volentium
601 1044 608 1056 ,
626 1031 658 1051 ex
677 1024 758 1052 malis
772 1031 847 1057 vero,
880 1032 939 1060 qua:

155 1070 243 1105 magis
281 1069 397 1097 fortasse
430 1069 600 1097 delectantur
639 1070 742 1104 audire,
782 1071 938 1098 scandalum

153 1115 317 1151 capientium
343 1122 428 1150 :quaz
454 1115 543 1143 omnia
561 1115 674 1143 infirmae
700 1120 727 1143 et
753 1116 853 1144 vitiatae.
875 1124 940 1144 con-

154 1162 275 1190 scientiae
291 1160 390 1189 indicia
405 1166 480 1204 sunt.

452 1206 490 1234 De
510 1207 621 1242 jejunio.

190 1250 303 1281 Plurimi
320 1253 383 1281 item
396 1257 468 1285 sunt,
498 1251 760 1288 qui-Occidentales,
787 1254 858 1289 quod
887 1261 939 1282 non

156 1305 186 1328 ut
201 1297 251 1335 ipsi
265 1300 399 1335 jejuuant,
418 1299 592 1332 insimulant;
611 1300 663 1327 hoc
680 1305 770 1327 autem
786 1300 939 1328 Pharisaeo-

155 1353 216 1373 rum
238 1346 398 1374 criminibns
417 1345 585 1373 simillimum
610 1350 662 1373 est.
687 1345 720 1373 Et
747 1351 822 1374 certe
845 1347 940 1374 Arme-

157 1392 218 1419 nios
246 1391 272 1418 in
292 1391 415 1426 jejuniis,
443 1396 470 1418 et
503 1391 655 1425 bujusmodi
696 1391 938 1424 observationibus,

155 1441 273 1470 nostros,
298 1438 358 1464 sine
376 1437 428 1465 ulla
443 1438 646 1472 comparatione
674 1445 803 1472 superare
833 1444 952 1472 comper

155 1482 265 1510 rict.lta
282 1482 356 1510 enim
379 1482 416 1510 illi
435 1483 514 1515 cibis,
541 1485 650 1518 quando
667 1484 792 1518 jejunant
808 1483 938 1518 (jejunant

155 1532 245 1555 autem
264 1527 325 1562 plus
339 1527 466 1562 caeteris),
481 1528 635 1556 abstinent:
651 1533 679 1556 ut
694 1529 715 1556 si
738 1529 800 1563 quis
826 1535 859 1555 ex
887 1535 936 1555 no-

156 1573 219 1601 stris
233 1580 294 1601 cum
308 1573 361 1600 illis
380 1572 484 1608 jejunio
497 1574 676 1607 contenderit,
691 1573 820 1601 ridiculus
831 1573 938 1601 futurus

157 1618 278 1651 sit;non
303 1622 391 1645 tamen
419 1618 480 1645 illos
508 1618 609 1646 idcirco
639 1626 669 1647 se
693 1619 819 1647 meliores
842 1619 938 1647 dicturi

157 1667 228 1691 sunt.
246 1662 362 1690 Omnino
374 1668 463 1691 autem
480 1664 514 1691 de
530 1663 607 1695 cibis,
622 1668 649 1691 et
662 1665 779 1700 potibus,
808 1669 836 1693 et
861 1664 941 1693 indu-

156 1709 265 1742 mentis,
280 1716 393 1745 quazque
410 1709 458 1744 ipsi
473 1710 594 1737 faciunt:
610 1709 732 1743 Latinos,
748 1711 811 1745 quia
824 1718 940 1739 consue-

157 1754 297 1782 tudinibus
325 1755 392 1787 suis,
412 1763 479 1790 quas
492 1756 613 1784 abinitio
635 1761 807 1791 acceperunt,
821 1761 938 1790 utentes,

156 1808 211 1828 non
226 1801 338 1834 faciunt,
355 1801 496 1830 haereticos
510 1798 610 1830 notant.
635 1802 736 1830 Volunt
749 1803 835 1836 enim,
852 1803 873 1831 si
900 1803 941 1831 fas

157 1844 202 1875 sit.
227 1851 323 1872 omnes
339 1846 421 1872 totius
439 1845 513 1873 orbis
538 1851 644 1880 gentes,
673 1847 723 1874 sub
752 1855 833 1874 unam
859 1847 937 1875 indu-

157 1896 218 1916 cere
240 1890 476 1923 consuetudinem,
488 1895 514 1918 et
525 1891 624 1926 quibus
638 1892 687 1926 ipsi
704 1897 830 1925 utuntur,
843 1901 939 1921 omnes

157 1934 283 1962 similiter
295 1937 332 1962 uti
346 1943 352 1962 :
372 1937 535 1968 nescientes.
551 1944 581 1964 se
596 1938 667 1970 ipsos
681 1938 761 1965 etiam
784 1946 799 1966 a
817 1939 942 1974 plurimis

157 1979 184 2006 in
199 1979 353 2014 bujusmodi
381 1987 459 2015 posse
484 1981 665 2016 reprehendi:
698 1990 785 2017 neque
816 1984 943 2018 possibile

156 2029 198 2052 est
211 2026 331 2053 eamdem
347 2027 416 2060 apud
429 2034 524 2054 omnes
541 2035 645 2055 morum
666 2036 788 2056 normam
809 2029 942 2057 obtinere.

191 2071 263 2099 Nihil
275 2076 363 2100 tamen
377 2077 423 2100 aut
441 2080 559 2107 nostros,
577 2074 708 2110 autillos,
726 2074 766 2102 vel
791 2075 942 2111 linguarum

157 2116 320 2151 diderentia,
346 2118 388 2146 vel
413 2126 528 2153 morum,
551 2121 592 2148 vel
616 2121 767 2155 bujusmodi
785 2123 941 2158 quidquam,

1024 885 1050 912 Si
1062 886 1122 920 quis
1135 891 1223 913 autem
1234 886 1398 914 manducans
1411 894 1462 914 non
1477 887 1682 914 manducantem
1694 894 1774 914 scan-

989 930 1109 959 dalizat:
1126 931 1187 963 hoc,
1217 930 1254 958 illi
1269 931 1377 966 quidem
1400 931 1465 958 nihil
1477 936 1567 964 nocet,
1595 931 1723 963 maxime,
1750 932 1773 958 si

989 983 1041 1010 qua
1055 980 1149 1011 urgeat
1182 976 1343 1008 necessitas,
1371 976 1412 1004 vel
1433 976 1565 1009 locorum,
1592 983 1775 1010 corporumve

990 1023 1139 1057 dispositio.
1154 1021 1272 1050 lnlirmis
1285 1022 1356 1049 enim
1372 1022 1457 1057 legem
1470 1029 1522 1049 non
1537 1029 1608 1054 esse,
1630 1023 1775 1057 Apostolus

990 1066 1044 1100 ait;
1062 1072 1112 1094 et:
1131 1067 1182 1100 Qui
1212 1067 1331 1102 infirmus
1360 1072 1408 1100 est,
1423 1068 1481 1095 olus
1498 1068 1637 1094 manducet
1665 1067 1699 1095 ⁸⁸.
1730 1067 1774 1101 Ει,

989 1113 1099 1140 mundis
1116 1113 1213 1140 munda
1231 1117 1294 1140 sunt
1311 1113 1392 1140 etiam
1409 1113 1556 1140 immunda.
1567 1114 1715 1140 lmmundis
1730 1121 1776 1141 ve-

991 1165 1021 1185 ro
1035 1158 1124 1185 omnia
1138 1158 1272 1185 immunda
1282 1162 1352 1184 sunt.
1369 1157 1516 1192 Inquinata
1531 1159 1599 1185 enim
1613 1164 1649 1185 est
1664 1158 1773 1186 illorum

990 1198 1072 1238 mens,
1100 1209 1124 1237 et
1152 1205 1313 1231 conscientia
1340 1205 1374 1232 ³¹.
1393 1205 1459 1239 Ejus
1491 1212 1555 1233 vero
1582 1205 1774 1232 conscientiam

990 1250 1127 1278 infirmam
1140 1250 1293 1278 claudicare
1302 1250 1390 1285 arguit
1404 1259 1410 1277 :
1432 1250 1504 1284 quod
1520 1250 1632 1284 puerilis
1648 1255 1690 1277 est
1706 1258 1772 1278 sen-

991 1303 1048 1328 sus,
1063 1299 1089 1324 et
1106 1295 1174 1330 ejus,
1203 1287 1258 1331 (ιυῖ
1283 1297 1396 1323 necdum
1420 1296 1603 1330 evangelicam
1632 1296 1775 1331 perfectio-

990 1350 1052 1370 nem
1080 1342 1309 1377 apprehenderit:
1338 1342 1428 1376 inqua
1446 1346 1538 1369 mutua
1567 1343 1721 1375 dilectione,
1750 1347 1778 1370 et

991 1387 1123 1421 spirituali
1136 1387 1224 1414 littera
1237 1387 1366 1422 subjectis
1382 1387 1480 1421 legales
1492 1387 1698 1415 observationes
1711 1394 1775 1421 pro-

991 1432 1124 1460 hibentur.
1142 1432 1197 1460 Et:
1216 1431 1278 1459 Non
1297 1440 1355 1467 qua:
1369 1433 1469 1459 intrant
1484 1440 1531 1467 per
1545 1441 1585 1464 os,
1601 1433 1774 1467 coinquinant

990 1478 1131 1511 hominem,
1147 1478 1191 1505 sed
1207 1486 1266 1509 quae
1280 1479 1452 1513 egrediuntur
1461 1486 1493 1505 ea:
1513 1478 1591 1505 corde
1607 1479 1647 1511 ³¹;
1682 1480 1774 1506 odium

990 1523 1105 1555 scilicet,
1120 1523 1278 1556 inimicitiae,
1296 1528 1323 1551 et
1333 1531 1393 1559 quae
1404 1524 1484 1556 talia;
1501 1531 1534 1551 ne
1543 1524 1669 1558 sepulcra
1695 1523 1769 1551 deal-

990 1570 1053 1598 bata
1076 1569 1216 1596 videamur
1246 1569 1324 1604 plena
1362 1569 1517 1604 putredine,
1549 1573 1578 1596 et
1605 1569 1775 1604 paropsidem

990 1614 1160 1642 extrinsecus
1180 1614 1352 1647 inundantes,
1367 1614 1524 1642 interiorem
1540 1614 1709 1649 negligamus
1722 1615 1776 1641 im—

992 1662 1160 1693 munditiam,
1174 1662 1359 1695 caacitatisqne
1372 1660 1474 1687 crimen
1487 1661 1644 1692 subeamus,
1676 1661 1699 1688 si
1711 1667 1776 1687 ocu-

991 1707 1009 1734 li
1026 1707 1110 1735 nostri
1126 1706 1227 1734 trabem
1244 1714 1296 1734 non
1315 1707 1446 1739 videntes,
1474 1706 1500 1733 in
1515 1705 1606 1734 fratris
1620 1705 1698 1733 oculo
1723 1706 1778 1734 fes-

992 1757 1081 1780 tucam
1112 1752 1232 1780 studiose
1254 1752 1443 1786 inquiramus;
1473 1751 1610 1787 quomodo
1636 1759 1701 1787 ergo
1724 1759 1776 1779 non

993 1799 1111 1826 maxime
1150 1798 1266 1831 keditur,
1306 1799 1350 1833 qui
1391 1798 1500 1825 amissis
1530 1797 1672 1825 charitatis
1699 1797 1779 1825 bonis

992 1837 1148 1879 bujusmodi
1163 1844 1280 1871 festucas
1291 1843 1460 1871 insectatur?

1028 1890 1172 1922 Przeterea,
1185 1889 1211 1916 in
1231 1888 1332 1916 Christi
1350 1888 1474 1915 doctrina
1490 1888 1588 1923 partim
1615 1893 1679 1916 sunt
1705 1896 1776 1924 prae-

993 1940 1080 1970 cepta,
1111 1934 1152 1963 vel
1181 1934 1317 1967 mandata,
1345 1935 1443 1968 partim
1472 1934 1687 1967 admonitiones,
1718 1935 1777 1962 sive

993 1981 1117 2009 censilia.
1148 1981 1283 2015 Praecepta
1318 1981 1399 2016 igitur
1440 1981 1626 2015 unusquisque
1658 1980 1777 2008 fidelium

993 2035 1112 2062 servare,
1128 2035 1161 2055 ex
1191 2028 1356 2055 necessitate
1382 2027 1538 2061 requiritur.
1566 2026 1654 2055 Aliter
1680 2028 1778 2062 quippe

993 2074 1150 2101 mortalibus
1164 2073 1283 2108 peccatis
1311 2080 1372 2100 sese
1400 2072 1545 2100 coniodiet.
1572 2073 1690 2101 Consilia
1715 2081 1778 2101 vero

993 2120 1015 2148 si
1030 2122 1091 2155 quis
1105 2120 1181 2155 sequi
1195 2120 1287 2153 eligat,
1306 2119 1499 2154 perfectionem
1517 2119 1698 2153 apprehendit
1722 2127 1730 2148 ;
1748 2118 1777 2146 Si

158 2163 230 2198 quod
258 2170 310 2190 non
335 2164 371 2192 sit
398 2171 542 2193 commune
567 2167 703 2199 omnibus,
726 2167 861 2201 prohibet,
891 2169 942 2196 sub
958 2166 980 2194 D
993 2167 1031 2193 vis
1042 2166 1122 2196 enim.
1137 2165 1232 2199 inquit,
1251 2165 1383 2200 perfectus
1404 2173 1468 2198 eue,
1483 2165 1558 2197 vade,
1576 2169 1600 2192 et
1627 2165 1705 2192 vende
1723 2173 1779 2191 om-

158 2217 239 2236 uuan'.
254 2210 349 2237 adduci
364 2210 456 2237 ﬁdem.
474 2211 539 2238 Nam
557 2216 585 2239 et
613 2213 740 2247 apostoli,
763 2221 824 2242 cum
853 2218 940 2243 totum

158 2256 299 2283 lustrarint
310 2256 416 2289 orbem,
437 2263 532 2284 omnes
546 2257 572 2284 in
586 2258 666 2285 rebus
680 2258 807 2287 omnibus
823 2267 940 2288 consue-

159 2302 267 2329 tudincs
295 2309 359 2329 suas
372 2302 482 2330 minime
496 2303 641 2330 immutare
664 2305 863 2340 compulerunt.
886 2306 940 2334 Sed

142 2354 247 2382 .neque
265 2348 287 2375 si
305 2348 465 2387 voluissent,
481 2356 528 2376 eas
547 2354 642 2384 gentes
668 2351 811 2379 immutare
838 2353 941 2387 potuis-

158 2398 233 2427 sent;
265 2401 358 2421 verum
397 2395 533 2430 praecipua
570 2396 702 2430 quaedam,
743 2398 942 2432 praedicationis

158 2439 454 2475 Evangeiicaacapitula
473 2442 566 2469 decem
597 2442 692 2476 ferme,
722 2443 765 2471 vel
799 2445 940 2472 duodecim

159 2491 261 2519 tenere,
278 2491 358 2522 atque
387 2487 510 2521 confiteri
552 2488 739 2522 adhortantes,
778 2489 881 2518 nullum
907 2491 941 2518 de

158 2532 264 2559 caeteris
279 2532 391 2559 verbum
406 2532 504 2566 fecere,
520 2533 570 2562 nisi
594 2534 700 2562 traditis
713 2535 838 2570 capitulis
851 2541 944 2571 aperte

159 2583 352 2612 repugnarent.

194 2623 357 2651 Prmelarum
386 2625 537 2659 estquidem
552 2625 585 2652 ab
601 2625 725 2654 omnibus
739 2634 845 2662 semper
858 2627 941 2655 absti-

159 2669 388 2704 nercjcjunando,
405 2675 484 2705 atque
496 2671 630 2698 sarcinam
654 2671 744 2699 carnis
763 2673 914 2708 abjicicndo
932 2681 939 2700 :

195 2770 216 2785 "
231 2771 237 2797 Ι
252 2770 315 2797 Cor.
331 2778 388 2804 uti,
408 2771 435 2798 5.

120 2820 127 2825 -
163 2805 182 2820 ³³
199 2805 359 2834 Matth.le
380 2806 425 2834 21.

474 2771 590 2800 "lCor.
612 2780 669 2806 vnt,
690 2772 717 2801 8.
755 2774 776 2792 ιο
793 2773 939 2807 Romi",
954 2773 981 2801 5.

995 2213 1038 2238 nia
1050 2219 1108 2246 qua:
1124 2212 1213 2243 habes,
1227 2216 1251 2238 et
1275 2212 1309 2238 da
1329 2211 1499 2246 pauperibus,
1520 2215 1543 2238 et
1570 2211 1638 2244 ueni,
1670 2219 1776 2246 sequere

994 2266 1034 2285 me
1048 2258 1088 2291 '3;
1104 2257 1154 2285 hoc
1171 2262 1271 2290 tamen,
1285 2258 1306 2285 si
1322 2258 1382 2292 quis
1395 2265 1476 2292 agere
1499 2249 1628 2291 noluerit,
1656 2265 1703 2292 spe
1718 2257 1779 2284 lidci

995 2305 1106 2347 minime
1119 2303 1273 2331 excluditur
1286 2313 1293 2330 :
1307 2303 1330 2330 si
1345 2307 1444 2336 servet,
1462 2311 1522 2338 qua
1538 2307 1601 2330 sunt
1621 2303 1701 2330 saluti
1731 2310 1778 2330 ne-

993 2348 1296 2383 cessaria.liujusmodi
1325 2356 1387 2376 vero
1399 2349 1531 2384 jejunium
1563 2356 1616 2375 non
1645 2352 1698 2380 est,
1725 2348 1777 2375 nisi

992 2396 1100 2423 statutis
1115 2396 1275 2430 quibusdam
1295 2395 1400 2427 diebus,
1432 2394 1473 2421 vel
1486 2395 1571 2422 sextis
1594 2393 1670 2422 feriis
1691 2395 1779 2421 omni-

993 2442 1053 2473 bus,
1065 2446 1093 2469 et
1108 2441 1321 2476 quadragesima:
1333 2441 1449 2476 jcjunio,
1463 2440 1534 2476 quod
1567 2448 1583 2467 a
1595 2440 1700 2476 sanctis
1725 2440 1777 2467 Pa-

994 2487 1079 2515 tribus
1092 2488 1255 2520 institutum,
1274 2487 1320 2522 qui
1339 2494 1386 2520 per
1401 2491 1587 2521 contemptum
1620 2486 1775 2518 violaverit,

991 2538 1086 2570 peccat
1101 2534 1224 2568 quidem,
1240 2541 1293 2561 non
1324 2538 1413 2561 tamen
1430 2533 1489 2560 ideo
1521 2532 1583 2560 tidei
1605 2532 1776 2567 naufragium

990 2580 1110 2615 pertulit.
1128 2578 1226 2606 Verum
1242 2579 1268 2606 in
1287 2579 1312 2606 id
1333 2583 1474 2613 peccatum
1489 2579 1597 2610 incidit,
1626 2579 1698 2613 quod
1727 2586 1776 2613 per

991 2625 1189 2661 pmnitcntiam,
1204 2629 1230 2653 et
1260 2625 1467 2658 confessionem,
1489 2625 1589 2654 Christi
1614 2630 1777 2660 cooperante

991 2672 1098 2705 virtute,
1116 2671 1273 2698 remissione
1287 2671 1414 2705 potietur.

1021 2774 1042 2790 ³⁰
1059 2773 1137 2801 llom.
1151 2781 1205 2806 xrv,
1225 2771 1252 2799 2.
1291 2772 1312 2788 ³¹
1325 2772 1378 2799 Tit.
1392 2779 1412 2804 I,
1445 2771 1488 2799 15.
1528 2771 1550 2788 ³¹
1563 2771 1657 2800 Matth.
1671 2778 1717 2803 xv,
1732 2769 1773 2798 14.
