1960 3063
147 112 201 144 ΞΠ

361 172 396 200 De
406 173 511 208 jejunio
524 173 634 202 Sabbati
663 174 733 210 (81).

185 218 240 246 Sed
250 223 280 246 et
292 219 435 254 judaizore
447 220 601 248 Occidentis
617 221 768 250 Ecclesiam
780 230 940 253 causantur.

147 273 267 301 quorum
280 267 388 301 plttritni
401 275 449 301 per
464 275 545 296 omne
571 268 718 296 Sabbatum
740 270 868 299 carnibus
894 271 943 299 ab-

149 313 265 344 stinent.
284 313 341 340 sive
358 321 405 347 pro
420 314 557 348 sepultura
572 319 600 342 et.
623 320 711 344 morte
736 316 854 350 Domini,
883 319 941 346 sive

148 367 198 393 pro
215 360 328 387 tristitia
354 365 381 387 et
416 360 601 394 tribulatione,
628 369 709 396 quam
732 367 826 390 sancta
855 369 942 391 mater

148 409 209 441 ejus
232 412 287 434 tota
314 406 409 434 dieilla
434 407 539 440 habuit,
569 415 621 442 qua
645 407 774 437 Dominus
800 409 827 436 in
849 410 941 444 sepulv

149 461 198 480 cro
215 458 340 480 mortuus
355 454 503 481 secundum
520 454 655 481 hominem
668 455 779 489 quievit.
811 455 882 483 Istud
900 456 940 483 l‘a-

151 500 270 531 cientes,
299 499 369 527 sicut
398 500 471 527 omni
494 500 634 528 Dominico
649 501 692 527 die
722 501 940 530 Resurrectionis

151 545 223 579 ejus,
259 549 286 572 et
315 545 388 572 omni
425 550 501 573 sexta
517 545 584 572 feria
604 546 692 572 cruris
709 554 740 573 ac
760 548 854 574 tnortis
869 548 941 575 illius

151 591 311 617 memoriam
349 590 473 624 agimus.
510 590 622 625 Nempe,
657 599 690 618 ex
728 591 858 626 cujusque
899 593 939 619 rei

151 637 306 664 intentione
341 636 457 670 quisque
486 637 528 663 vel
555 637 734 671 vituperatur,
768 637 809 664 vel
846 638 941 665 lauda-

153 686 208 709 tttr.
238 681 323 708 Porro
347 681 464 709 intentio
495 682 624 716 praedicta
644 683 717 714 fidei,
748 683 942 718 religionisque

152 735 215 754 cum
235 727 281 760 sit,
293 727 395 762 culpari
411 728 508 755 merito
532 736 584 755 non
614 732 713 763 potest.
750 729 842 764 Neque
868 731 941 757 enim

149 774 307 808 judaizandi
323 781 404 801 causa
429 775 481 802 hoc
495 774 580 808 facit;
606 776 670 807 imo,
689 782 722 802 ne
744 775 802 810 ipsa
833 776 941 810 quidem

151 829 196 848 res
209 821 291 848 ullam
306 821 386 849 habet
408 821 528 849 Iudaica:
558 822 759 850 observationis
787 822 942 849 similitudi-

152 877 227 896 nem.
238 863 323 896 Judaei
339 869 491 904 quippe,in
506 875 636 904 quantum
649 873 770 904 possunt,
783 870 940 904 praeparati,

149 915 292 950 otiumque
306 915 340 942 ab
350 917 422 943 omni
435 923 517 950 opere
536 921 659 950 agentes.
681 921 736 943 tota
752 917 795 943 illa
809 916 854 943 die
869 916 939 944 Sab~

151 962 207 988 bati
224 965 250 988 et
270 963 462 994 comedunt,et
473 962 570 989 bibunt
587 971 594 990 :
623 963 650 990 hi
668 966 756 990 autem
771 963 939 990 abstinentes

150 1007 293 1039 carnibus,
315 1007 475 1042 castigatius
500 1009 527 1036 in
554 1016 586 1036 ea
614 1010 723 1044 degunt,
749 1010 940 1044 contrariaque

150 1052 206 1079 illis
223 1051 313 1080 facere
336 1053 586 1087 deprehenduntur.
598 1053 656 1080 Non
668 1055 758 1089 itaque
770 1055 814 1089 qui
825 1055 940 1089 jejunat,

151 1099 199 1127 sed
215 1099 259 1132 qui
276 1098 383 1125 illorum
398 1100 496 1133 otium,
512 1100 730 1134 edacitatemque
756 1100 890 1131 imitatur,
912 1105 940 1127 et

148 1144 328 1175 sabbatizare,
347 1145 528 1178 eljudaizare
542 1145 674 1173 dicendus
687 1150 739 1173 est.
757 1145 823 1172 Nam
840 1145 936 1172 sabba-

149 1189 235 1215 tiz‘are
249 1189 458 1224 prodeliciis,et
473 1190 540 1222 otio,
564 1195 592 1216 et
617 1191 710 1225 requie
734 1191 889 1224 accipitur;
915 1191 937 1217 si

149 1234 260 1269 quidem
274 1242 335 1261 vera
350 1235 422 1262 canit
437 1235 482 1262 ille
501 1236 549 1270 qui
561 1235 630 1262 dixit
644 1244 650 1262 :
668 1234 701 1262 In
721 1236 805 1270 primo
821 1235 939 1269 jejunio-

150 1287 209 1305 rum
229 1278 355 1311 Sabbato.
371 1280 579 1315 subbatizemus,
600 1282 675 1311 socii,
691 1281 816 1307 hesternis
837 1282 868 1308 de
897 1281 936 1308 lu-

148 1325 257 1352 bon'bu:
269 1326 469 1360 requiescentes.
678 1332 681 1336 ‘

186 1371 305 1399 Proinde
313 1373 336 1399 si
348 1372 408 1406 quis
418 1372 498 1410 etiam
508 1375 672 1407 praeceptum
685 1371 719 1398 de
728 1379 780 1398 non
790 1372 937 1406 jejunando

152 1417 181 1444 in
198 1416 320 1444 Sabban
335 1424 349 1443 a
362 1415 464 1444 Judaeis
484 1423 610 1444 manasse
637 1422 724 1451 putat.
738 1417 763 1444 id
779 1417 805 1444 in
820 1416 938 1444 Orientis

149 1463 285 1497 partibus,
301 1461 345 1488 ubi
365 1461 521 1488 .ludaaorntn
537 1466 595 1488 erat
617 1469 694 1495 gens.
710 1465 737 1488 et
767 1462 865 1496 patria,
883 1469 939 1488 me-

150 1509 203 1535 rito
220 1507 418 1542 promulgatum
429 1506 636 1539 crediderimus,
653 1515 721 1541 quos
733 1508 857 1541 apostoli,
876 1515 937 1535 cum
954 1517 975 1546 α

148 1555 182 1582 ad
200 1554 376 1589 Evangeliam
386 1554 541 1581 doctrinam
571 1560 670 1580 vocare
692 1558 846 1587 cuperent,
873 1554 937 1589 quia

150 1601 264 1628 Iudaica
276 1600 349 1627 natio
359 1599 481 1627 Sabbato
496 1599 614 1627 maxime
622 1600 800 1634 gloriabatur,
814 1608 848 1627 ne
860 1608 940 1627 scan-

151 1648 242 1675 dalum
250 1648 275 1674 itt
285 1647 337 1674 tide
346 1651 515 1681 paterentur,
528 1646 654 1680 apostoli,
664 1650 693 1673 ut
700 1646 852 1673 animorum
861 1653 940 1673 cura-

153 1699 238 1726 tores,
249 1693 340 1721 omnia
349 1693 438 1720 elIecti
449 1698 477 1720 ut
485 1700 580 1720 omnes
592 1699 638 1720 seu
649 1694 739 1726 plures
753 1692 936 1724 lucrarentur,

151 1740 335 1775 permiserunt
349 1739 384 1766 ita
394 1745 463 1770 esse,
477 1742 506 1766 ut
514 1743 604 1771 antea,
612 1737 768 1772 etjejunare
777 1741 937 1765 vetuerunt:

150 1786 222 1820 quod
240 1785 378 1819 religionis
397 1784 503 1811 ratione
528 1784 595 1812 nihil
608 1791 655 1812 eos
672 1784 798 1817 laedebat,
816 1784 861 1819 qui
874 1784 938 1811 illttd

151 1832 336 1858 observarent.
351 1829 443 1864 Neque
469 1830 540 1857 enim
571 1829 699 1864 apostoli,
714 1829 763 1856 hos
792 1829 902 1864 quidem
924 1836 939 1856 a

153 1878 222 1911 lege,
234 1877 295 1905 illos
310 1881 402 1904 autem
416 1877 450 1904 ab
477 1877 610 1904 idolorum
619 1877 694 1904 cultu
717 1881 902 1909 revocassent,
915 1876 937 1904 si

152 1924 208 1950 suis
223 1924 285 1950 illos
297 1923 540 1951 consuetudinibus
554 1924 692 1956 omnibus,
708 1931 768 1957 quae
801 1923 938 1957 evangeli-

152 1976 191 1996 cae
199 1969 382 2003 praedicationi
395 1976 449 1997 non
459 1969 633 2000 obsisterent,
644 1976 770 1996 revocare
779 1968 938 1996 voluissent.

152 2015 231 2048 Nam,
246 2015 269 2043 si
283 2015 517 2043 circumcisionem
531 2014 693 2049 quandoque
710 2015 743 2041 ad
760 2019 866 2048 tempus
878 2021 940 2048 per-

154 2062 295 2093 miserunt,
309 2060 404 2087 virtuti
417 2060 617 2094 praedicationis
628 2059 778 2094 oppositam
794 2068 801 2086 :
815 2059 845 2086 Si
859 2059 938 2090 enim,

153 2107 251 2141 inquit,
261 2107 498 2137 circumcidamini.
510 2106 628 2134 Cirris/us
637 2106 707 2133 vobis
716 2105 937 2139 nihilprodest“;

154 2153 351 2188 istudqtteideo
367 2153 502 2185 iecerunt,
524 2156 554 2178 ut
567 2152 659 2187 plures
673 2159 706 2179 ex
725 2151 826 2178 Judaais
844 2151 937 2186 acqui-

158 2203 262 2230 rerent,
278 2206 348 2233 quos
363 2200 482 2226 maxime
493 2199 553 2226 allis
569 2199 773 2225 arbitrabantur
785 2198 936 2225 excellere:

154 2244 216 2279 quid
245 2245 279 2272 de
291 2244 411 2271 Sabbato
435 2243 578 2271 dicendum
595 2248 647 2275 est,
664 2243 688 2270 in
706 2251 760 2277 quo
778 2248 804 2270 et
815 2243 940 2277 jejunare

154 2295 181 2318 et
208 2299 259 2318 non
279 2291 403 2326 jejunare
418 2290 549 2318 doctrinae
567 2290 680 2325 spiritus
693 2297 745 2317 non
758 2289 939 2317 adversatur?

188 2338 246 2365 Non
263 2342 355 2364 tamen
373 2338 423 2364 hoc
446 2345 493 2371 per
506 2341 592 2364 totum
612 2337 706 2364 orbem
734 2336 938 2371 praedicandam

157 2383 215 2415 init,
229 2387 333 2410 remota
355 2381 509 2409 Judazorum
521 2389 612 2409 causa.
627 2382 684 2408 Non
700 2382 772 2408 enim
803 2382 836 2409 de
849 2388 939 2409 come-

155 2429 251 2462 dendo,
266 2429 308 2456 vel
325 2436 392 2462 non,
408 2429 537 2463 apostolis
550 2429 586 2455 ita
601 2429 669 2455 ratio
684 2433 752 2459 erat.
767 2428 836 2455 sicut
849 2428 939 2455 omnia

157 2474 243 2515 iacege
260 2474 486 2509 proincremento
509 2474 657 2507 Evangelii,
673 2474 698 2500 in
713 2474 780 2508 ipsis
812 2467 941 2506 praedica-

158 2519 236 2546 lionis
251 2519 359 2552 initiis;
376 2526 491 2553 quorum
508 2519 584 2553 plura
600 2523 665 2545 tunc
678 2519 822 2553 permissa,
845 2523 938 2552 postea

158 2565 286 2599 permissa
310 2572 365 2591 non
387 2568 466 2596 sunt,
481 2569 570 2592 amota
603 2572 695 2596 causa,
724 2569 833 2599 propter
857 2572 938 2599 quam

158 2610 288 2644 permissa
314 2610 391 2644 prius
407 2609 513 2636 fuerant
530 2619 536 2637 :
555 2610 624 2637 sicut
635 2615 661 2637 et
672 2610 802 2642 medicus,
825 2609 870 2644 qui
886 2609 939 2636 alia

159 2654 289 2689 prazcipit,
305 2654 398 2682 causis
426 2655 617 2688 apparentibus
644 2654 857 2682 convenientia:
888 2659 942 2688 quo

193 2721 215 2737 ἰ
229 2721 317 2749 Galat.
334 2729 360 2755 v,
371 2721 401 2749 2.
437 2722 458 2738 "
473 2721 494 2750 ll
505 2721 567 2749 Cor.
583 2730 623 2756 ιιι,
640 2722 667 2750 6.
705 2721 728 2738 ⁸⁸
740 2721 812 2749 Psal.
829 2729 887 2753 xttt,
909 2720 936 2748 2.

195 2780 252 2815 (8|)
263 2780 305 2813 De
316 2779 420 2814 jejunio
442 2780 553 2809 Sabbati
571 2780 629 2815 lege
645 2780 837 2815 Bullarminttm
852 2779 901 2805 lib.
918 2786 938 2806 tt

162 2815 198 2841 De
221 2815 295 2841 bonis
312 2817 444 2848 operibus,
470 2824 494 2842 ρ.
513 2816 556 2843 l8.
573 2814 639 2842 Vide
658 2816 738 2843 etiam
763 2814 938 2841 llumbertnm

162 2855 256 2878 contra
280 2850 435 2879 Ilichaelcnt
457 2851 666 2879 Constantinoo.
695 2851 879 2886 patriarchatn
913 2854 941 2877 ct

698 121 900 153 ADVERSUS
916 122 1075 154 GRAECOS
1094 125 1169 157 LIB.
1197 127 1247 158 lV.

1726 129 1778 159 218

957 178 977 206 Α
994 185 1078 211 more,
1096 179 1246 207 Ecclesiam
1257 187 1366 215 quoque
1382 185 1478 215 putare
1490 188 1634 216 possunttts
1651 189 1781 210 necessa-

992 224 1033 251 rio
1046 233 1095 258 pro
1108 231 1258 260 temporum
1274 227 1406 262 qualitate
1433 235 1522 260 usam,
1551 236 1599 262 pro
1625 229 1778 255 animarum

991 271 1122 305 singulari
1134 279 1210 299 cura.
1240 272 1314 300 Alias
1342 273 1444 308 quippe
1482 281 1657 309 nequaquam
1691 275 1778 303 virtus
1810 297 1813 299 .

990 315 1090 343 Christi
1107 323 1155 350 per
1177 317 1314 351 apostolos
1329 317 1458 345 Ecclesiae
1484 323 1709 352 conservaretur;
1735 326 1781 347 ne-

991 367 1044 394 que
1055 365 1156 394 posset,
1168 362 1245 395 juxta
1260 367 1430 398 emergentes
1439 370 1532 396 casus,
1544 371 1612 391 nova
1624 365 1780 399 disponere.

1027 406 1084 434 Non
1100 407 1191 441 itaque
1206 408 1226 434 si
1241 408 1303 442 quis
1315 409 1472 443 passionem
1501 409 1608 436 Domini
1643 411 1781 437 honorare

991 452 1116 485 cupiens,
1129 452 1255 487 illiusque
1270 458 1396 486 mortem,
1411 458 1543 488 quantum
1562 455 1618 481 ticri
1634 459 1734 488 potest,
1753 456 1781 482 in

992 503 1022 523 se
1035 496 1092 530 ipso
1101 498 1253 531 complecti,
1269 505 1299 525 ac
1314 502 1456 532 propterea
1481 499 1610 526 carnibtts
1624 499 1778 531 abstinens,

992 543 1120 577 omnique
1132 543 1205 576 cibo,
1223 543 1319 570 fuisset
1331 544 1364 571 ab
1379 544 1510 578 apostolis
1523 545 1660 579 culpatus,
1677 545 1732 572 imo
1747 546 1781 573 ad

993 588 1156 615 destinatum
1171 589 1334 623 evangelica:
1350 590 1552 623 praedicationis
1569 591 1692 617 bravium
1719 598 1781 626 gra-

992 633 1228 666 diens,mercedc,
1257 640 1283 661 et
1294 635 1417 662 laudibus
1443 636 1541 670 dignus
1572 636 1680 663 habitus
1697 642 1779 665 esset.

992 679 1042 713 ipsi
1056 679 1138 706 etiam
1153 684 1227 712 sunt,
1245 681 1290 715 qui
1306 681 1400 708 dicunt
1415 689 1421 708 :
1440 680 1538 708 Littera
1551 681 1657 714 occidit,
1671 683 1780 717 spiritus

992 728 1079 751 autem
1096 725 1210 759 viui/ictu
1221 726 1256 752 ³⁵.

1029 770 1141 797 Prorsus
1154 779 1229 802 Vero,
1242 771 1264 798 si
1276 771 1341 806 quid
1371 771 1528 800 Occidentis
1553 772 1683 800 Ecclesiis
1708 773 1781 800 circa

993 816 1051 842 hmo
1068 816 1124 842 tieri
1134 817 1213 844 aliter
1227 817 1344 850 videtur,
1359 818 1410 844 ltoc
1425 819 1458 845 ab
1479 818 1568 850 initio,
1585 826 1599 845 a
1613 819 1780 846 successori-

995 861 1044 887 btts
1056 862 1238 894 apostolorum
1252 868 1426 897 acceperunt,
1443 863 1558 897 Linique
1569 868 1596 890 et
1607 864 1742 897 Anacleli,
1755 870 1782 893 et

995 906 1072 942 Xysti
1094 909 1127 934 de
1139 909 1188 935 hoc
1199 908 1308 935 decreta
1325 909 1477 942 proferunt,
1493 917 1553 943 qute
1569 910 1731 938 rationabile
1743 911 1794 938 εἰν

995 955 1049 979 mttl
1062 958 1086 980 et
1100 954 1201 988 justum
1222 962 1281 981 esse
1299 955 1442 987 dellniunt,
1464 955 1576 983 Sabbati
1593 956 1649 989 die,
1674 958 1727 984 ista
1740 957 1782 984 vel

993 999 1045 1026 ista
1061 1007 1143 1027 causa
1174 1001 1289 1034 expiari,
1318 1008 1371 1028 non
1396 1001 1422 1028 id
1457 1006 1546 1029 tamen
1569 1009 1602 1029 ex
1621 1004 1783 1031 necessitate

993 1045 1188 1080 praecipitantia.

1028 1091 1194 1125 Augustinus
1206 1099 1324 1127 quoque,
1341 1093 1470 1134 antiqtnts
1499 1098 1526 1120 et
1540 1094 1703 1122 venerabilis
1727 1094 1781 1122 Pa—

992 1140 1042 1169 ter,
1065 1137 1091 1163 in
1109 1138 1224 1171 quadam
1238 1138 1350 1171 epistola
1365 1139 1421 1174 (82)
1442 1140 1474 1166 de
1489 1139 1610 1167 Sabbato
1627 1141 1665 1167 ait
1681 1150 1688 1167 ε
1703 1141 1780 1172 Quod

992 1183 1098 1216 quando
1107 1184 1211 1216 quidem
1226 1184 1253 1210 in
1262 1183 1403 1211 Occidente
1416 1186 1639 1220 moratur.jua‘.ta
1652 1186 1784 1213 Occiden-

990 1228 1084 1254 talium
1100 1230 1328 1261 rottsuetudinem,
1341 1235 1363 1256 et
1379 1230 1433 1263 ipse
1444 1230 1561 1263 jejunat.
1573 1231 1605 1258 In
1621 1231 1727 1258 Oriente
1738 1239 1781 1257 re-

990 1281 1019 1300 ro
1039 1274 1062 1300 si
1077 1279 1234 1305 venaretur,
1252 1275 1310 1300 illo:
1327 1275 1384 1308 ipsa
1401 1275 1444 1302 die
1457 1276 1671 1309 nonjejunmttes
1684 1284 1716 1303 ea:
1728 1285 1780 1303 an-

990 1320 1063 1353 tiqua
1079 1320 1277 1352 consuetudine,
1295 1325 1321 1347 et
1339 1321 1394 1354 ipse
1406 1327 1568 1356 sequeretur.
1587 1322 1624 1349 Ex
1639 1330 1691 1356 quo
1720 1329 1782 1356 per--

989 1365 1113 1398 spicuum
1129 1371 1179 1398 est,
1196 1367 1335 1400 antiquant
1353 1367 1540 1395 Eeclesiarum
1556 1366 1639 1395 fuisse
1664 1375 1782 1395 consue-

992 1411 1122 1442 tudinem,
1141 1416 1171 1438 ιιι
1187 1412 1233 1439 alii
1249 1414 1300 1443 sic.
1320 1413 1365 1440 alii
1380 1421 1447 1454 vero
1463 1414 1502 1441 sic
1524 1413 1646 1441 facerent
1662 1422 1670 1442 :
1699 1414 1783 1441 istud-

991 1465 1045 1491 que
1061 1465 1112 1485 non
1128 1465 1158 1485 ex
1175 1460 1350 1489 necessitate.
1368 1461 1414 1487 sed
1429 1468 1462 1486 ex
1476 1460 1588 1495 antiqua
1600 1460 1779 1486 consuetudi-

993 1511 1025 1530 ne
1038 1523 1045 1536 ,
1060 1508 1086 1530 et
1103 1508 1131 1530 ut
1146 1504 1268 1538 singulos
1291 1505 1418 1532 voluntas
1436 1506 1540 1538 tulerit,
1570 1513 1684 1539 niosflue
1710 1504 1782 1532 obti-

992 1549 1092 1575 nuerit.
1105 1548 1157 1576 Sed
1172 1554 1200 1576 et
1214 1549 1367 1583 Grcgwins
1381 1549 1520 1577 Romanus
1535 1549 1667 1585 pontifex,
1702 1549 1783 1583 cujus

989 1595 1060 1627 apud
1073 1602 1166 1621 omnes
1181 1594 1339 1628 praaclarnm
1353 1602 1450 1622 nomen
1464 1599 1516 1628 est,
1535 1594 1622 1622 ollicia
1637 1600 1718 1628 atque
1745 1594 1783 1628 je-

987 1639 1072 1674 junis,
1089 1645 1117 1669 ut
1129 1641 1208 1667 modo
1222 1646 1375 1672 servantur.
1391 1640 1545 1668 Occidenlis
1558 1640 1688 1668 Ecclesiis
1696 1640 1782 1667 tradi-
1794 1659 1800 1665 .

990 1686 1038 1713 dit.
1053 1686 1129 1713 llune
1141 1687 1212 1713 enim
1229 1694 1323 1713 omnes
1339 1687 1365 1713 in
1378 1686 1452 1713 omni
1468 1686 1780 1721 traditioncsequuntur.

1292 1741 1330 1769 De
1345 1746 1487 1768 vetustate.

1023 1786 1074 1819 Qui
1090 1794 1153 1813 vero
1168 1795 1200 1813 ex
1223 1787 1328 1813 nostris
1365 1787 1494 1815 I'Ortiores
1516 1792 1582 1814 sunt
1602 1787 1782 1818 schismatici,

989 1836 1151 1859 vetustatem
1177 1840 1285 1867 quoque
1315 1833 1536 1861 Occidentalibus
1565 1833 1708 1868 objiciunt,
1735 1840 1784 1868 per

989 1884 1070 1912 quam
1095 1878 1259 1905 concludere
1290 1886 1340 1913 pro
1356 1885 1385 1906 se
1414 1879 1596 1911 arbitrantur,
1625 1879 1702 1913 quasi
1726 1886 1780 1905 non

990 1925 1084 1952 eadem
1103 1925 1139 1952 sit
1155 1929 1181 1951 et
1204 1925 1257 1951 illis
1289 1925 1450 1960 antiquitas,
1476 1925 1610 1960 liceatque
1630 1924 1702 1951 illam
1733 1931 1783 1957 pro

990 1978 1019 1998 se
1036 1971 1102 2004 ipsis
1121 1970 1337 2004 inferre.Neqne
1348 1971 1480 2004 sentiunt,
1507 1970 1570 1997 dtttu
1600 1970 1651 1997 ista
1676 1969 1782 2001 dicunt,

989 2017 1122 2044 idolorutn
1137 2024 1166 2044 sc
1181 2017 1381 2051 cnltunt,quam
1393 2016 1493 2044 Christi
1507 2017 1663 2051 religionem
1680 2017 1784 2044 ltrmio-

989 2070 1058 2096 rem,
1088 2062 1194 2089 ratione
1207 2064 1362 2094 vetustatis,
1387 2055 1551 2089 ostendere.
1576 2062 1642 2088 Nam
1657 2062 1679 2089 si
1711 2062 1782 2089 anti-

991 2108 1086 2143 quiora
1104 2115 1218 2142 qumque
1231 2109 1313 2134 ctiam
1331 2109 1438 2135 veriora
1465 2112 1540 2139 sunt,
1554 2108 1619 2143 quid
1641 2113 1782 2141 sequatur,

990 2154 1164 2181 manifestum
1178 2160 1230 2182 cst.
1256 2153 1310 2180 Sed
1341 2158 1368 2180 ct
1392 2153 1574 2180 Eeclesiarum
1599 2153 1710 2185 unione,
1728 2153 1785 2180 sive

992 2200 1072 2227 etiam
1089 2199 1202 2234 symboli
1223 2199 1360 2226 additione
1385 2200 1600 2234 prmsuppositis,
1627 2204 1657 2226 nt
1681 2199 1783 2225 dit-tum

991 2250 1044 2278 est,
1057 2252 1106 2272 cur
1125 2253 1177 2272 non
1199 2245 1249 2272 ista
1266 2246 1353 2280 magis
1373 2246 1505 2272 honorata
1522 2245 1686 2272 servantur?
1698 2252 1785 2279 quan-

992 2298 1083 2325 quam,
1099 2290 1161 2325 quis
1177 2291 1290 2320 nesciat.
1303 2298 1364 2318 cum
1386 2295 1490 2317 tantum
1507 2290 1560 2317 illis
1580 2290 1672 2316 odium
1689 2295 1783 2316 contra

991 2335 1191 2363 Occidentaletn
1202 2336 1349 2363 Ecclesiam
1361 2336 1487 2369 creverit,
1500 2341 1528 2362 ιιι
1540 2336 1629 2363 nullus
1641 2337 1673 2362 de
1685 2335 1784 2362 unione

982 2382 1035 2409 vel
1061 2389 1110 2416 per
1143 2383 1277 2409 somnium
1306 2383 1416 2417 cogitet,
1445 2381 1616 2416 amentiaque
1633 2381 1686 2408 late
1704 2381 1784 2408 ditiu-

991 2437 1021 2457 sa
1041 2429 1089 2462 sit,

1125 2430 1193 2456 adeo
1209 2433 1239 2456 ut
1254 2429 1388 2456 rationem
1405 2428 1530 2455 amisisse
1546 2428 1700 2459 videantur.
1725 2435 1785 2462 pes-

991 2476 1115 2510 simeque
1145 2475 1287 2510 dispositio
1305 2476 1417 2502 omnino
1450 2473 1606 2505 invaluerit.
1619 2474 1708 2500 omnia
1723 2474 1785 2500 illos

991 2521 1129 2549 voluntate
1139 2529 1228 2556 agere,
1240 2521 1307 2549 nihil
1317 2521 1433 2548 rationis
1443 2522 1567 2547 examine
1580 2520 1627 2547 iSi
1641 2520 1712 2547 enim
1722 2527 1783 2546 cum

987 2566 1091 2601 judicio
1111 2569 1300 2602 procederent,
1329 2568 1381 2594 alia
1394 2567 1491 2594 luisset
1505 2567 1574 2593 ratio
1589 2574 1678 2599 ;nunc
1694 2571 1783 2592 autent

991 2612 1081 2640 nulltts
1104 2619 1146 2641 est
1159 2613 1316 2649 intelligens.
1328 2621 1372 2640 seu
1387 2613 1519 2646 requirens
1532 2611 1614 2638 Deum
1626 2611 1659 2638 ³⁸.

1031 2657 1097 2685 Nam
1113 2660 1222 2695 quando
1233 2663 1320 2692 erant,
1340 2659 1387 2693 qui
1402 2658 1512 2686 unionis
1527 2664 1620 2686 curant
1638 2657 1782 2688 haberent,

994 2781 1116 2809 Niretam
1135 2781 1321 2810 Pectoratum.

1030 2817 1086 2852 ise)
1110 2817 1196 2853 Epist.
1215 2817 1274 2851 118,
1293 2818 1326 2845 ad
1340 2815 1512 2844 Ianuarium.
