1960 3063
187 120 240 152 210

807 121 1005 153 MANUELIS
1021 122 1174 153 CALECE

1763 125 1832 158 220

189 183 296 206 constat
309 177 442 213 profecto,
459 177 521 212 quia
539 179 632 205 aberat
647 178 796 210 contentio,
809 182 890 213 atque
904 177 930 204 in
945 177 970 205 id
989 179 1012 207 Δ
1028 179 1170 206 veritatem
1192 178 1314 206 studiose
1326 179 1502 212 sectantium,
1521 187 1574 207 non
1595 185 1624 207 ut
1638 180 1738 215 aliquid
1773 183 1827 210 di-

189 226 277 258 ipsum
297 225 437 257 distantia,
463 232 495 251 ac
523 224 659 258 disiuncta
692 225 862 252 remeabant.
880 224 972 252 Enim-

189 279 265 302 vero,
277 276 373 306 putare
396 270 539 304 plurimos.
570 270 616 305 qui
647 271 754 305 prolixo
793 276 915 305 tempore
940 277 973 296 ex

190 317 292 344 nostris
311 316 430 348 fuerunt,
447 316 565 344 schisma
590 316 659 343 satis
677 317 817 348 roborarc,
845 318 974 352 ignoran-

189 363 255 388 tium
268 367 321 394 est,
340 364 410 396 quod
426 361 615 390 Occidentales
633 362 766 398 plurimos
777 368 805 391 et
833 364 883 398 ipsi
909 372 975 398 pro-

189 408 260 435 ferre
275 413 396 443 possent,
414 416 465 435 non
480 408 602 440 ridenda,
634 412 660 435 et
674 409 782 444 indigna
800 409 954 445 ingerentes
967 429 974 442 ,

188 461 283 480 verum
301 453 482 482 validissimas
498 454 760 489 probatissimasque
775 455 893 482 rationes
911 463 976 489 pro-

189 501 338 532 ducentes,
371 504 400 527 et
430 507 545 534 quorum
569 500 703 535 sapientia
735 501 866 527 mundam
897 508 977 535 pera-

189 546 296 579 gravit:
310 553 465 581 quanquam
477 550 504 574 et
523 546 561 579 id,
579 547 650 581 quod
665 546 756 573 nullus
772 554 889 580 unquam
906 546 977 581 apud

190 599 237 619 eos
246 592 373 620 inventus
380 598 431 625 est,
443 593 489 628 qui
499 597 653 620 nostrorum
664 593 836 620 antecederet
844 592 976 627 opinioni,

190 638 301 673 suisque
316 638 495 666 reluctaretur
509 639 535 666 in
563 646 594 666 ea
623 639 821 671 controversia,
851 646 899 674 pro
923 646 978 673 qua

190 683 312 710 Orientis
320 689 348 711 et
357 683 512 711 Occidentis
523 683 654 711 Ecclesiae
671 685 776 712 interse
784 684 977 719 digladiantur,

193 728 309 755 validum
321 735 387 755 sane
399 728 520 755 veritatis
530 728 636 755 illorum
650 734 840 764 argumentum
856 733 908 757 cst.

228 773 306 806 Quod
321 773 345 801 si
365 773 426 808 quis
440 774 599 806 arbitratur,
627 774 734 802 illorum
764 782 909 810 quemque,
938 775 978 803 vel

193 820 262 852 suis,
274 824 304 847 ut
318 820 434 855 propriis
447 825 474 847 et
485 815 658 848 ch‘arioribus
669 821 778 854 favisse,
802 822 842 849 vel
857 829 934 856 paena
947 829 979 849 ac

1025 226 1098 253 xissc
1113 225 1270 257 vidcantur,
1284 225 1385 253 frustra
1403 230 1431 253 et
1455 225 1681 254 irrationabiliter
1698 227 1830 262 loquen-

1024 271 1103 298 tituli.

1027 332 1030 334 η
1060 316 1126 343 Cum
1144 317 1227 349 igitur
1240 324 1271 344 ex
1287 316 1387 344 nostris
1399 323 1451 344 non
1467 317 1545 351 pauci
1558 316 1687 345 Romamn
1704 325 1825 353 semper

1026 363 1153 390 Ecclesiae
1162 363 1261 398 adiecti
1273 363 1338 397 sint,
1351 362 1491 398 siquidem
1502 363 1599 398 aliquis
1612 371 1644 390 ex
1663 363 1728 398 ipsis
1740 364 1824 391 veri-

1025 413 1080 436 tate
1095 409 1241 444 dogmatis.
1257 409 1290 436 ab
1310 416 1343 436 eo
1358 409 1402 443 qui
1423 416 1510 437 czecos
1529 409 1677 441 illuminat,
1699 409 1827 437 irradia-

1026 458 1080 486 tus,
1114 459 1269 482 sanctorum
1301 455 1424 483 doctrina
1452 455 1532 489 duce,
1568 463 1600 484 ac
1631 457 1824 491 praecedente,

1026 501 1242 529 calumniatores
1253 509 1300 536 per
1313 501 1513 536 philosophiam
1525 507 1551 529 ct
1561 502 1725 530 rhetoricam
1736 502 1823 529 obti—

1026 555 1092 574 nere
1105 552 1132 574 et
1143 548 1272 575 cohibere
1284 555 1336 575 non
1358 548 1455 583 possit,
1484 547 1558 576 hunc
1571 549 1677 576 fatuum
1693 556 1724 576 ac
1746 548 1824 576 sim-

1027 593 1123 627 plicem
1140 593 1245 624 dicunt.
1259 598 1286 620 et
1300 597 1329 620 ut
1343 593 1495 626 seductum,
1514 601 1545 621 ac
1558 594 1699 628 deceptum
1721 593 1826 628 objur-

1027 642 1110 673 gant:
1125 638 1204 665 veluti
1218 638 1251 669 si,
1267 645 1329 665 cum
1347 646 1361 666 a
1385 638 1508 666 ﬁdelibus
1531 639 1659 666 omnibus
1682 638 1825 673 exigatur,

1028 687 1057 710 ut
1069 683 1157 711 idonei
1173 684 1228 711 sint
1239 683 1271 710 ad
1288 683 1420 710 rationem
1447 683 1509 710 ﬁdei
1519 683 1696 715 reddendam,
1712 683 1823 717 parati-

1028 735 1080 762 que
1096 728 1129 754 ad
1143 727 1364 756 satisfaciendum
1378 728 1503 756 omnibus
1519 729 1715 762 qmerentibus.
1750 731 1825 755 tunc

1029 774 1110 800 etiam
1131 773 1218 806 Plato,
1230 778 1256 802 et
1274 774 1448 807 Aristoteles,
1462 779 1489 802 et
1500 774 1605 802 Cicero
1623 775 1650 801 in
1665 774 1756 809 lingua
1780 775 1826 802 eis

1030 827 1090 847 esse
1104 820 1230 847 debeant.
1244 820 1297 848 Sed
1310 820 1380 848 enim
1394 820 1570 855 quorumdam
1586 821 1630 848 isti
1642 821 1826 855 sapientiam,

194 866 327 899 supplicio
337 865 522 899 perterritum,
543 865 609 893 nihil
623 871 718 894 contra
732 866 850 894 locutum
869 866 954 894 fuisse
970 875 978 893 :
994 857 1016 885 Β
1031 866 1092 901 quia
1107 866 1172 898 ipsis
1182 866 1339 894 incumbunt
1348 867 1424 899 solis,
1436 874 1570 894 summam
1585 873 1644 894 esse
1653 866 1748 893 dicunt.
1762 876 1768 893 :
1783 867 1821 894 ad

194 911 311 943 primum
329 911 450 944 quidem,
463 915 491 938 et
511 916 620 940 nostros
643 919 699 939 sum
710 912 828 939 maxime
843 912 981 947 opinionis

195 962 306 984 tenaces
319 957 564 992 dixeritquispiam
575 963 754 990 convertens;
780 965 868 992 neque
890 963 981 985 tamen

201 1010 322 1036 unquam
339 1002 469 1035 defuisse.
501 1002 548 1037 qui
563 1002 721 1030 Latinorum
742 1002 873 1031 Ecclesiae
904 1010 984 1030 acce-

198 1049 304 1075 derent.
322 1047 435 1080 Deinde,
469 1048 598 1082 possibile
608 1056 661 1075 non
677 1053 729 1081 est,
747 1053 823 1077 tanto
854 1049 984 1084 temporis

199 1099 295 1125 tractu,
314 1093 397 1121 fuisse
410 1093 526 1128 aliquos,
539 1093 584 1128 qui
597 1094 736 1121 veritatem
750 1100 799 1128 pro
811 1093 945 1122 charitate
955 1094 982 1121 in

199 1140 294 1171 Deum,
312 1146 344 1166 ac
356 1138 418 1171 iide,
434 1138 587 1173 futurisque
603 1139 722 1173 praemiis
751 1139 878 1166 omnibus
912 1147 985 1174 prae-

199 1184 301 1212 ferrent
317 1193 324 1211 :
338 1184 498 1219 atqueideo.
508 1188 668 1212 constanter
679 1189 801 1218 agerent,
814 1185 894 1212 sicuti
907 1185 986 1212 initio

199 1231 261 1258 aliis
275 1231 340 1258 alias
352 1231 442 1258 causis
451 1231 573 1266 plerique
585 1235 680 1258 contra
697 1235 827 1266 tyrannos
838 1231 984 1257 maximam

201 1277 345 1304 ostendere
363 1276 501 1309 ﬁduciam,
518 1284 633 1311 quorum
650 1280 677 1303 et
706 1277 827 1308 nomina,
841 1280 868 1303 et
883 1276 985 1310 scripta

201 1327 320 1355 exstant.
340 1323 566 1358 quemadmodum
583 1326 612 1350 et
621 1323 689 1350 alias
706 1323 825 1350 haereses
838 1323 910 1357 apud
935 1322 989 1349 La-

201 1371 274 1398 tinos
288 1371 468 1405 reprehensas
484 1369 698 1404 proﬂigatasque
717 1369 853 1396 novimus.
868 1368 988 1403 Namque

202 1423 231 1445 et
245 1417 314 1451 apud
329 1423 377 1443 nos
393 1416 509 1450 plurima
524 1415 558 1442 ab
572 1414 625 1441 illis
651 1415 805 1449 conscripta
831 1418 988 1442 servantur.

205 1462 331 1490 Stultitiaa
347 1469 413 1494 ergo
428 1460 615 1495 plenissimum
636 1464 687 1490 est.
704 1460 742 1486 sic
771 1460 931 1494 accepimus,
948 1459 990 1486 di-

205 1515 278 1541 cere,
296 1506 418 1540 nihilque
434 1505 547 1532 ulterius
560 1505 700 1539 inquirere
712 1513 719 1538 ;
731 1505 807 1539 quasi
821 1509 882 1539 post
917 1511 986 1531 mor—
1002 1522 1024 1551 ο

206 1554 269 1580 bunt
285 1551 343 1579 sani
357 1551 415 1578 ﬁeri
431 1549 637 1581 erubescamus,
654 1557 742 1583 neque
757 1549 850 1576 saltem
866 1548 990 1582 antiquos

207 1599 358 1630 imitemur,
375 1597 432 1632 qui,
450 1603 637 1630 strpenumero
650 1595 726 1623 falsis
737 1595 908 1629 opinionibus
924 1601 992 1629 prat-

208 1645 295 1677 venli,
321 1649 414 1679 postea
436 1643 636 1677 pmnituerunt,
652 1649 713 1668 etim
726 1641 765 1668 cis
778 1640 910 1668 illuxisset
921 1639 994 1666 veri-

193 1687 261 1725 ‘tas,
276 1691 386 1718 minime
405 1689 608 1720 erubescentes,
628 1688 675 1715 sed
692 1687 841 1714 referentes
856 1686 910 1713 Deo
926 1692 991 1720 gra-

209 1737 272 1765 tias.
287 1735 353 1762 Nam
365 1734 441 1768 juxta
473 1733 626 1768 theologum
645 1731 804 1765 Gregorium
824 1739 830 1758 :
851 1730 913 1757 Nan
928 1730 993 1757 mali

210 1782 410 1813 transmutatio,
439 1778 484 1807 sed
500 1779 565 1806 mali
579 1778 691 1806 servatio
709 1778 775 1812 facit
790 1777 992 1812 turpitudinem.

246 1828 295 1855 Est
306 1831 395 1854 autem
409 1825 434 1853 id
450 1825 531 1852 etiam
553 1823 716 1857 dementius,
728 1823 806 1862 quasi
820 1830 994 1850 communem

209 1874 367 1910 dignitatem
382 1871 574 1907 praeponenda,
585 1869 707 1903 singulos
717 1869 786 1896 velle
800 1868 917 1902 majores
929 1875 996 1896 suos

209 1923 282 1949 circa
292 1918 370 1946 iidem
380 1916 492 1944 imitari.
503 1915 687 1950 lgnorantium
697 1915 769 1941 enim
778 1918 820 1942 est
829 1922 836 1946 ;
849 1914 910 1949 quia
918 1913 997 1941 Chri-

211 1966 292 1994 stiani
306 1971 412 1997 omnes,
433 1969 571 1996 nunquam
586 1962 637 1988 hoc
648 1961 737 1995 ipsum
753 1964 855 1993 essent,
869 1967 997 1995 magnum

212 2017 239 2038 et
252 2008 475 2038 honestissimum
499 2014 610 2039 nomen,
630 2009 657 2034 et
680 2013 734 2039 res,
752 2006 774 2032 si
789 2005 930 2040 dignitatis
953 2013 998 2033 sa-

176 2057 179 2059 “
211 2057 341 2092 pienliam
353 2055 476 2083 scissent.
486 2052 553 2080 Huic
560 2053 630 2079 enim
643 2053 834 2087 obsequentes,
844 2051 926 2087 liquet
934 2052 998 2086 quia

213 2110 351 2138 nunquam
367 2109 416 2136 pro
435 2101 567 2135 majorum
586 2099 638 2126 ﬁde
657 2098 849 2131 idololatriam,
868 2098 909 2126 vel
921 2099 999 2132 alias,

213 2148 417 2185 quomodolibet
431 2150 541 2173 obortas
560 2146 688 2178 haereses,
707 2152 757 2179 pro
771 2145 886 2171 veritate
920 2152 998 2171 com-

1032 920 1100 947 quos
1116 913 1306 946 imperitosire
1322 912 1480 947 admouent,
1511 915 1688 949 mittuntque,
1712 913 1824 941 tumida

1033 957 1094 990 ista,
1109 963 1135 985 et
1149 957 1241 985 inﬂata
1255 958 1414 986 disciluros.

1068 1003 1214 1036 Cmterum,
1230 1005 1256 1032 si
1275 1005 1336 1038 quis
1346 1012 1452 1038 eorum,
1467 1003 1502 1032 de
1518 1005 1617 1040 quibus
1628 1005 1761 1039 culpatur,
1775 1011 1823 1032 ra-

1035 1051 1134 1078 tionem
1150 1050 1250 1083 reddit,
1286 1054 1495 1086 sanctorumque
1523 1051 1653 1079 doctrina:
1675 1052 1816 1084 admonet,

1035 1102 1062 1124 et
1076 1104 1136 1131 qum.
1150 1096 1328 1131 objiciuntur,
1346 1097 1413 1124 nihil
1431 1097 1530 1124 habere
1554 1097 1653 1124 virium
1690 1097 1822 1130 ostendit,

1036 1143 1092 1170 sive
1104 1143 1302 1171 absurditatum
1319 1143 1452 1171 lubricum
1465 1144 1602 1178 insinuat;
1617 1148 1646 1170 ut
1667 1145 1822 1174 curiosum.

1036 1194 1063 1217 et
1079 1190 1233 1222 verbosum,
1251 1190 1443 1225 conﬁictusque
1460 1194 1608 1223 amantem,
1625 1189 1748 1224 nihilque
1771 1189 1825 1216 uti-

1037 1236 1088 1263 lem
1110 1235 1266 1263 existimant
1280 1244 1287 1262 :
1301 1236 1416 1270 fideique
1426 1235 1629 1270 simplicitatem
1642 1236 1763 1269 laudant,
1795 1239 1824 1262 et

1038 1281 1188 1316 piscatores
1202 1281 1341 1315 ingerunt,
1364 1281 1440 1315 quasi
1453 1280 1503 1315 ipsi
1519 1277 1551 1307 ad
1577 1280 1744 1314 piscatorum
1758 1286 1823 1314 gra-

1039 1328 1100 1355 dum
1115 1328 1299 1362 pervenerint.
1312 1327 1474 1362 illorumque
1493 1326 1668 1361 sapientiam,
1688 1331 1715 1353 et
1743 1326 1821 1359 signa

1040 1372 1098 1399 illos
1108 1372 1248 1406 sequentia
1273 1372 1327 1399 sint
1346 1371 1503 1399 consecuti.
1529 1370 1589 1405 Non
1611 1371 1683 1398 enim
1717 1371 1818 1403 sciunt,

1039 1418 1191 1451 piscatores
1206 1417 1314 1451 quidem
1330 1417 1401 1450 illos,
1419 1417 1576 1452 priusquam
1592 1410 1820 1443 arcesschntura

1041 1462 1165 1496 Domino,
1178 1463 1278 1495 fuisse;
1294 1467 1386 1497 postea
1399 1470 1464 1490 rero
1492 1469 1573 1498 quam
1595 1462 1667 1490 illius
1696 1462 1820 1495 discipuli

1041 1507 1129 1535 effecti
1147 1512 1220 1540 sunt,
1250 1507 1310 1535 illos
1339 1509 1414 1543 ipsos
1433 1508 1582 1543 piscatores
1607 1508 1822 1542 sapientissimos

1042 1553 1076 1580 ab
1088 1553 1145 1586 ipso
1164 1552 1248 1580 fuisse
1269 1553 1419 1580 declaratos
1435 1562 1441 1580 :
1455 1552 1613 1580 Benedictus
1640 1553 1710 1579 enim
1739 1544 1822 1585 bene,

1042 1597 1139 1631 inquit,
1151 1598 1197 1632 qui
1217 1598 1362 1633 piscatores
1378 1598 1591 1632 sapientissimos
1609 1598 1734 1625 ostendit.

1080 1642 1111 1670 Et
1129 1643 1185 1670 haec
1197 1643 1300 1675 dicunt.
1310 1651 1362 1670 non
1376 1643 1399 1671 si
1412 1643 1473 1679 quis
1486 1644 1512 1670 in
1525 1643 1624 1670 divinis
1637 1643 1717 1670 rebus
1743 1643 1827 1678 syllo-

1044 1689 1138 1723 gismis
1150 1692 1251 1720 utatur,
1264 1689 1439 1724 Platonisque
1453 1694 1480 1716 et
1499 1689 1656 1716 Aristotelis
1679 1689 1828 1716 admisceat

1044 1733 1239 1768 philosophiam
1253 1743 1261 1767 ;
1274 1735 1404 1769 praeclare
1423 1734 1495 1762 enim
1507 1739 1644 1770 ageretur.
1672 1736 1694 1763 si
1720 1741 1828 1770 propter

1046 1780 1106 1808 ﬁdei
1120 1781 1298 1808 reverentiam
1323 1781 1374 1808 ista
1389 1781 1421 1808 de
1435 1781 1640 1816 Scripturarum
1666 1783 1826 1809 auctoritate

1046 1827 1218 1854 (lacerentur.
1233 1826 1309 1854 Nunc
1323 1831 1411 1854 autem
1425 1833 1451 1854 et
1465 1828 1497 1855 ad
1515 1828 1588 1862 ipsos
1608 1827 1669 1855 ﬁdei
1688 1828 1827 1858 terminos,

1047 1871 1246 1906 Scripturacque
1259 1879 1290 1899 ac
1306 1877 1459 1899 sanctorum
1473 1872 1659 1908 magisterium
1688 1871 1826 1905 impuden-

1048 1921 1088 1944 tes
1105 1917 1182 1950 ﬁunt,
1197 1924 1259 1944 cum
1279 1917 1383 1945 scilicet
1394 1917 1427 1944 ab
1453 1917 1508 1945 illis
1543 1923 1717 1952 urgeantur:
1747 1924 1828 1951 neque

1048 1962 1182 1996 principio
1201 1961 1363 1997 intelligant,
1386 1963 1451 1998 quid
1468 1964 1568 1996 velint,
1603 1963 1758 1999 huiusmodi
1783 1971 1828 1990 au-

1050 2012 1102 2035 tem
1114 2008 1330 2036 cavillationibus
1343 2016 1392 2044 pro
1407 2008 1535 2044 suffugio,
1549 2013 1576 2036 et
1586 2009 1828 2036 diverticuloutan-

1050 2058 1094 2080 tur
1111 2053 1192 2089 sepiae
1205 2054 1230 2081 in
1243 2062 1345 2082 morem
1363 2062 1433 2090 qtue,
1449 2059 1477 2081 ut
1493 2055 1642 2089 piscatores
1666 2054 1777 2089 effugiat
1804 2059 1830 2082 et

1050 2098 1143 2133 lateat,
1157 2105 1339 2128 atramentum
1353 2106 1416 2128 ante
1427 2107 1457 2127 se
1472 2101 1568 2128 vomit.
1583 2100 1638 2135 Ipsi
1655 2103 1749 2128 tamen
1772 2107 1827 2128 cum

1051 2145 1152 2181 aliquid
1173 2146 1263 2173 dicere
1283 2146 1368 2173 videri
1389 2147 1492 2177 volunt.
1511 2146 1538 2174 in
1566 2146 1666 2181 angulo
1675 2153 1741 2173 suos
1769 2146 1840 2172 allo-.

214 2198 374 2226 mutassent,
388 2200 456 2228 quas
463 2191 558 2219 Patres
571 2191 677 2218 illorum
686 2190 772 2217 secuti
787 2195 888 2217 essent.
898 2189 998 2218 Verum
1013 2189 1039 2219 ι)
1053 2196 1176 2226 quentes,
1184 2191 1381 2220 obliviscuntur
1395 2192 1505 2226 quidem
1535 2192 1654 2226 regulas,
1685 2199 1753 2226 quas
1775 2191 1828 2218 aliis

215 2244 269 2276 his,
283 2243 321 2271 illi
335 2241 535 2270 valefacientes,
547 2238 658 2266 Christo
678 2237 798 2273 adjuncti
812 2241 886 2265 sunt.
899 2237 1002 2272 Nempe

213 2290 286 2317 enim
301 2293 328 2316 et
343 2288 451 2315 beatum
467 2284 614 2319 culpabant
631 2283 756 2316 Paulum,
773 2283 846 2318 quod
867 2290 920 2310 non
940 2291 1003 2310 uin-

216 2336 270 2362 brae
285 2333 352 2367 legis
364 2331 499 2362 assidens,
517 2329 655 2364 Evangelii
671 2333 831 2364 persecutor
863 2335 924 2355 esse
940 2335 1002 2362 per-

216 2380 328 2409 stiterit.
340 2379 371 2406 Et
384 2378 448 2406 illud
458 2377 538 2404 simul
551 2379 690 2408 asserunt,
706 2383 760 2403 non
773 2379 899 2410 oportere
926 2375 1005 2402 Orci-

218 2426 350 2457 dentales,
362 2424 477 2461 omisso,
490 2422 562 2458 quod
585 2421 690 2454 dicunt,
703 2421 737 2449 de
762 2426 858 2449 sancto
887 2421 1004 2454 Spiritu,

219 2474 262 2501 his
274 2470 400 2500 assontiri
415 2470 528 2501 debere,
545 2475 605 2503 qua:
616 2468 744 2494 dicuntur
759 2467 793 2494 ab
816 2467 894 2502 ipsis.
925 2466 1003 2494 Unde

219 2519 292 2546 enim
305 2517 365 2544 istis
379 2515 545 2551 persuadere
558 2517 686 2549 poterunt
713 2514 807 2540 eadem
838 2521 892 2546 pra:
910 2520 938 2540 sc
968 2512 1007 2539 fe-

222 2564 364 2596 rentibus;
388 2561 524 2598 quomodo
538 2565 567 2588 et
601 2559 756 2587 inﬁdelibus
768 2559 800 2586 de
824 2558 924 2586 Christi
955 2558 1008 2585 ﬁde

222 2610 381 2644 loquentur,
398 2607 445 2642 qui
467 2605 657 2633 inﬁdelitatem
670 2612 684 2632 a
702 2605 851 2636 majoribus
862 2605 919 2631 suis
930 2610 1008 2631 acce-

222 2657 322 2690 perunt
335 2655 346 2681 ?
367 2654 395 2681 Si
414 2652 494 2687 igitur
507 2651 570 2678 talia
582 2655 695 2686 possunt
707 2651 740 2677 ad
753 2650 867 2678 invicem
880 2650 1009 2684 utrinque

224 2701 357 2733 conversi,
370 2700 432 2735 quid
446 2698 551 2726 roboris
563 2698 672 2725 habebit
681 2697 801 2732 ipsorum
814 2697 902 2724 ratio?
914 2696 1010 2723 Nonne

224 2754 289 2781 ergo
305 2747 390 2780 magis
402 2746 553 2781 proprium,
566 2749 593 2771 et
605 2744 671 2771 utile
684 2747 736 2775 est,
753 2743 863 2771 omissis
874 2741 1010 2777 anticipa-

226 2791 345 2819 tionibus
361 2792 498 2824 omnibus,
510 2791 653 2818 veritatem
680 2788 779 2823 ipsam,
793 2796 840 2823 per
871 2796 901 2816 se
925 2789 1010 2822 ipsam

226 2839 298 2866 oiuui
313 2839 403 2866 studio
423 2843 450 2867 ct
464 2845 529 2866 cura
542 2836 691 2871 indagare?
706 2836 732 2864 ld
746 2843 812 2864 sane
828 2836 947 2863 virorum
957 2840 1005 2869 est

1053 2238 1103 2272 ipsi
1129 2241 1289 2272 posuerunt,
1306 2245 1355 2265 ceu
1381 2238 1530 2271 sapientia,
1550 2237 1685 2272 iactantes
1710 2238 1787 2265 fanda
1803 2242 1829 2265 et

1052 2282 1174 2316 infanda,
1183 2288 1211 2310 et
1221 2291 1281 2318 qua:
1293 2291 1376 2319 supra
1386 2284 1513 2317 diximus,
1527 2289 1554 2311 et
1564 2285 1684 2312 scribunt
1696 2289 1722 2311 et
1734 2284 1827 2310 dicunt.

1089 2329 1181 2363 Atqui.
1198 2329 1220 2356 si
1240 2328 1348 2364 quidem
1374 2337 1482 2356 omnem
1511 2330 1643 2357 rationem
1659 2329 1827 2365 rejieiendam

1053 2374 1232 2408 arbitrantur,
1253 2374 1382 2410 quodque
1400 2380 1501 2410 praeter
1528 2376 1663 2403 rationem
1679 2381 1730 2407 est,
1753 2375 1830 2402 sust-i-

1055 2420 1143 2455 piunt,
1155 2421 1219 2456 quid
1232 2421 1338 2449 tandem
1354 2429 1420 2449 suos
1433 2421 1500 2448 istos
1511 2421 1592 2449 etiam
1609 2426 1712 2456 septem
1727 2420 1830 2454 Sapien-

1057 2467 1128 2494 tibus
1144 2466 1300 2501 praeferunt,
1311 2467 1408 2501 quibus
1420 2467 1592 2495 conferentes
1606 2472 1730 2499 cteteros,
1748 2466 1829 2504 ludum

1055 2520 1117 2541 esse
1143 2521 1287 2548 puerorum
1310 2514 1416 2546 dicunt,
1446 2514 1597 2549 quibusque
1625 2521 1721 2540 omnes
1745 2513 1831 2539 cedere

1058 2559 1170 2586 volunt?
1200 2559 1228 2586 Si
1258 2558 1331 2586 enim
1359 2566 1392 2586 ex
1407 2558 1515 2586 illorum
1544 2558 1679 2593 sapientia
1707 2558 1829 2588 nituntur,

1059 2605 1160 2640 plures,
1187 2610 1268 2640 atque
1296 2606 1487 2640 sapientiores,
1511 2605 1558 2640 q’ui
1584 2605 1624 2632 eis
1652 2604 1830 2634 adversantur,

1059 2651 1143 2679 fuisse
1173 2651 1352 2685 comperient.
1377 2651 1505 2679 Profecto
1529 2651 1601 2678 enim
1627 2648 1830 2678 Occidentalium

1060 2698 1192 2732 sapientia
1208 2697 1321 2725 excellet
1337 2705 1344 2725 ε
1366 2697 1388 2724 si
1404 2702 1494 2724 autent
1512 2697 1583 2731 quod
1600 2697 1709 2731 sapiens
1733 2698 1758 2722 et
1780 2701 1831 2720 cum

1062 2744 1166 2771 ratione
1181 2747 1235 2773 est.
1250 2747 1277 2769 et
1292 2742 1343 2776 ipsi
1359 2742 1522 2777 suscipiunt,
1537 2746 1618 2776 atque
1639 2740 1700 2767 ideo
1715 2739 1748 2766 de
1767 2737 1831 2765 Scri-

1063 2789 1151 2824 pturis
1176 2789 1339 2823 persuadere
1355 2793 1490 2815 conantur
1509 2796 1517 2815 :
1538 2794 1706 2822 nequaquam
1730 2791 1774 2812 eos
1793 2783 1831 2817 qui

1065 2843 1156 2864 secum
1178 2836 1326 2868 disserunt,
1345 2835 1462 2870 abjiccrc
1478 2834 1621 2863 debebunt.
1640 2839 1708 2867 quos
1721 2831 1757 2863 id,
1770 2829 1830 2864 quod
