1960 3063
145 124 196 157 221

699 130 903 164 ADVERSUS
918 134 1076 165 GRAECOS
1094 135 1168 166 LIB-
1188 136 1240 167 IV.

1723 138 1776 168 222

147 182 300 209 secundum
317 183 447 210 rationem
461 191 493 211 ex
513 183 555 211 liis
569 191 629 218 qum
644 192 772 212 concessa
790 192 865 220 sunt,
880 188 939 223 plu-
953 190 978 220 Α
991 197 1037 216 eos
1049 191 1179 218 adversus
1194 191 1272 223 ﬁdem
1285 190 1403 218 validum
1415 195 1510 219 contra
1528 192 1629 219 inferre
1640 201 1757 228 arguens
1768 215 1775 226 .

147 227 225 254 ribus
237 236 269 254 ex
289 228 412 262 partibus
427 228 564 263 sequitur.
575 228 632 255 Non
651 229 722 255 enim
736 230 777 257 bis
794 231 875 258 licere
885 232 937 259 sibi

146 273 186 299 nti
205 273 310 307 (licem,
328 273 388 300 aliis
406 282 470 301 vero
487 283 538 301 non
558 275 649 302 itidem
665 274 768 302 licere:
782 278 855 311 quod
871 277 939 304 irra-

147 319 319 346 tionabiliter
333 319 552 347 distribuentiqu
569 326 621 349 est.

183 377 382 404 Contestantur
401 382 493 404 autem
521 383 548 405 et
567 381 662 407 Arium
688 385 715 407 ot
739 380 799 415 ejus
823 379 935 411 similes,

149 424 261 457 quoties
276 430 323 450 eos
340 423 410 451 ratio
424 423 571 458 del’ecerit;
589 425 674 453 fuisse
704 426 813 461 quidem
831 433 878 454 eoa
892 434 938 452 sa-

149 469 254 504 pientia
273 469 406 503 insignes,
430 470 499 496 ultra
524 476 631 498 sanctos
646 479 752 502 omnes.
776 477 937 505 asserentes,

147 517 197 544 sed
215 516 298 542 veluti
318 516 459 544 haereticos
469 517 504 543 ab
518 517 639 545 Ecclesia
654 518 756 553 ejectos
768 518 937 553 inferentes;

150 561 274 595 nihilque
286 563 384 588 mirum
401 567 455 594 est,
477 563 499 589 si
515 564 576 597 quis
590 563 698 598 sapiens
716 571 776 591 cum
800 564 843 594 sit.
866 563 938 590 aliud

150 607 269 641 aliquid,
284 613 382 641 praeter
401 608 426 634 id
451 609 523 643 quod
549 608 601 644 ipsi
619 609 723 640 volunt,
740 610 773 637 de
788 609 846 637 ﬁde
859 609 937 636 dicit.

150 649 185 676 Et
213 651 300 682 ipsum
334 651 407 678 enim
434 651 610 680 nihilominus
640 658 750 688 propter
778 655 938 689 sapientiam

150 695 238 723 fuisse
263 696 433 724 damnatum.
452 696 516 725 llaec
540 702 630 726 autem
654 699 787 731 dicentes,
814 699 939 728 doctores

150 743 293 777 ambiguos
312 743 427 771 faciunt.
454 743 522 771 Nam
549 745 570 771 si
590 744 708 772 inﬁdelis
733 751 775 773 est
793 745 938 780 sapientia,

150 788 304 814 cavemlum
323 788 400 815 nobis
414 793 467 822 est,
482 796 515 815 ne
527 790 664 824 sapientiae
674 797 756 817 causa
772 790 824 817 illis
836 790 940 818 obtem-

150 839 281 867 perantes
305 834 442 868 fallamur.
469 841 497 864 et
513 838 576 864 caeci
603 845 690 865 caecos
707 843 852 872 sequentes
867 846 938 874 prie-

151 880 309 914 cipitemur,
326 886 407 916 atque
436 883 704 911 irrationabilitatem
732 885 847 912 rationis
872 894 937 913 nor-

150 934 225 952 mam
243 933 427 959 assumentes.
442 936 490 964 per
509 929 580 956 hanc
593 929 676 957 veluti
699 931 726 958 in
740 932 859 959 tenebris
874 933 938 960 εκεῖ

151 972 431 1006 obcrremus;simul
459 979 550 1002 autem
577 981 604 1003 et
616 981 711 1004 contra
737 981 846 1004 sanctos
861 984 938 1005 men-

149 1017 270 1046 tiuntur.

187 1074 281 1110 Neque
301 1076 373 1103 enim
392 1076 472 1104 Arius
494 1080 521 1104 et
536 1076 699 1112 Ennomins,
719 1083 747 1106 et
774 1079 819 1106 alii
845 1078 940 1114 hujus-

152 1121 228 1148 modi
256 1122 355 1149 Basilio
375 1126 405 1150 et
421 1123 564 1158 Gregorio,
582 1128 608 1151 et
630 1124 736 1152 caeteris
761 1124 941 1159 sapientiores

152 1166 264 1194 {nerunt
278 1176 285 1195 :
300 1168 357 1202 qui,
372 1168 394 1195 si
411 1169 519 1203 quidem
538 1170 763 1198 irrationabiliter
775 1171 940 1205 persuadere

151 1214 249 1246 velint,
266 1215 328 1248 quis
346 1214 487 1242 attendere
503 1216 650 1251 dignetur?

188 1269 217 1297 Si
235 1275 326 1297 autem
351 1277 399 1297 eos
421 1277 512 1299 mente
537 1275 563 1299 et
584 1272 688 1300 ratione
704 1272 843 1307 praeditos,
859 1277 941 1308 atque

150 1316 278 1342 eordatos
295 1315 388 1342 dicunt
406 1320 433 1344 et
459 1324 488 1344 se
503 1318 575 1351 ipsos
597 1319 750 1346 destruunt.
765 1318 843 1347 Unde
867 1319 940 1347 enim

149 1361 222 1392 suis,
238 1368 307 1395 quos
322 1361 349 1388 in
367 1361 500 1396 sapientia
518 1363 660 1396 mirantur,
682 1364 763 1391 ﬁdem
789 1365 940 1392 habendam

151 1412 265 1441 propter
289 1406 360 1434 hanc
384 1407 528 1436 ostendere
545 1413 683 1443 poterunt,
710 1409 733 1437 si
758 1411 941 1439 communiter

153 1457 285 1486 arguatur
297 1453 452 1487 sapientia?
464 1455 568 1488 itaque,
584 1463 637 1482 non
654 1455 738 1489 magis
751 1460 845 1483 contra
862 1456 939 1490 istoa,

153 1504 235 1531 quam
251 1502 345 1525 contra
360 1499 429 1526 alios
444 1499 559 1532 dicetur,
580 1499 602 1527 si
622 1500 762 1535 sapientiae
777 1508 860 1529 causa
875 1509 941 1529 con-

153 1542 258 1577 tigerit,
274 1548 302 1569 ut
316 1543 431 1571 veritate
447 1544 623 1572 frustrentur.

190 1599 245 1626 Sed
272 1599 394 1634 proiecto
411 1601 546 1634 sapientia
563 1609 612 1636 per
634 1609 664 1630 se
688 1602 788 1629 malum
819 1610 871 1630 non
888 1607 939 1630 est.

154 1644 212 1672 Non
229 1647 300 1673 enim
317 1646 340 1673 si
359 1646 421 1681 quis
434 1654 464 1674 ea
478 1652 574 1682 praeter
587 1648 718 1675 rationem
734 1655 799 1676 usus
813 1654 863 1681 est,
884 1649 940 1684 ipsa

155 1692 286 1718 continuo
305 1692 332 1718 in
347 1694 424 1726 culpa
443 1693 504 1720 erit.
530 1692 583 1720 Sed
606 1701 695 1728 neque
713 1694 757 1721 ille
774 1695 881 1728 sapiens
898 1695 942 1720 di-

156 1738 261 1764 cendus
291 1743 344 1771 est,
361 1738 406 1772 qui
431 1739 570 1766 mendacia
588 1740 726 1775 conﬁngit.
751 1739 844 1775 Neque
868 1741 940 1767 enim

157 1783 271 1809 scientia
297 1788 378 1818 atque
405 1783 556 1818 sapientia;
580 1785 628 1813 sed
653 1790 759 1818 contra,
786 1785 893 1813 inscitia
915 1789 942 1812 et

156 1827 322 1862 insipientia,
347 1830 394 1864 qui
414 1831 592 1863 mentiuntur,
609 1835 722 1858 utuntur
748 1836 776 1859 et
801 1831 869 1859 alios
892 1830 941 1858 l'al-

156 1872 216 1900 lunt
232 1882 239 1900 :
258 1874 339 1901 sicuti
361 1882 447 1909 neque
468 1876 636 1910 gubernator
654 1877 751 1904 merito
768 1875 879 1909 dicitur,
893 1877 940 1912 qui

157 1927 252 1948 navem
274 1921 403 1955 perdidit,
419 1929 509 1956 neque
525 1923 657 1954 medicus,
669 1924 715 1958 qui
740 1923 876 1950 inﬁrmum
894 1931 941 1958 pc-

158 1966 246 1994 remit.
272 1966 367 2001 Neque
382 1967 453 1994 enim
479 1973 611 2002 quantum
636 1970 806 2003 gubernator
819 1973 872 2002 est,
899 1969 942 1997 vel

157 2012 286 2044 medicus,
300 2012 348 2039 sed
366 2012 392 2038 in
411 2016 544 2046 quantum
562 2013 666 2047 peritiae
681 2021 737 2041 sua:
751 2021 846 2041 norma
870 2019 942 2042 uter-

157 2064 208 2091 que
226 2057 336 2090 excidit,
365 2058 436 2084 istud
462 2058 606 2093 contingit.
626 2057 684 2085 Non
713 2064 803 2086 tamen
833 2065 943 2094 propter

158 2101 317 2137 imperitiam
333 2111 440 2141 eorum,
463 2105 520 2132 sive
546 2105 688 2138 malitiam,
705 2105 746 2132 vel
767 2105 940 2140 gubernatio,

158 2149 197 2176 vel
215 2149 347 2176 medicina
366 2157 413 2184 pur
430 2157 461 2177 se
488 2150 587 2177 malum
612 2155 665 2178 est.
693 2150 780 2178 Nemo
795 2151 868 2178 enim
894 2158 942 2186 per

989 236 1077 265 sicuti
1094 237 1230 270 prioribus
1247 237 1415 269 temporibus
1433 239 1537 272 antiqui
1565 239 1694 267 Ecclesiae
1719 250 1777 268 ma-

989 282 1065 316 gistri
1083 282 1232 313 faciebant;
1252 284 1352 318 quippe
1366 284 1442 316 juxta
1456 291 1581 317 magnum
1598 285 1727 312 Basilium
1750 287 1776 313 in

989 328 1157 360 expositione
1178 335 1261 361 super
1283 328 1376 355 Isaiam
1402 337 1409 355 :
1430 328 1524 355 Murus
1547 333 1587 356 est
1611 330 1777 364 dogma/ibus

989 373 1087 399 nostris
1110 379 1224 400 externa
1245 375 1382 408 sapientiai
1408 375 1464 407 vis,
1489 383 1541 402 non
1568 384 1599 402 ea
1626 377 1777 409 permittens

988 419 1132 446 colentibus
1158 420 1249 454 facilia
1277 421 1312 447 ad
1341 421 1497 455 capiendum
1536 429 1568 448 ac
1598 421 1777 457 diripiendum

989 466 1058 500 fieri.

1025 522 1077 555 Qui
1104 522 1260 558 huiusmodi
1278 529 1341 556 est,
1366 531 1506 559 nunquam
1533 529 1644 559 propter
1670 524 1777 558 sapien-

991 569 1068 602 tiam,
1085 577 1179 596 norma
1196 570 1334 603 sapientim
1351 575 1505 597 sanctorum
1522 570 1549 596 in
1566 570 1663 596 divinis
1686 576 1776 602 utens,

991 618 1020 640 ut
1043 614 1178 642 mentiens
1205 614 1307 648 culpari
1335 615 1461 648 pcterit:
1487 615 1606 648 alioquin
1625 619 1652 641 et
1674 614 1733 641 illos
1749 619 1778 642 ut

990 663 1166 693 corruptores
1179 667 1231 686 una
1245 659 1396 694 ejicieinus.
1421 659 1477 686 lloc
1491 659 1562 686 enim
1576 659 1663 694 ipsum
1681 659 1775 686 Arium

991 703 1112 731 Ecclesia
1128 704 1243 739 expulit.
1259 705 1329 739 quod
1356 704 1471 738 plurima
1500 712 1531 731 ex
1557 704 1610 736 his,
1626 712 1685 738 quae
1703 703 1778 731 Scri-

989 756 1078 784 ptura
1101 752 1263 778 auctoritate
1288 754 1315 777 et
1338 749 1391 778 ﬁde
1408 757 1538 778 concessa
1556 755 1630 784 sunt,
1654 749 1776 784 subjecta

991 797 1076 831 ipsius
1091 797 1287 832 propositione,
1304 796 1479 823 tollebantur.

955 857 976 886 Β
1025 852 1077 880 Hic
1101 857 1204 884 autem,
1231 857 1261 878 ut
1282 856 1422 878 ostensum
1452 855 1504 882 est,
1523 850 1590 878 nihil
1620 850 1774 885 hujusmodi

989 897 1133 931 contingit.
1148 897 1198 930 Qui
1214 897 1286 923 enim
1304 903 1337 924 ex
1350 896 1408 923 solo
1424 895 1504 922 Patre
1520 896 1665 930 procedere
1683 896 1777 923 dicunt

991 943 1120 978 Spiritum
1137 946 1270 972 sanctum.
1298 949 1345 969 eos
1372 941 1474 974 omnia,
1489 947 1585 975 praeter
1607 940 1775 975 Scripturam

990 997 1022 1016 ac
1039 993 1195 1017 sanctorum
1221 988 1364 1019 rationem.
1383 992 1543 1021 sequuntur.
1563 986 1614 1019 Qui
1631 993 1721 1014 autent
1742 996 1776 1014 cx

991 1041 1118 1069 utroque,
1144 1034 1269 1061 videlicet
1297 1041 1329 1060 ex
1354 1033 1435 1060 Patre
1453 1041 1499 1068 per
1520 1032 1619 1059 Filium
1646 1031 1776 1065 fatentur,

990 1088 1035 1108 eos
1048 1080 1139 1107 omnia
1151 1079 1300 1107 secundum
1317 1079 1449 1106 rationem
1464 1079 1554 1114 sequi,
1567 1080 1775 1114 comprobatur;

990 1134 1050 1154 cum
1069 1133 1158 1161 neque
1186 1125 1287 1160 aliquid
1306 1132 1340 1152 ex
1366 1124 1514 1159 suppositis
1542 1124 1662 1156 tollatur,
1690 1132 1778 1158 neque

990 1172 1136 1200 absurdum
1166 1171 1276 1206 aliquod
1306 1170 1507 1197 introducatur.
1535 1169 1570 1196 At
1599 1169 1644 1196 ille
1666 1169 1778 1203 quidem

991 1218 1101 1246 minime
1116 1217 1156 1244 vel
1170 1217 1303 1244 catholico
1320 1215 1522 1250 universalique
1542 1215 1660 1243 concilio
1688 1214 1779 1241 credi-

991 1264 1039 1295 dit,
1053 1263 1094 1290 vel
1111 1263 1144 1289 ad
1167 1270 1338 1290 communem
1359 1261 1507 1289 Ecclesiam
1523 1261 1664 1288 attendere
1682 1259 1776 1287 voluit.

990 1309 1094 1337 Idcirco
1107 1309 1188 1335 etiam
1211 1307 1346 1343 propriam
1364 1307 1519 1342 quamdam,
1544 1311 1641 1340 praeter
1657 1313 1780 1332 contmn-

992 1361 1066 1386 nem,
1081 1355 1151 1380 viam
1176 1353 1216 1380 ire
1237 1353 1343 1385 volens,
1360 1352 1502 1379 lizrreticus
1527 1351 1589 1378 l'uit.
1613 1350 1662 1378 llic
1687 1355 1778 1377 autem

990 1399 1036 1434 qui
1057 1397 1222 1426 Occidentali
1247 1397 1374 1425 Ecclesim
1390 1397 1520 1428 adhaeret,
1547 1401 1645 1431 praeter
1664 1396 1690 1422 id
1707 1395 1777 1430 quod

990 1443 1118 1471 omnibus
1144 1443 1286 1470 catholica:
1315 1443 1442 1469 Ecclesia:
1473 1442 1609 1477 magistris
1636 1441 1776 1476 congruit,

992 1489 1137 1516 univerSali
1161 1489 1242 1515 etiam
1256 1488 1359 1522 synodo
1371 1488 1550 1521 obtemperet,
1566 1488 1591 1513 in
1608 1495 1660 1522 qua
1676 1487 1776 1514 Orien-

955 1541 976 1570 α
993 1535 1103 1565 talibus,
1111 1533 1384 1567 Occidentalibusque
1395 1533 1631 1564 convenientibus,
1641 1532 1779 1559 communi

993 1581 1129 1608 sententia
1146 1579 1286 1606 deﬁnitiim
1315 1584 1367 1611 est,
1391 1586 1564 1606 communem
1590 1586 1650 1606 esse
1667 1583 1779 1605 sancto-

992 1634 1051 1654 rum
1069 1625 1189 1652 omnium
1215 1624 1380 1658 opinionem,
1407 1632 1422 1652 a
1447 1623 1527 1651 Patre
1550 1629 1578 1651 et
1602 1624 1670 1651 Filio
1686 1631 1780 1659 proce-

993 1671 1058 1698 dere
1076 1669 1209 1705 Spiritum
1222 1673 1358 1706 sanctum,
1375 1668 1579 1703 Ecclesianique
1600 1669 1624 1696 id
1640 1668 1778 1700 conﬁteri,

992 1723 1006 1742 a
1024 1723 1076 1750 qua
1089 1714 1161 1741 nulla
1176 1721 1294 1749 unquam
1307 1713 1388 1740 fallax
1411 1716 1444 1741 de
1463 1714 1516 1741 lidc
1535 1715 1668 1742 sententia
1687 1721 1780 1740 mana-

991 1762 1040 1788 vit.

1028 1819 1080 1847 Sed
1100 1826 1133 1846 ne
1155 1818 1255 1845 Basilio
1270 1818 1391 1852 quidem,
1408 1823 1436 1845 et
1458 1817 1590 1852 Gregorio
1616 1816 1780 1851 ceterisque

992 1866 1127 1893 similibus
1149 1866 1337 1898 crederemus,
1361 1864 1501 1898 sapientia;
1516 1871 1609 1895 causa,
1629 1863 1678 1890 nisi
1704 1863 1780 1897 prius

992 1912 1054 1948 ipsi.
1070 1912 1205 1940 lta'relicis
1221 1912 1283 1939 aliis
1300 1911 1352 1938 alia
1377 1910 1540 1942 dicentibus,
1557 1909 1711 1943 huiusmodi
1728 1908 1781 1935 Ec-

992 1959 1080 1986 clesiae
1102 1958 1170 1985 uniti
1187 1962 1289 1988 essent.
1309 1962 1392 1991 atque
1417 1964 1432 1983 a
1447 1956 1593 1994 catholicis
1616 1955 1727 1990 synodis
1745 1954 1780 1981 ab

991 2015 1022 2035 ea
1039 2005 1208 2041 congregatis
1224 2005 1330 2040 probati
1354 2004 1484 2035 fuissent,
1500 2007 1582 2038 atque
1596 2004 1629 2030 ad
1642 2003 1702 2030 illos
1717 2008 1780 2030 tan-

991 2059 1073 2088 quam
1093 2051 1215 2078 veritatis
1231 2050 1388 2085 magistros,
1415 2048 1537 2076 Ecclesia
1561 2048 1703 2083 dirigeret.
1725 2047 1779 2074 Sed

994 2105 1082 2133 neque
1100 2101 1209 2124 sanctos
1223 2103 1271 2123 eos
1291 2099 1459 2128 putaremus,
1477 2093 1500 2120 si
1516 2097 1612 2121 contra
1628 2093 1701 2120 illam
1717 2100 1779 2120 cutn

993 2145 1055 2172 aliis
1080 2143 1293 2172 reluctarentur.

158 2195 207 2223 ista
226 2202 394 2223 servaretur.
422 2195 508 2232 Igitur
531 2204 581 2225 nec
604 2197 738 2232 sapientia
759 2202 868 2232 propter
894 2204 941 2224 eos
959 2205 979 2232 υ
1028 2201 1082 2229 Eos
1097 2200 1168 2227 cnim
1185 2200 1232 2235 qui
1248 2206 1297 2233 per
1317 2198 1344 2226 id
1368 2197 1499 2232 tempori;
1522 2197 1560 2225 mi
1575 2203 1628 2224 ηοη
1643 2197 1781 2229 οδιοπιρθ-

157 2242 201 2276 qui
220 2242 263 2269 illa
279 2243 440 2275 abutuntur,
453 2243 553 2270 malum
569 2250 626 2276 est;
640 2251 721 2270 nemo
735 2243 808 2270 enim
825 2250 888 2271 vera
902 2243 942 2270 di-

159 2293 241 2319 ceret,
263 2288 374 2322 sapiens
385 2289 432 2324 qui
453 2293 543 2322 esset;
572 2289 608 2316 ita
635 2293 662 2317 et
678 2295 776 2316 omnes
802 2289 943 2324 theologos

159 2333 264 2360 mentiri
284 2333 449 2362 diceremus.

191 2379 282 2413 itaque
295 2380 317 2407 si
333 2380 395 2414 quis
411 2381 504 2408 modos
516 2380 661 2408 verborum
680 2387 711 2407 ac
727 2386 819 2407 rerum
837 2380 942 2412 sciens,

159 2429 237 2459 utque
255 2433 282 2452 In
297 2425 353 2452 Deo
367 2425 441 2452 aliud
457 2426 567 2460 quidem
585 2424 721 2454 ineffabile
736 2430 788 2460 est,
802 2427 872 2453 aliud
888 2434 942 2454 non

160 2471 210 2503 ita;
226 2470 304 2505 juxta
329 2470 526 2498 Damascenum
553 2472 637 2504 enim,
654 2478 743 2506 neque
764 2472 854 2498 omnia
879 2476 944 2498 sunt

159 2515 314 2549 ineliabilia,
331 2523 420 2550 neque
431 2516 521 2543 omnia
533 2516 662 2550 eli‘abilia,
680 2523 869 2552 concessaque
880 2516 941 2544 ﬁdei

159 2562 288 2596 principia
301 2569 468 2597 supponens,
486 2563 550 2596 quid
565 2562 617 2590 hoc
631 2563 785 2597 supposito,
801 2568 943 2597 sequatur,

159 2608 221 2643 quid
239 2608 391 2640 auferatur,
411 2608 530 2643 inspicit,
544 2609 671 2636 et'iulcrt
687 2608 827 2642 sequentia
841 2607 943 2643 princi-

160 2656 209 2689 piis
238 2662 369 2682 consona.
391 2655 429 2681 Ac
458 2655 536 2681 ﬁdem
562 2655 671 2689 quidem
689 2655 810 2682 externis
836 2661 944 2690 quoque

160 2702 308 2728 rationibus
332 2696 441 2728 ostendi
467 2709 556 2736 posse,
579 2702 710 2734 conlidit,
734 2701 820 2728 solam
851 2706 942 2728 autem

160 2752 269 2782 propter
302 2747 506 2781 reuelationem,
537 2753 750 2782 sanctorumque
777 2747 941 2781 theologiam

159 2793 260 2825 credit;
278 2793 479 2828 philosophiam
491 2802 555 2821 vero
568 2794 647 2821 veluti
661 2794 787 2820 ancillam
802 2794 942 2828 theologi-.2

161 2839 290 2874 adiungit,
316 2846 348 2867 ac
363 2847 410 2874 per
422 2840 491 2868 hanc
516 2840 613 2869 rel'utat
629 2840 856 2873 calumniatores;
875 2840 939 2866 nihil

995 2251 1123 2274 ravernnt
1148 2246 1205 2273 sive
1230 2244 1476 2276 contradixerunt,
1502 2248 1689 2271 exsecramur.
1721 2240 1780 2267 Non

995 2294 1085 2326 itaque
1099 2293 1188 2320 solum
1212 2294 1320 2324 oportet
1342 2297 1402 2316 esse
1429 2289 1593 2324 sapientem.
1616 2286 1674 2314 Nisi
1691 2286 1781 2313 adsint

994 2343 1101 2372 cetera,
1117 2345 1144 2365 et
1160 2336 1348 2372 principaliter
1365 2335 1492 2362 Ecclesia;
1507 2334 1638 2368 dogmata
1653 2333 1782 2360 conlitea-

997 2390 1050 2416 tur,
1081 2383 1281 2418 quantumlibet
1305 2381 1423 2416 quisque
1450 2381 1486 2407 sit
1518 2379 1641 2414 sapiens,
1673 2378 1778 2405 delirat.

995 2432 1107 2466 Oportet
1128 2430 1200 2457 enim
1219 2428 1366 2456 Ecclesiam
1389 2426 1515 2454 stabilem
1539 2431 1648 2459 semper
1665 2424 1692 2451 in
1710 2423 1782 2450 veri-

997 2482 1051 2504 tate
1065 2476 1224 2506 consistere,
1238 2475 1264 2502 id
1276 2482 1319 2508 [ue
1336 2481 1370 2500 ex
1392 2473 1435 2500 his
1449 2479 1509 2507 qua:
1526 2471 1562 2498 illi
1579 2475 1641 2497 ante
1660 2469 1781 2503 contigc-
1822 2471 1826 2474 '

997 2524 1070 2551 runt,
1082 2519 1298 2553 comprobatur;
1324 2519 1403 2552 eique
1422 2523 1512 2550 opera:
1533 2515 1652 2549 pretium
1670 2519 1712 2541 est
1732 2513 1784 2540 ob:

997 2569 1160 2599 temperare.
1200 2564 1286 2590 Aliter
1319 2563 1390 2590 enim
1425 2561 1560 2588 incertum
1591 2564 1682 2589 esset.
1718 2559 1786 2592 quis

997 2609 1159 2644 sapientium
1183 2615 1245 2635 vera
1271 2612 1496 2642 prosequeretur,
1524 2605 1577 2631 nisi
1597 2604 1622 2630 id
1648 2602 1779 2637 subjicia-

997 2659 1052 2686 tur,
1069 2653 1218 2681 Ecclesiam
1236 2660 1342 2686 semper
1357 2651 1515 2678 necessario
1528 2649 1670 2677 veritatem
1683 2648 1759 2681 sequi
1771 2654 1784 2678 ί

997 2706 1079 2736 atque
1110 2700 1179 2727 hanc
1209 2699 1333 2735 ambigua
1375 2697 1466 2726 omnia
1498 2696 1666 2727 discernere,
1699 2697 1786 2728 atquo

997 2747 1123 2775 deﬁnire.

1311 2789 1347 2816 De
1363 2789 1474 2824 azyntt'a.

1032 2837 1144 2865 Plurimi
1164 2845 1228 2865 vero
1242 2836 1273 2864 de
1296 2837 1399 2871 azymis
1414 2835 1493 2863 ctiam
1519 2831 1667 2860 Ecclesiam
1693 2830 1720 2856 in
1735 2828 1785 2864 jus.
