1960 3063
182 141 237 173 *223

810 143 1011 175 MANUELIS
1023 142 1174 173 CALECAI

1764 136 1842 169 224

189 204 300 230 trahunt
324 201 393 236 (85),
419 201 453 228 de
471 201 570 236 quibus
586 209 619 229 ne
639 201 713 236 loqui
737 202 844 236 quidem
861 202 972 237 dignum
989 204 1010 232 Α
1024 209 1086 229 cum
1101 207 1174 229 esset
1190 200 1354 236 prohibitum
1369 198 1481 232 ludatis,
1494 203 1570 227 extra
1584 198 1722 226 civitatcut
1733 205 1840 225 suam

188 252 240 280 est,
259 248 292 275 ad
310 255 357 275 eos
386 247 534 281 pi‘wsertim
553 247 600 281 qui
627 247 754 282 ignorant
779 245 916 275 Ecclesias
939 247 972 274 ab

187 293 264 320 initio
278 299 385 326 semper
401 299 430 319 se
449 292 486 319 ita
511 292 651 324 habuisse,
671 298 700 319 ut
724 291 845 321 Orientis
868 293 974 320 scilicet

189 339 309 366 Ecclesia
340 338 530 371 fermentatis,
559 338 715 365 Occidentis
745 343 836 365 attlem
868 339 974 373 azymis

188 384 358 410 sacrificaret
374 391 381 410 :
398 384 526 417 quodque
544 383 577 409 ad
594 383 716 418 tnysterii
730 383 857 410 virtutem
871 389 976 410 utrum-

189 436 242 462 que
262 429 333 456 idem
348 428 430 455 valet.
444 428 557 455 Constat
578 428 650 455 enim
665 436 697 455 ex
715 428 798 456 tritici
812 428 974 459 substantia,

189 482 222 501 ex
247 482 301 508 quo
325 475 395 508 solo,
413 474 566 508 subiectura
583 475 650 502 illttd
667 475 753 509 accipi
779 482 890 502 necesse
911 479 975 502 est:

191 520 373 556 Salxatorque
384 527 479 548 noster
490 522 638 548 secundum
654 521 739 557 legem
754 522 844 549 omnia
858 521 975 549 faciens:

192 567 254 594 Non
280 567 350 598 ueni,
374 567 471 601 inquit,
493 567 576 600 legem
593 567 706 598 solt-ere,
719 567 764 594 sed
783 567 925 600 adimplere
939 567 977 599 ";

191 619 219 641 et
236 622 243 640 :
261 613 340 640 Decet
354 622 400 640 nos
417 612 524 646 implere
542 621 645 640 omnem
663 613 800 648 justitiam
814 613 853 644 ³⁸;
870 617 980 648 oporte-

195 659 239 684 bat
258 663 288 684 ut
309 658 412 685 eisdem
440 658 466 684 in
484 657 563 692 legali
588 657 692 685 Pascha
716 662 841 685 uteretur
865 659 979 694 azymis,

193 704 299 731 scilicet
314 703 393 737 juxta
416 703 587 731 traditionem
613 704 689 738 legis,
712 712 772 738 quae
788 704 905 732 sublatis
924 705 980 732 fet--

195 750 332 781 mentatis,
344 756 438 785 azyma
450 755 505 776 tum
518 749 682 784 apponebat.
696 749 733 776 Ex
748 750 846 785 quibus
858 750 980 784 profecto

195 795 222 821 in
239 795 333 822 eadem
359 802 465 825 mensa,
484 794 644 830 mysterium
666 802 773 830 quoque
795 796 835 823 sui
861 796 982 831 corporis

196 840 345 868 conﬁciens
363 839 506 867 tradidisse
523 840 705 874 cognoscitur.

1024 247 1127 275 Pasclta
1145 247 1245 279 facere,
1271 247 1292 274 si
1309 246 1355 281 qui
1380 245 1549 273 solemnitati
1572 244 1734 275 defuissent,
1756 247 1842 276 post

1024 292 1094 319 hanc
1121 291 1148 318 itt
1173 291 1284 319 civitate
1302 290 1477 317 celebrabant
1501 298 1510 317 ε
1536 290 1572 317 ita
1598 294 1625 316 et
1652 289 1693 316 bis
1712 288 1763 323 qui
1799 288 1838 315 in

1024 337 1137 365 civitate
1152 341 1231 363 erattt
1254 336 1363 363 casibus
1377 335 1541 370 quibusdam
1567 334 1677 361 differre
1701 333 1838 365 licebat,

1026 383 1106 410 sicuti
1122 382 1232 416 quidam
1251 385 1315 409 tunc
1336 381 1416 408 etiam
1440 380 1565 408 fecerunt
1581 389 1588 407 :
1609 379 1736 414 neqttiter
1754 379 1837 413 qui-

1027 429 1099 460 dem,
1116 429 1179 463 quia
1200 428 1279 455 tnorti
1294 428 1396 462 justum
1411 427 1511 462 injuste
1531 427 1678 457 tradentes,
1696 425 1839 452 arbitra-

1027 472 1126 501 bantur
1142 473 1259 500 muttdos
1271 480 1301 499 se
1313 472 1416 499 Pascha
1431 472 1580 499 secundum
1597 471 1681 506 legem
1699 471 1841 497 mandu-

1027 525 1102 545 care.
1123 517 1292 544 Distulerunt
1312 521 1413 548 tamen.
1429 515 1480 543 etsi
1497 515 1687 542 rationabilem
1706 520 1838 541 causam

1028 563 1143 590 minime
1158 563 1302 590 haberent.

1064 609 1218 636 llidicnlum
1242 616 1306 636 vero
1332 612 1359 634 et
1378 607 1444 634 illud
1461 612 1521 639 est,
1538 607 1609 641 quod
1631 606 1754 641 quidam,
1775 612 1839 640 pa-

1031 656 1073 684 nis
1105 663 1214 686 nomen,
1239 654 1284 689 qtti
1313 654 1406 682 Graece
1437 653 1518 688 ἄρτος
1543 653 1651 686 diettnr,
1685 652 1741 679 ἀπὸ
1777 651 1838 678 τοῦ

1030 700 1166 734 αἴρεσθαι,
1181 700 1205 727 id
1221 704 1263 727 est
1275 700 1352 726 abeo
1368 699 1439 733 qttod
1453 703 1495 726 est
1509 698 1597 725 attolli
1610 718 1616 730 ,
1634 698 1696 733 quia
1708 702 1837 732 propter

1033 746 1195 774 fermentum
1222 744 1363 779 turgescit,
1391 744 1494 771 dictum
1514 748 1653 778 putantes,
1694 749 1836 778 azymum

1033 800 1141 828 panem,
1157 791 1219 826 quia
1238 791 1373 818 fermento
1387 794 1491 822 careat,
1518 796 1606 824 neque
1619 796 1716 823 panem
1730 788 1840 823 appel-

1033 839 1083 866 lari
1105 838 1208 865 volunt.
1224 836 1308 870 Quasi
1327 843 1392 864 vero
1408 841 1519 862 necesse
1537 835 1572 862 sit
1596 834 1701 869 linguas
1715 841 1836 866 omnes,

232 886 308 918 Quod
333 885 542 920 Chrysostomtts
562 893 668 920 quoque
680 890 846 923 ‘attestatttr,
860 888 954 915 dicens
973 897 980 916 :
999 894 1020 921 Β
1035 885 1070 912 ita
1088 890 1197 918 quoque
1214 883 1292 917 pattis
1308 889 1406 909 nomen
1422 881 1558 908 derivare.

197 931 230 958 In
246 931 292 958 illa
308 940 379 958 caena
394 931 482 957 omnia
495 939 553 958 eum
566 931 710 958 secundum
726 933 806 967 legem
824 934 981 967 patravisse.

199 977 255 1004 Nisi
268 977 340 1004 cnim
355 976 503 1004 secundum
517 977 602 1012 legem
616 979 719 1013 azymis
732 979 758 1006 itt
771 986 848 1007 caena
863 980 907 1007 illa
919 987 984 1007 usus

199 1026 284 1055 esset,
312 1029 328 1048 a
355 1021 457 1050 .ludaais
484 1023 605 1056 omnino,
635 1029 663 1051 ut
691 1026 885 1059 praevaricator
905 1026 983 1061 legis,

199 1068 372 1096 insimulatus
386 1072 459 1095 esset
476 1077 483 1096 :
506 1067 576 1095 Nam
594 1077 653 1096 eum
667 1070 742 1096 multi
756 1071 818 1105 falsi
835 1076 923 1106 testes,
941 1072 986 1099 in-

199 1114 269 1148 quit,
283 1113 467 1144 surrexissent,
482 1122 590 1141 causam
608 1123 659 1141 non
678 1115 829 1143 invenerunt
840 1117 862 1134 "
873 1126 880 1144 :
893 1117 986 1144 maxi-

200 1165 244 1185 me
255 1165 316 1185 cum
329 1162 357 1185 et
370 1158 490 1192 proditor
502 1166 587 1186 coenae
600 1159 636 1186 illi
650 1160 805 1193 interesset,
819 1162 866 1195 qui
888 1162 909 1188 si
922 1162 986 1197 quid

200 1203 256 1231 tale
274 1203 370 1232 fuisset
387 1204 545 1236 admissum,
566 1204 664 1232 Iudaeis
691 1206 761 1233 clam
790 1207 984 1236 renuntiasset.

201 1248 361 1284 Quanquam
385 1253 413 1277 et
430 1249 560 1278 Dominus
580 1251 617 1277 ait
642 1259 650 1277 :
678 1251 816 1278 Desiderio
837 1252 988 1281 desideraui

201 1296 248 1322 hoc
261 1296 359 1330 pascha
376 1297 536 1323 manducare
552 1295 685 1324 vobiscum
699 1297 741 1330 ⁵ος
761 1298 786 1324 in
807 1305 860 1332 qtto
881 1298 987 1327 scilicet

203 1341 283 1367 etiam
318 1341 476 1376 mysterium
505 1342 627 1376 corporis
654 1343 694 1368 sui
726 1343 887 1371 tradendum
917 1349 986 1378 erat,

204 1386 386 1421 prtedixitque
400 1386 511 1413 ubinam
532 1394 593 1414 eunt
609 1387 749 1422 discipulis
768 1392 909 1422 oporteret
924 1396 988 1417 eum

205 1431 307 1458 l'ascha
330 1431 503 1458 manducare.

242 1477 269 1504 Si
286 1482 375 1504 autem
394 1478 492 1512 pascha
517 1477 666 1513 legitimum
685 1479 746 1511 fuit,
772 1480 885 1507 omnino
908 1480 989 1507 etiam

205 1523 333 1557 legitimis
351 1524 378 1549 itt
403 1522 447 1549 illo
462 1523 530 1549 cibis
555 1531 618 1550 usus
633 1528 683 1552 est.
708 1524 800 1559 Neque
827 1525 909 1557 enim,
928 1533 989 1552 cum

206 1567 296 1595 omnia
313 1567 380 1602 legis
399 1568 551 1602 implesset,
568 1576 626 1595 eam
645 1570 670 1596 in
693 1569 795 1597 Pascha
820 1571 991 1605 praevaricari
1006 1562 1028 1593 C

207 1613 309 1640 debuit.
322 1613 502 1641 Commendat
519 1615 567 1642 ltoe
581 1617 795 1651 etevangelista,
816 1625 876 1644 eum
898 1617 963 1646 dicit
984 1628 991 1646 :

209 1658 299 1686 Prima
319 1663 406 1685 autem
422 1659 464 1686 die
482 1660 643 1694 Azymorum
657 1660 691 1688 “.

208 1709 210 1712 '
242 1703 333 1730 Prima
351 1711 415 1732 vero
427 1704 590 1738 Azytnorum
605 1706 733 1733 solemnis
750 1712 808 1734 erat
824 1715 856 1735 ac
880 1707 993 1744 legitimi

209 1749 332 1777 Paschaa.
360 1749 407 1777 Sin
431 1758 495 1778 vero
520 1751 597 1778 divus
620 1751 832 1786 Chrysostoutus
856 1761 995 1789 exponens

209 1797 320 1829 primani
349 1796 522 1832 Azymorum,
554 1805 614 1824 eam
647 1806 707 1833 qua:
737 1800 871 1834 praecedat
899 1808 994 1836 azyma

215 1842 294 1873 dixit,
318 1842 379 1869 ideo
403 1841 430 1869 id
445 1843 492 1874 ait,
511 1842 573 1876 quia
596 1842 696 1871 Judasis
710 1846 876 1873 consuetudo
897 1851 966 1879 erat,
982 1854 997 1874 a

210 1893 325 1920 vespera
358 1894 466 1922 semper
498 1888 606 1914 initium
636 1889 689 1916 diei
716 1892 953 1925 computantibus,
982 1899 998 1920 θ

211 1939 324 1966 vespera
342 1931 424 1959 etiam
444 1931 645 1960 solemnitatem
663 1935 827 1969 Azymorutn
846 1936 996 1965 inchoare:

211 1984 292 2012 quam
306 1977 378 2004 enint
395 1977 445 2012 ipsi
463 1983 578 2010 noctem,
594 1984 696 2014 partem
714 1973 844 2013 praeteriti
856 1982 908 2009 diei
925 1990 1000 2009 com-

212 2027 350 2056 putamus,
368 2023 472 2050 initium
496 2024 546 2051 diei
563 2032 577 2050 a
593 2025 660 2052 solis
675 2031 736 2052 ortu
758 2025 888 2054 facientes
900 2046 908 2060 ,
929 2027 1000 2056 hanc

214 2068 250 2094 illi
274 2067 328 2094 diei
353 2068 492 2102 sequentis
516 2069 622 2096 initium
637 2075 914 2106 computant;quam
935 2081 1000 2108 ergo

214 2122 263 2142 nos
277 2119 340 2142 ante
364 2115 474 2150 Azyma,
501 2115 538 2141 illi
565 2116 679 2150 primam
705 2117 869 2152 Azymorum
895 2118 1000 2145 dicunt.

215 2159 349 2192 Quocirca
367 2160 532 2199 evangelista
557 2168 665 2195 quoque
687 2163 838 2189 secundum
855 2169 1001 2190 consuetu-

1069 930 1182 957 Latintts
1193 928 1264 956 enim
1287 927 1415 958 fortasse.
1429 926 1468 954 vel
1484 925 1582 953 Perses
1596 932 1609 951 a
1631 922 1832 952 conﬁrmando
1855 947 1859 950 .

1034 976 1113 1012 panis
1127 982 1223 1003 nomen
1237 995 1245 1007 ,
1259 974 1321 1008 quia
1335 981 1383 1001 cor
1397 973 1516 1000 hominis
1533 971 1676 999 confirmat
1695 970 1738 997 vel
1755 976 1835 1004 quo-

1036 1022 1182 1050 modolibel
1200 1021 1290 1053 aliter,
1315 1027 1330 1047 a
1355 1018 1570 1054 proprietatibus
1588 1018 1673 1052 ipsam
1699 1024 1757 1043 rem
1787 1024 1835 1043 se-

1036 1067 1182 1102 quentibus
1196 1065 1316 1093 deducit.
1335 1064 1364 1092 Si
1381 1069 1470 1092 autem
1488 1068 1515 1091 et
1532 1070 1627 1098 azyma
1643 1069 1690 1090 cor
1704 1062 1831 1089 hominis

1037 1114 1210 1145 confirmant,
1233 1116 1261 1139 et
1277 1111 1335 1146 ipsa
1352 1110 1464 1138 omnino
1478 1109 1556 1145 panis
1576 1109 1685 1136 nomine
1700 1107 1830 1135 vocanda

1037 1163 1118 1193 sunt;
1147 1164 1175 1186 et
1198 1157 1352 1192 Scriptura,
1373 1163 1436 1184 cum
1457 1156 1491 1184 de
1507 1155 1573 1191 ipsis
1588 1155 1724 1190 loquitur,
1743 1161 1835 1188 pales

1039 1210 1154 1240 utraque
1166 1204 1294 1238 appellat.

1073 1251 1150 1284 Quod
1165 1251 1268 1278 indicat
1287 1252 1383 1278 beatus
1397 1249 1563 1285 evangelista
1582 1248 1683 1281 Lucas,
1699 1248 1745 1284 qui
1765 1248 1832 1276 Sal-

1039 1297 1142 1324 vatoris
1155 1301 1217 1331 post
1231 1297 1460 1324 resurrectionem
1475 1295 1508 1322 ad
1520 1294 1621 1322 Lucam
1637 1299 1664 1322 et
1678 1294 1831 1329 Cleophatn

1040 1343 1067 1369 in
1089 1341 1214 1369 Emmaus
1237 1342 1444 1377 proﬁciscentes
1468 1341 1632 1368 locutionem
1651 1347 1831 1375 prosequens,

1039 1392 1102 1423 post
1129 1388 1251 1422 quaedam
1282 1388 1387 1415 infert:
1404 1386 1455 1414 Sed
1476 1395 1534 1414 cum
1555 1387 1594 1413 his
1609 1386 1728 1414 antnibus
1755 1387 1832 1414 hodie

1042 1433 1120 1460 tertia
1138 1433 1194 1460 dies
1210 1438 1258 1465 est,
1282 1441 1333 1468 quo
1349 1434 1408 1465 ipsa
1424 1433 1496 1467 facta
1511 1438 1569 1459 sunt
1590 1432 1630 1464 δ’,
1653 1433 1684 1459 de
1707 1432 1832 1467 passione

1041 1479 1143 1507 scilicet
1153 1479 1276 1514 loquens.
1285 1478 1320 1506 De
1335 1479 1386 1506 hac
1398 1479 1470 1505 enim
1482 1485 1571 1506 sermo
1582 1482 1657 1510 erat;
1671 1481 1833 1512 constatque

1044 1525 1107 1560 quia
1124 1525 1183 1552 lucc
1197 1526 1274 1552 tertia
1290 1524 1361 1552 inter
1377 1529 1480 1559 septem
1499 1528 1560 1559 post
1572 1523 1678 1551 Pascha
1696 1523 1753 1550 dies
1769 1522 1831 1553 fuit,

1045 1570 1072 1597 in
1086 1570 1185 1605 quibus
1198 1570 1347 1597 secundum
1368 1570 1454 1604 legem
1476 1569 1515 1597 eis
1528 1569 1703 1598 interdictum
1719 1572 1776 1595 erat
1791 1568 1829 1594 uti

1045 1615 1236 1649 ferutentatis,
1261 1616 1303 1643 vel
1329 1622 1361 1642 ca
1393 1620 1534 1650 utcunque
1563 1614 1750 1655 circumferre.
1781 1613 1831 1640 At-

1045 1669 1097 1696 que
1126 1661 1183 1689 illic
1215 1662 1300 1695 addit|
1323 1661 1386 1697 quia
1407 1661 1531 1696 cognitus
1558 1661 1610 1688 fuit
1643 1661 1671 1687 in
1703 1660 1830 1694 frattioue

1046 1707 1134 1743 panis.

1082 1752 1111 1779 ln
1136 1752 1192 1787 ipsa
1210 1759 1319 1787 quoque
1332 1752 1505 1787 apparitione
1523 1751 1641 1783 Domini.
1656 1759 1707 1785 qua
1722 1751 1829 1785 piscan-

1048 1797 1119 1825 tibus
1148 1798 1291 1832 apparuit,
1320 1798 1452 1833 scriptum
1485 1803 1528 1825 est
1553 1806 1560 1824 :
1581 1797 1649 1830 Quia
1677 1797 1828 1824 invenerunt

1048 1852 1160 1878 prunam
1179 1843 1309 1878 'positam,
1333 1848 1358 1871 et
1386 1844 1484 1878 piscem
1509 1843 1715 1878 superpositum,
1734 1847 1759 1869 et
1783 1850 1829 1876 pa-

1048 1898 1106 1917 nem
1121 1890 1154 1917 “.
1184 1890 1298 1917 Constat
1327 1897 1391 1923 ergo
1417 1897 1511 1925 azyma
1536 1895 1629 1924 panem
1657 1888 1829 1923 evangelislas

1049 1934 1211 1969 appellasse,
1236 1942 1325 1969 neque
1352 1935 1424 1962 enim
1453 1935 1494 1962 eis
1523 1934 1622 1961 licebat
1654 1938 1755 1968 septem
1784 1932 1830 1960 illis

1050 1981 1144 2008 diebus
1167 1981 1359 2008 fermentatum
1385 1988 1481 2016 panem
1511 1980 1624 2013 habere,
1650 1980 1692 2007 vel
1718 1980 1829 2007 circum-

1051 2026 1133 2054 ferre.

1087 2073 1231 2107 Prazterea,
1257 2074 1418 2102 fermentum
1464 2081 1514 2109 pro
1545 2073 1607 2101 dolo
1632 2077 1659 2100 et
1685 2073 1781 2100 malitia
1807 2073 1829 2100 in

1053 2119 1191 2154 Scriptura
1216 2120 1349 2154 accipitur
1374 2129 1381 2147 :
1410 2120 1544 2147 Attendile
1576 2120 1656 2152 enim,
1684 2120 1777 2153 inquit,
1812 2127 1827 2145 (ι

1054 2166 1181 2200 fermento
1209 2165 1407 2193 Pharisworum
1418 2166 1452 2194 "‘.
1483 2166 1516 2193 Et
1542 2174 1550 2193 :
1578 2165 1723 2199 Epulemur
1739 2173 1784 2192 non
1806 2165 1830 2192 in

215 2205 327 2237 (linem,
360 2206 475 2240 primam
511 2206 672 2240 Azymorum
715 2207 879 2242 appellavit,
919 2211 1182 2260 quameermenlo
1211 2211 1301 2243 veteri.
1331 2219 1412 2247 neque
1445 2212 1473 2239 in
1509 2211 1638 2246 fermento
1671 2211 1779 2238 malitia:
1808 2216 1830 2238 et

215 2251 426 2287 Chrysostomus
458 2257 522 2280 ante
548 2254 649 2288 Azyma
676 2254 754 2286 dixit,
783 2262 925 2289 vesperam
960 2256 1002 2283 in—

215 2298 326 2325 sinuare
357 2298 468 2330 volens,
502 2299 528 2326 in
562 2306 617 2334 qua
651 2299 780 2328 Dominus
813 2302 900 2336 prima
933 2302 1005 2337 Azy-

217 2351 322 2371 mortlm
340 2344 497 2378 inchoante,
521 2352 583 2372 cum
600 2344 741 2380 discipulis
766 2346 870 2374 Pascha
890 2348 1006 2375 manda.

218 2391 301 2418 cavit.

253 2437 330 2469 Quod
351 2437 372 2464 si
391 2437 493 2465 dictum
510 2441 551 2465 est
567 2446 574 2465 :
591 2437 625 2465 Et
644 2438 694 2473 ipsi
720 2446 772 2466 non
796 2439 952 2467 introierunt
978 2439 1007 2466 in

219 2483 384 2517 prelorium,
399 2488 426 2510 ut
450 2491 502 2511 non
516 2484 771 2514 contaminarentur,
789 2485 833 2512 sed
852 2490 879 2512 ut
892 2485 1008 2512 mandu-

220 2535 311 2554 careut
325 2527 428 2555 Pascha
441 2529 476 2562 δ’,
499 2536 551 2556 non
571 2530 631 2557 ideo
643 2531 790 2564 putandum
817 2537 870 2563 est,
890 2532 1008 2558 nondum

221 2573 362 2600 advenisse
388 2573 514 2606 Pascha;
540 2575 586 2602 sed
603 2575 666 2610 quia
689 2574 792 2603 Iudaeis
809 2576 913 2603 licitum
937 2583 1008 2609 erat,

222 2619 309 2653 ipsum
337 2619 363 2646 in
387 2619 550 2655 quibusdam
568 2621 677 2649 casibus
694 2620 813 2649 diﬁ‘erre.
840 2621 918 2650 Sicut
932 2623 1005 2650 enim

259 2708 280 2744 ξ’
297 2708 390 2737 Matth.
410 2717 437 2741 ν,
466 2710 511 2738 i7.
566 2711 588 2728 ³⁸
611 2711 707 2738 Matth.
738 2720 776 2744 ιιι,
798 2713 841 2741 15.

893 2714 916 2730 ¹⁹
940 2713 1033 2740 Matth.
1050 2721 1125 2743 xxvr.
1142 2713 1188 2741 60.

222 2743 245 2760 “
260 2743 337 2771 loan.
355 2753 429 2779 svnt,
445 2745 490 2773 28.
506 2746 604 2775 "Luc.
620 2755 694 2781 xxtv,
709 2747 753 2794 ἓξ.
771 2743 774 2744 ν
793 2747 906 2776 "Joan.
924 2757 980 2782 ut,
999 2748 1026 2776 9.
1063 2750 1086 2766 υ
1103 2748 1202 2777 Matth.
1224 2757 1279 2783 xw,
1298 2750 1324 2777 6.
1363 2749 1407 2776 “"l
1423 2743 1488 2776 (lor.
1513 2756 1538 2782 v,
1558 2749 1584 2776 8.

1054 2257 1187 2291 nequitiw.
1203 2257 1248 2284 sed
1275 2257 1302 2284 in
1320 2257 1422 2291 azymis
1438 2257 1602 2284 sinceritatis
1620 2261 1644 2283 et
1670 2255 1828 2287 ueritatis“;

1053 2305 1117 2338 quia
1145 2303 1227 2331 etiam
1257 2308 1395 2338 sumptum
1428 2311 1462 2331 ex
1490 2310 1569 2331 sacra
1596 2302 1709 2337 Virgine
1737 2301 1829 2328 Domini

1054 2356 1155 2384 corpus
1179 2350 1213 2376 ab
1234 2349 1307 2376 omni
1333 2349 1438 2383 peccati
1457 2349 1519 2376 labe
1535 2349 1684 2380 sincerutn,
1701 2348 1827 2378 intactum,

1055 2395 1224 2423 inaccessum
1260 2394 1320 2428 fuit,
1353 2395 1457 2422 idcirco
1486 2395 1566 2429 panis
1594 2401 1701 2429 quoqtte
1731 2400 1828 2428 azytuus

1057 2441 1190 2469 sincerior
1202 2449 1233 2469 ac
1253 2441 1402 2476 simplicior
1417 2448 1477 2468 cttm
1492 2441 1540 2474 sit,
1562 2440 1661 2467 merito
1676 2439 1702 2466 in
1717 2437 1827 2465 sacriﬁcii

1057 2486 1194 2514 oblatione
1213 2493 1369 2522 assumptus
1385 2486 1436 2514 dici
1454 2491 1553 2520 potest,
1574 2485 1600 2512 in
1615 2493 1680 2520 qua,
1692 2483 1827 2518 subjectum

1058 2532 1123 2560 illttd
1149 2533 1174 2560 in
1212 2532 1382 2560 Dominioum
1415 2536 1536 2559 mtttatur
1569 2539 1679 2565 corpus.
1710 2530 1737 2557 ld
1766 2529 1826 2557 enint

1059 2577 1168 2612 plenum
1195 2578 1308 2605 rationis
1332 2582 1393 2611 est,
1426 2583 1456 2604 ut
1484 2578 1517 2604 ad
1542 2578 1688 2613 mysteria,
1712 2583 1765 2610 quat
1788 2583 1826 2610 per

1060 2622 1204 2650 sensibiles
1222 2623 1328 2657 species
1349 2622 1503 2656 traduntur,
1526 2622 1711 2658 pretiosiores.
1735 2625 1760 2648 et
1781 2627 1828 2654 qua}

1245 2713 1268 2730 ⁸ο
1283 2713 1350 2742 Luc.
1372 2722 1439 2746 uti,
1455 2713 1498 2741 {5.
1550 2713 1573 2729 ⁸¹
1589 2713 1686 2740 Matth.
1702 2718 1769 2743 xm,
1787 2709 1822 2737 Π.

262 2815 317 2855 (εἶτ)
336 2816 407 2851 Lege
424 2817 617 2855 Bellarmjnuut
629 2817 680 2855 lib.
705 2817 795 2855 tv_‘De
823 2817 1003 2852 Eucharistia,
1041 2825 1065 2846 c.
1093 2818 1150 2846 7et
1174 2827 1272 2855 seqq.;
1298 2819 1421 2847 Gennad.
1450 2826 1499 2855 pro
1535 2817 1651 2846 concilio
1677 2815 1825 2849 Florentino,

227 2849 403 2880 Ilumbertum
415 2858 508 2881 contra
523 2853 680 2882 Micltaelctn
697 2858 723 2882 ct
736 2852 868 2881 Nicctatn.
