1960 3063
109 117 161 147 925

658 112 859 158 ΔῡνΕΒ5Η8
878 112 1038 143 caecos
1058 97 1131 144 mn.
1154 115 1203 146 tv.

1679 113 1732 145 2:6

111 174 164 200 sint
181 166 282 208 magis
293 172 343 204 eis,
366 178 427 206 quae
444 174 600 204 sumuntur,
619 171 828 198 accommodatae
850 169 899 197 eli-
914 169 938 199 Δ
951 169 1070 197 Ecclesia
1086 175 1232 203 canuntur,
1254 173 1282 198 ut
1300 170 1363 198 illttd
1378 179 1386 198 :
1403 171 1533 204 Quoniam
1549 171 1576 198 in
1589 170 1736 198 ctelestibus

111 224 220 253 gantur.
399 227 408 239 ’

376 261 414 289 De
435 261 634 291 dormientibus.

147 308 179 335 Et
221 308 273 335 hoc
315 308 379 335 item
408 308 627 336 Occidentalibus
665 307 768 336 crimen
803 307 902 342 impin—

112 358 178 388 gunt
195 354 265 387 (84),
280 354 350 388 quod
368 361 416 381 eos
429 354 473 388 qui
492 354 547 381 vita
560 354 702 386 excedunt,
719 353 771 380 nisi
791 358 903 389 peccata

112 400 202 433 aliqua
222 400 385 433 impediant,
411 404 523 427 sanctos
543 399 634 427 debita
660 400 789 428 beatilate
809 400 901 427 statim

113 445 166 472 trui
186 445 292 478 dicunt,
320 450 346 473 et
376 449 576 482 consequenter
603 447 761 474 mortalibus
784 448 904 481 peccatis

113 490 265 517 obstrictos
277 510 285 521 .
302 496 384 526 atque
408 491 468 519 ideo
487 500 502 519 a
527 491 694 521 beatitudine
716 493 853 528 indignos,
870 494 903 521 ad

115 541 233 563 arteruos
248 537 388 564 cruciatus
404 538 536 571 pertrahi.
549 539 636 573 quoad
650 538 721 566 facta
736 543 903 567 mortuorum

117 582 163 608 illa
193 583 313 616 generali
343 584 565 618 resurrectione,
598 585 702 620 singula
736 585 903 619 singulorum

116 627 263 654 animabus
281 628 424 663 conjuncta
446 637 560 664 corpora
577 637 628 657 una
644 631 684 658 vel
702 630 826 658 f‘ruantur
840 639 906 665 gau-

117 670 180 704 diis,
196 672 236 699 vel
254 673 394 708 suppliciis
406 674 569 702 afﬁciantur.
590 675 640 709 Qui
656 681 746 704 autem
761 677 787 703 id
802 677 905 704 crimen

117 716 262 750 objiciunt,
286 718 342 754 sive
364 720 450 747 sacris
467 719 580 748 Litleris
597 722 772 754 credendum,
798 723 855 750 sive
872 724 906 750 sit

117 762 291 790 observanda
310 764 391 797 ratio,
413 765 517 800 culpari
538 766 628 800 potius
651 773 799 800 merentur,
825 775 906 802 quam

119 808 230 842 culpare
247 809 299 843 ipsi
316 809 442 838 debeant.
460 811 530 839 Nam
553 812 683 841 Dominus
696 813 815 848 quidem,
827 819 854 841 ut
874 822 906 842 ex

119 855 250 889 pauperis
266 854 373 888 Lazari,
391 860 419 883 et
441 856 533 885 divitis
548 858 670 893 epulonis
691 859 819 893 parabola
841 867 905 895 pro-

120 900 220 933 posita.
242 905 350 928 constat
364 901 400 934 ",
414 903 477 936 quia
496 911 549 930 non
567 904 647 931 verba
666 904 725 932 sine
743 904 823 933 rebus
844 913 907 941 pro-

120 945 252 979 ponebat,
278 947 451 981 concludens
469 949 570 984 adjecit
588 958 594 976 :
613 951 685 985 quod
710 950 829 979 Lazarus
847 952 907 986 qui.

121 990 184 1018 dem
209 996 332 1020 mortuus
346 993 381 1020 ab
403 994 504 1027 angelis
527 994 642 1022 Abrahae
656 995 761 1024 sinibus
786 997 908 1025 invectus

121 1034 183 1069 est;
202 1042 324 1065 mortuus
338 1043 379 1066 est
394 1044 483 1067 autem
499 1045 526 1068 et
543 1041 618 1069 dives
634 1047 661 1069 et
676 1043 808 1078 sepultus,
827 1049 908 1079 atque

123 1083 151 1110 in
169 1083 306 1111 ﬂammam
324 1085 401 1113 abiit.
418 1087 472 1114 Per
496 1095 557 1122 quae
576 1092 637 1122 post
661 1093 778 1116 mortem
796 1090 908 1118 alterius

126 1128 236 1162 quidem
256 1130 372 1164 requies,
383 1135 410 1158 et
424 1131 562 1160 beatitudo
574 1133 706 1169 signatur,
719 1134 831 1164 alterius
844 1143 908 1164 vero

124 1174 276 1206 cruciatus,
293 1175 396 1203 nullum
417 1176 498 1205 ﬁnem
516 1178 633 1206 habens.

160 1219 321 1254 Quanquam
352 1226 380 1249 et
405 1222 432 1249 id
459 1224 530 1258 quod
558 1224 593 1252 ad
621 1225 751 1254 latronem
780 1227 806 1254 in
831 1234 910 1256 cruce

126 1263 229 1292 dictum
245 1272 288 1294 cst
304 1276 311 1294 :
330 1267 416 1295 Hodie
428 1276 527 1296 mecum
540 1271 592 1297 eris
606 1271 633 1298 in
649 1272 775 1305 paradiso
788 1271 822 1304 ⁸⁸,
837 1272 909 1308 jam-

125 1309 181 1343 jam
202 1310 321 1338 futuram
338 1312 534 1341 beatitudinem
557 1315 738 1342 commendat.
763 1315 846 1342 Divus
865 1323 913 1342 au-

129 1360 181 1382 tem
213 1356 312 1385 Paulus
336 1357 448 1386 dissolvi
471 1360 556 1394 cupit,
580 1365 684 1388 etesse
708 1368 768 1388 cum
791 1361 911 1389 Christo.

129 1400 215 1436 Cujus
230 1402 269 1429 rei
294 1403 381 1437 gratia
398 1403 424 1430 id
448 1404 593 1439 cupiebat?
608 1403 807 1440 lngemiscimus
830 1407 910 1440 enim,

130 1447 228 1481 inquit,
247 1447 356 1475 scientes
373 1450 496 1483 quoniam
519 1450 581 1477 dum
605 1458 696 1477 sumus
718 1451 746 1477 in
763 1452 812 1478 hoc
827 1453 913 1479 taber—

952 215 1077 242 tltalamis
1093 216 1202 251 gloriosi
1219 223 1347 252 martyres
1370 222 1481 243 exorant
1504 222 1539 249 te,
1557 217 1674 243 Domine.
1704 217 1738 244 Et

952 260 1017 287 illud
1031 270 1037 287 :
1060 261 1191 297 Martyres
1207 262 1309 297 inclyti,
1328 270 1378 288 non
1399 267 1470 289 terra
1491 270 1535 289 vos
1551 262 1677 295 occuluit,
1691 262 1736 289 sed

952 306 1045 333 caelum
1071 308 1195 343 suscepit.
1221 309 1326 342 Aperta:
1340 312 1401 335 sunt
1418 308 1488 335 uobis
1508 308 1627 341 paradisi
1644 313 1737 343 parur,

952 352 1072 386 intusque
1083 353 1276 385 accumbentes,
1289 353 1387 388 lignum
1402 354 1459 380 vita:
1472 353 1597 387 gustatis.
1610 353 1641 379 Et
1653 353 1716 380 illud
1729 361 1735 381 :

955 397 1113 425 Sanctorum
1140 400 1233 426 chorus
1259 400 1319 426 vitm
1337 399 1436 433 fontem
1462 399 1567 432 invenit,
1586 405 1609 426 et
1631 405 1734 434 portum

953 443 1083 478 paradisi.
1094 443 1127 470 Et
1139 444 1204 471 illud
1219 453 1226 471 :
1241 444 1309 476 Quia
1321 452 1389 471 nunc
1403 445 1508 471 assistis
1524 444 1648 471 Trinitati
1663 445 1736 480 felix,

955 490 1108 523 interpellas
1130 499 1178 524 pro
1197 490 1282 524 nobis,
1298 491 1342 526 qui
1360 490 1412 524 ﬁde
1436 496 1460 518 et
1475 491 1569 525 affectu
1583 491 1733 518 memoriam

955 535 996 562 tui
1011 544 1176 563 veneramur.

991 580 1023 607 Et
1050 582 1148 617 ubique
1175 581 1285 609 omnino
1311 586 1423 609 sanctos
1447 581 1551 616 angelis
1579 582 1686 614 adesse,
1712 585 1739 608 et

959 628 1142 662 congaudere,
1165 632 1194 655 et
1210 636 1262 655 una
1278 628 1391 655 choreas
1415 635 1495 662 agere
1512 627 1676 654 confitemur
1692 634 1740 654 ve-

956 679 1096 705 nerantes,
1123 679 1204 708 atque
1221 679 1248 700 ut
1271 681 1322 709 pro
1348 673 1425 701 nobis
1441 673 1622 700 interveniant
1646 680 1736 708 prcca»

957 727 1029 751 mur,
1050 719 1120 753 quod
1142 718 1263 754 profecto
1278 727 1331 746 non
1349 719 1435 751 fieret,
1453 719 1503 746 nisi
1523 723 1596 746 esset
1615 726 1741 745 commn-

957 765 1000 793 nis
1015 766 1141 793 Ecclesiae
1155 765 1256 800 opinto,
1268 764 1348 792 etiam
1364 769 1427 792 ante
1445 764 1561 791 futuram
1575 768 1740 791 mortuorum

959 811 1186 839 resurrectionem
1218 815 1327 838 sanctos
1356 817 1451 838 omnes
1475 809 1607 836 beatitate
1626 807 1740 843 perfrui.

956 855 1032 884 Alias
1047 861 1136 883 autem
1155 856 1244 883 miseri
1261 855 1372 882 omnino
1384 860 1486 887 essent,
1505 855 1526 882 si
1545 855 1661 889 reposita
1689 855 1741 882 sibi

956 903 1027 931 bona
1043 901 1135 936 procul
1148 901 1294 934 intuentes,
1309 906 1431 936 prompte
1445 908 1478 928 ex
1494 900 1545 927 hac
1561 901 1625 932 vita,
1639 906 1741 928 etcum

957 947 1094 982 voluptate
1107 947 1266 982 migrarent.

955 1019 959 1023 _
995 991 1124 1023 Proinde,
1141 991 1278 1023 quomodo
1298 990 1451 1022 conveniat,
1468 989 1576 1017 illorum
1602 990 1693 1026 aliquo
1712 991 1739 1019 in

959 1037 1018 1065 loco
1029 1042 1152 1064 servatas
1165 1036 1271 1064 animas
1286 1041 1361 1064 tanto
1377 1041 1496 1070 tempore
1509 1037 1628 1071 praemiis
1643 1037 1741 1064 debitis

959 1083 1093 1116 fraudari,
1106 1083 1204 1117 quibus
1215 1081 1346 1109 Dominus
1360 1082 1488 1117 gaudium
1505 1087 1636 1110 aeternum
1649 1090 1742 1117 repro-

960 1128 1044 1160 misit,
1059 1134 1180 1162 quosque
1202 1128 1378 1155 assumendus
1395 1127 1434 1154 ait
1448 1135 1455 1153 :
1476 1127 1507 1155 Ut
1533 1127 1576 1153 ubi
1592 1127 1635 1154 ille
1652 1134 1700 1161 est,
1717 1133 1740 1154 et

959 1172 1011 1207 ipsi
1027 1173 1078 1200 sint
1091 1172 1135 1199 ⁵⁸2
1161 1172 1213 1200 Sed
1230 1178 1256 1200 et
1278 1178 1339 1208 post
1358 1172 1429 1200 hanc
1445 1173 1528 1200 vitam
1545 1181 1606 1201 cum
1634 1174 1687 1202 fide
1715 1180 1743 1201 et

960 1221 1021 1253 spe’
1040 1223 1186 1250 vweretur,
1203 1226 1263 1253 quae
1285 1218 1380 1246 beatus
1403 1218 1502 1246 Paulus
1521 1219 1686 1252 evaCuanda,
1699 1227 1744 1247 so-

960 1263 1067 1298 Iamque
1082 1264 1243 1292 charitalem
1259 1271 1463 1299 permansuram
1479 1265 1547 1292 dixit
1570 1265 1598 1292 in
1623 1265 1743 1293 beatitu-

961 1309 1035 1341 dine,
1050 1316 1110 1343 qua:
1137 1309 1164 1335 in
1181 1309 1272 1336 divina
1290 1309 1476 1343 speculatione
1498 1311 1637 1338 consistit.
1662 1311 1744 1346 Atqui

962 1360 1049 1387 neque
1066 1352 1197 1380 Dominus
1225 1353 1251 1380 id
1269 1354 1407 1386 voluisset,
1424 1361 1469 1386 ne,
1495 1354 1518 1381 si
1549 1354 1600 1389 ipsi
1624 1355 1743 1390 quidem,

964 1399 1009 1434 qui
1028 1399 1145 1426 debitam
1170 1398 1363 1426 beatitudinem
1387 1399 1539 1434 percepturi
1564 1404 1637 1432 sunt,
1654 1400 1745 1429 minus

963 1445 1042 1478 digne
1059 1444 1166 1471 adeam
1185 1444 1387 1480 percipiendam
1405 1452 1435 1472 se
1454 1450 1672 1479 comparassent,
1687 1446 1746 1481 ejus

131 1493 238 1526 και-κιο,
263 1495 464 1529 peregrinam“,
487 1505 504 1524 α
528 1496 642 1533 Domi/,0
658 1505 668 1526 ε
683 1504 730 1531 ρει.
746 1497 825 1532 βάρη,
845 1499 913 1525 enim
927 1498 949 1527 α
965 1497 1070 1517 summa
1086 1490 1252 1525 benignitate
1269 1490 1339 1518 ultra
1356 1490 1450 1518 merita
1468 1498 1575 1525 semper
1588 1491 1745 1522 inundante.

131 1540 310 1572 anibutamus,
331 1548 383 1568 non
412 1549 459 1576 per
481 1543 594 1576 speciem
612 1542 636 1558 "
658 1543 799 1578 :speciem
821 1544 914 1572 dicens

133 1585 299 1612 creditarum
327 1593 418 1614 rerum
441 1587 620 1617 substantiam
651 1593 731 1623 atque
760 1589 913 1616 veritatem.

133 1629 259 1658 Profecto
278 1638 367 1659 autem
385 1633 436 1660 ista
452 1641 505 1660 non
525 1634 637 1666 diceret,
651 1634 700 1661 nisi
715 1641 807 1670 aperte
820 1635 914 1669 sciret,

133 1681 193 1710 post
213 1676 368 1711 hujusmodi
385 1679 639 1714 peregrinationem,
663 1681 753 1708 carnis
767 1689 850 1709 onere
865 1681 912 1708 de-

135 1722 235 1756 posito,
254 1730 284 1750 se
296 1730 345 1757 per
360 1725 478 1758 speciem
493 1726 644 1760 concupitis
658 1726 813 1754 fruiturum.
830 1726 915 1754 Aliter

134 1767 247 1803 quippe,
276 1768 368 1796 vivere
396 1770 565 1804 praestitisset
589 1778 668 1803 quant
687 1771 767 1799 mori.
794 1770 861 1798 Nam
888 1775 916 1799 et

135 1811 260 1845 corporis
277 1810 310 1838 ad
327 1812 444 1839 animam
472 1814 616 1842 connexio.
637 1814 719 1841 veluti
747 1815 866 1842 materia:
883 1816 916 1842 ad

135 1857 254 1889 speciem
266 1857 416 1885 naturalem
432 1862 482 1886 est.
499 1858 630 1886 Omnibus
643 1864 732 1887 autem
748 1867 842 1888 eorum
855 1868 917 1895 qua.

137 1903 285 1929 secundum
301 1906 426 1930 naturam
445 1908 517 1935 sunt,
543 1911 575 1932 ac
590 1905 772 1940 propriorum,
789 1905 857 1932 inest
872 1906 918 1933 de-

137 1948 268 1975 siderium
297 1957 304 1976 :
331 1956 417 1984 neque
440 1950 530 1977 dirimi
549 1951 682 1985 quispiam
707 1958 722 1978 a
749 1951 917 1979 naturalibus

136 1993 253 2021 vinculis
268 1994 392 2030 eligeret,
410 1995 461 2022 nisi
485 1999 545 2030 post
565 1995 769 2023 dissolutionem
787 2001 918 2030 praestan-

139 2039 255 2067 tioribus
279 2048 308 2067 se
328 2040 473 2068 fruiturum
488 2042 620 2074 crederet,
634 2041 817 2077 defunctoque
842 2041 919 2069 dolor

139 2084 251 2119 inesset,
270 2086 322 2114 nisi
338 2087 455 2120 speratis
468 2087 623 2122 potiretur.~

174 2132 307 2158 Caeterum
321 2139 382 2159 cum
399 2132 550 2165 huiusmodi
564 2139 625 2167 spes
639 2132 715 2159 firma
728 2131 829 2159 sanctis
843 2138 919 2166 repo—

967 1536 1042 1564 nullo
1056 1536 1100 1583 hic
1115 1536 1285 1571 prohibente,
1303 1536 1435 1571 promissa
1456 1536 1510 1564 illis
1533 1536 1603 1564 bona
1619 1544 1702 1571 penes
1717 1545 1747 1565 se

967 1582 1107 1610 recondita
1135 1589 1255 1614 servare,
1283 1582 1407 1609 mteroris
1428 1589 1509 1610 causa
1536 1584 1595 1612 suis
1623 1583 1746 1616 effectus,

965 1628 1125 1662 meritisque
1147 1628 1206 1656 illos
1223 1628 1369 1655 honoribus
1387 1628 1506 1662 privans.

1002 1674 1070 1702 Nam
1091 1675 1113 1702 si
1129 1674 1254 1702 frustrari
1274 1674 1327 1701 fine
1349 1682 1494 1702 maerorem
1511 1675 1610 1710 ubique
1627 1681 1746 1711 praestat,

967 1721 1101 1755 quomodo
1117 1727 1172 1748 non
1192 1720 1217 1747 id
1232 1720 1333 1747 sanctis
1350 1721 1475 1748 mteroris
1488 1721 1541 1749 erit
1554 1729 1646 1756 causa,
1661 1730 1748 1758 e0que

966 1766 1063 1801 magis,
1091 1773 1146 1801 quo
1172 1758 1226 1793 ﬁne
1251 1767 1368 1793 maximo
1396 1771 1476 1801 atque
1504 1767 1664 1802 dignissimo
1695 1777 1748 1796 non

960 1811 1128 1847 potientur?
1159 1811 1272 1845 Semper
1299 1811 1371 1838 enim
1401 1812 1542 1847 cupientes
1568 1818 1702 1847 quaerent,
1721 1820 1748 1842 et

969 1865 1023 1884 non
1039 1858 1172 1892 potientes
1185 1859 1345 1884 maerebant.
1368 1856 1396 1884 Si
1412 1857 1483 1885 enim
1499 1859 1542 1886 hic
1559 1859 1749 1894 ingemiscunt.

968 1903 1014 1929 ubi
1039 1902 1246 1936 peregrinantur
1270 1910 1284 1928 a
1311 1902 1444 1935 Domino,
1472 1905 1606 1936 quomodo
1637 1913 1690 1931 non
1717 1905 1744 1932 id

968 1950 1053 1976 etiam
1081 1953 1144 1983 post
1171 1953 1332 1982 praesentem
1362 1949 1443 1975 vitam
1472 1950 1618 1984 patientur,
1646 1951 1668 1977 si
1695 1951 1749 1978 illic

968 1995 1007 2022 eis
1030 2001 1089 2021 cum
1117 1993 1168 2020 fide
1193 1994 1273 2020 etiam
1296 2001 1327 2020 ac
1353 2001 1399 2028 spe
1425 1994 1567 2021 vivendum
1604 1996 1660 2022 sit?
1685 1995 1750 2029 Qum

969 2040 1071 2072 omnia,
1095 2044 1193 2073 praeter
1218 2038 1365 2073 Scriptura;
1383 2047 1519 2073 normam,
1536 2046 1691 2076 praeterque
1705 2049 1750 2069 ra<

969 2085 1068 2112 tionem
1081 2089 1155 2111 sunt.

1008 2129 1094 2157 Porro
1108 2130 1130 2157 si
1147 2130 1208 2164 quis
1226 2129 1316 2156 divum
1332 2129 1443 2157 Paulum
1463 2130 1575 2164 obiiciat
1590 2131 1724 2159 dicentem
1743 2142 1751 2159 :

140 2177 191 2203 sita
211 2178 258 2208 sit,
277 2184 364 2210 neque
390 2177 415 2203 in
434 2164 532 2204 rerum
561 2164 715 2205 substantia
734 2184 794 2205 esse
822 2164 918 2218 possit,
936 2164 957 2192 θ
973 2175 1008 2202 Et
1024 2176 1060 2202 lii
1073 2183 1171 2207 omnes,
1185 2174 1268 2202 sancti
1284 2175 1389 2202 scilicet
1404 2175 1437 2202 de
1450 2176 1549 2210 quibus
1565 2177 1682 2209 dicebat,
1701 2185 1752 2204 non

141 2222 192 2248 nisi
208 2226 351 2256 separetur
365 2222 454 2249 anima
469 2229 484 2249 a
499 2229 624 2257 corpore,
646 2222 796 2249 naturalem
813 2221 924 2255 conjun-

140 2268 258 2294 ctioncm
287 2268 374 2294 sancti
403 2266 549 2302 fugientes,
573 2267 777 2294 dissolutionem
796 2266 922 2301 cupiunt,

142 2317 170 2338 ut
188 2313 228 2339 eis
243 2312 383 2340 destructa
407 2313 531 2344 materia,
548 2313 627 2341 liceat
649 2320 744 2340 eorum
759 2320 819 2347 quae
834 2311 923 2338 credi-

142 2357 249 2389 derunt,
264 2358 444 2385 substantiam
460 2358 580 2391 recipere
597 2365 605 2384 :
625 2358 711 2385 donec
724 2354 775 2392 per'
789 2363 922 2384 summam

144 2404 189 2431 Dei
206 2405 400 2440 benignitatem
427 2405 556 2432 naturalis
583 2405 663 2431 etiam
679 2403 834 2439 coniunctio
853 2402 924 2430 divi-

144 2451 203 2476 nius
219 2455 246 2477 et
261 2450 439 2477 excellentius
459 2450 564 2478 redeat.
589 2450 742 2478 Attestatur
755 2453 844 2476 autem
868 2448 921 2480 his,

142 2502 169 2524 et
183 2496 255 2532 quod
271 2496 297 2523 in
313 2496 481 2523 teatameutis
493 2505 508 2523 a
526 2496 625 2531 Just-ph
647 2495 800 2530 patriarcha
821 2494 923 2521 dictum

143 2549 182 2571 cst
199 2556 203 2571 :
220 2544 373 2570 Moriuntur
388 2549 535 2578 peccatores
561 2548 586 2570 et
614 2544 775 2570 descendunt
797 2542 825 2568 in
844 2542 926 2576 infer-

144 2598 216 2617 num.
233 2590 403 2617 Attestantur
426 2591 488 2618 item
515 2595 542 2618 et
562 2597 622 2625 qua!
648 2590 742 2617 diebus
764 2588 879 2623 singulis
896 2589 921 2614 in

178 2681 202 2698 "
220 2681 288 2709 Luc.
303 2680 465 2714 “519—31.
505 2680 527 2696 “
557 2678 623 2708 Luc.
634 2686 712 2713 χχιιι,
725 2679 772 2707 45.

975 2222 1090 2249 tulerunt
1110 2221 1348 2256 repruntissiunem,
1373 2220 1425 2248 Deo
1442 2222 1535 2249 melius
1550 2222 1654 2258 aliquid
1666 2224 1753 2258 prori-

972 2268 1060 2299 dente,
1085 2275 1116 2294 ne
1147 2267 1201 2293 sine
1238 2266 1312 2294 nobis
1336 2267 1553 2301 perficerentur"
1575 2276 1583 2295 ς
1603 2268 1754 2299 sciendum,

972 2315 1034 2349 quia
1050 2314 1101 2340 hoc
1114 2313 1140 2339 in
1161 2315 1231 2345 loco,
1246 2313 1444 2347 per/ectionem,
1461 2313 1531 2340 dixit
1547 2314 1645 2340 anima:
1659 2321 1756 2349 corpo-

974 2361 1067 2393 risque
1090 2358 1231 2390 unionem,
1254 2365 1314 2392 quae
1332 2358 1524 2386 universalitcr
1543 2359 1596 2386 etit
1621 2359 1647 2386 in
1666 2359 1755 2387 futura

974 2409 1141 2433 mortuorum
1159 2404 1369 2432 resurrectione.
1386 2404 1453 2431 Nam
1471 2405 1620 2432 secundum
1634 2407 1757 2440 corporis

975 2455 1077 2485 partem
1091 2449 1178 2476 sancti
1196 2449 1310 2475 necdum
1329 2449 1396 2476 beati
1412 2454 1484 2483 sunt,
1506 2451 1567 2484 quia
1584 2451 1672 2484 ipsum
1691 2459 1756 2478 nec-

976 2496 1040 2523 dum
1056 2495 1155 2522 babent
1180 2494 1369 2528 glorificatum,
1393 2495 1470 2530 juxta
1487 2496 1619 2523 rationem
1639 2497 1757 2524 beatitu-

976 2541 1048 2568 dinis
1064 2540 1170 2567 animae.
1185 2540 1251 2566 Cum
1269 2547 1332 2566 vero
1353 2541 1415 2567 talis
1430 2541 1494 2567 unio
1515 2541 1577 2574 erit,
1595 2546 1658 2569 tunc
1675 2547 1752 2569 utra-

976 2594 1030 2621 que
1044 2593 1108 2621 pars
1121 2586 1237 2613 hominis
1253 2585 1370 2621 perfecta
1390 2586 1462 2619 erit;
1476 2587 1546 2621 quod
1567 2595 1632 2622 ergo
1653 2588 1755 2615 dictum

811 2678 834 2695 "
865 2677 912 2706 11(

970 2697 978 2711 ,
995 2685 1021 2711 v,
1039 2676 1066 2705 6.
1104 2675 1127 2692 "
1140 2681 1219 2702 soan.
1244 2681 1300 2706 xtv.
1318 2674 1345 2701 3.
1383 2675 1405 2691 "
1431 2674 1514 2703 Hebr.
1544 2682 1582 2707 χι,
1607 2674 1698 2704 59-40.

180 2775 236 2808 (86)
255 2775 326 2808 Lege
355 2773 519 2802 Cennadium
544 2781 592 2808 pro
617 2773 732 2802 concilio
753 2772 918 2806 Florentino,
939 2779 964 2800 c.
979 2771 1004 2804 ι,
1021 2763 1048 2798 et
1071 2769 1265 2798 Bellarminum
1284 2768 1342 2796 'lib.
1359 2776 1366 2796 ι
1392 2767 1427 2796 De
1462 2774 1610 2795 sanctorum
1642 2767 1749 2794 beatitu-

146 2813 215 2837 dine.
