1960 3063
221 110 276 143 221

854 104 1052 136 MANUELIS
1073 103 1225 134 CALECKE

1792 99 1862 132 228

220 170 264 192 est
282 173 289 192 :
310 163 362 190 Dso
386 171 434 198 pro
459 161 532 189 nobis
552 161 646 188 melius
668 161 768 197 aliquid
788 162 951 195 providente,
974 169 1006 187 ne
1019 163 1040 191 Α
1056 161 1164 195 quidem
1179 159 1354 187 satiabuntur
1365 165 1426 186 cum
1438 157 1594 196 apparuerit
1604 157 1644 184 eis
1655 157 1738 192 gloria
1755 158 1862 191 ipsius

222 211 278 237 sine
312 210 386 236 nobis
416 208 598 243 perﬁciantur,
632 207 826 242 perfectionem
857 207 1001 240 significat,

223 263 305 290 quam
324 256 451 287 diximus,
462 260 599 288 quamque
610 253 737 281 Patribus
750 253 778 280 in
793 253 889 287 spiritu
900 254 1005 280 denun-

224 303 329 333 tiatam,
353 306 416 328 ante
441 301 558 327 futuram
587 300 786 327 restitutionem
813 307 866 326 non
886 298 1004 326 reddidit

221 349 282 374 sive
302 347 364 374 aliis
381 348 493 378 sanctis,
508 345 593 373 donec
608 345 756 373 Jerusalem
771 345 815 372 illa
830 344 959 376 cmleslis,
971 351 1004 371 ex

221 393 263 419 his
278 392 323 426 qui
346 397 410 418 ante
425 391 511 426 legem
529 397 555 418 et
570 392 596 418 iu
613 391 682 425 lege,
699 396 725 418 et
751 391 778 417 in
808 389 884 418 Nom
906 388 1005 416 Testa~

222 443 312 465 Illellw
340 441 413 468 sunt,
431 435 586 470 impleatur,
610 436 686 470 juxta
710 442 836 470 magnum
862 433 1006 473 consilium

221 483 280 513 Dei,
295 487 320 509 et
337 482 586 517 pracognitionem,
613 480 831 516 incli‘abilemque
846 479 1005 515 dispositio-

219 536 293 555 nem.

255 573 402 606 Quocirca.
431 580 517 608 neque
539 573 686 607 putandum
710 576 763 604 est,
792 571 814 599 si
843 572 934 603 modo,
959 569 1005 605 qui

219 619 293 652 digni
313 624 376 646 sunt
399 619 577 650 beatitudine,
599 618 705 645 meritis
727 617 844 651 praemiis
868 616 1004 649 fruantur,

220 664 320 691 nullam
336 664 394 698 jam
416 663 474 691 fore
497 663 689 691 necessitatem
716 662 832 690 illustris
857 662 1006 689 Salvatoris

222 710 354 735 adventus
372 708 476 735 venturi
503 707 628 742 judicare
658 706 799 734 mundum.
827 705 903 733 Tunc
933 705 1005 733 enim

221 761 284 781 cum
309 754 395 781 aderit
419 758 589 780 mortuorum
605 752 780 783 resurrectio,
801 751 905 786 singula
922 751 1005 778 etiam

221 806 349 833 corpora,
360 799 435 832 juxta
451 798 581 833 cujusque
595 797 692 825 anime
706 797 747 824 vel
763 797 947 832 splendorem,
963 796 1004 824 vel

1056 206 1202 241 perfectam
1229 205 1284 240 jam
1309 205 1391 232 etiam
1410 204 1558 231 secundum
1582 211 1681 237 corpus
1700 203 1859 231 consecuti

1055 252 1260 280 beatitudinem.
1277 251 1309 278 Et
1327 255 1420 277 contra
1444 249 1542 284 impios
1556 254 1583 276 et
1603 249 1726 276 inlideles
1739 249 1766 275 in
1790 248 1860 276 cla-

1056 298 1166 325 rissimo
1182 296 1318 331 triumpho
1336 297 1455 327 vincent,
1471 295 1658 329 triumphatori
1673 295 1858 329 procidenti-

1055 345 1105 371 bus
1128 342 1253 370 omnibus
1272 351 1279 369 :
1304 341 1397 368 Omnis
1414 341 1483 367 enim
1501 340 1592 374 lingua
1613 340 1795 372 conﬁtebitur,
1825 343 1857 365 el

1055 397 1130 416 omne
1141 397 1207 423 genu
1218 387 1382 421 curvabitur,
1405 387 1560 418 ealestium,
1574 386 1734 412 terrestrium
1751 390 1779 412 et
1802 384 1856 411 in-

1055 435 1190 470 fernarum
1206 435 1240 461 ".
1489 464 1494 469 I

1091 481 1141 514 Qui
1164 484 1253 507 autem
1276 479 1417 506 Dominum
1434 478 1526 514 gloriae
1542 477 1747 508 crncilixerunt,
1763 476 1802 504 ob
1822 476 1852 504 id

1055 528 1224 555 solummodo
1244 527 1318 554 illum
1344 526 1435 553 videre
1456 527 1657 560 permittentur,
1678 529 1707 551 ut
1723 532 1853 559 arguan-

1056 578 1099 600 tur
1114 582 1121 601 :
1139 566 1268 600 Videbunt
1284 573 1364 602 enim,
1382 573 1410 599 iu
1427 579 1503 606 quem
1524 576 1692 606 pupugerunt
1707 570 1730 586 "
1747 579 1754 597 :
1779 570 1853 604 qui-

1056 626 1108 654 que
1123 619 1148 645 in
1165 619 1215 646 hoc
1232 618 1333 646 mundo
1347 617 1520 651 praedicatum
1536 624 1588 643 non
1605 620 1780 651 receperunt.
1795 615 1851 642 sed

1057 665 1082 692 in
1108 672 1159 692 suo
1175 671 1268 691 errore
1284 667 1505 698 permanserunt,
1531 661 1743 689 confundentur.
1762 661 1850 687 Nitri—

1055 719 1135 747 quam
1160 717 1223 737 vero
1248 709 1399 743 corporalia
1425 708 1532 736 Domini
1559 708 1721 734 lineamenta
1748 706 1851 733 videre

1056 761 1176 791 possent,
1198 755 1248 782 nisi
1266 759 1294 782 et
1319 754 1368 788 ipsi
1385 761 1501 789 corpora
1527 761 1589 786 sua,
1615 753 1780 787 illorumque
1805 752 1851 780 ef-

1056 801 1142 829 fectus
1173 801 1272 827 habere
1311 799 1535 834 permitterentur
1568 803 1629 833 post
1661 797 1847 825 resurrectio-

220 845 425 877 obscuritatem,
439 844 557 878 prtemiis
570 851 645 878 aqua
674 843 848 878 proportione
865 837 1137 880 perfruen-Bnem,
1166 846 1241 879 juxta
1270 845 1402 881 cujusque
1432 845 1528 872 animus
1556 844 1771 879 proportionem.
1815 848 1848 870 ut

220 895 277 918 tur.
300 890 445 922 Praiterea,
471 890 600 922 quoniam
627 897 687 917 eum
712 889 900 924 corporalibus
919 889 1006 916 linea-

222 938 320 964 mentis
337 936 463 963 adveniet
477 936 504 963 in
519 935 616 971 gloria,
637 942 691 962 non
710 935 782 962 sicut
797 935 824 962 ln
849 934 932 970 priori
956 935 1006 962 ad-

221 989 303 1009 ventu
319 982 346 1009 in
368 981 530 1013 humilitate,
548 980 704 1008 necessario
719 987 814 1008 omnes
832 986 1006 1015 resurgentes

220 1029 249 1056 in
271 1035 355 1063 regno
367 1034 428 1055 cum
451 1027 536 1063 gloria
554 1026 682 1054 sidebant
697 1033 769 1058 eunt,
790 1027 899 1061 quando
918 1027 1005 1054 sancti

1055 901 1135 928 supra
1164 893 1265 920 dictum
1295 897 1354 924 est,
1385 899 1439 926 quo
1462 890 1538 919 facto
1561 899 1569 920 :
1597 891 1650 917 Alii
1675 891 1783 926 quidem
1815 891 1845 917 in

1055 939 1213 974 supplicium
1231 942 1370 970 aternunt,
1396 937 1444 964 alii
1469 944 1529 964 vero
1556 938 1583 964 in
1608 937 1689 963 vitam
1713 941 1845 963 teternam

1055 983 1131 1010 ibunt
1141 982 1174 1009 ".

897 1107 935 1135 De
946 1107 1005 1142 igne
1022 1107 1180 1142 purgatorii.

260 1171 437 1198 Peccatoram
466 1175 529 1196 vero
540 1167 592 1195 alia
619 1167 729 1203 quidem
760 1165 882 1193 mortalia
911 1165 1003 1192 dicun-

222 1222 277 1249 tur,
301 1224 332 1243 ea
348 1216 464 1248 scilicet,
487 1221 546 1248 qua:
560 1213 657 1240 animze
672 1216 786 1240 mortem
805 1211 945 1243 inducunt,
958 1217 1007 1236 cu-

220 1263 350 1291 iusmors
376 1265 418 1288 est
443 1259 579 1294 separatio
596 1266 611 1286 a
627 1259 700 1291 Deo;
727 1257 779 1284 alia
804 1263 869 1284 vero
879 1255 1006 1288 venialia,

223 1315 338 1343 quaeque
349 1307 453 1334 scilicet
465 1313 561 1340 rugam
578 1305 686 1340 quidem
709 1304 840 1338 aliquam,
856 1302 898 1330 vel
915 1309 1007 1329 macu-

221 1352 274 1379 lam
298 1353 394 1378 anima:
417 1351 569 1384 imponunt,
595 1354 647 1376 non
672 1352 762 1375 tamen
792 1347 840 1379 ita,
855 1350 884 1374 ut
911 1353 1003 1380 pere

220 1402 320 1423 aeterna
346 1395 475 1422 beatitate
502 1398 638 1420 arceatur.
665 1392 746 1419 Solus
758 1392 856 1426 quippe
873 1391 1003 1418 Dominus

222 1446 316 1468 nostra
339 1439 495 1467 conditione
526 1444 652 1472 suscepta
683 1437 742 1464 sine
768 1439 879 1471 peccato
912 1435 1001 1468 vixit;

1099 1165 1175 1192 Ἐπεὶ
1188 1165 1217 1192 δὲ
1232 1164 1271 1199 (a)
1285 1163 1341 1190 τῶν
1359 1161 1566 1197 ἁμαρτημάτων
1582 1162 1616 1188 τὰ
1632 1162 1682 1196 μὲν
1696 1161 1838 1196 Θανάσιμα

1056 1211 1193 1246 λέγονται,
1210 1211 1262 1237 ὅσα
1277 1210 1327 1245 τὴν
1339 1208 1428 1244 ψυχὴν
1439 1208 1623 1243 ἀποθνήσκειν
1637 1209 1719 1240 ποιεῖ,
1732 1206 1765 1244 ἧς
1780 1209 1839 1235 ἐστι

1057 1257 1169 1287 θάνατος
1180 1257 1194 1282 ὁ
1205 1255 1260 1282 ἀπὸ
1268 1255 1314 1281 τοῦ
1324 1254 1391 1281 Θεοῦ
1408 1253 1559 1288 χωρισμὸς,
1575 1253 1610 1279 τὰ
1620 1253 1648 1279 δὲ
1663 1253 1840 1287 συγγνωστὰ.

1054 1302 1105 1328 ὅσα
1126 1301 1221 1337 ῥυτίδα
1247 1300 1308 1328 τινὰ
1326 1300 1374 1327 καὶ
1399 1300 1484 1336 ῥύπον
1505 1299 1627 1333 ἐντίθησι
1648 1300 1680 1334 τῇ
1701 1299 1786 1334 ψυχῇ,
1808 1299 1840 1325 οὖ

1059 1349 1112 1382 μὴν
1125 1347 1195 1374 ὥστε
1212 1346 1261 1381 τῆς
1285 1345 1395 1373 αἰωνίου
1413 1345 1616 1380 μακαριότητος
1638 1344 1779 1379 εἴργεσθαι
1796 1345 1841 1370 διὰ

1055 1393 1153 1420 ταῦτα.
1167 1392 1220 1419 Καὶ
1235 1391 1315 1426 μόνος
1330 1391 1383 1426 μὲν
1394 1392 1408 1417 ό
1420 1390 1523 1425 Κύριος
1545 1389 1595 1425 τὴν
1606 1389 1742 1424 ἡμετέραν
1758 1389 1840 1424 φύσιν

1055 1437 1207 1469 ἀναλαϐὼν,
1217 1437 1405 1471 ἀναμάρτητος
1411 1435 1512 1467 διεϐίω,
1522 1435 1574 1461 τῶν
1583 1435 1609 1460 δὲ
1618 1434 1769 1469 ἀνθρώπων
1776 1434 1840 1461 ἕκα-

221 1485 322 1520 siuguli
349 1489 439 1512 autem
457 1483 595 1510 hominum
608 1482 677 1509 alius
691 1481 751 1508 aliis
763 1481 886 1514 peccatis
902 1485 1004 1507 tenetur

1059 1491 1119 1514 στος
1137 1482 1215 1513 ἄλλος
1229 1481 1319 1513 ἄλλοις
1332 1480 1388 1507 τῶν
1413 1479 1624 1515 ἁμαρτημάτων
1640 1480 1772 1514 ἐνέχεται.
1794 1478 1839 1505 Ἐν

221 1531 364 1559 obnoxius.
391 1529 420 1556 In
434 1530 553 1564 peccatis
581 1528 653 1556 enim
671 1527 725 1554 nati
747 1535 852 1559 sumus,
870 1527 1007 1567 vitamque

218 1578 279 1605 sine
308 1581 420 1611 peccato
436 1575 550 1602 transire
567 1582 619 1602 non
633 1581 788 1608 possumus.
809 1573 1008 1608 quantumlibet

224 1621 318 1649 virtuti
352 1621 518 1649 studeamus.
538 1620 594 1646 Etsi
605 1619 676 1646 enim
691 1619 824 1653 quispiam
850 1618 1007 1645 mortalibus

215 1666 365 1698 abstineat,
387 1665 535 1692 minoribus
564 1670 652 1692 tamen
682 1664 756 1691 illum
780 1671 834 1690 non
866 1663 1005 1697 implicari,

223 1710 351 1745 possibile
375 1716 428 1737 non
444 1712 505 1737 est:
524 1716 572 1743 pro
589 1709 688 1743 quibus
704 1708 824 1742 quotidie
847 1712 958 1735 orantes
970 1707 1008 1734 di-

213 1756 325 1782 cimus:
343 1755 448 1782 Dimitte
463 1755 536 1782 nobis
552 1755 637 1782 debita
651 1759 742 1782 nostra
754 1754 778 1770 ⁸⁵
793 1762 801 1786 ;
814 1753 1008 1788 quantumlibet

217 1801 295 1828 enim
307 1801 420 1835 quisque
435 1801 596 1835 peccaverit,
604 1800 743 1827 minimum
761 1799 835 1832 licet,
846 1799 932 1826 reatui
945 1800 1009 1826 sub—

222 1846 305 1878 ditur,
334 1847 466 1881 huiusque
495 1845 646 1872 satisfactio
672 1845 873 1879 quomodohbet
891 1845 927 1871 illi
947 1852 1008 1879 per-

221 1891 348 1918 solvenda
364 1895 416 1918 est.
436 1890 464 1918 Si
478 1891 541 1925 quis
554 1891 625 1918 enim
642 1891 800 1918 mortalibus
816 1891 934 1924 peccatis
958 1891 1008 1917 ob-

223 1938 338 1969 noxius.
359 1937 421 1964 hinr
449 1937 509 1965 sine
532 1937 690 1972 poenitentia
704 1937 878 1968 discesserit,
899 1937 1007 1964 aemruis

218 1984 361 2018 suppliciis
374 1984 503 2011 subdctar
518 1991 526 2011 :
543 1983 594 2016 Qui
617 1985 684 2011 enim
706 1983 772 2010 talia
780 1988 870 2019 agunt,
883 1984 920 2011 ait
935 1983 1008 2018 Apo-

215 2031 320 2063 stolus,
334 2038 441 2065 regnum
457 2030 504 2057 Dei
533 2038 584 2057 non
593 2030 761 2065 possidebunt
773 2030 811 2061 ";
826 2030 923 2064 quibus
943 2037 1007 2056 vero

222 2076 294 2103 nulla
307 2076 363 2111 jam
388 2076 481 2103 salutis
491 2077 544 2103 erit
555 2083 628 2111 spes,
640 2081 836 2110 resurgentquc
847 2075 874 2103 in
884 2076 1007 2103 condem-

218 2121 370 2154 nationem,
382 2121 408 2148 in
425 2122 550 2149 eumdem
565 2129 661 2149 rursus
677 2121 802 2149 redibunt
816 2121 915 2148 locum.

257 2208 344 2237 Porro
361 2211 383 2236 si
398 2209 459 2241 quis
475 2209 625 2240 confessus,
645 2209 800 2244 priusquam
817 2217 865 2243 pro
883 2209 1002 2243 peccatis

221 2256 389 2289 satisfaciat,
406 2257 462 2284 sive
483 2257 576 2289 etiam,
591 2258 670 2284 simul
694 2263 774 2292 atque
789 2258 930 2285 confessus
945 2257 1004 2285 fue-

219 2306 267 2334 nt,
284 2303 426 2336 paenitens,
456 2302 483 2329 in
500 2303 598 2337 quibus
615 2303 736 2337 peccavit
748 2311 780 2330 οι
794 2305 846 2330 vita
864 2303 1000 2336 discedat,

218 2353 321 2374 seterna
331 2347 437 2382 quidem
454 2348 627 2375 damnatione
643 2348 773 2375 liberatur
789 2356 837 2383 per
849 2356 1004 2376 sacramen-

221 2398 279 2420 tum
293 2393 467 2427 ptenitentiai,
478 2394 504 2420 in
515 2394 565 2421 hoc
576 2394 648 2421 enim
673 2395 837 2428 pmnitcntize
852 2395 1000 2422 remedium

218 2440 355 2465 indultum
366 2444 417 2472 est;
428 2439 508 2466 aliter
522 2439 620 2474 quippe
637 2440 708 2466 nulla
727 2441 821 2467 salutis
835 2448 896 2475 spes
910 2440 1005 2468 fuisset

222 2485 278 2514 his,
294 2484 337 2517 qui
352 2484 378 2511 in
392 2485 443 2512 fine
459 2486 608 2519 paenitent;
626 2485 743 2512 debitam
757 2493 820 2513 vero
831 2487 1004 2520 peccatorum

220 2530 433 2557 eatisfactionem
442 2532 583 2565 persolvet.
591 2533 674 2564 Quam
683 2532 752 2558 enim
762 2532 874 2564 hic,sive
882 2539 929 2567 per
936 2533 1007 2560 elee-

220 2582 374 2609 anasynam,
387 2582 414 2603 ct
429 2577 507 2603 aliam
523 2576 739 2608 beneﬁcentiam,
754 2577 810 2604 sive
819 2585 865 2611 per
873 2577 1004 2612 jejunium

1055 1529 1259 1565 ἁμαρτίαιςγὰρ
1271 1528 1466 1564 ἐγεννήθημεν,
1487 1527 1589 1554 καὶτὸν
1601 1527 1658 1562 βίον
1666 1527 1680 1553 δ
1691 1527 1778 1553 ιλθεῐν
1789 1527 1839 1553 οὐκ

1057 1577 1130 1603 ἐστιν
1139 1575 1348 1610 ἀναμαρτήτως,
1361 1574 1412 1601 κᾶν
1420 1573 1463 1607 ἐφ’
1471 1573 1531 1599 ὅσον
1544 1571 1591 1599 οὖν
1604 1573 1654 1607 τῆς
1665 1574 1765 1608 ἀρετῆς
1780 1572 1838 1607 ἕχε-

1058 1623 1119 1649 σθαι
1143 1621 1272 1657 βούλοιτο.
1297 1621 1328 1646 Et
1350 1619 1404 1654 γὰρ
1433 1619 1488 1646 τῶν
1510 1618 1670 1653 Θανασίμων
1695 1619 1837 1654 ἀπέχεται,

1057 1671 1112 1700 τοῖς
1133 1668 1187 1702 γὰρ
1202 1666 1377 1702 μικροτέροις
1393 1664 1524 1692 ἀδύνατον
1536 1665 1584 1699 ’μὴ
1600 1663 1750 1699 ἐνέχεσθαι,
1769 1665 1836 1700 ὑπὲρ

1057 1711 1094 1741 ὧν
1108 1711 1287 1741 naida-eteo?»
1305 1711 1452 1746 εὐχόμενος
1479 1711 1602 1746 ἐνέχεται
1621 1710 1710 1744 λέγειν
1724 1718 1731 1726 θ
1747 1711 1837 1744 Ἀφρι-

1057 1759 1130 1794 ἠμῖν
1147 1759 1184 1786 τὰ
1202 1757 1389 1793 ὀφειλήματα
1405 1755 1499 1791 ἡμῶν.
1520 1757 1577 1790 Ἐφ’
1593 1757 1654 1782 ὅσον
1668 1757 1722 1790 γάρ
1736 1764 1777 1788 τις
1791 1756 1836 1782 καὶ

1057 1805 1183 1832 ὁπωσοῦν
1206 1804 1369 1839 ἁμαρτάνει,
1397 1802 1476 1837 ὲνοχῇ
1500 1802 1598 1837 χρέους
1622 1802 1774 1834 ὑπόκειται,
1791 1801 1836 1827 καὶ

1057 1851 1105 1886 τὴν
1123 1851 1193 1885 ὑπὲρ
1216 1849 1312 1875 τούτου
1338 1848 1534 1883 ῑκανοποίησιν,
1558 1848 1733 1882 ὁπωσδήποτε
1754 1853 1834 1876 κατεν-

1057 1897 1166 1924 εάλλειν
1181 1895 1293 1929 ὀφείλει.
1311 1895 1341 1922 Ei
1355 1894 1403 1930 μέν
1414 1903 1457 1925 τις
1470 1893 1630 1927 θανασίμοις
1643 1893 1835 1928 ἁμαρτήμασιν

1058 1941 1237 1976 ὑποκείμενος
1262 1940 1310 1967 τοῦ
1325 1940 1459 1974 παρόντος
1486 1938 1632 1974 μετανοίας
1650 1938 1834 1973 χωρὶς“ἀπῆλ-

1058 1988 1113 2018 θεν,
1140 1987 1154 2012 ό
1176 1985 1209 2021 δὴ
1232 1985 1353 2016 τοιοῦτος
1380 1984 1496 2015 αίωνίως
1526 1982 1697 2017 κριθήσεται.
1726 1982 1759 2008 Ol
1782 1985 1834 2016 γὰρ

1056 2031 1195 2063 τοιοῦτοι,
1210 2031 1292 2065 φησὶν
1310 2030 1324 2056 ὸ
1346 2029 1517 2062 “inda-mlo;
1532 2028 1697 2061 βασι-ἰδίαν
1713 2027 1786 2054 Θεοῦ
1801 2028 1834 2054 οὐ

1057 2077 1356 2112 κληρονομήσουσιν.
1387 2075 1454 2109 Περὶ
1487 2071 1524 2102 ὧν
1558 2074 1672 2109 οὐδεμία
1704 2073 1834 2108 σωτηρίας

1057 2125 1144 2155 ὲλπις,
1160 2124 1207 2149 καὶ
1229 2123 1277 2158 τῆς
1296 2122 1471 2152 ἀναστάσεως
1496 2121 1543 2147 hri.
1560 2120 1722 2155 κατακρίσει
1747 2119 1833 2154 τυχόν-

1055 2177 1111 2201 τες,
1126 2169 1208 2195 πάλιν
1225 2168 1265 2199 είς
1281 2168 1326 2194 τὸν
1343 2167 1424 2194 αὐτὸν
1441 2166 1637 2193 ἀπελεύσονται
1656 2166 1749 2193 τόπον.

1091 2215 1122 2240 El
1136 2214 1165 2241 δέ
1180 2222 1222 2245 τις
1238 2212 1515 2248 ἐξομολογησάμενος,
1534 2212 1616 2247 πρινὴ
1637 2212 1686 2247 τὴν
1703 2212 1771 2248 ὑπὲρ
1785 2212 1832 2239 τῶν

1056 2260 1262 2296 ἁμαρτημάτων
1276 2258 1464 2292 ίκανοποίησιν
1479 2258 1670 2293 ἐκπληρῶσαι,
1683 2259 1708 2284 εί
1721 2261 1766 2285 καὶ
1779 2259 1831 2293 ἅμα

1055 2308 1094 2340 τῷ
1120 2303 1369 2340 ἐξομολογήσασθαι
1393 2303 1586 2345 μετανοοῦντα,
1610 2303 1652 2337 ἐφ’
1669 2302 1710 2335 οἷς
1729 2304 1831 2339 ἥμαρτε

1057 2349 1226 2384 θανασίμοις.
1242 2347 1367 2375 ἐντεῦθεν
1381 2349 1565 2383 ἀναχωρήσει,
1579 2348 1630 2382 τῆς
1657 2348 1707 2382 μὲν
1727 2349 1831 2375 αἰωνίου

1056 2395 1206 2429 καταδίκης
1224 2393 1369 2428 λυτροῦται
1389 2393 1433 2420 διὰ
1455 2394 1502 2419 τοῦ
1520 2393 1670 2428 μυστηρίου
1683 2393 1732 2428 τῆς
1757 2403 1832 2430 μετα-

1057 2440 1142 2471 νοίας.
1165 2439 1228 2467 Ἐπὶ
1241 2440 1329 2475 τούτῳ
1346 2441 1399 2474 γὰρ
1412 2439 1441 2465 τὺ
1453 2439 1503 2472 τῆς
1519 2440 1665 2474 μετανοίας
1678 2442 1831 2475 κεχάρισται

1058 2487 1214 2520 φάρμακον.
1230 2486 1334 2517 ’Λλλως
1348 2489 1403 2521 γὰρ
1422 2486 1477 2512 οὐκ·
1486 2486 1519 2512 ἂν
1535 2486 1682 2513 ἐλυσιτέλει
1694 2488 1750 2518 τοῖς
1765 2487 1791 2512 ἐν
1800 2487 1830 2522 τῇ

1057 2532 1139 2566 ἐξόδῳ
1166 2532 1337 2566 μετανοοῦσι,
1352 2531 1401 2565 τὴν
1425 2531 1453 2557 δὲ
1482 2532 1663 2566 ὀφειλομένην
1690 2532 1759 2566 ὑπὲρ
1783 2532 1830 2558 τῶν

1058 2577 1267 2612 ἁμαρτημάτων
1291 2577 1478 2611 ίκανοποίησιν
1492 2577 1640 2604 ἀποδώσει.
1662 2578 1714 2604 Ἦν
1728 2578 1779 2612 γὰρ
1794 2578 1830 2603 ὲν-

257 2632 279 2647 "
296 2632 410 2668 Philipp.
424 2642 454 2666 ll,
474 2633 515 2665 l0,
533 2634 574 2661 ll.
614 2634 636 2649 "
649 2633 726 2661 .loan.
744 2641 801 2665 κισ.
819 2635 862 2662 57.
899 2636 922 2651 ⁵⁵
937 2634 999 2662 Matt

1059 2643 1113 2667 ην,
1129 2635 1173 2663 46.
1204 2636 1236 2672 ,με
1252 2635 1347 2662 Matth.
1359 2642 1396 2667 vr,
1412 2635 1456 2662 l2.
1471 2635 1531 2663 Gal.
1546 2644 1573 2668 v,
1585 2635 1631 2663 21.

259 2691 314 2726 (85)
326 2690 396 2726 Lege
413 2691 441 2719 S.
458 2691 587 2718 Thomam
601 2692 626 2718 iu
642 2699 735 2726 opusc.
762 2697 859 2719 contra
883 2692 994 2719 (ἕετερο-

221 2734 281 2753 rum
296 2733 401 2754 crrores
417 2727 441 2752 in
455 2726 618 2753 Bellarmino
630 2728 650 2754 l.
672 2727 708 2753 De
722 2728 832 2761 Purgat.
845 2732 872 2754 et
889 2727 997 2754 Genua-

222 2762 297 2788 diutn
311 2768 360 2795 pro
376 2761 491 2788 concilio
510 2761 666 2789 Florentino
678 2771 692 2789 c
708 2763 734 2788 5.
751 2762 847 2789 Exstat
863 2762 955 2789 Graece
973 2767 999 2790 et

223 2796 318 2823 Latine
332 2796 399 2823 liber
425 2805 438 2823 a
458 2797 558 2824 (itaet-is
581 2799 669 2824 editus
695 2802 788 2824 contra
815 2798 1000 2832 purgatorium

1048 2701 1128 2732 quem
1149 2694 1430 2732 tepebrisqquamluce
1441 2696 1592 2732 digniorem
1616 2696 1752 2732 evolgavit
1772 2697 1830 2725 Vul-

1056 2729 1152 2756 canius
1171 2729 1331 2758 Calvinista.

1093 2763 1132 2797 (a)
1146 2763 1222 2790 llnnc
1239 2765 1326 2790 locum
1348 2764 1441 2792 Graece
1455 2765 1540 2793 elidit
1553 2765 1607 2793 Ι..ιό
1632 2766 1745 2794 Allatius
1761 2767 1784 2793 in
1805 2767 1831 2794 li-

1054 2799 1103 2826 bro
1119 2799 1155 2825 De
1176 2797 1344 2833 Purgatorio,
1363 2808 1388 2834 p.
1412 2800 1454 2826 l2.
1473 2801 1547 2828 Eutr.
