1960 3063
129 117 185 147 ΞΞ]

683 118 886 150 ADVERSUS
906 119 1065 150 Gil/[COS
1083 120 1158 150 ΜΒ.
1180 121 1217 149 IV

1717 124 1772 157 230

127 174 229 206 τοοθα,
246 173 274 200 εἰ
291 182 321 200 τε
347 174 382 201 δι’
400 174 600 210 ἐλεημοσύνης.
625 175 673 202 καὶ
693 176 741 210 τῆς
765 176 850 211 ἄλλης
876 177 924 203 εὗ-

978 181 1003 203 et
1012 177 1155 212 tacrymas,
1163 181 1189 203 et
1202 176 1355 212 lmjusmodi
1367 176 1541 204 amictionem
1552 178 1692 207 soluturus
1701 186 1771 210 erat.

129 221 234 252 ποιῖας,
249 221 319 247 εἴτε
345 221 390 248 διὰ
406 222 546 256 νηστείας,
562 222 607 249 καὶ
627 223 789 258 χαμευνίας,
805 224 852 250 καὶ
879 223 926 250 δα-

129 267 234 301 κρύων,
249 268 298 294 καὶ
317 268 367 302 τῆς
389 267 518 304 τοιαύτης
542 269 693 301 κακώσεως
716 269 830 304 ἔμελλεν
855 270 925 296 ἀπο-

128 313 240 345 δώσειν,
271 315 343 350 κατὰ
374 316 436 346 τοῦς
464 316 510 342 ἐπὶ
541 316 602 347 τοῖς
629 316 827 351 ἁμαρτήμασιν
855 315 926 349 ὑπὲρ

129 361 355 396 ίκανοποιήσεως
383 361 529 396 κειμένους
553 361 606 388 τῶν
642 363 769 397 πατέρων
799 362 926 394 κανόνας,

126 407 246 441 ταύτην,
276 409 301 434 ei
322 408 361 443 μὴ
391 408 569 444 συνεχωρήθη
588 409 649 444 ζῇν,
675 411 746 436 κατά
763 410 812 441 τὴν
837 410 927 436 ἐκεῖσε

128 452 255 479 ἰιάθεπιν
274 453 407 480 ἀπελθεῖν
429 454 578 488 ἀποδώσει,
595 456 647 487 ἕως
663 455 696 482 ἂν
721 455 793 483 κατὰ
815 455 865 490 τὴν
881 454 929 481 τοῦ

129 498 198 524 Θεοῦ
211 499 295 534 χάριν
310 499 359 526 καὶ
369 499 543 535 δικαιοσύνην
559 501 763 536 ἀπονιψάμενος
777 501 821 527 τὸν
833 501 865 527 ἐκ
879 500 930 535 τῆς

130 543 271 577 ἁμαρτίας
287 544 519 580 ἐμπεπλασμένον
531 546 607 580 αὐτῷ
621 547 718 581 ῥύπον,
743 546 790 573 καὶ
807 546 930 580 καθαρὸς

132 590 182 616 καὶ
193 590 268 622 ἄξιος
284 591 334 625 ἢδη
348 591 504 626 γενόμενος,
517 593 652 627 ἐνωθῆναι
663 594 702 628 τῷ
718 592 787 628 Θεῷ,
809 593 846 628 μὴ
859 594 929 627 ἔχων

136 635 233 661 σπῖλον
259 635 275 670 ἢ
297 636 393 670 ῥυτίδα
408 636 458 671 τῆς
483 637 687 673 μακαριότητος
704 637 841 673 ἀπολαύῃ,
858 638 927 672 πρὸς

134 681 170 715 ῆν
189 681 378 717 κατηυθύνετο
408 683 460 718 μὲν
488 684 543 711 ἀπὸ
566 684 623 711 τῶν
647 685 789 720 παρόντων
813 684 857 711 διὰ
879 683 927 710 τοῦ

133 726 185 758 τῆς
198 727 346 761 μετανοίας
368 729 529 764 φαρμάκου,
545 730 594 757 καὶ
618 730 672 756 τῶν
692 729 795 756 λοιπῶν
821 737 926 764 μυστη-

977 223 1055 258 juxta
1077 224 1182 257 regulas
1194 231 1208 250 a
1227 224 1333 251 sanctis
1347 223 1473 251 Palribus
1484 224 1587 259 positas
1598 233 1647 260 pro
1658 227 1770 254 satisfa-

980 269 1069 296 ctione
1084 273 1268 302 peccatorum,
1283 270 1352 297 hanc
1372 270 1423 297 nisi
1433 271 1526 298 vivens
1539 271 1650 306 implere
1659 275 1771 308 permit-

981 319 1064 346 tatur,
1074 318 1216 349 postquam
1227 315 1322 342 exierit
1332 323 1364 342 ex
1374 315 1439 347 vita,
1453 317 1558 350 reddet,
1569 319 1654 346 donec
1667 327 1713 353 per
1726 320 1770 347 Dei

981 359 1107 394 gratiam,
1120 365 1146 387 et
1159 360 1305 395 justitiam,
1323 362 1427 396 peccati
1458 363 1613 398 contagium
1639 364 1689 392 sibi
1708 366 1772 393 insi-

983 409 1038 432 tum
1067 405 1185 439 dilucns,
1207 408 1378 442 mundusque
1399 407 1455 442 jam
1483 408 1607 442 effectus,
1627 418 1658 437 ac
1676 411 1772 446 dignus

981 451 1026 485 qui
1049 451 1160 478 uniatur
1180 452 1247 484 Deo,
1262 460 1314 480 non
1331 452 1435 481 habens
1460 454 1592 482 maculam
1619 464 1704 491 neque
1722 465 1769 484 ru-

982 505 1053 532 gam,
1066 506 1097 525 ea
1108 496 1282 526 'bealitudine
1292 499 1409 532 fruatur,
1422 500 1455 527 ad
1472 507 1551 534 quam
1567 503 1770 536 praeparabantur

982 544 1090 576 quident
1112 551 1160 578 per
1181 545 1350 579 poenitentia:
1374 546 1537 578 remedium,
1555 551 1581 573 ct
1599 553 1768 576 sacramenta

981 595 1079 617 caztera
1105 591 1137 617 ab
1151 595 1253 618 aeterna
1277 592 1450 619 damnatione
1466 600 1513 626 per
1532 594 1632 621 Christi
1653 594 1767 629 gratiam

981 635 1125 669 liberatus,
1149 636 1279 664 accedere
1310 643 1399 664 autem
1417 638 1623 674 prohibebatur,
1652 642 1766 670 necdum

981 680 1169 709 satisfactione
1197 681 1298 716 debita,
1325 684 1471 712 secundum
1497 685 1617 714 divinam
1634 687 1766 721 justitiam

979 726 1100 761 impleta.

135 771 203 805 ρίων
218 770 268 806 τῆς
281 773 394 799 αἰωνίου
409 773 568 808 καταδίκης,
581 773 626 800 διὰ
638 773 688 809 τὴν
701 773 748 800 τοῦ
762 772 831 800 Θεοῦ
847 774 927 808 χάριν
945 771 1167 807 λελυτρωμένος.
1189 773 1344 800 Ἐκωλύετο
1373 773 1402 802 δέ
1424 777 1595 810 προσελθεῖν,
1625 776 1696 805 οὕτω
1717 779 1768 814 τῆς

134 815 318 853 ὀξειλομὲνης
345 820 562 856 ίκανοποιήσεως
585 820 657 848 κατὰ
671 820 720 857 τὴν
736 820 784 847 τοῦ
809 820 876 847 Θεοῦ
892 818 1068 853 δικαιοσύνην
1082 820 1244 855 γενομένης.

171 864 204 890 El
220 866 275 900 γὰρ
290 865 417 900 ἐλεήμων
431 867 445 892 ό
462 867 575 902 Κύριος,
591 867 660 894 ἀλλὰ
675 867 722 893 καὶ
745 866 861 898 δίκαιος,
879 865 925 892 καὶ

1014 863 1042 891 Si
1059 865 1131 892 enim
1148 865 1306 894 misericors
1323 871 1374 900 est,
1390 874 1422 895 ac
1441 868 1502 905 pius
1516 868 1656 902 Dominus.
1675 870 1768 906 justus

132 911 182 946 οὐχ
197 911 287 943 οὕτως
305 912 442 947 ἐλεήμων,
454 913 492 945 ὡς
505 913 554 949 τὴν
569 913 651 940 αὑτοῦ
662 913 836 946 δικαιοσύνην
850 913 926 940 ἀναι-

134 957 243 992 ρεῖσθαι
254 965 262 973 ·
280 957 383 985 Πάντα
401 959 457 993 γὰρ
483 959 519 986 ἐν
548 958 623 994 ζυγῷ
638 960 689 987 καί
705 959 827 994 σταθμῷ
851 959 926 986 κατὰ

133 1002 190 1028 τὸν
210 1003 351 1030 Ἡσαΐαν.
366 1003 469 1036 Ἀλλως
479 1004 507 1031 δὲ
524 1005 571 1030 καὶ
590 1005 704 1040 μάταιον
719 1003 765 1040 ἦν,
777 1005 794 1040 ἢ
810 1004 926 1036 κανόνας

133 1050 288 1081 κακώσεως
319 1051 376 1082 τοῖς
402 1050 661 1085 ἐξομολογουμένοις
689 1051 840 1078 ἐπιτιθέναι
876 1050 926 1085 τὴν

138 1094 351 1132 Ἐκκλησίαν,ἦ
375 1097 439 1127 τοὺς
457 1096 657 1130 μετανοοῦντας
677 1096 796 1132 τοσαύτῃ
812 1096 926 1128 ἑαυτοὺς

133 1141 313 1175 παραδιδόναι
327 1143 361 1176 τῇ
373 1142 518 1178 κακουχίᾳ,
538 1143 564 1169 εἷ
580 1151 612 1177 γε
631 1142 680 1178 τὴν
703 1142 794 1169 αὐτῶν
811 1142 926 1177 ἀνομίαν

134 1186 208 1219 ἅπαξ
227 1187 309 1223 μόνον
321 1188 461 1221 είττόντας,
481 1189 566 1223 ἐχρῆν
580 1188 760 1223 μηδοπωσοῦν
778 1188 921 1224 ἐνέχεσθαι

135 1233 228 1261 πλέον.
251 1233 334 1260 Ἀλλὰ
350 1234 432 1268 δῆλον
456 1234 494 1266 ὠς
511 1234 695 1270 ἀντισηκοῦσα
719 1235 776 1266 τοῖς
799 1235 927 1270 ἁμαρτή-

135 1287 202 1314 μασι
215 1280 266 1315 τὴν
283 1280 327 1307 διὰ
348 1281 496 1315 μετανοίας
515 1281 650 1314 κάκωσιν,
669 1281 718 1308 καὶ
732 1280 781 1316 τὴν
807 1280 925 1308 ἐνταῦθα

135 1326 273 1361 κάθαρσιν
297 1327 506 1362 ἐπιτομωτέραν
534 1328 582 1354 καὶ
601 1329 772 1363 κουφοτέραν
786 1327 836 1362 τῆς
856 1327 926 1361 μετὰ

134 1371 222 1398 ταῦτα
241 1372 423 1408 ὀφειλομένης
440 1373 571 1408 κρίνουσα
585 1373 619 1400 τὰ
634 1373 748 1400 τοιαῦτα
766 1375 821 1404 τοῖς
836 1374 926 1408 ἀμοιρ-

135 1419 258 1453 τὴμασιν
275 1419 441 1453 ἐπιτίθησιν.
457 1420 512 1446 Καὶ
529 1419 582 1455 μὴν
594 1420 640 1446 καὶ
657 1421 680 1446 οἱ
701 1420 745 1447 διὰ
762 1419 821 1454 βίον
835 1421 924 1455 τρυφῇ

136 1463 184 1489 καὶ
198 1464 332 1500 ἀκολασίᾳ
347 1465 525 1500 συζήσαντες,
542 1465 585 1492 ἐπ’
603 1466 672 1501 αὐτῇ
687 1466 715 1493 δὲ
733 1467 766 1501 τῇ
781 1465 863 1500 ἐξόδῳ
878 1466 924 1500 μό-

135 1518 179 1536 νον
196 1509 403 1544 μετανοοῦντες,
415 1511 490 1537 οὒδὲν
504 1510 536 1538 ἂν
547 1511 710 1546 ἠλαττοῦντο
724 1511 777 1539 τῶν
786 1512 814 1538 ἐν
831 1513 925 1547 σάκκῳ

135 1557 181 1583 καὶ
199 1556 291 1591 σποδῷ
309 1555 357 1582 καὶ
376 1556 493 1591 δάκρυσι
512 1557 594 1593 μέχρι
611 1558 741 1592 τελευτῆς
761 1557 923 1593 διαγενομέ-

135 1612 188 1629 νων
203 1603 247 1636 Ep‘
261 1602 366 1638 ὁμοίοις
386 1603 442 1635 τοῖς
469 1603 677 1639 ἁμαρτήμασιν.
696 1604 757 1630 Ἔτι
781 1603 810 1631 δὲ
825 1604 875 1631 οὐκ
890 1604 924 1631 ἂν

134 1649 272 1676 οῦδοτιοῦν
287 1649 447 1676 συνετέλουν
462 1650 490 1677 αι
505 1650 575 1685 ὑπὲρ
590 1650 645 1677 τῶν
660 1650 832 1686 τεθνηκότων
846 1650 924 1686 ἐλεη-

137 1695 252 1729 μοσῦναι
269 1695 315 1723 καὶ
332 1696 483 1732 προσευχαὶ
494 1696 570 1732 παρὰ
591 1697 639 1730 τῆς
660 1695 825 1731 Ἐκκλησίας
840 1704 924 1730 προσ-

134 1741 314 1777 τεταγμέναι.
329 1742 397 1778 Περὶ
408 1742 457 1777 μὲν
468 1742 523 1777 γὰρ
533 1741 588 1768 τῶν
599 1742 649 1777 ἤδη
660 1742 710 1777 τῆς
719 1742 922 1778 μακαριότητος

135 1786 346 1823 ἐπειλημμένων
359 1787 523 1822 εὐχομένους
536 1788 567 1814 οὐ
588 1788 641 1823 χρὴ
656 1787 752 1820 θυσίας
765 1787 923 1823 ἀναφέρειν.

141 1822 218 1858 Ἐπεὶ
246 1833 296 1859 καὶ
313 1832 345 1864 ἃς
362 1832 432 1867 ὑπὲρ
447 1833 502 1860 τῶν
524 1822 610 1867 ἁγίων
626 1832 721 1865 θυσίας
735 1822 921 1868 προσάγομεν,

134 1878 183 1913 οὐχ
199 1878 244 1905 ἵνα
255 1877 374 1913 τύχωσιν
388 1878 491 1911 ἐλέους,
509 1877 577 1904 ἀλλὰ
592 1878 726 1912 τιμῶντες
751 1878 859 1910 αὐτοὺς.
876 1879 923 1906 καὶ

137 1924 251 1958 μεσίτας
267 1924 337 1959 ὑπὲρ
350 1924 429 1959 ἥμῶν
443 1923 480 1954 ὡς
494 1923 623 1958 ἀπαρχὰς
642 1925 691 1959 τῆς
717 1923 856 1960 ἡμετέρας
871 1923 924 1959 φύ-

137 1977 204 2000 σεως
217 1969 286 2004 πρὸς
300 1970 346 1996 τὸν
362 1969 427 1996 Θεὸν
441 1969 663 2004 προϐαλλόμεθα.
680 1969 750 2004 Περὶ
768 1969 797 1997 δὲ
811 1970 866 1997 τῶν
883 1971 923 2003 είς

136 2016 198 2051 ᾆδον
222 2015 449 2051 κατακριθέντων
467 2016 597 2050 οὐδεμίαν
623 2015 709 2051 εὐχὴν
732 2016 750 2051 ἡ
772 2016 923 2051 Ἐκκλησία

140 2064 268 2089 ποιεῖται.

173 2109 228 2134 Καὶ
243 2109 359 2145 φανερὸν
375 2108 449 2144 ὑπὲρ
462 2110 517 2136 τῶν
537 2109 604 2144 μήτε
616 2110 645 2136 ἐν
662 2109 844 2145 μακαριότητι
858 2108 924 2136 καθ-

139 2153 303 2187 ισταμένων,
333 2153 404 2188 μήτε
420 2153 449 2179 ἐν
464 2153 528 2189 ᾅδου
544 2153 765 2189 κατακριθέντων
778 2154 828 2186 τὰς
841 2154 923 2189 εὐχὰς

978 917 1067 937 tamen
1093 911 1270 940 nihilominus
1296 919 1347 940 est.
1364 913 1457 948 Neque
1476 914 1512 942 ita
1537 920 1577 942 est
1597 916 1766 950 misericors,

977 960 1006 981 ut
1016 955 1075 990 ejus
1089 955 1194 991 justitia
1205 963 1368 988 evacuatur:
1387 959 1561 994 Omnialenim
1575 962 1602 989 in
1619 967 1729 997 statera,
1740 968 1765 991 ιι

976 1009 1112 1035 mensura,
1135 1002 1214 1037 juxta
1243 1002 1341 1031 Isaiam
1357 1005 1402 1031 "':
1428 1006 1562 1040 aliterque
1586 1007 1669 1035 inane
1693 1013 1765 1037 esset

975 1047 1018 1074 vel
1034 1048 1226 1077 confitentibus
1241 1050 1275 1077 ab
1300 1049 1423 1078 Ecclesia
1441 1052 1630 1086 ptenitentiam
1649 1053 1763 1088 imponi,

976 1092 1017 1119 vel
1034 1093 1197 1128 paenitentes
1219 1099 1301 1122 tantae
1326 1103 1356 1123 se
1383 1096 1458 1131 ipsos
1481 1098 1762 1134 traderealllictioni.

977 1137 1007 1165 Si
1030 1139 1141 1173 quidem
1171 1139 1341 1175 iniquitatem
1366 1149 1454 1176 suam,
1467 1144 1551 1171 semel
1577 1149 1680 1172 tantum
1702 1153 1765 1174 con-

976 1183 1094 1217 ﬁtentes.
1117 1184 1172 1218 jam
1184 1187 1216 1213 ab
1243 1187 1317 1214 omni
1334 1192 1409 1215 reatu
1433 1188 1510 1216 liberi
1527 1195 1631 1217 essent.
1644 1191 1677 1218 At
1697 1199 1763 1219 con-

976 1235 1038 1262 stat,
1049 1230 1110 1264 quia
1130 1231 1246 1266 peccatis
1256 1233 1421 1267 poenitentiae
1434 1234 1607 1263 attlictionem
1624 1237 1762 1272 ingerens,

976 1281 1057 1310 atque
1068 1275 1113 1304 hic
1128 1278 1487 1314 purgationem‘breviorem,
1500 1287 1531 1308 ac
1542 1281 1669 1310 leviorem
1677 1291 1760 1319 quam

976 1322 1117 1355 debeatur,
1137 1323 1297 1358 decernens,
1315 1325 1378 1352 talia
1404 1326 1529 1361 injungit.
1546 1328 1619 1355 Alias
1629 1329 1702 1356 enim
1716 1331 1762 1365 qui

976 1375 1025 1403 per
1041 1375 1150 1396 omnem
1165 1369 1249 1397 vitam
1265 1370 1380 1403 deliciis,
1394 1377 1421 1399 et
1433 1372 1606 1407 impudicitiae
1619 1375 1715 1408 dediti,
1726 1376 1762 1404 ad

977 1414 1064 1448 ipsum
1083 1415 1140 1449 jam
1159 1415 1239 1443 [luem
1270 1417 1330 1445 vita:
1353 1420 1526 1453 pmuiterent,
1544 1420 1629 1449 nihilo
1644 1421 1762 1450 deterio-

977 1466 1020 1488 res
1034 1465 1136 1495 essent,
1151 1470 1233 1497 quam
1248 1460 1275 1491 hi
1289 1464 1334 1499 qui
1349 1471 1398 1498 pro
1414 1464 1548 1493 similibus
1572 1468 1689 1500 peccatis
1701 1468 1763 1495 diu-

984 1506 1086 1535 tissime
1103 1507 1130 1535 in
1157 1509 1255 1542 cilicio,
1274 1515 1301 1537 et
1316 1511 1419 1544 cinere,
1441 1516 1468 1539 et
1480 1511 1607 1547 lacrymis
1628 1521 1714 1549 usque
1727 1515 1761 1542 ad

977 1552 1056 1579 finem
1073 1554 1261 1587 perstiterunt.
1274 1555 1346 1584 Nihil
1367 1562 1497 1591 praterea
1521 1559 1687 1592 conferrent,
1702 1568 1763 1595 quae

976 1605 1025 1632 pro
1037 1599 1170 1627 defunctis
1186 1600 1220 1628 ab
1249 1601 1372 1630 Ecclesia
1398 1602 1456 1630 fieri
1474 1605 1670 1640 praecipiuntur
1697 1614 1761 1633 ora-

975 1643 1074 1677 tiones,
1093 1650 1121 1673 et
1135 1646 1321 1682 eleemosyme.
1339 1647 1391 1675 Pro
1409 1648 1450 1676 his
1462 1650 1545 1683 enim,
1564 1651 1672 1683 quijam
1699 1652 1763 1678 bea—

976 1690 1090 1718 titudine
1110 1692 1187 1727 potiti
1207 1698 1279 1726 sunt,
1292 1699 1401 1721 orantes
1423 1695 1556 1722 sacriﬁcia
1581 1696 1678 1723 offerre
1693 1704 1765 1731 opus

975 1743 1028 1764 non
1045 1741 1097 1764 est.
1116 1738 1181 1771 Quae
1207 1738 1280 1765 enim
1297 1747 1345 1773 pro
1361 1741 1464 1769 sanctis
1490 1742 1577 1769 otIicia
1600 1742 1763 1776 oﬂetimus,

975 1789 1030 1810 non
1044 1784 1293 1812 utmisericordiatn
1309 1792 1519 1820 consequantur,
1534 1787 1683 1820 offerimus;
1699 1789 1760 1820 sed,

975 1833 1005 1854 ut
1015 1828 1179 1857 honorantes
1187 1837 1247 1862 eos,
1257 1831 1419 1860 mediatores
1432 1841 1480 1867 pro
1490 1834 1566 1861 nobis
1578 1835 1647 1868 apud
1664 1834 1761 1866 Deum,

975 1879 1004 1901 ut
1016 1880 1118 1902 naturae
1132 1880 1232 1903 nostrae
1241 1877 1374 1911 primitias
1385 1879 1555 1912 Opponimus.
1569 1878 1622 1906 Pro
1633 1879 1674 1906 his
1686 1887 1763 1911 vero.

975 1918 1021 1954 qui
1038 1918 1066 1947 in
1081 1919 1187 1948 inferno
1215 1921 1332 1948 damnati
1358 1927 1431 1955 sunt,
1446 1923 1547 1950 nullam
1559 1923 1679 1952 Ecclesia
1696 1932 1760 1954 ora-

978 1966 1079 1994 tionem
1097 1966 1174 1994 facit.

1008 2101 1186 2135 Perspicuum
1212 2100 1294 2136 igitur
1305 2105 1357 2134 est,
1383 2107 1472 2135 neque
1493 2107 1541 2135 pro
1551 2100 1605 2133 his,
1622 2101 1668 2136 qui
1683 2101 1762 2128 beata

975 2148 1027 2183 jam
1041 2148 1134 2182 requie
1153 2147 1228 2182 potiti
1240 2151 1312 2179 sunt,
1323 2153 1409 2180 neque
1420 2153 1468 2182 pro
1485 2146 1537 2178 his,
1554 2147 1598 2180 qui
1613 2146 1639 2174 iu
1655 2147 1762 2174 inferno

139 2200 184 2226 καὶ
196 2200 230 2226 τὰ
252 2199 364 2226 τοιαῦτα
381 2200 581 2235 προσάγεσθαι.
598 2200 681 2227 Ὅθεν
698 2200 743 2227 καὶ
765 2201 924 2236 ἀναγκαίως

978 2194 1096 2221 damnati
1109 2198 1184 2226 sunt,
1208 2193 1355 2225 orationes,
1371 2200 1403 2220 ac
1419 2193 1482 2221 talia
1498 2192 1599 2220 offerri.
1615 2191 1690 2220 Unde
1709 2201 1757 2220 ne-

140 2246 376 2281 συναναςραίνεται,
407 2247 497 2282 τρίτον
523 2247 584 2274 τινὰ
612 2248 695 2274 τόπον
720 2247 833 2280 τιθέναι,
858 2248 924 2275 ὅπου

139 2293 186 2326 τῆς
200 2292 331 2327 τοιαύτης
345 2292 505 2328 καθάρσεως
521 2293 686 2328 γενομένης,
704 2294 752 2320 καὶ
773 2295 822 2329 τῆς
842 2293 926 2320 ἐλλει-

139 2338 252 2373 φθεεσης
271 2339 487 2374 ἱκανοποιήσεως
501 2340 691 2375 ἀποδοθείσης,
709 2340 733 2366 oi
758 2339 802 2367 διὰ
821 2339 925 2374 ταύτης

139 2384 274 2416 ἐλθόντες,
298 2383 344 2410 τὸν
370 2383 464 2411 ἐνόντα
489 2385 591 2420 βραχὺν
619 2385 800 2421 καθαρθέντες
827 2385 924 2420 ῥύπον,

141 2431 186 2456 ἐπὶ
210 2430 261 2464 τὴν
283 2430 472 2466 μακαριότητα
501 2431 720 2464 μεταὸιαίνουσιν.
741 2431 878 2461 Ὡσαύτως
897 2431 925 2458 δὲ

141 2477 185 2501 καὶ
205 2476 231 2501 εἰ
246 2484 289 2507 τις
301 2476 350 2507 τὰς
375 2476 426 2511 μὲν
452 2476 562 2508 ἐντολὰς
579 2477 688 2508 ἁπάσας
711 2476 766 2503 τῶν
794 2477 841 2503 τοῦ
858 2477 925 2504 Θεοῦ

141 2521 360 2555 προσταγμάτων
384 2523 520 2557 τηρήσας.
539 2522 686 2549 κάντεῦθεν
698 2523 752 2549 τῶν
769 2522 926 2557 θανασίμων

113 2576 122 2584 δ
140 2567 359 2603 ἀπηλλαγμένος,
387 2569 443 2599 τοῖς
468 2568 495 2595 δὲ
520 2569 628 2603 μικροῖς
649 2568 754 2600 τούτοις
775 2570 821 2595 καὶ
842 2569 927 2603 καθη-

143 2616 261 2649 μερινοίς
277 2614 463 2649 ἐνισχόμενος.
481 2612 518 2641 ὧν
536 2614 622 2650 χωρὶς
640 2615 769 2642 ἀδύνατον
784 2616 865 2650 ζῆσαι
880 2616 925 2641 τὸν

142 2660 295 2694 ἀνθί-ωπον,
314 2660 360 2685 καὶ
373 2659 454 2690 αὐτὸς
466 2659 591 2685 ἀπελθὼν
606 2660 655 2694 τὴν
668 2660 739 2695 ὑπὲρ
752 2660 854 2687 τούτων
866 2660 926 2686 ίκα-

140 2712 290 2737 νοποιησιν.
302 2704 327 2730 εί
337 2712 364 2730 τι
376 2703 478 2738 ταύτης
490 2704 638 2739 παρώφθη,
652 2705 667 2740 ἢ
679 2704 726 2730 τοῦ
737 2705 830 2736 τέλους
844 2705 924 2731 ἐπελ-

141 2750 234 2780 θόντος
261 2750 310 2775 οὐκ
329 2749 445 2783 ἔφθασεν
460 2750 646 2785 ἐκπληρῶσαι,
672 2750 819 2786 καθαρθεὶς
840 2751 869 2777 ἐν
886 2750 924 2786 τῷ

177 2840 198 2854 ⁵⁷
231 2841 284 2867 lsa.
315 2849 361 2873 ιι,
392 2842 434 2868 12.

976 2239 1095 2267 cessario
1118 2238 1262 2273 colligitur.
1281 2239 1390 2265 tertium
1410 2240 1554 2273 quemdam
1581 2245 1641 2266 esse
1659 2238 1760 2270 locum,

976 2285 1022 2312 ubi
1043 2284 1198 2319 ltujusmodi
1218 2284 1378 2318 purgatione
1396 2283 1478 2316 facta,
1509 2288 1536 2309 et
1555 2283 1656 2318 reliqua
1682 2284 1764 2311 satis-

976 2331 1094 2358 factione
1118 2329 1266 2365 persoluta,
1296 2330 1340 2364 qui
1359 2334 1421 2356 suut
1446 2329 1577 2364 ejusmodi
1605 2329 1677 2356 omni
1706 2337 1762 2356 ma-

976 2377 1037 2404 cula
1051 2376 1155 2411 purgati
1173 2376 1205 2403 ad
1222 2375 1417 2403 beatitudinem
1430 2380 1585 2402 transeunt.
1596 2374 1684 2401 Simili
1697 2381 1766 2399 vero

978 2424 1082 2451 ratione
1102 2423 1186 2449 etiam
1211 2421 1232 2449 si
1262 2421 1322 2456 quis
1338 2421 1453 2448 servatis
1474 2420 1601 2447 omnibus
1628 2419 1766 2446 mandatis

977 2469 1035 2502 Dei,
1048 2468 1261 2502 mortalibusque
1270 2467 1443 2501 culpisliber,
1469 2465 1560 2501 parvis
1574 2473 1648 2497 vero,
1661 2470 1687 2492 et
1698 2473 1763 2500 quo-

977 2513 1098 2546 titlianis,
1112 2513 1170 2540 sine
1186 2512 1284 2546 quibus
1298 2513 1350 2538 vita
1367 2512 1485 2539 hominis
1502 2511 1614 2545 transigi
1644 2518 1696 2537 non
1716 2518 1765 2544 pn-

978 2564 1040 2592 tusi,
1048 2559 1191 2592 obnoxius,
1209 2559 1349 2589 hinc.sine
1360 2557 1529 2592 poenitentia,
1539 2562 1566 2583 et
1576 2555 1765 2583 satisfactione

978 2605 1138 2636 decesserit,
1164 2604 1190 2631 iu
1211 2603 1355 2638 purgatorii
1371 2603 1429 2629 loi-o
1453 2601 1566 2635 integre,
1580 2602 1648 2635 quod
1663 2601 1765 2627 omisc~

979 2658 1030 2684 rat,
1052 2651 1154 2678 reddet.
1172 2650 1237 2677 Eum
1254 2649 1338 2680 enim,
1350 2648 1395 2683 qui
1413 2647 1571 2675 mortalibus
1586 2654 1692 2681 semper
1713 2646 1761 2672 ab-

978 2700 1115 2732 stinuerit,
1142 2701 1251 2734 propter
1269 2695 1378 2722 minima
1394 2694 1456 2726 ista,
1485 2696 1514 2719 ut
1544 2692 1589 2727 qui
1610 2691 1764 2726 turpissime

978 2748 1165 2784 ﬂagitioseque
1190 2744 1327 2775 vixerunt,
1343 2742 1370 2768 in
1394 2740 1502 2768 inferno
1521 2738 1655 2770 damnari,
1674 2737 1764 2772 justus
