1960 3063
201 112 250 142 ΥΠ
726 110 928 140 ADVERSUS
947 110 999 138 GR

1054 110 1104 139 lOS
1118 111 1192 141 LlB.
1214 111 1251 140 lV
1317 107 1321 111 ”
1758 108 1810 140 238

203 164 328 199 crimine,
345 164 467 198 culpatur
482 168 570 190 tamen
586 170 599 190 a
616 165 725 191 nostris.
743 164 800 191 lloc
826 170 912 190 autem
929 168 969 190 cst
998 166 1018 192 Λ
1035 165 1102 196 Quia
1122 166 1192 190 enim
1209 165 1389 192 sat't-rtlutitlm'
1414 171 1508 191 omnes
1525 164 1574 192 sub
1597 171 1625 191 sc
1641 163 1738 198 gradus
1750 169 1800 189 con

203 211 272 244 quod
293 210 320 236 in
342 209 479 236 oll‘crcndo
492 208 629 236 sacriﬁcio
648 210 772 236 sacerdos
790 217 858 243 saepe
878 208 981 235 diaconi

204 257 291 288 explet
318 255 506 282 ministerium
522 254 644 287 Improbe
657 262 730 281 sane.
747 255 872 287 ignorant
901 255 983 282 enim.

205 301 266 335 quia
284 301 306 327 is
325 302 432 335 quidem
460 301 516 333 qui,
536 300 606 332 quod
622 301 706 334 majus
732 306 782 331 est,
799 301 890 330 habet,
906 300 985 326 etiam

206 346 277 380 quod
296 346 383 372 minus
397 350 436 372 est
460 346 580 380 ejusdem
595 346 701 377 generis
720 347 800 373 habet
825 346 986 372 necessario.

208 392 264 418 Non
281 396 370 418 autem
386 398 401 418 e
414 399 554 418 converso.
571 382 651 424 quue
673 392 760 418 omnia
786 391 989 425 inspicicutibus

208 438 350 464 constabit.
370 436 457 464 Homo
473 437 543 464 enim
560 437 718 463 rationalem
733 437 837 464 habens
857 437 987 466 animam,

209 483 364 510 sensibilem
388 490 494 517 quoque
523 488 550 510 et
579 483 753 517 vegetabilem
776 484 825 509 sub
843 490 873 510 ea
901 482 995 509 habet..

211 528 302 561 Neque
316 533 406 555 tamen
425 536 485 563 quae
513 529 652 562 vegetabili
680 529 769 555 anima
797 533 918 559 utuntur,
934 535 995 555 sen-
1045 529 1174 555 deserunt
1195 529 1319 563 gradum,
1336 529 1592 564 minorem-quoque
1614 529 1684 563 apud
1705 537 1734 556 se
1756 529 1823 556 reti-
1864 554 1866 556 τ

211 575 282 602 sibili
297 577 380 601 etiam
393 580 418 602 et
443 575 566 602 rationali
581 575 730 608 potiuntur.
748 576 835 609 Atque
851 575 941 602 itidem
967 575 993 599 in
1047 581 1122 601 nere.
1138 574 1229 607 Neque
1247 575 1318 601 enim
1338 575 1472 603 deessent.
1495 575 1538 608 qui
1557 576 1596 602 vel
1611 579 1717 609 propter
1738 581 1822 601 cano-
1866 574 1869 595 ἶ

213 621 281 651 aliis,
300 620 358 648 sive
370 621 499 654 hum-na,
517 621 573 648 sive
589 621 678 647 divina
703 621 835 655 inspicere
849 621 908 653 quis
922 621 995 647 velit.
1049 620 1090 646 uis
1114 620 1282 651 facilitatem,
1304 621 1349 647 'rel

213 664 313 699 Nempe
324 670 351 691 et
368 665 497 691 Dominus
511 665 659 692 secundum
678 665 811 692 hominem
826 666 927 699 primus
947 673 996 692 ex-

214 709 324 739 sisteus,
340 713 367 735 et
386 709 524 736 maximus
553 710 690 740 sacerdos,
709 716 760 736 non
787 710 857 741 ideo,
873 709 934 743 quia
950 709 1000 735 mi-

219 753 297 780 nistri
327 753 460 784 habitum.
485 759 511 780 ct
547 755 728 782 ministerium
762 755 843 789 pcdcs
871 755 1001 782 abluendo

217 798 401 831 monstravit,
424 799 567 826 sacerdotii
601 800 722 826 confudit
750 800 882 826 ordinem.
903 800 934 826 Et
958 800 1002 827 hic

218 843 300 877 igitur
317 846 455 876 sacerdos,
477 846 604 878 quoniam
623 846 758 872 inferioris
778 846 920 873 sacerdotii
942 853 1002 880 gra-
1020 826 1040 852 Β

218 890 267 916 dus
283 889 309 916 in
339 890 429 924 seipse
452 891 582 922 continet,
596 894 711 921 constat,
725 891 786 924 quia
811 890 936 916 omnibus
946 897 1005 924 qua:

219 936 269 963 sub
284 943 313 963 se
327 941 400 969 sunt,
415 936 531 970 legitime
546 940 646 963 utetur.

1037 212 1111 243 tittt‘l,
1126 216 1229 238 constat
1248 212 1272 238 iu
1289 219 1340 237 una
1358 219 1470 245 persona
1491 218 1551 245 qua:
1572 210 1637 237 alios
1665 209 1814 240 contineat,

1038 258 1141 290 majore
1165 258 1280 286 sublato.
1308 263 1334 285 et
1354 258 1404 284 alia
1422 257 1502 284 simul
1525 256 1635 284 auferri.
1660 255 1735 282 Sit'ut
1751 262 1814 282 cum

1039 303 1176 329 rationalis
1190 304 1436 336 animasaparatur
1449 311 1463 330 a
1477 311 1599 340 cttrpnt‘t‘,
1610 303 1695 329 otiosa
1710 301 1814 335 reliqua

1039 353 1066 375 et
1087 349 1186 375 inutilia
1203 348 1278 380 ﬁunt,
1295 354 1320 375 et
1340 349 1515 382 qnnt‘ummm
1531 349 1681 375 sacerdotio
1699 347 1820 378 sublato,

1041 402 1094 421 non
1111 394 1277 428 permittitur
1290 395 1330 420 his
1343 394 1382 421 vel
1396 395 1502 421 diaconi
1518 394 1558 420 vel
1575 393 1730 420 subdiaeoui
1753 399 1815 427 gra—

1042 439 1106 464 dunt
1133 438 1282 470 continere,
1306 443 1387 472 atque
1407 439 1476 464 illius
1504 439 1614 472 implere
1627 437 1817 464 ministerium.

1045 483 1095 509 Sed
1111 488 1135 509 ct
1155 483 1232 509 aliter
1251 483 1365 510 Ecclesia
1388 484 1510 517 prohibet
1533 491 1579 510 eos
1608 483 1653 518 qui
1676 483 1819 510 sacerdotii

1382 621 1431 647 sibi
1464 622 1591 648 honorem
1627 625 1823 652 comparantes,

1049 673 1127 699 quem
1145 665 1217 698 solisf
1233 665 1352 692 diaconis
1374 666 1472 693 habere
1500 666 1571 696 licet,
1595 666 1651 692 sive
1664 665 1744 692 etiam
1766 664 1827 692 aliis

1051 712 1212 746 quibusdam
1238 713 1346 739 casibus
1375 711 1555 739 sacerdotium
1569 711 1680 738 omnino
1692 712 1826 742 deserere,

1053 759 1129 792 quasi
1146 758 1298 785 sacerdotes
1325 759 1359 785 ab
1377 758 1454 790 initio
1472 757 1620 785 consecrati
1650 764 1702 783 non
1726 761 1828 788 essent,

1054 812 1085 832 ac
1110 805 1283 832 diaeonorum
1308 803 1437 839 dignitate
1465 805 1503 840 uti
1528 811 1579 830 non
1606 803 1714 830 vellettt.
1726 802 1762 829 Ex
1776 809 1830 836 quo

1056 850 1205 878 ministeria
1223 849 1406 877 ecclesiastica
1425 849 1550 876 contundi
1567 852 1646 883 atque
1670 847 1765 874 ordine
1786 854 1831 872 ca—

1056 903 1115 923 rere
1130 896 1306 928 contingeret,
1323 894 1447 927 singulis,
1463 901 1521 927 qua:
1532 893 1580 920 sibi
1601 893 1717 928 gratiora
1731 896 1832 923 essent,

1056 939 1226 975 eligentibus.
1246 939 1310 966 Eam
1331 946 1393 966 vero
1413 938 1548 965 licentiam
1567 937 1687 964 Ecclesia
1703 937 1833 964 coercuit.

1156 985 1192 1012 De
1211 985 1312 1012 duobus
1330 983 1456 1011 Romanis
1472 983 1635 1018 ponti/icilius
1649 983 1717 1018 (85).

1093 1033 1235 1059 Enimvero
1264 1032 1310 1067 qui
1351 1031 1565 1059 dissensionibus
1597 1030 1729 1064 gaudent,
1770 1029 1835 1056 illtnl

1059 1085 1164 1112 quoque
1184 1078 1374 1109 criminantur,
1396 1077 1466 1111 quod
1480 1083 1550 1103 nunc
1568 1074 1721 1103 Occidentis
1744 1073 1836 1102 Eccle-

1060 1123 1126 1150 siam
1153 1123 1206 1150 duo
1220 1128 1303 1157 agunt
1333 1122 1481 1156 pontiﬁces,
1503 1120 1583 1148 ambo
1612 1127 1658 1154 per
1684 1123 1778 1154 gentes
1809 1124 1837 1146 et

1060 1175 1156 1202 genere
1176 1167 1266 1200 divisi,
1291 1166 1368 1201 quasi
1383 1173 1437 1194 non
1454 1166 1505 1193 hoc
1528 1166 1615 1200 ipsum
1630 1165 1670 1192 eis
1685 1171 1756 1198 saepe
1770 1171 1836 1191 con-

1062 1214 1161 1248 tigerit.
1178 1213 1254 1246 Quod
1278 1213 1299 1240 si
1317 1213 1396 1241 amho
1411 1211 1602 1239 ecclesiasticis
1616 1218 1668 1238 non
1681 1210 1837 1241 utebantur,

1063 1261 1126 1288 illud
1140 1260 1250 1288 omnino
1276 1259 1303 1286 in
1327 1266 1406 1286 causa
1422 1262 1463 1285 est
1489 1257 1560 1292 quod
1577 1257 1696 1284 conclusi
1720 1255 1840 1290 undique

1063 1306 1127 1337 sint,
1150 1312 1236 1339 neque
1248 1311 1277 1331 se
1301 1303 1427 1331 Ecclesiae
1452 1308 1552 1329 nostra:
1577 1302 1612 1328 ita
1640 1300 1766 1328 extendat
1792 1308 1840 1326 au-

1064 1352 1185 1384 ctoritas,
1201 1349 1334 1378 hostiliter
1350 1355 1438 1376 tamen
1456 1348 1631 1376 nihilominus
1647 1347 1736 1374 all‘ecti
1751 1351 1840 1373 erant.

1064 1397 1222 1431 Quanquam
1247 1403 1310 1422 vero
1333 1394 1403 1421 istud
1420 1401 1499 1420 nemo
1515 1393 1564 1420 rite
1593 1392 1762 1424 laudaverit;
1779 1399 1841 1418 cum

1067 1449 1154 1470 tamen
1175 1449 1217 1468 res
1233 1441 1268 1467 ita
1293 1447 1322 1468 se
1335 1439 1519 1472 habeat,circa
1534 1446 1578 1466 res
1593 1442 1695 1465 tantum
1711 1436 1842 1464 Occiden-

230 1485 348 1517 diaconi,
372 1492 463 1512 causa.
487 1484 695 1511 sacerdotalium
732 1484 863 1517 graduum
896 1483 1000 1510 exsistit

1065 1488 1099 1515 tis
1115 1491 1236 1515 versatur
1251 1486 1300 1513 ista
1313 1485 1456 1518 dissensio,
1471 1484 1537 1511 ﬁdes
1552 1487 1640 1510 autem
1657 1482 1778 1516 utrisque
1788 1490 1841 1508 una

233 1531 284 1557 Sed
305 1531 403 1557 horum
427 1530 524 1564 gratia.
541 1530 625 1556 etiam
643 1529 718 1556 stola:
737 1529 887 1556 differentia
914 1529 1014 1555 haben-
1067 1537 1118 1564 est,
1132 1531 1260 1565 quocirca
1280 1529 1366 1563 magis
1380 1536 1412 1556 ac
1430 1528 1516 1563 magis
1530 1527 1651 1555 veritatis
1668 1526 1779 1553 ﬁrmitas
1795 1525 1843 1552 ad-

234 1576 304 1602 libus
318 1575 462 1602 distributa
476 1579 527 1601 (ξεί-
1067 1577 1189 1605 miranda
1205 1580 1271 1603 est.
1303 1575 1386 1609 quod,
1415 1581 1475 1601 cum
1505 1573 1543 1600 illi
1571 1572 1739 1599 extrinsecus
1763 1570 1846 1597 divisi

269 1621 345 1654 Quod
362 1621 386 1648 si
405 1627 448 1647 eos
461 1621 505 1654 qui
521 1620 570 1647 sub
587 1626 616 1646 sc
636 1623 708 1650 sunt,
738 1619 763 1645 iu
781 1619 868 1652 Seipso
891 1618 1000 1645 sacerdo

1067 1625 1136 1655 sint,
1162 1629 1215 1649 non
1243 1626 1331 1648 tamen
1349 1620 1413 1647 ﬁdes
1436 1618 1488 1646 illis
1503 1618 1619 1646 discreta
1632 1615 1845 1651 est.,Proptcrea

238 1669 336 1702 gradus
361 1667 501 1698 continet,
526 1669 631 1692 constat
659 1665 738 1698 quia,
771 1666 878 1698 quando
914 1662 1018 1690 diaconi
1070 1671 1177 1700 propter
1203 1664 1381 1699 principatum
1409 1661 1578 1690 solummodo
1612 1659 1732 1691 dilferre,
1768 1659 1847 1694 longe

236 1713 347 1741 seorsim
367 1712 460 1746 implet
480 1711 669 1741 miuisterimn,
688 1710 750 1737 licet
765 1710 800 1736 illi
824 1710 920 1736 stolam
937 1709 1018 1735 etiam
1069 1712 1155 1738 levius
1172 1715 1213 1738 est
1227 1717 1308 1745 quam
1324 1708 1383 1736 ﬁdei
1393 1708 1497 1734 ratione
1510 1706 1642 1741 separari.
1665 1705 1757 1733 Utrum
1774 1706 1846 1732 enim

239 1759 312 1786 illius
325 1757 412 1791 indui.
426 1757 511 1784 Aliter
526 1761 617 1783 autem
635 1761 705 1782 esset
720 1755 924 1785 inconveniens,
951 1761 1020 1788 pou.
1072 1758 1176 1785 morum
1197 1756 1313 1791 quisque
1339 1755 1389 1783 sibi
1409 1754 1500 1789 eligat,
1533 1753 1633 1781 ηιιιιυηι
1663 1753 1723 1779 ﬁdei
1751 1752 1848 1779 nisui-

240 1804 337 1831 tilirem
364 1802 482 1837 aliquem
513 1801 553 1828 vel
578 1800 683 1832 exsilio,
715 1800 756 1827 vel
776 1800 829 1826 alio
849 1807 912 1826 casu
931 1799 1022 1833 aliquo
1073 1809 1132 1829 men
1154 1800 1278 1828 incurrit.

241 1851 378 1882 allectum.
410 1849 539 1877 ministris
571 1848 728 1876 absentibus
758 1848 803 1882 qtti
830 1847 866 1873 illi
898 1847 924 1873 in
947 1846 1023 1873 obla-
1282 1845 1320 1872 De
1333 1844 1471 1871 Dominicis
1488 1842 1679 1877 imugiuibus.‘

243 1897 314 1923 tione
335 1885 462 1922 salutaris
487 1893 583 1921 hostia:
611 1892 747 1924 assistant,
764 1899 816 1919 non
829 1899 876 1926 per
902 1892 1019 1925 seipsum
1109 1891 1222 1925 Quidam
1233 1897 1296 1916 vero
1311 1893 1463 1915 nostrorum
1476 1887 1542 1913 adeo
1557 1886 1657 1919 perdita
1671 1889 1760 1912 mente
1775 1889 1849 1914 sunt,

243 1942 332 1969 omnia
348 1941 469 1975 implere,
484 1941 541 1972 sed,
559 1940 617 1967 sine
626 1943 858 1966 sacramentorum
876 1937 1023 1972 participa-
1076 1935 1196 1962 utetiam
1221 1931 1368 1959 Salvatoris
1393 1930 1534 1964 imaginem
1566 1928 1667 1975 Latinis
1688 1932 1791 1955 tantutn
1812 1928 1853 1954 in-

246 1989 316 2013 tionc
332 1985 484 2013 diutissitnc
495 1984 650 2018 persistere.
673 1983 715 2009 vel
732 1983 789 2010 sine
802 1982 868 2017 ipsis
879 1982 960 2009 etiam
977 1984 1025 2009 αθ.
1077 1980 1203 2014 scriptam
1226 1977 1321 2004 littoris
1347 1974 1460 2002 adorare
1487 1976 1610 2000 renuant.
1641 1972 1726 2018 Ipsam
1746 1979 1854 2018 quoque

248 2031 343 2057 rodere
356 2051 362 2062 ,
381 2038 442 2057 eum
457 2017 523 2056 nihil
534 2029 613 2060 adsit,
635 2028 706 2062 quod
724 2026 919 2054 rationabiliter
933 2033 965 2053 ac
980 2034 1026 2053 ue-
1078 2024 1263 2053 adorationem
1290 2021 1364 2048 ﬂexis
1378 2018 1489 2054 genibus
1506 2019 1559 2044 Deo
1572 2018 1683 2044 reddere
1696 2017 1852 2062 haereticum

247 2078 365 2104 cessatio
378 2076 504 2102 obsislal.
644 2061 650 2062 ⁷
1078 2070 1235 2098 existimant
1261 2074 1370 2100 :ncque
1395 2063 1567 2098 evangelista).
1590 2070 1724 2090 metueres
1749 2063 1781 2089 de
1804 2061 1856 2088 Do-

288 2123 363 2155 Quod
379 2122 451 2149 enim
477 2120 587 2152 dicitur,
606 2127 656 2146 non
671 2122 787 2153 oportere
803 2116 980 2152 presbyterum
999 2116 1025 2142 in
1043 2147 1063 2155 ﬁ
1080 2116 1153 2143 mino
1167 2113 1281 2142 dicentis
1297 2121 1302 2139 :
1319 2111 1410 2145 positis
1425 2109 1532 2144 genibus
1543 2110 1646 2141 oravit;
1661 2115 1748 2143 neque
1762 2115 1855 2135 sacer-

249 2167 353 2194 diarom‘
383 2166 499 2192 ordinent
518 2165 613 2196 venire,
630 2162 783 2198 lntjusqui
803 2168 854 2193 est,
888 2169 919 2188 ac
946 2161 968 2188 si
989 2161 1027 2186 di-
1043 2147 1064 2174 θ
1080 2162 1173 2190 dolum
1199 2157 1400 2187 admonenlium
1417 2155 1549 2190 populnm'
1562 2162 1626 2181 voce
1641 2153 1730 2188 magni
1747 2152 1851 2187 Basilii.

250 2219 325 2239 catur
344 2221 349 2238 :
382 2210 439 2237 Non
464 2210 573 2244 expedit
600 2214 631 2236 ut
656 2208 801 2236 sacerdotii
823 2207 934 2242 gradum
952 2207 1028 2233 dese-
1081 2213 1112 2233 ac
1129 2203 1276 2231 dicentium
1295 2209 1302 2229 :
1319 2200 1419 2228 Iterum
1441 2204 1519 2234 atque
1542 2199 1637 2225 iterum
1651 2201 1790 2224 curvantes
1815 2204 1858 2230 ge-

251 2266 314 2285 rens
344 2257 480 2291 quispiam
508 2256 541 2282 ad
567 2254 674 2282 diaconi
700 2253 872 2281 transcendat
894 2252 1026 2280 ordinem.
1081 2259 1134 2277 nua
1151 2248 1448 2281 Dominumprccemur.

255 981 311 1008 Non
324 986 414 1009 tamen
425 982 495 1009 illius
505 983 627 1009 ordinem
643 982 769 1008 diaconus
785 981 895 1016 implere
909 986 1005 1016 potest.

220 1029 278 1056 Nisi
293 1031 364 1057 enim
387 1037 435 1058 eos
449 1031 492 1064 qui
509 1031 559 1058 sub
575 1031 632 1063 ipso
648 1035 720 1063 sunt,
740 1031 837 1064 gradus
851 1031 1008 1062 contineret,

219 1075 341 1109 profecto
355 1083 441 1110 neque
456 1083 572 1108 unquam
587 1076 655 1110 apud
672 1083 700 1102 se
716 1076 835 1102 omnium
853 1075 932 1102 simul
948 1083 1008 1110 gra-

223 1120 305 1146 duum
323 1121 500 1148 ministerium
511 1121 635 1154 impleret
652 1120 932 1154 sacerdos;quoniam
946 1128 1010 1148 vero

224 1166 326 1200 implet,
342 1171 461 1199 constat,
486 1166 550 1200 quia
568 1167 626 1193 illos
646 1167 758 1198 habens,
775 1167 922 1194 secundum
951 1167 1011 1194 illos

224 1212 304 1239 etiam
319 1213 473 1240 ministrare
485 1217 584 1248 potest.
603 1212 648 1239 Est
663 1213 733 1239 enim
748 1213 933 1240 irrationabile
955 1221 1012 1239 om-

226 1257 270 1283 nia
288 1257 367 1284 s’mul
382 1258 488 1292 quidem
502 1258 589 1285 facere
602 1258 772 1292 permittere;
789 1259 904 1285 discreto
921 1263 1008 1285 autem

227 1312 278 1331 non
301 1304 348 1336 ita,
371 1311 432 1330 cum
460 1304 525 1331 nihil
546 1304 592 1334 sit,
615 1304 684 1338 quol
716 1305 865 1338 prohibeat.
888 1305 968 1338 Atqui
994 1311 1008 1329 a

228 1349 331 1376 diacOui
358 1348 428 1376 stola
450 1349 567 1383 dignitas
581 1349 756 1376 sacerdotalis
771 1356 823 1375 non
851 1348 1010 1375 excluditur.

227 1392 285 1420 Non
302 1394 372 1421 enim
394 1394 442 1421 sibi
456 1393 570 1421 invicem
586 1393 633 1420 ista
649 1392 783 1420 contraria
801 1398 875 1423 sunt.
897 1398 925 1420 ut
953 1401 1012 1420 cum

230 1439 344 1466 alterum
360 1440 406 1470 sit,
422 1441 534 1466 alterum
553 1445 615 1466 esse
635 1436 692 1465 non
715 1439 808 1473 possit.
831 1438 923 1472 1t‘leque
946 1439 1013 1465 stola

895 2309 932 2336 ne
948 2309 1033 2336 crucis
1045 2303 1120 2341 tigno
1140 2305 1208 2339 (84).

292 2363 371 2390 Ἀλλὰ
392 2363 438 2389 καὶ
461 2362 498 2398 (1)
519 2361 564 2388 τὸν
592 2360 717 2395 σταυρὶν,
737 2360 831 2393 Ξτιπερ
847 2356 1000 2392 ἀντιστρόφ(

1118 2354 1269 2381 Causantur
1295 2352 1357 2380 item
1369 2370 1376 2384 ,
1400 2350 1461 2384 quia
1478 2350 1539 2376 dum
1555 2348 1638 2376 vitale
1653 2348 1702 2375 sibi
1718 2347 1806 2375 crucis
1822 2346 1859 2373 si-

254 2410 365 2440 ἑαυτοὺς
390 2408 585 2442 σχηματίζουσι
604 2405 805 2442 σημειούμενοι,
827 2402 1000 2432 αἰτιῶνται,ί

1085 2406 1164 2433 gnum
1183 2397 1352 2431 imprimunt,
1378 2399 1531 2426 transverse
1546 2401 1560 2419 a
1589 2392 1691 2419 dextris
1712 2390 1862 2418 inchoando

255 2463 306 2489 περ
319 2436 368 2480 0-3:;
383 2436 458 2488 évnt'i']
472 2436 586 2487 Suv'dpet
596 2436 646 2478 106.
653 2451 702 2485 σχή
709 2436 802 2486 ttat“,
813 2448 905 2475 ἁλλ’ὲν
916 2448 949 2482 τῇ
961 2446 1000 2473 θές

1086 2449 1194 2469 crucem
1212 2442 1339 2471 formant,
1368 2438 1446 2474 quasi
1463 2445 1515 2464 non
1546 2437 1645 2463 virtute
1673 2436 1754 2470 signi,
1771 2436 1817 2462 sed
1837 2436 1862 2459 iu

255 2482 303 2535 τῆξ
320 2499 383 2534 περὶ
395 2482 585 2530 τὸν-ζωοπέιδν
601 2482 717 2531 oratu-poi:
735 2495 879 2524 εὐλαϐείας
895 2494 943 2520 καὶ
964 2492 1000 2518 Oet

1088 2487 1280 2522 compositione
1302 2485 1413 2511 viviﬁcm
1426 2483 1516 2510 crucis
1533 2482 1637 2516 religio,
1653 2486 1680 2508 et
1697 2482 1860 2510 reverentia,

292 2569 345 2604 (8³)
377 2569 586 2603 “Helorum
611 2566 705 2604 Galea
726 2563 1032 2604 destinauerat:-
1086 2551 1864 2604 strauisse":arma?“..1i7’f;.it1°‘1.:“':f:m

257 2585 1031 2632 tamen}tantist}?uitato;.igtgigiiiané-ﬁm
1085 2585 1378 2632 ςῐιὶῑηίιηθεῗιέηρηηοε
1396 2590 1500 2632 mm";
1510 2589 1565 2632 "0C,
1591 2592 1680 2627 "'an
1690 2593 1752 2632 ."f‘"
1762 2620 1772 2632 ,
1786 2585 1866 2632 l'f'"f‘;f

965 2620 1030 2656 con;
1087 2620 1185 2673 locum,
1235 2627 1339 2673 'Caleca
1361 2624 1475 2673 consilio
1491 2620 1819 2673 Lugdup‘en‘sﬂi"integr":
1839 2623 1866 2644 ιὶι

644 2657 1032 2705 ’ροιιῖρρμι-
1086 2657 1345 2705 seqifbitﬁalesinius
1361 2660 1386 2705 lin
1405 2659 1463 2705 Vita
1484 2658 1569 2685 sancti
1587 2657 1793 2705 Puq‘avsnt‘uxq.

262 2690 317 2734 iii};
1123 2697 1179 2732 (85)
1197 2695 1419 2730 Gretsermnlege
1432 2693 1477 2721 lib.
1494 2701 1530 2725 tv,
1548 2700 1572 2720 c.
1587 2692 1612 2724 1,
1629 2691 1702 2718 Des.
1719 2690 1811 2716 Cruce.

263 2737 378 2769 maxime
393 2742 499 2776 quando
510 2737 620 2769 Urbano
635 2739 667 2766 \’l
681 2739 804 2765 Clemens
827 2737 870 2763 νη
889 2740 930 2762 est
948 2741 1034 2769 oppo-
1538 2747 1541 2750 .

295 2802 330 2831 (ι)
345 2801 429 2826 Graece
441 2799 503 2831 apud
516 2799 634 2836 Allatium
650 2797 683 2822 De
693 2801 817 2824 consensu,
829 2801 854 2825 ι).
869 2792 938 2817 1560.
