1960 3063
144 105 196 136 εις

768 105 966 135 MANUELIS
982 106 1097 136 CALEC
1111 106 1131 134 Ε

1703 104 1756 134 2.0

144 166 171 188 et
189 161 336 196 speculatio
363 162 501 189 consistat.
531 163 618 196 Atque
640 166 668 189 ut
699 162 808 197 intelligi
827 165 904 189 datur

975 165 1033 198 ρίσς
1053 163 1258 197 συνισταμένης.
1278 161 1330 188 Kal
1347 162 1382 192 ὡς
1410 161 1507 192 ἔοικεν,
1527 160 1688 192 ἀξιώσουσιν
1705 161 1756 194 ξη-

144 213 204 232 cnm
224 206 296 239 prius
325 206 507 240 inquisierint,
525 207 660 240 quomodo
684 214 714 234 ca
731 214 789 241 anc
805 207 921 238 videtur,

145 256 211 275 crux
236 251 396 284 composita.
420 251 461 277 vel
475 251 545 284 picta
562 251 621 282 fuit.
651 252 672 279 si
690 251 811 285 quidem,
827 255 855 277 Ill
871 251 920 284 ipsi

146 295 248 329 mlunt,
261 296 350 330 fuerit,
365 301 428 324 tunc
439 297 604 330 adorabunt,-
617 297 657 324 sin
676 304 739 324 vero
757 297 833 324 aliter
849 304 922 323 com-

143 342 240 374 positio
253 342 294 369 illa
318 349 404 377 ccepta
421 342 513 375 fuerit,
528 345 664 371 omittent.
683 343 715 370 Et
727 343 807 370 simul
829 350 924 377 quem-

143 386 285 413 admodum
308 387 452 421 quispiam,
476 387 557 414 alium
579 387 661 422 figura
687 388 776 414 crucis
799 388 920 422 signans,

143 436 295 459 transverso
310 439 324 458 ιι
340 433 443 461 dextris
458 434 567 460 inchoat
585 441 593 460 :
609 433 673 467 quid
691 433 804 460 sceleris
821 433 921 460 admit-

142 477 187 509 tit,
202 478 224 504 si
239 479 358 513 seipsum
375 480 457 506 etiam
482 480 522 508 sic
534 480 642 515 signet?
658 479 793 512 Quocirca
809 484 836 506 et
847 479 921 507 Lati-

140 531 234 551 norum
250 525 356 558 plurimi
373 526 506 553 mirantur
520 527 627 562 aliqttos
644 527 676 554 ad
690 531 792 553 tantum
809 526 920 552 rustici-

140 570 203 597 tatis
220 572 362 604 pervenire
373 571 493 605 potuisse
505 572 623 599 utetiam
639 572 710 599 circa
722 576 822 598 sanctae
833 570 921 598 erucis

139 615 339 650 formationem,
353 625 414 645 cum
433 619 528 646 eadem
552 619 752 652 qttnntodolibct
779 618 920 651 formetur,

138 662 328 695 contemplatio
350 669 375 690 et
390 664 474 690 virtus
492 664 549 697 sit;
566 664 748 692 diﬂ'ercntiam
767 665 827 691 fidei
843 664 865 691 si
879 665 920 692 sic

139 707 179 734 vel
196 709 235 735 sic
251 709 307 740 fiat,
327 709 504 743 arbitrentur,
529 710 600 745 quod
625 718 710 745 neque
734 709 843 739 dificrre
869 710 919 744 ipsi

139 758 243 786 putant,
268 759 294 780 et
319 755 522 788 qnontodolibet
546 755 686 788 formetur,
713 755 835 783 fidelibus
859 762 920 783 esse

137 799 300 833 adiutorium
317 809 370 828 non
397 801 549 836 ambigunt.

209 869 247 896 De
265 870 418 898 Cra-corum
443 872 470 899 in
487 872 627 899 schismate
642 880 690 899 suo
711 872 868 907 pervicacia.

173 926 211 953 Ita
223 927 304 961 igitur
319 928 485 956 zizaniorqu
500 929 678 956 seminatores
689 934 715 956 et
726 929 914 957 seandalornm

136 973 256 1006 opifices,
271 973 313 1000 his
327 978 353 1001 et
366 974 528 1008 hujnsmodi,
539 982 653 1009 quarum
664 975 715 1001 alia
731 975 838 1009 quidem
860 974 914 1000 odii

137 1024 163 1044 et
179 1019 360 1046 contentionis
377 1019 504 1046 indicium
521 1020 635 1052 habent,
653 1019 704 1046 alia
731 1019 916 1053 simplicitatis

134 1068 160 1089 et
176 1064 327 1097 imperitus,
344 1065 393 1092 alia
407 1065 433 1092 in
447 1065 634 1092 criminatores
647 1066 748 1093 rectius
761 1065 913 1098 retorqueri

135 1114 244 1142 possent
259 1110 298 1137 eis
323 1111 463 1138 erroribus
476 1111 599 1144 innexos,
623 1118 692 1146 quos
713 1111 774 1138 aliis
789 1110 914 1143 inurunt,

135 1162 277 1181 tOIllmllllc
299 1162 398 1189 cerpus
422 1155 553 1183 Ecclesia:
577 1156 722 1184 dividendo
737 1156 913 1190 dissiparuut,

133 1205 213 1233 atque
238 1200 264 1226 in
301 1205 402 1227 tantum
429 1201 484 1228 odii
501 1205 529 1228 et
552 1202 676 1228 amentiae
697 1209 729 1229 ac
753 1201 913 1228 temeritatis

132 1252 179 1271 eos
196 1244 240 1279 qui
258 1244 309 1272 sub
323 1253 351 1272 se
366 1251 440 1279 sunt,
468 1247 651 1281 perduxerunt
667 1251 695 1273 ut
717 1246 913 1274 tolerabiliores

132 1298 238 1326 putent,
258 1294 304 1328 qui
318 1293 514 1322 Saracenorum
540 1295 728 1329 superstitioni
753 1293 912 1321 exsecrabili

131 1340 293 1372 inserviunt,
317 1347 396 1374 quam
412 1340 458 1375 qui
480 1339 635 1368 Οει·ἱι1υιιιῑε
656 1340 782 1368 Eet-lesize
795 1340 912 1374 jungun-

132 1389 174 1411 tur
194 1385 275 1420 (85):
296 1385 458 1419 illorumque
480 1386 570 1419 potius
590 1386 736 1412 amicitiam
750 1391 775 1411 ct
791 1392 911 1412 commu-

131 1432 248 1462 nionem,
264 1439 343 1466 quam
371 1432 586 1460 Occidentalium
615 1431 727 1464 eligant.
754 1436 781 1457 et
816 1438 902 1464 neque

130 1478 297 1505 Christianos
312 1485 359 1505 eos
381 1479 531 1510 nominent,
553 1478 698 1512 pluresque
711 1477 792 1504 etiam
805 1477 839 1504 de
857 1477 911 1503 illis

130 1523 269 1557 ambigam
287 1531 320 1550 an
340 1523 481 1551 nobiscum
502 1527 660 1550 venerentur
681 1522 841 1557 Evangelia;
859 1522 908 1549 nisi

130 1571 190 1604 quis
206 1570 382 1604 plurimorum
405 1571 559 1606 nugacitate
572 1570 740 1601 transmissa,
773 1570 908 1597 Christia-

131 1623 179 1643 nos
193 1623 240 1643 eos
271 1616 433 1651 simpliciter
461 1617 607 1644 existimet.
637 1617 760 1652 Cumque
789 1616 909 1651 quotidie

130 1664 236 1691 illorntn
263 1665 384 1700 religioni
407 1666 514 1700 plurimi
543 1666 711 1701 applicentur
727 1686 734 1699 ,
751 1674 804 1693 non
821 1665 906 1693 solum

129 1709 190 1742 \‘iri,
207 1712 252 1738 sed
275 1715 302 1738 et
326 1711 450 1739 civitates
465 1716 490 1739 et
512 1715 609 1747 gentes
624 1711 737 1747 integra:
751 1711 818 1747 (86),
840 1712 906 1739 nihil

128 1763 253 1790 magnum
268 1757 413 1792 contigisse
433 1758 610 1785 arbitrantur.

163 1813 246 1841 Porro
270 1814 292 1841 si
310 1814 355 1848 qui
381 1813 592 1842 Occidentalium
620 1813 765 1841 Eeclesiam
790 1815 821 1842 de
845 1821 907 1848 pro-

128 1860 250 1888 ccssione
273 1860 359 1887 sancti
385 1860 501 1894 Spiritus
528 1865 601 1887 recte
619 1860 720 1887 sentire
741 1864 905 1892 asseverant,

127 1913 221 1933 onmes
249 1912 300 1932 una
323 1905 521 1932 consentientes
535 1910 643 1933 sanctos
659 1898 686 1932 et
700 1904 826 1932 Eoi-lesim
852 1912 907 1931 ma-

126 1951 224 1986 gistros
239 1951 418 1985 profcrentes.
430 1944 564 1985 simulque
577 1944 740 1978 communes
757 1950 907 1985 intelligen-

127 1999 177 2024 tias
197 2002 223 2024 et
240 1997 299 2023 ﬁdei
324 1997 456 2031 principia
478 2000 627 2024 cbnsunarc
649 1997 832 2029 ostendentes,
857 1997 906 2023 hos

124 2043 190 2070 Ario
212 2049 239 2070 et
264 2043 381 2071 Sabellio
401 2043 547 2071 deteriores
573 2048 677 2078 putant,
703 2043 859 2076 nullamque
873 2042 906 2069 de

124 2089 177 2115 illis
195 2088 250 2122 jam
276 2089 426 2116 habendam
453 2089 600 2120 rationem,
631 2096 659 2114 ut
691 2088 736 2122 qui
758 2091 853 2122 sponte
877 2086 904 2112 in

124 2136 300 2168 perditionem
318 2135 409 2168 ierint,
431 2135 597 2163 existimant.
614 2135 651 2161 lla
665 2133 736 2160 enim
752 2133 902 2160 animarum

123 2182 319 2216 gubernatores
340 2187 498 2208 vos-antcos
513 2182 558 2215 qui
584 2189 617 2208 ex
640 2179 720 2208 Patre
742 2186 789 2214 per
804 2178 904 2206 Filium
922 2173 942 2199 Β

124 2229 304 2255 substantiam
323 2229 422 2255 habere
441 2227 571 2261 Spiritum
589 2231 711 2253 sanctum
729 2225 904 2256 confitentur,

122 2274 304 2309 omnibusque
326 2275 439 2301 cmtibns
461 2279 487 2300 et
511 2273 583 2299 ontni
605 2273 808 2304 consuetudine,
836 2280 906 2299 cutt-

123 2322 228 2355 ctisqne
242 2321 432 2347 communibus
444 2319 517 2346 illum
534 2319 682 2352 exagitant.
694 2318 727 2345 Et
739 2319 904 2352 nequissime

122 2367 230 2400 quidem
265 2365 478 2393 Occidentalium
516 2365 664 2391 Ecclesiatn
706 2363 902 2396 blaspltctuant.

123 2413 339 2446 sacrificinmqne
363 2415 390 2438 et
406 2418 486 2438 omne
511 2414 719 2441 sacramentum,
741 2409 813 2444 quod
833 2409 903 2443 apud

123 2459 194 2486 illam
210 2458 250 2491 fit,
263 2461 448 2484 exsecrantur.

157 2505 229 2538 Quos
241 2512 304 2531 sane
331 2503 455 2531 miserari
479 2502 604 2530 couvenit
628 2508 718 2534 aeprn
734 2500 786 2527 illis
812 2507 902 2530 orare,

122 2550 220 2585 quippi
233 2558 293 2576 cum
305 2548 349 2576 Dei
362 2557 427 2583 opus
438 2549 502 2580 sint,
519 2549 564 2583 qui
585 2548 699 2574 t'ivifieat
709 2551 839 2573 mortuos.
854 2545 904 2573 Ne-

121 2604 173 2629 que
185 2598 255 2623 enim
266 2596 298 2622 de
311 2595 408 2629 quibus
420 2594 605 2628 dicuntneqne
616 2592 902 2628 dequibusafﬁrtnaut,

121 2642 208 2668 sciunt
224 2649 229 2672 ;
245 2646 324 2675 atque
342 2641 452 2667 omnino
468 2641 525 2668 sine
537 2647 628 2671 sensu,
645 2644 671 2666 et
685 2639 736 2668 sui.
751 2643 778 2666 et
789 2638 900 2664 aliorum

156 2698 211 2731 (85)
227 2698 321 2724 Merito
338 2698 419 2732 igitur
433 2698 486 2731 jam
519 2696 581 2731 jngo
605 2696 720 2722 Turcieo
734 2699 892 2732 premuntur
904 2713 910 2719 .

156 2734 210 2767 (86)
228 2733 281 2759 Hoc
296 2730 411 2759 max—inte
422 2734 450 2759 fit
465 2730 560 2759 nostro
572 2731 670 2758 smeulo
684 2732 709 2757 in
725 2730 899 2767 crnversloue

121 2764 259 2794 ludorum.
274 2767 342 2801 Lege
358 2768 391 2793 de
415 2768 465 2794 hac
483 2775 510 2794 re
535 2767 675 2801 epistolam
706 2766 821 2801 primum
834 2764 898 2801 Bar-

119 2802 198 2830 laami
218 2799 336 2837 episcopi
357 2803 530 2837 Gyracensis,
543 2799 601 2837 qua:
613 2806 775 2828 cxstattom.
793 2799 895 2828 Vltlttt.

973 209 1106 243 10upévou
1135 208 1288 242 πρὸτερην,
1315 206 1373 238 πῶς
1406 208 1419 233 ὁ
1448 207 1607 240 φαινόμενος
1638 207 1755 239 ataup’r,

974 255 1102 289 συνετέθη
1125 255 1141 289 ἣ
1157 254 1263 288 ἐγράφη
1276 262 1283 268 ·
1300 253 1324 279 εἰ
1341 253 1389 286 μὲν
1399 252 1435 284 ὡς
1450 252 1525 278 αὐτοὶ
1543 251 1681 286 petitione:
1694 250 1760 277 τότε

974 301 1147 335 προσκυνεῖν,
1169 299 1218 325 ε’ὂ’
1241 298 1296 325 ἀπὸ
1311 299 1364 324 τῶν
1386 298 1536 332 ἀριστερῶν
1554 297 1641 328 ἄλλως
1666 306 1724 327 πως

973 347 1107 378 σύνθεσις,
1124 344 1225 380 ἦρκται
1244 345 1382 378 παριέναι,
1397 343 1444 369 καὶ
1460 344 1517 377 ἃμα
1532 343 1626 377 ὦσῖερ
1638 351 1680 374 τις
1694 342 1754 368 ἓτε-

973 402 1019 428 ρον
1033 393 1072 427 τῷ
1088 393 1208 427 σχήματι
1225 392 1272 417 τοῦ
1289 390 1408 425 σταυροῦ
1433 390 1631 424 σημειούμενος
1655 390 1756 423 ἐγχαρ-

972 438 1037 468 σίω;
1053 438 1106 463 ἀπὸ
1119 437 1172 462 τῶν
1202 436 1297 468 δεξιῶν
1313 436 1435 470 ἄρχεται.
1446 435 1478 462 Τί
1490 435 1519 461 τὺ
1533 436 1692 469 παράνομην
1708 435 1754 460 οὑ-

970 484 1037 510 τωσὶ
1057 483 1105 510 καὶ
1131 476 1234 510 ἑαυτὴν¹
1245 481 1444 516 σημειοῦσθαιῖ
1470 481 1515 506 Διὸ
1530 482 1577 507 καὶ
1591 480 1682 506 πολλοὶ
1699 480 1754 505 τῶν

971 530 1094 557 Λατίνων
1108 529 1306 563 θαυμάζουσιν,
1324 528 1380 561 εἴγε
1400 527 1478 558 τινὰς
1495 527 1534 558 εἰς
1551 526 1686 560 τοσαύτην
1709 526 1753 557 eg.

973 577 1072 602 έπεσον
1083 574 1281 609 ἁγροικίαν,ὡς
1292 574 1339 600 καὶ
1353 573 1417 607 περὶ
1429 571 1479 606 τὴν
1491 572 1537 598 τοῦ
1555 572 1691 606 σχήματος
1705 571 1753 597 τοῦ

971 621 1044 647 θείου
1061 620 1178 654 σταυροῦ
1192 619 1316 645 σύνθεσιν
1330 619 1379 652 τῆς
1395 619 1480 652 αὐτῆς
1506 617 1566 644 κατ’
1582 617 1664 644 αὑτὸν
1683 617 1753 642 Osto-

971 666 1032 701 ρεας
1060 665 1243 698 ὑποκειμένης
1267 663 1398 698 διαφορὰν
1420 663 1548 694 πίστεως,
1570 662 1585 698 ἢ
1615 661 1711 693 οὕτως.
1729 661 1751 695 νῆ

969 711 1056 742 οὕτως
1071 710 1210 745 ἡγεῖσθαι.
1226 710 1316 744 ’Ὅπερ
1343 709 1405 735 οὔτε
1428 708 1567 743 διαφέρειν
1581 706 1654 735 οὗτοι
1677 707 1753 741 vapi-

970 758 1075 789 ζουσιν,
1096 755 1188 783 καὶᾶν
1214 755 1410 790 σχηματίζοιτο
1432 755 1487 786 τοῖς
1515 754 1688 780 πιστεύουσιν
1711 753 1752 783 εἰς

971 802 1098 837 βοήθειαν
1115 802 1250 836 ἐξαρκεῖν.

932 871 955 901 Β
971 873 1072 899 vivunt.
1090 871 1141 898 Sed
1163 871 1213 898 etsi
1239 871 1284 906 qui
1307 875 1419 906 propter
1441 869 1553 904 proximi
1577 869 1748 896 dilectionem

967 919 1162 945 medicamenta
1181 918 1220 945 eis
1238 917 1337 944 afferre
1351 917 1504 948 voluerunt,
1517 923 1576 950 quat
1590 914 1747 942 inimicissi-

967 971 1071 990 morom
1088 967 1160 995 sunt,
1173 965 1213 990 eis
1226 968 1331 990 tentare
1346 963 1396 990 visi
1414 966 1486 994 sunt,
1513 961 1612 988 abillis
1631 960 1748 994 undique

965 1008 1091 1041 exagitati
1115 1013 1141 1035 et
1154 1007 1248 1041 fugati.
1278 1006 1306 1033 Id
1338 1010 1430 1034 autent
1455 1006 1623 1033 solummodo
1654 1004 1749 1031 Iucrati

964 1057 1037 1084 sunt,
1066 1053 1135 1086 quod
1161 1052 1320 1078 cbaritatem
1344 1051 1375 1077 at!
1391 1051 1552 1085 proximum,
1583 1049 1698 1083 bonique
1724 1053 1749 1076 ct

965 1098 1071 1136 honesti
1086 1097 1250 1125 desiderium
1264 1102 1290 1123 et
1302 1096 1471 1123 alacritatem
1487 1097 1675 1123 ostenderunt.

999 1142 1038 1169 De
1047 1143 1163 1176 primatu
1177 1143 1261 1169 sancti
1281 1142 1352 1169 Petri
1364 1146 1388 1168 et
1404 1141 1513 1168 Rontani
1538 1141 1667 1175 ponti/iris
1679 1139 1748 1174 (87).

999 1189 1035 1217 Ut
1047 1189 1130 1223 igitur
1143 1188 1176 1215 ad
1190 1189 1274 1222 prima
1287 1188 1437 1226 redeamus,
1454 1187 1582 1222 quoniant
1594 1190 1621 1213 et
1636 1194 1649 1212 a
1666 1185 1746 1212 Patre

963 1239 990 1261 ct
1018 1233 1085 1261 Filio
1110 1233 1240 1267 Spiritum
1269 1238 1392 1260 sanctum
1420 1232 1566 1265 procedere
1593 1231 1747 1259 communis

963 1284 1116 1306 sanctorum
1132 1278 1224 1312 opinio
1239 1277 1369 1310 declarat,
1386 1277 1440 1304 imo
1450 1281 1477 1303 et
1495 1278 1551 1312 ipsa
1574 1277 1634 1304 fidei
1645 1276 1747 1311 princi-

963 1325 1005 1358 pia
1034 1325 1059 1351 id
1075 1332 1167 1350 verum
1190 1331 1251 1351 esse
1274 1328 1473 1354 contestantur,
1499 1331 1597 1358 easque
1625 1323 1745 1350 rationes

962 1380 1022 1408 qnze
1053 1376 1148 1400 contra
1187 1372 1255 1398 hanc
1293 1371 1448 1405 opinionem
1486 1369 1649 1402 inferuntur,
1679 1370 1746 1397 nihil

962 1419 1061 1450 valere,
1087 1425 1169 1452 supra
1192 1422 1329 1444 ostensum
1347 1419 1403 1448 est;
1420 1419 1459 1447 et,
1482 1422 1542 1450 qua:
1558 1415 1610 1442 illis
1625 1415 1741 1442 absurda

961 1464 1140 1498 objiciuntur,
1150 1463 1196 1497 qui
1211 1470 1242 1489 ex
1258 1461 1338 1490 Patre
1351 1465 1378 1488 et
1396 1460 1464 1488 Filio
1479 1460 1608 1495 Spiritum
1619 1465 1743 1488 sanctum

902 1509 944 1540 ιϐ
960 1509 1134 1540 confitentur,
1149 1507 1225 1540 nulli,
1248 1507 1300 1534 nisi
1326 1507 1379 1534 illis
1405 1510 1508 1533 tantum
1535 1505 1582 1540 qni
1596 1505 1740 1539 objiciunt,

961 1554 1076 1580 absurda
1099 1553 1184 1580 videri
1202 1561 1209 1580 :
1229 1553 1356 1588 quodque
1367 1552 1400 1579 de
1413 1545 1551 1579 additione
1562 1551 1743 1586 objiciebatur

959 1600 1116 1628 hesternum
1129 1607 1160 1627 ac
1173 1599 1236 1632 vile,
1257 1599 1484 1632 oceasiouemque
1498 1597 1584 1624 solam
1596 1598 1742 1631 primatum

960 1645 1137 1679 qnmrentium
1165 1651 1236 1676 esse,
1264 1643 1481 1671 demonstratum
1500 1646 1560 1674 est,
1585 1646 1611 1669 et
1644 1646 1740 1669 contra

961 1690 1088 1717 Ecclesia:
1119 1689 1224 1724 regulas
1252 1688 1417 1716 contendere
1442 1686 1591 1714 volentium
1620 1695 1626 1713 :
1650 1687 1743 1714 sedet

958 1743 1026 1770 qttas
1050 1735 1209 1762 invenerunt
1236 1740 1343 1762 causas.
1361 1737 1390 1759 ttt
1416 1731 1547 1759 discessio
1562 1738 1616 1758 non
1634 1730 1743 1757 irratio-

958 1781 1055 1808 nibilis
1079 1780 1227 1812 videretur,
1241 1779 1305 1813 ipsa:
1331 1785 1439 1812 quoque
1462 1777 1642 1805 contentionis
1662 1780 1743 1811 atque

957 1825 1012 1852 odii
1040 1824 1235 1852 documentum
1261 1828 1344 1850 sunt:
1375 1822 1518 1858 perspicue
1545 1822 1627 1856 liquet
1640 1821 1741 1848 trullam

959 1872 1011 1899 illis
1039 1871 1242 1899 excusationem
1275 1869 1404 1904 relinqui,
1431 1868 1477 1903 qni
1504 1868 1537 1895 de
1567 1867 1741 1902 processione

958 1917 1045 1943 sar-cli
1085 1915 1203 1950 Spiritus
1236 1916 1366 1942 adversus
1404 1914 1554 1941 Romanam
1590 1913 1738 1940 Ecclesiam

957 1962 1121 1990 contendere
1140 1961 1328 1988 in~tiluerunt.
1355 1959 1488 1993 Quocirca
1511 1959 1626 1994 quisque
1649 1962 1740 1985 mente

957 2012 984 2034 ct
1005 2007 1110 2034 ratione
1134 2007 1273 2041 praeditus,
1302 2005 1425 2033 eamdem
1443 2012 1505 2032 cum
1525 2004 1568 2032 illa
1586 2004 1740 2039 opinionem

957 2053 989 2080 de
1002 2052 1087 2079 sancti
1103 2052 1221 2085 Spiritus
1239 2049 1637 2088 processionetutissimetueri
1650 2050 1739 2076 debet.

959 2099 990 2125 Et
1009 2106 1088 2133 quam
1104 2098 1130 2124 in
1150 2097 1279 2133 Symbolo
1303 2103 1395 2129 unam,
1414 2101 1536 2123 sanctam
1558 2101 1584 2122 et
1610 2095 1738 2129 apostoli-

957 2152 1015 2170 cam
1045 2144 1208 2171 coutitemur
1237 2141 1397 2175 Eeelesiam,
1425 2142 1493 2169 hane
1511 2147 1570 2168 esse
1589 2140 1741 2174 jnstissinte

958 2189 1164 2220 asseverarerit,
1191 2195 1306 2222 eumque
1323 2189 1368 2222 qui
1399 2187 1435 2213 ita
1465 2186 1619 2218 conﬁtetur,
1644 2186 1740 2213 catho-

959 2235 1037 2261 licam
1059 2235 1138 2261 tidem
1161 2239 1262 2270 tenere,
1282 2233 1326 2260 illa
1345 2233 1413 2260 duce
1432 2240 1486 2259 non
1503 2233 1630 2266 ambiget.

993 2280 1032 2306 Ad
1053 2279 1109 2306 iure
1126 2285 1153 2306 et
1173 2279 1236 2306 illud
1255 2279 1424 2310 intuendum,
1444 2282 1544 2312 quanta
1561 2278 1595 2305 sit
1614 2277 1741 2304 Ecclesia:

958 2324 1124 2360 magnitudo,
1156 2329 1255 2358 quanta
1286 2331 1374 2350 rerum
1409 2323 1501 2353 moles.
1530 2327 1612 2356 utque
1649 2322 1682 2349 ab
1708 2330 1738 2348 ea

958 2371 1030 2397 nulla
1058 2377 1174 2404 unquam
1192 2369 1318 2396 haeretica
1342 2369 1476 2396 sententia
1499 2368 1627 2399 manarit,
1656 2375 1737 2402 quam

955 2415 1049 2442 beatus
1081 2415 1201 2441 fundavit
1233 2415 1338 2445 Petrus,
1367 2421 1427 2448 que
1451 2421 1558 2447 semper
1581 2414 1613 2440 ad
1636 2420 1734 2440 omnes

957 2459 1053 2487 ﬂuctus
1080 2460 1225 2487 immobilis
1249 2459 1381 2494 perstitit;
1408 2459 1470 2494 quia
1487 2466 1568 2493 supra
1582 2462 1696 2492 petram,
1713 2459 1738 2484 id

958 2511 1010 2538 est,
1024 2513 1104 2539 super
1120 2506 1205 2539 ipsum
1227 2505 1367 2532 Dominum
1381 2505 1492 2532 fundata
1507 2510 1576 2536 erat,
1589 2505 1645 2530 sive
1658 2511 1739 2539 super

958 2551 1026 2578 beati
1042 2550 1112 2577 Petri
1139 2549 1320 2578 firmissimam
1337 2551 1414 2578 fidem
1432 2558 1528 2584 :quem
1543 2549 1580 2576 illi
1597 2549 1737 2580 Dominus,

957 2603 1018 2622 cum
1036 2595 1169 2630 corporali
1186 2595 1328 2630 praesentia
1347 2594 1475 2621 tnnndnm
1499 2594 1645 2624 desereret,
1667 2601 1737 2627 prte-

958 2641 1031 2674 fccit,
1050 2642 1152 2669 beatum
1168 2641 1241 2668 illum
1257 2641 1410 2675 appellans,
1431 2642 1492 2675 quia
1519 2649 1569 2667 mm
1587 2641 1626 2666 illi
1639 2648 1700 2667 caro
1712 2644 1738 2667 ct

953 2699 1011 2726 lect.
1026 2699 1055 2726 D.
1074 2698 1180 2726 Ilenrici
1200 2699 1312 2726 (Tanisii.

989 2734 1045 2767 (87)
1063 2733 1133 2764 Lege
1149 2734 1317 2760 Gennadiuut
1335 2741 1384 2767 pro
1396 2733 1511 2760 concilio
1527 2732 1693 2764 Florentium,
1708 2737 1736 2758 et

951 2768 1146 2830 gellarmiuum
1164 2769 1209 2795 lib.
1227 2769 1263 2796 De
1287 2768 1376 2802 f’ont.,
1401 2773 1426 2796 ct
1461 2769 1541 2803 epist.
1563 2767 1580 2794 2
1600 2767 1733 2794 Barlaami

977 2811 1050 2830 vrac.

975 2811 1050 2837 yrac.
