1960 3063
182 184 230 217 241

178 288 241 314 Inde
255 288 310 322 jam
325 288 465 321 principiis
489 287 668 314 ceclt-siastici
688 287 858 320 principatus
870 286 963 320 jactis,

179 344 241 362 eum
269 334 442 368 interrogatis
468 333 616 368 discipulis,
643 340 723 367 quem
750 339 811 359 esse
841 331 964 358 homines

182 385 311 416 putarent
344 379 442 406 Filium
471 379 599 411 hominis,
634 383 747 405 cancros
785 377 966 412 prtcvcniens,

181 429 248 454 divit
264 437 270 453 :
291 426 329 454 Tu
342 435 368 453 et
380 426 499 453 Christus
511 425 595 452 Filius
607 425 653 451 Dei
667 425 726 451 vivi.
742 424 790 450 Cui
806 431 964 458 responsum

182 473 304 508 protinus
324 476 365 498 est
382 480 390 498 :
407 471 445 498 Tu
469 479 495 498 es
515 469 619 503 Petrus,
641 474 666 497 et
682 477 758 503 super
777 470 844 496 hanc
868 474 968 503 petram

184 517 319 551 m'iﬁcabo
332 517 565 544 Eeelesiummeam
578 521 617 543 :et
629 520 711 552 porta:
722 515 799 548 inferi
810 523 859 541 non
871 522 970 549 praeva-

185 564 271 590 lebunt
283 561 407 589 adt-enus
420 562 512 589 eant".
525 560 742 595 Rursumqueilli
756 561 824 586 hanc
835 566 968 586 commena

185 610 251 636 dans
262 609 310 636 diei
322 607 381 635 bat:
393 608 422 634 Si
432 615 471 634 me
479 615 561 635 omne.
575 606 741 640 Petre,pasce
750 613 828 640 agnos
835 612 914 635 meos,
924 612 968 638 pa-

187 662 228 682 sce
240 663 297 681 oon
308 661 378 680 meas
389 653 424 681 “.
434 653 466 679 Et
481 653 512 679 de
526 660 579 686 quo
592 654 646 678 ait:
667 651 720 685 Ego
731 651 818 685 rogavi
831 657 877 684 pro
893 655 926 680 te,
942 653 968 675 ut

187 708 237 726 non
261 698 365 732 deﬁciat
392 699 456 732 ﬁdes
484 702 588 724 tnu:et
603 702 631 723 tu
653 696 797 731 aliquando
820 701 970 725 conversus,

197 745 325 777 conﬁrma
341 743 436 777 fratres
455 748 512 769 tuos
528 743 560 769 ⁷⁵.
577 743 609 769 Ει
622 749 701 776 quem
726 741 816 775 posuit
841 739 971 774 atqualem

188 787 249 818 εἰὶιί,
280 787 387 821 quando
418 786 578 814 Czesarianis
617 785 749 812 tributum
788 784 971 818 exigentibus,

192 834 319 868 praecepit
345 833 428 861 Petro
450 833 559 860 humum
589 832 615 859 in
646 838 721 858 mare
737 831 884 861 dimittere,
901 829 974 856 inve-

191 879 407 914 niendumquein
419 879 505 913 primo
514 878 559 913 qui
572 877 735 905 occurrisset
748 877 833 911 piser,
845 880 972 902 statcretn

193 933 303 954 aureum
319 927 384 952 dare
405 925 574 959 exigentibus
596 931 645 958 pro
657 930 686 951 se
699 928 726 950 et
740 922 822 950 Petro
838 922 873 948 ⁷⁸.
886 921 913 948 Id
926 928 973 946 an»
991 913 1010 940 Β

196 975 249 997 tem
275 975 317 997 est
343 970 458 997 volentis
482 969 556 996 illum
583 975 661 1004 atque
683 975 715 996 ac
731 974 760 995 sc
777 966 903 994 honorari
930 973 980 1000 pro

196 1016 316 1050 portione
338 1016 440 1047 debita,
457 1015 588 1049 illumque
602 1015 714 1040 verbum
730 1020 807 1040 suum
828 1011 980 1039 continere.

197 1061 266 1094 Quia
280 1061 349 1088 enim
367 1069 381 1088 a
395 1060 508 1088 Domino
522 1059 589 1086 nihil
600 1059 698 1086 frustra
710 1057 810 1085 dictum
825 1060 871 1083 aut
883 1055 981 1082 factum

198 1111 251 1139 est,
267 1113 379 1133 necesse
404 1109 494 1134 est.et
509 1111 569 1139 quae
595 1102 717 1138 apostolo
747 1101 825 1128 Petro
847 1100 982 1135 praecipuo

195 1160 250 1187 [rae
266 1152 372 1180 caeteris
387 1151 457 1178 dicta
469 1151 526 1178 sive
542 1150 611 1178 facta
627 1153 701 1181 sunt,
730 1154 856 1182 magnum
881 1146 982 1180 aliquid

202 1199 311 1226 erodere
327 1197 491 1232 signiﬁcare.
515 1195 584 1228 Quid
604 1199 693 1222 autem
710 1193 797 1228 majus
809 1200 871 1220 esse
883 1197 982 1227 potest,

197 1244 267 1279 quoi
283 1241 431 1278 hujusmodi
445 1240 591 1268 Eeelesiam
600 1245 677 1267 suam
688 1238 738 1265 sub
750 1238 800 1265 hoc
810 1237 877 1264 duce
888 1236 985 1271 guber-

197 1289 255 1316 rari
269 1287 420 1319 constituit,
437 1294 529 1322 quam,
539 1291 568 1312 ut
578 1286 635 1320 ipse
646 1283 742 1313 voluit.
759 1283 784 1309 in
800 1281 880 1309 Petro
890 1281 987 1309 solida-

201 1335 251 1366 vit,
267 1338 295 1361 ut
311 1334 436 1368 adjuncta
466 1332 547 1359 rebus
581 1329 663 1358 verba
690 1329 742 1356 ista
774 1327 927 1355 testantur?
957 1326 985 1353 Si

200 1379 274 1406 enim
298 1379 338 1405 vel
364 1378 455 1405 multis
472 1378 498 1404 in
515 1374 642 1404 humanis
666 1373 746 1401 rebus
763 1373 985 1407 principantibus,

206 1425 246 1452 vel
267 1424 351 1457 nullo,
371 1421 583 1456 eonfusionequc
599 1423 745 1454 regnante,
758 1417 825 1445 nihil
834 1418 874 1446 vel
889 1426 984 1454 parum

205 1470 352 1497 consistere
365 1473 464 1504 posset.
974 1460 979 1464 ⁴

245 1516 278 1542 Et
308 1520 381 1543 certe
405 1523 465 1542 cum
492 1515 518 1542 itt
545 1515 603 1550 ipsa
617 1515 737 1542 omnium
751 1518 859 1544 natura,
877 1510 984 1545 singula

200 1570 249 1596 per
265 1562 385 1588 ordinem
407 1561 477 1596 quod
506 1568 585 1588 suum
609 1566 650 1588 est
666 1565 823 1595 operentur,
848 1565 900 1592 quo
923 1557 986 1584 sub-

206 1608 271 1640 lato,
297 1607 388 1633 mundi
421 1606 503 1633 totius
527 1606 669 1633 harmonia
708 1605 859 1633 solveretur
888 1611 896 1631 :
927 1602 986 1635 Ipse

200 1654 282 1684 enim.
308 1653 406 1687 inquit,
433 1653 548 1680 cerialia
571 1657 596 1678 et
613 1656 716 1679 terrena
732 1651 847 1677 continet
864 1649 985 1683 ";quo-

203 1698 284 1724 modo
310 1702 382 1724 esset
409 1697 547 1730 possibile,
559 1702 658 1724 cuncta
671 1697 858 1730 disponentem
874 1694 983 1728 sapien-

203 1744 281 1777 tiam,
311 1749 335 1770 et
355 1752 372 1770 a
393 1743 444 1778 ﬁne
461 1751 541 1777 usque
559 1743 593 1770 ad
611 1744 690 1777 ﬁnem
706 1742 893 1777 pertingentem
908 1739 986 1774 [orti-

206 1795 260 1820 tcr,
296 1789 460 1824 attnuiterque
484 1794 588 1821 _cuueta
615 1789 794 1823 disponentem
813 1787 857 1818 ⁷⁵,
880 1791 987 1820 gregem

205 1842 300 1865 suum,
327 1833 475 1861 Ecclesiam
500 1841 590 1865 suant,
612 1841 693 1868 quant
718 1832 829 1866 proprio
857 1831 989 1864 sanguine

206 1880 332 1913 redemit,
345 1887 392 1914 pro
404 1887 457 1914 qua
475 1879 563 1906 omnis
577 1879 601 1905 ei
611 1879 680 1905 ratio
693 1883 720 1906 et
733 1885 815 1904 omne
828 1876 987 1911 mysterium

205 1924 322 1956 e5t,sitw
332 1924 527 1959 gubernatione
538 1924 700 1958 relinquere,
714 1931 760 1957 per
772 1923 870 1949 multas
880 1921 988 1955 quidem

208 1970 368 1997 tt-ntatioues
385 1973 412 1996 et.
434 1969 595 2003 quaestiones
615 1969 641 1995 in
655 1968 780 2002 praesenti
798 1964 992 1994 excreizatum?

192 2014 269 2049 'ipso
294 2023 356 2041 vero
382 2014 561 2049 corporaliter
575 2019 603 2041 ct
617 2013 781 2040 seusibiliter
805 2011 868 2038 hinc
892 2011 991 2045 migra-

212 2060 341 2092 turo,etsi
364 2067 501 2092 uunquaut
515 2059 549 2086 ab
565 2058 683 2086 Ecclesia
696 2058 868 2085 invisibiliter
882 2055 967 2083 abfuit
984 2064 991 2083 :

216 2105 269 2140 ligo
293 2105 373 2136 enim,
394 2105 491 2139 inquit,
517 2105 646 2132 uobiscum
663 2113 721 2131 sum
744 2103 863 2130 omnibus
890 2097 991 2134 diebus,

214 2159 293 2183 usque
308 2150 342 2176 ad
359 2150 608 2176 consummationem
624 2149 715 2176 seaculi
730 2149 764 2175 ".

705 183 1073 214 ADVERSUSGRECOS
1095 185 1166 217 LIB.
1187 187 1235 216 IV.

177 243 293 278 sanguis,
308 243 352 270 sed
369 241 475 268 catastis
494 241 572 268 Pater
595 249 679 268 rerum
707 242 826 267 reuelauit
847 241 967 272 ﬁdem”.
984 244 1006 270 Λ
1022 243 1153 271 dicentem

1746 179 1798 208 242

1174 254 1180 271 :
1210 245 1369 278 Prwcrptor,
1396 242 1467 269 salva
1492 249 1548 270 nos,
1572 239 1686 273 perimus
1703 236 1740 267 '°,
1756 236 1799 262 iu-

1020 290 1135 324 erepatis
1165 290 1252 317 ventis
1275 291 1423 323 exsurgens
1444 285 1577 318 servavit;
1605 282 1676 318 quod
1703 282 1801 309 futura:

1020 338 1120 372 ubique
1168 338 1195 364 in
1239 335 1361 363 navicula
1404 332 1530 360 Ecclesia:
1574 327 1800 364 perturbationis,

1022 383 1172 410 lueresibus
1202 382 1329 409 amnibus
1362 380 1434 406 illam
1459 383 1580 412 mergere
1602 373 1800 408 quaerentibus,

1022 433 1206 463 argumentum
1220 431 1287 454 erat.
1304 425 1387 459 Cujus
1401 423 1530 458 regimine
1540 424 1678 454 suscepto,
1702 419 1798 445 Petrus

1028 473 1225 509 periclitantem
1264 470 1382 498 servavit
1419 476 1467 502 per
1502 475 1531 494 se
1560 466 1646 500 ipsum
1675 464 1803 498 magistro

1022 519 1148 546 excitato.
1176 517 1268 551 Neque
1291 516 1361 544 cnitn
1385 515 1487 541 frustra
1503 512 1527 540 ei
1553 510 1685 538 Dominus
1713 509 1804 536 claves

1025 563 1098 597 regni
1136 562 1267 593 credidit;
1308 560 1568 594 l'nndamentttmque
1600 562 1630 582 se
1655 553 1804 588 positurum

1024 610 1101 643 dixit,
1132 611 1214 643 Super
1243 615 1295 642 quo
1325 605 1476 633 Ecelcsiam
1505 609 1581 630 suam
1609 600 1804 628 aedificaturum

1025 654 1195 689 repromisit;
1215 654 1337 686 hancque
1355 650 1489 686 prtecipue
1503 655 1608 681 pascere
1623 646 1702 672 Petra
1712 663 1720 676 ,
1741 644 1762 671 si
1777 650 1806 670 se

1025 706 1147 732 amaret,
1171 698 1331 733 imperavit,
1347 696 1464 731 atquein
1480 694 1572 721 tributi
1588 692 1722 720 solutione
1733 691 1807 717 hunc

1025 755 1074 781 pro
1088 754 1117 773 se
1132 747 1190 779 ipso
1205 744 1368 778 respondere
1381 742 1475 769 voluit.

1062 793 1216 822 Enimvero,
1242 795 1268 817 et
1292 789 1362 824 quod
1381 790 1439 822 post
1455 784 1680 813 resarrectionem
1704 781 1807 808 dictum

1027 843 1087 866 est:
1106 838 1191 865 Dicite
1207 835 1344 867 discipulis
1358 835 1425 869 ejus,
1437 838 1460 860 et
1484 831 1563 858 Petro
1582 830 1616 862 δι,
1632 836 1686 864 prre
1704 826 1808 855 ctetcris

1029 885 1103 912 illum
1134 882 1292 918 appellantis
1323 886 1403 914 atque
1429 875 1589 905 honorantis
1620 879 1672 902 est.
1705 872 1758 900 Sed
1783 874 1809 897 et

1029 929 1223 963 discipulorum
1247 927 1352 960 primus
1380 925 1519 958 ingressus
1544 924 1585 948 est.
1601 920 1630 946 in
1651 923 1810 945 monumen-

1031 961 1140 1007 tntn,vet
1156 973 1232 1002 vidit,
1248 977 1275 999 et
1293 970 1417 1001 credidit,
1431 974 1471 1001 ut,
1490 967 1536 1001 qui
1549 966 1673 1000 princeps
1682 961 1812 990 Ecclesiae

1031 1018 1254 1053 relinquebatur,
1294 1015 1398 1049 primtts
1433 1014 1459 1040 in
1502 1011 1686 1046 apostolorum
1728 1011 1812 1034 choro

1033 1065 1142 1105 reliquis
1165 1062 1390 1090 resurrectionem
1414 1059 1514 1087 Christi
1538 1056 1685 1084 nuntiaret.
1707 1053 1810 1087 Nempe

1032 1113 1102 1140 enim
1132 1114 1158 1138 et
1197 1107 1419 1137 convenientibus
1458 1103 1606 1134 omnibus,
1641 1101 1744 1134 primus
1786 1098 1811 1124 in

1033 1156 1206 1186 conciOnibus
1222 1159 1272 1182 est.
1288 1152 1386 1180 Paulus
1401 1152 1464 1178 item
1489 1158 1496 1177 :
1516 1147 1638 1177 Ascendi.
1654 1146 1702 1178 ait,
1721 1144 1815 1170 ilicro-

1035 1203 1162 1237 so’ymaut
1191 1200 1275 1227 vitiare
1304 1197 1410 1224 Petrum
1441 1195 1475 1227 ",
1495 1194 1567 1220 velut
1594 1192 1626 1219 ad
1649 1190 1813 1225 prmcipuum

1036 1249 1173 1283 quiddam,
1196 1245 1228 1272 ad
1245 1244 1353 1271 Petrum
1370 1241 1522 1268 intendens.
1545 1239 1600 1265 Etsi
1625 1245 1686 1264 cutn
1705 1238 1816 1270 propter

1035 1291 1270 1322 circumcisioncm
1295 1288 1405 1322 quidam
1439 1284 1706 1313 scandalizarcntur,
1737 1284 1818 1314 atque

1037 1339 1063 1366 in
1087 1336 1222 1371 Evangelii
1243 1332 1436 1369 przedicatione
1457 1328 1698 1357 circumcisiom-m‘
1717 1325 1819 1352 inferre

1037 1384 1216 1415 molirentur,
1260 1379 1388 1415 quoniam
1427 1376 1535 1411 quidem
1579 1372 1704 1406 apostoli,
1743 1370 1816 1396 eirea

1037 1426 1238 1464 praedicationis
1262 1413 1346 1455 initia,
1360 1422 1394 1449 ob
1419 1421 1510 1448 varias
1532 1418 1709 1444 necessitates
1732 1413 1819 1447 majo-

1039 1481 1154 1508 rnmqt-e
1169 1471 1372 1504 dispositiones,
1393 1471 1422 1495 ut
1438 1465 1535 1492 medici
1552 1470 1645 1490 cura!"
1664 1461 1817 1487 animarum

1039 1507 1163 1556 gerentes
1179 1527 1186 1545 :
1205 1517 1249 1544 itle
1263 1516 1384 1551 quidem,
1398 1513 1466 1548 quia.
1476 1510 1595 1547 gentium
1609 1507 1738 1541 magister
1752 1508 1821 1534 erat.

1039 1549 1092 1594 non
1121 1549 1278 1598 cogebatur
1297 1561 1402 1594 aliquos
1429 1556 1616 1585 accedentium
1633 1549 1820 1588 prmdieationi

1037 1609 1231 1639 circumcidere
1247 1617 1254 1635 :
1271 1607 1379 1634 Petrum
1410 1611 1475 1631 vero
1497 1609 1544 1629 eos
1562 1601 1607 1636 qui
1624 1607 1655 1627 ex
1673 1596 1818 1625 circumci-

1037 1657 1113 1684 sione
1129 1653 1302 1682 credidcrant
1315 1657 1468 1682 assumens,
1490 1653 1518 1675 ttt
1531 1646 1634 1681 majora
1658 1644 1822 1672 lucraretur,

1039 1703 1145 1730 minora
1172 1700 1204 1727 ad
1218 1704 1325 1733 tempus
1348 1695 1541 1725 contemnebat
1568 1703 1575 1721 :
1594 1693 1627 1719 ab
1646 1692 1687 1718 bis
1701 1690 1746 1725 qui
1764 1689 1824 1715 illn-

1039 1756 1099 1776 rum
1128 1745 1288 1774 intentionis
1315 1747 1395 1772 erant
1425 1740 1523 1773 nescii,
1548 1739 1663 1766 invicem
1680 1734 1826 1763 dissentire.

1039 1796 1211 1828 putarentur,
1235 1797 1297 1818 cum
1311 1797 1344 1816 eo
1360 1789 1421 1823 ipso
1445 1785 1562 1813 maxime
1576 1785 1768 1816 CUttgt‘ttct‘vlll.
1784 1779 1823 1806 Nc

1040 1838 1113 1867 enim
1138 1842 1165 1865 et
1183 1837 1208 1864 itt
1240 1835 1387 1870 Evangelia
1414 1830 1587 1860 circumcisio
1612 1829 1701 1856 locum
1721 1827 1822 1854 habere

1040 1884 1193 1914 videretur,
1212 1889 1243 1909 ea
1262 1889 1320 1916 qua:
1340 1879 1485 1914 putabatur
1501 1877 1572 1903 inter
1600 1881 1648 1902 eos
1675 1871 1825 1900 differentia

1043 1928 1201 1957 necessario
1211 1930 1346 1960 assumpta
1360 1930 1410 1952 est.
1427 1923 1503 1956 Quod
1515 1921 1587 1949 enim
1604 1920 1654 1947 sibi
1669 1919 1746 1944 vnldc
1761 1925 1827 1944 cou-

1047 1976 1144 2003 cordes
1159 1977 1262 2005 essent,
1275 1972 1338 1998 hinc
1356 1969 1528 2005 perspicuum
1542 1970 1594 1994 est.
1610 1965 1667 1992 Non
1681 1963 1767 1991 solum
1778 1962 1828 1989 Pu-

1048 2025 1106 2047 trns
1118 2019 1234 2053 aliquos,
1249 2024 1342 2044 verum
1364 2022 1391 2042 et
1406 2014 1506 2042 Paulus
1523 2012 1693 2039 Timotheum
1711 2009 1827 2036 circum-

1047 2065 1121 2098 cidit,
1141 2063 1185 2098 qui
1210 2062 1300 2090 Iudaea
1320 2065 1406 2088 matre
1422 2062 1500 2085 natus
1516 2060 1585 2084 erat.
1601 2056 1646 2083 Sic
1667 2054 1738 2081 cnim
1765 2057 1830 2080 tunc.

1045 2110 1193 2138 necessitas
1200 2107 1334 2142 ﬂagitabat
1341 2106 1374 2132 ad
1382 2102 1579 2140 praedicationis
1588 2099 1828 2135 dispensationem.

1091 2155 1279 2183 Verumtamen
1294 2151 1393 2178 Paulus
1417 2150 1527 2177 Petrum
1546 2148 1657 2174 minime
1676 2145 1804 2179 ignorans
1821 2151 1828 2170 ξ

249 2196 315 2222 Nam
336 2201 385 2221 etSt
412 2199 472 2228 post
496 2203 639 2222 ascensum
666 2195 816 2222 Salvatoris
843 2195 875 2220 ad
899 2193 993 2225 cmlos,
1011 2203 1032 2230 υ
1052 2200 1175 2232 Augurii,
1195 2197 1292 2233 inquit,
1309 2194 1519 2229 Hierosolymam
1530 2191 1616 2220 videre
1633 2190 1754 2220 Petrum,
1772 2187 1830 2214 vel-

215 2241 280 2266 nihil
307 2239 460 2274 indigebant
491 2239 605 2272 apostoli
632 2239 740 2272 aliquo,
765 2239 810 2273 qni
845 2239 992 2266 secundum

215 2285 398 2319 evangelium
422 2285 572 2312 doctrinam
594 2292 626 2312 ac
652 2285 855 2312 conversionem
871 2291 903 2310 ac
921 2284 995 2321 circa

216 2333 370 2365 dogmatnm
397 2329 562 2364 diligentiam
578 2336 625 2357 eos
642 2329 816 2362 informaret;
832 2334 858 2356 at
869 2328 997 2356 Ecclesia:

217 2383 283 2412 quas
299 2376 397 2410 singuli
421 2375 534 2410 apostoli
561 2376 741 2409 atdilicavcre,
764 2380 792 2402 et
807 2377 851 2410 qui
869 2375 921 2402 illis
936 2382 997 2402 sue-

218 2427 371 2453 cesserunt,
396 2421 478 2448 Petro
504 2421 630 2456 illiusque
654 2422 856 2449 successoribus
880 2421 997 2455 indigue-

219 2472 281 2495 runt
297 2474 414 2502 semper,
427 2471 454 2493 et
466 2467 598 2501 indigent.
614 2466 698 2499 Quem
716 2467 820 2494 scilicet
833 2466 954 2494 ordinem
971 2466 998 2492 in

218 2513 348 2549 apostolis
381 2512 498 2547 pritnttm
531 2512 652 2540 inchoari
688 2512 789 2543 dcettit,
818 2512 889 2539 sicut
916 2512 997 2539 etiam

220 2560 340 2595 contigit.
371 2559 474 2586 Omnes
510 2559 581 2586 enim
612 2559 679 2585 alias
708 2558 787 2584 aliter
817 2558 888 2585 circa
922 2558 998 2585 tidem

221 2604 421 2637 natuiraguutes,
441 2608 487 2630 aut
502 2603 528 2631 id
543 2603 599 2637 pati
614 2603 798 2637 periclitantes
811 2622 818 2635 .
842 2603 939 2630 Petrus
954 2610 1000 2637 per

221 2657 393 2676 successores
416 2657 479 2676 suos
500 2656 630 2683 suamque
652 2647 797 2675 Ecclesium
819 2649 904 2675 erexit
919 2653 1001 2682 atque

222 2695 351 2727 servavit;
370 2695 596 2729 quemadmodum
622 2694 710 2729 ipsum
733 2698 812 2721 antea
830 2695 960 2722 Dominus
975 2696 1000 2722 in

224 2740 284 2766 navi
316 2739 514 2779 pgiclitantean
553 2747 614 2766 cum
653 2739 775 2772 caeteris,
803 2747 834 2766 ac
861 2746 1001 2775 propterea

260 2840 282 2855 ⁷⁸
300 2839 391 2866 Matth.
416 2846 470 2868 χιι.
501 2840 542 2866 l7.
567 2841 603 2860 -τ³

228 2877 251 2891 ⁷⁷
269 2876 329 2908 Sep.
346 2882 364 2907 ι,
379 2875 406 2902 7.

636 2841 699 2868 iititi.
719 2842 809 2868 113-18.

446 2875 466 2889 ⁷³
482 2875 613 2909 Sap.vun,
648 2876 669 2902 l.
708 2877 728 2892 ⁷⁸
748 2877 840 2904 Matth.
858 2879 1005 2908 XKVIII.".’.U.

848 2843 868 2857 "
886 2842 963 2870 Joun.
980 2851 1032 2875 ut,
1052 2845 1139 2871 lli-l7.

1044 2879 1066 2894 “°
1084 2879 1176 2906 Matth.
1189 2886 1247 2907 vm.
1263 2877 1308 2904 25.

1050 2246 1088 2273 uti
1114 2243 1223 2278 aliquod
1245 2248 1385 2270 sacrortun
1412 2238 1551 2266 monilium
1570 2234 1829 2264 excellentissimum

1051 2291 1201 2319 intuiturus
1231 2288 1310 2322 eique
1332 2288 1462 2314 honorem
1486 2283 1651 2314 redditurus,
1674 2281 1731 2307 sive
1752 2279 1833 2305 ctiam

1053 2334 1225 2369 Evangelium
1248 2340 1309 2360 cum
1329 2339 1362 2359 eo
1383 2330 1548 2360 collaturus;
1568 2331 1596 2354 ut
1619 2326 1661 2353 vel
1680 2326 1835 2352 ﬁrmaretur

1051 2381 1123 2415 quod
1152 2384 1256 2407 rectum
1282 2383 1351 2410 erat,
1377 2377 1419 2404 vel
1443 2375 1616 2409 suppleretur
1638 2371 1709 2407 qttod
1731 2371 1834 2398 deerat.

1051 2426 1118 2454 Nam
1138 2426 1187 2452 etsi
1205 2425 1292 2452 omnis
1305 2423 1415 2450 ambitio
1429 2429 1444 2449 e
1456 2422 1539 2448 choro
1554 2420 1600 2446 illo
1615 2417 1763 2453 apostolico
1777 2420 1837 2443 erat

1055 2471 1234 2500 remotissima
1262 2469 1387 2505 (perfecti
1408 2468 1481 2495 enim
1509 2469 1588 2493 erant
1613 2463 1724 2498 singuli,
1750 2467 1838 2495 neque

1055 2519 1124 2546 duce
1148 2515 1325 2552 indigebant),
1344 2520 1431 2541 tamen
1449 2511 1517 2548 apud
1533 2511 1593 2538 illos
1620 2510 1701 2536 etiam
1731 2506 1838 2534 ordout

1054 2564 1156 2598 primus
1190 2561 1321 2588 buttorum
1357 2559 1476 2586 ontnium
1509 2565 1522 2583 a
1560 2555 1673 2582 Domino
1701 2553 1838 2587 plantutus

1053 2610 1161 2640 fuerat;
1179 2611 1261 2642 atque
1276 2605 1310 2633 ad
1325 2606 1448 2636 Petrum,
1465 2602 1545 2630 veluti
1561 2601 1594 2628 ad
1607 2600 1679 2627 illius
1693 2603 1834 2625 successo-

1053 2661 1123 2686 rem,
1149 2653 1323 2680 intuebantur
1338 2658 1442 2678 omnes.
1466 2648 1559 2682 Neque
1574 2646 1645 2674 enim
1666 2644 1777 2671 fortuito
1794 2649 1836 2668 res

1053 2699 1122 2734 apud
1143 2699 1203 2725 illos
1219 2698 1373 2732 gerebatur,
1390 2696 1449 2727 sed,
1465 2695 1538 2722 velut
1552 2695 1683 2727 przcsentc
1700 2691 1780 2720 duce,
1801 2687 1835 2714 ab

1054 2745 1112 2778 ipso
1134 2744 1238 2778 signum
1254 2742 1448 2778 exspectabant
1466 2749 1473 2767 :
1493 2748 1523 2766 ac
1539 2739 1625 2773 priuto
1641 2733 1836 2763 concedebant,

1467 2839 1490 2853 ’δ
1502 2836 1597 2863 Matth.
1624 2842 1691 2864 nn,
1707 2832 1743 2859 25
1759 2836 1836 2861 seoq.

1179 2844 1201 2859 ⁷⁵
1220 2842 1287 2869 Luc.
1301 2840 1420 2870 “n.52.
1467 2840 1490 2853 ⁷⁵
1502 2840 1597 2863 Matth.
1624 2842 1691 2864 nn,
1707 2840 1743 2859 2.)
1759 2840 1836 2861 seuu-

1189 2886 1235 2896 .,-...
1263 2877 1297 2896 ος(
1347 2876 1367 2892 ⁸1
1389 2875 1469 2896 Mure.
1490 2872 1579 2896 “1.7.
1617 2871 1639 2886 "
1654 2869 1740 2896 Gulul.
1760 2873 1777 2893 ι.
1797 2864 1838 2889 “5-

1347 2876 1367 2892 ⁸¹
1388 2875 1469 2902 Mure.
1490 2880 1543 2902 xw.
1555 2872 1579 2897 7.
