1960 3063
148 140 202 173 243

772 144 968 176 MANUEUS
984 145 1137 177 CALECJE.

1709 144 1762 175 244

149 205 210 224 eum
232 197 287 225 illic
302 198 328 225 in
344 198 480 226 communi
498 203 569 227 cmtu
585 199 685 234 aliquid
698 199 842 227 dicendum
859 206 928 233 erat.
943 210 967 236 Α
981 202 1078 237 sia-que
1103 202 1183 236 ipsius
1196 203 1378 238 principatus;
1395 202 1451 230 illic
1462 203 1541 230 etiam
1555 203 1651 230 terreni
1662 202 1763 236 imperii

149 247 179 268 nt
195 243 296 278 liquido
314 243 340 270 in
351 244 462 271 Actibus
475 248 587 278 apparet
598 244 631 273 ⁸³.
653 244 762 272 Primus
773 247 843 273 cnim
859 246 929 273 inter

149 294 255 320 omnes,
276 289 456 322 praesentibus
473 289 545 322 aliis,
559 294 589 316 ut
608 289 693 324 ipsius
713 291 788 318 cbOri
804 291 930 326 princeps

151 332 303 359 coneionari
320 332 538 371 deprehenditur,
555 341 626 361 nunc
636 334 744 368 quidem
759 335 792 361 ad
807 334 927 367 Jndzeos,

151 385 224 404 nunc
239 383 328 405 autem
344 377 377 405 ad
391 378 507 411 sodales,
525 386 587 406 cum
603 386 693 406 sermo
706 385 779 407 esset
794 380 827 407 de
840 388 932 407 surro-

151 424 238 457 gando
252 423 383 458 proditori
400 431 557 452 successore
586 429 613 452 et
628 426 764 460 eligendo.
777 426 927 461 Oportebat

152 470 224 496 enim
249 473 278 496 ut
301 469 420 496 futurum
441 470 468 498 iu
482 471 601 498 Ecclesia
627 471 729 499 Christi
745 472 866 499 ordinem
883 472 933 507 ipsi

151 515 365 550 prtetignrarent,
402 519 431 542 ut.
460 517 687 551 quemadmodum
720 517 824 545 caeteris
853 518 934 544 duces

151 561 283 587 bonorum
321 560 441 590 omnium
487 560 580 592 luere,
621 561 661 588 sic
706 562 788 589 ctiam
830 562 934 589 ordinis

151 610 253 633 essent.

186 650 266 685 Atqui
282 650 305 677 si
322 651 370 682 illi,
389 658 450 678 cum
474 651 585 686 perl'ccti
601 657 704 684 essent,
724 652 826 679 ordinis
845 657 934 679 tamen

154 702 245 721 utram
262 695 406 722 maximam
419 697 610 728 adhibuerunt,
630 704 716 730 neque
740 702 856 724 statutos
881 701 936 724 ter<

156 740 243 767 minos
274 741 436 775 transgressi
459 745 533 773 sunt,
559 742 694 775 quomodo
716 749 767 768 non
792 749 837 769 eos
862 743 935 773 arbié

155 791 260 812 tremur
285 793 332 820 per
356 793 386 812 ea
413 794 472 820 qua:
500 794 617 821 gessere,
636 787 753 821 posteris
777 788 833 814 suis
859 788 931 815 hunc

157 831 243 858 modis
283 832 408 859 omnibus
452 833 610 859 Servandum
651 833 818 860 tradidisse?
847 834 936 867 Atque

157 878 327 911 apponebant
341 877 378 905 illi
397 877 516 912 quidem,
536 879 582 911 qui
604 878 786 910 crediderant,
812 879 939 913 pecunias

158 922 192 948 ad
213 921 293 955 pedes
308 922 489 955 apostolorum
506 932 513 955 ;
533 922 628 950 Petrus
647 929 734 951 autem
750 932 797 951 eos
812 925 856 958 qui
878 925 933 951 Deo

159 967 264 995 mentiti
290 966 417 1000 fuerant,
449 968 581 996 Ananiam
609 974 636 996 et
666 969 835 1004 Sappbiram,
861 970 941 997 simul

159 1014 278 1049 reliquos
301 1014 447 1041 admonens
466 1022 496 1041 ac
520 1015 659 1050 malignari
676 1016 829 1049 prohibens,
846 1017 899 1043 dux
916 1021 942 1043 ct

158 1056 240 1090 jndex
274 1058 397 1085 veritatis
435 1063 548 1091 astans,
584 1059 679 1086 mortis
711 1060 843 1087 sententia
873 1060 942 1087 mul-

161 1102 238 1130 tavit.

196 1159 332 1194 Scriptum
358 1165 401 1188 est
424 1165 513 1189 autem
537 1165 563 1188 et
589 1162 615 1188 in
631 1162 742 1189 historia
772 1162 917 1190 Clementis
934 1183 942 1196 .

161 1202 207 1236 qui
227 1208 287 1237 post
302 1203 411 1231 Petrum
434 1212 576 1232 successor
590 1204 648 1239 ejus
670 1205 732 1238 l‘nit,‘
746 1207 815 1241 quod
833 1215 894 1234 cum
909 1215 943 1236 ex

161 1251 213 1276 hac
227 1249 279 1276 vita
302 1249 396 1277 Petrus
422 1250 594 1279 beatissimus
623 1252 785 1287 migraturus
810 1259 883 1281 esset
910 1255 943 1281 ad

161 1295 318 1336 Dominum,
342 1296 506 1324 Clementem
545 1299 678 1326 advocatis
696 1318 704 1330 ,
733 1299 782 1334 ipsi
813 1300 943 1334 tradidit,

161 1348 241 1374 quem
267 1347 406 1376 acceperat
422 1350 436 1370 a
458 1342 580 1376 Domino,
611 1344 737 1371 Ecclesice
755 1345 943 1379 principatum,

161 1386 306 1422 fidelesque
335 1388 482 1423 mqualiter,
507 1393 534 1415 ut
554 1390 604 1417 sibi
621 1390 730 1420 viventi,
747 1390 827 1418 rcluti
852 1391 945 1418 Eccle-

162 1432 211 1458 siae
226 1433 340 1466 principi
359 1439 474 1460 eatenus
492 1434 673 1466 intenderant,
693 1435 728 1461 ita
751 1441 776 1462 et
798 1435 830 1462 ad
861 1436 945 1466 illum.

164 1482 193 1504 ut
216 1485 305 1509 suum,
326 1486 357 1505 ac
379 1479 517 1513 dignitatis
535 1487 591 1507 sua-
613 1488 797 1508 Saccessorcm
822 1482 943 1515 aspicere

981 250 1067 275 sedem
1084 248 1176 280 statui,
1189 249 1233 275 sed
1249 249 1315 275 hanc
1325 249 1427 284 quidem
1441 254 1530 275 sancto
1555 248 1631 274 Petro
1659 249 1765 282 ejusque

982 294 1175 321 successoribus
1187 294 1358 328 deputanms;
1373 302 1418 320 nos
1432 299 1517 320 autem
1532 301 1677 328 qua-remus
1693 294 1765 327 regni

983 339 1067 366 sedem
1080 339 1132 365 alio
1144 339 1170 365 iu
1180 339 1247 371 loco,
1257 339 1377 370 Byzantii
1392 338 1652 371 scilicetuediﬁmre.
1665 338 1695 364 Et
1707 345 1766 370 quae

984 384 1036 410 alia
1060 384 1168 417 adjecit,
1185 389 1212 411 et
1235 385 1268 411 de
1286 385 1462 411 conversione
1486 392 1533 411 sua
1548 392 1672 415 narrans,
1690 389 1716 410 ct
1735 384 1766 410 de

985 430 1112 463 dignitate
1127 438 1310 457 successorum
1328 431 1396 457 beati
1409 431 1481 458 Petri
1495 431 1583 458 edicta
1602 437 1764 464 proponens.

985 477 1171 509 servandaque
1185 476 1298 509 posteris
1315 477 1435 508 tradens,
1449 483 1511 510 erga
1536 483 1616 509 quant
1637 474 1688 501 nisi
1705 481 1768 501 suc-

985 526 1106 546 cessores
1129 520 1234 554 imperii
1252 528 1343 554 parem
1368 522 1544 548 reverentiam
1571 523 1690 553 scrrent,
1711 524 1768 546 sta-

987 565 1094 592 tuendus
1132 574 1190 592 cum
1223 566 1424 600 cruciﬁxoribus
1459 566 1564 592 Domini
1595 566 1677 591 nostri
1706 564 1768 591 Jcsu

986 613 1099 643 Christi,
1129 613 1311 648 beatorumque
1336 613 1513 646 apostolorum
1541 612 1613 652 Petti
1643 617 1667 639 et
1691 611 1770 638 Pauli

986 659 1140 691 incursuros
1154 659 1358 693 indignationem
1378 659 1488 686 iudicat.

1023 703 1122 730 Prmtcr
1139 709 1234 730 ctetera
1251 705 1322 730 enim
1341 712 1433 731 rursus
1457 709 1483 731 et
1500 705 1550 731 hoc
1565 704 1602 730 ait
1620 712 1626 730 :
1645 703 1769 730 Ordinem

988 750 1110 776 stratoris
1135 757 1180 776 nos
1195 749 1269 775 beato
1291 748 1423 784 Sylvestro
1455 751 1541 784 νίψω·
1558 749 1700 775 successori
1713 749 1773 774 bea-

988 795 1081 821 tissimi
1108 796 1158 820 mei
1181 795 1252 822 Petri
1278 795 1390 830 apostoli
1413 795 1503 822 vicarii
1524 794 1621 822 Christi
1651 795 1773 828 implet-i-

956 851 977 879 Β
992 847 1060 866 mus.

1028 885 1089 912 Haec
1108 891 1135 912 et
1151 885 1178 913 hi
1202 886 1245 920 qni
1269 891 1360 920 poSIea
1378 885 1450 914 luere
1466 885 1679 914 Christianorum
1697 893 1773 920 rcges

992 936 1177 964 agnoscentes,
1194 936 1274 965 atque
1290 932 1314 957 in
1332 932 1373 958 his
1389 938 1497 958 manere
1513 932 1609 963 coacti,
1639 931 1772 965 siqnfdcm

993 975 1112 1007 literelici
1138 975 1262 1010 fuissent,
1282 976 1396 1003 Romani
1420 977 1537 1011 episcopi
1555 977 1726 1008 sententiam,
1749 977 1774 1002 in

993 1021 1091 1055 quibus
1122 1025 1257 1056 poterant,
1286 1028 1377 1048 secum
1403 1022 1503 1048 habere
1532 1022 1620 1049 modis
1650 1022 1776 1048 omnibus

991 1056 1195 1097 moliebantur,
1206 1065 1364 1100 dignitatem
1379 1065 1438 1100 ejus
1454 1065 1535 1099 probe
1551 1066 1677 1097 scientes,
1693 1070 1776 1098 utque

995 1111 1129 1138 sufﬁceret
1154 1110 1187 1138 ad
1210 1110 1301 1138 omnia
1331 1111 1463 1138 sententia
1489 1111 1577 1143 illius;
1606 1117 1682 1146 turpe
1704 1112 1776 1138 enim

994 1156 1074 1184 simul
1088 1161 1169 1190 atque
1178 1156 1267 1183 audax
1276 1156 1424 1188 videbatur,
1435 1156 1535 1184 Clll‘irll
1547 1165 1608 1184 eum
1619 1162 1719 1189 essent,
1728 1157 1776 1183 iiii-

997 1203 1143 1236 prudcnter
1158 1209 1248 1237 agere,
1267 1202 1316 1229 nisi
1336 1203 1396 1236 quis
1407 1203 1531 1230 fortassis
1544 1205 1576 1230 ad
1591 1211 1685 1230 omnes
1703 1203 1775 1237 leges

995 1247 1126 1275 rebellare
1136 1247 1305 1275 instituisset.
1323 1247 1370 1274 Sin
1387 1255 1449 1274 vero
1460 1248 1495 1282 pii
1509 1256 1540 1275 ac
1552 1248 1664 1282 religiosi
1676 1253 1776 1280 essent,

996 1294 1027 1320 de
1039 1293 1079 1321 his
1091 1299 1150 1328 qua:
1161 1293 1359 1327 quomodolibet
1373 1299 1461 1320 essent
1470 1294 1603 1328 ambigua,
1615 1294 1673 1328 ejus
1682 1301 1779 1327 exspe-

996 1337 1104 1364 ctabant
1125 1337 1267 1372 judicium,
1288 1341 1316 1364 ut
1331 1344 1391 1364 cum
1407 1337 1471 1364 illud
1484 1337 1636 1369 haberetur,
1649 1337 1708 1364 aliis
1722 1335 1775 1363 alia

997 1383 1160 1415 dicentibus,
1183 1382 1271 1409 nullus
1288 1383 1357 1410 ultra
1376 1383 1490 1418 amplius
1511 1383 1649 1418 inquirere
1665 1383 1779 1418 permit.

999 1433 1111 1456 teretur.

1034 1474 1060 1499 In
1087 1473 1198 1507 synodis
1225 1481 1289 1500 vero
1313 1474 1370 1508 ipso
1384 1473 1503 1501 omnium
1537 1474 1661 1508 princeps
1688 1474 1780 1508 praesi-

164 1524 300 1556 pt‘mccpil.
321 1523 398 1550 "una
424 1525 503 1556 enim,
534 1526 629 1560 inquit,
649 1527 719 1553 l'OIJiS
737 1535 783 1560 pro
799 1535 838 1554 me
855 1514 942 1554 rreliu-
957 1514 980 1545 C
997 1519 1077 1546 (νείκη
1094 1526 1102 1551 ἶ
1121 1523 1148 1546 el
1163 1518 1204 1545 vel
1222 1526 1269 1553 Per
1284 1526 1356 1551 em“!
1381 1519 1423 1547 vel
1438 1527 1484 1554 Pe"
1497 1519 1575 1552 alios!
1593 1520 1638 1554 ql'i
1655 1519 1712 1547 νίεθ
1729 1527 1776 1546 ευτ’

163 1576 225 1600 quo.
245 1567 353 1603 Nempe
367 1573 393 1595 et
412 1570 574 1597 sanctissimi
597 1572 768 1605 cvangelistae
784 1573 810 1599 in
835 1581 946 1601 ennme‘

165 1614 271 1641 ratimie
302 1615 494 1648 apostolorum,
521 1619 548 1642 ut
577 1616 651 1643 chori
690 1617 770 1644 totius
799 1619 945 1652 principem

167 1660 272 1686 l’etrum
305 1667 412 1693 semper
440 1666 608 1695 przepanunl,
642 1662 673 1688 Et
702 1663 819 1690 Ecclesia
849 1664 947 1699 ubique

165 1705 315 1739 principem
346 1707 529 1740 aposmlorum
561 1708 706 1742 appellat;
734 1710 830 1744 quippe
860 1715 886 1737 et
920 1711 946 1738 in

165 1751 272 1784 hymnis
293 1751 349 1778 suis
376 1752 558 1781 Damascenns
582 1753 691 1781 Petrum
712 1760 739 1781 et
758 1756 867 1782 Paulum
892 1756 948 1782 lau—

166 1796 232 1823 dare
263 1797 365 1829 volens,
398 1799 478 1826 alium
504 1799 610 1834 quidem
636 1805 665 1826 ut
697 1801 816 1827 omnium
844 1806 950 1836 aposto-

165 1841 253 1868 lorum
272 1843 431 1878 principem,
450 1844 533 1871 alium
550 1852 613 1872 vero
632 1850 660 1872 ut
675 1846 720 1880 qui
747 1846 815 1873 ultra
836 1851 948 1875 ccc-teres

166 1887 304 1920 laborarit,
333 1889 434 1916 laudat.
461 1890 610 1917 Attestatur
631 1896 657 1918 et
682 1892 760 1919 divus
786 1891 948 1927 Cbrysosto-

166 1940 227 1962 mus
249 1941 330 1968 super
353 1934 515 1963 Matlhaaum.

332 2003 368 2029 De
397 2003 571 2031 Constantina
599 2009 624 2032 et
652 2005 796 2040 Sylvestro.

201 2060 253 2087 Ista
268 2068 354 2094 neque
368 2060 583 2088 Christianorum
608 2070 685 2097 rcges
706 2064 868 2097 ignorantes,
886 2072 952 2097 quo-

165 2114 223 2133 rum
243 2107 346 2140 primus
364 2106 414 2133 fuit
432 2106 526 2134 beatus
552 2107 756 2142 Constantinus,
782 2109 949 2145 Sytreslrum

167 2157 229 2179 tunc
245 2151 370 2179 Romana:
383 2152 509 2181 Ecclesia:
525 2154 703 2187 gubernacula
723 2161 951 2190 regentcm,com-

167 2198 242 2224 ninni
262 2198 372 2225 decreto
390 2198 446 2232 (88)
466 2199 565 2233 ubique
581 2207 628 2233 per
654 2201 746 2228 orbem
769 2203 948 2237 promulgnto,

168 2243 242 2269 Petri
256 2248 280 2269 et
298 2242 394 2270 Clu-isti
414 2251 585 2271 successorem
615 2245 740 2279 appellat,
771 2252 949 2281 pastoremque

167 2289 284 2322 primum
295 2293 319 2315 ct
337 2289 492 2322 magistrum
509 2289 635 2316 Ecclesia:
654 2291 735 2317 totius
753 2296 830 2317 vocat
847 2300 854 2318 :
870 2291 950 2325 liqui—

169 2334 258 2368 doque
276 2336 443 2368 comprobat,
459 2342 489 2362 se
506 2343 585 2370 quam
604 2335 674 2362 inter
690 2336 860 2364 Christianos
876 2338 952 2365 inve-

169 2383 247 2406 nerat
262 2380 484 2406 consuetudinem
503 2382 554 2407 hoc
569 2382 676 2408 decreto
693 2383 843 2410 roborasse.
861 2383 952 2418 Neque

168 2423 241 2449 enim
267 2431 352 2457 nuper
379 2431 412 2450 ex
441 2425 582 2458 gentilium
616 2432 710 2452 errore
741 2434 889 2454 conversus
919 2429 951 2454 ad
986 2428 990 2432 ’

169 2468 322 2501 Christum,
341 2469 401 2496 novi
419 2470 520 2504 aliquid
546 2470 572 2496 in
595 2470 716 2498 Ecclesia
734 2473 820 2499 moliri
839 2473 954 2502 voluisse

169 2513 305 2548 putandus
330 2519 382 2548 est,
406 2515 485 2549 eique
510 2515 620 2543 Romam
652 2518 685 2544 ob
712 2514 954 2547 cathedram-beati

170 2559 243 2586 Petri
261 2559 407 2594 dereliquit
422 2569 429 2587 :
446 2560 586 2595 indignum
603 2562 770 2594 existimans,
787 2569 816 2591 ut
832 2565 868 2591 ait
887 2566 953 2599 ipse,

171 2605 216 2632 ubi
231 2605 305 2633 sedes
318 2606 479 2634 sanctissimi
492 2607 542 2633 mei
559 2606 633 2634 Petri
654 2609 783 2641 apostoli,
797 2610 886 2636 vicarii
902 2611 955 2637 Da-

171 2651 247 2684 mini,
259 2656 285 2679 et
300 2653 366 2687 regis
384 2653 468 2681 nostri
478 2652 541 2680 Jesu
561 2653 658 2682 Christi
671 2655 784 2689 fundata
797 2662 844 2690 est,
861 2657 954 2684 Eccle-

209 2735 232 2751 “
245 2735 306 2764 Act.
323 2744 342 2770 t,
357 2737 367 2764 l
388 2743 466 2772 seqq.

998 1563 1186 1599 fungerentur,
1203 1570 1275 1591 recta
1293 1564 1358 1591 ﬁdes
1380 1565 1566 1597 roborabatur,
1583 1565 1640 1592 sine
1664 1572 1715 1598 quo
1731 1565 1779 1591 ad-

996 1617 1092 1637 versus
1119 1610 1262 1649 haereticos
1295 1610 1389 1638 obsisti
1423 1611 1549 1644 nequibat
1577 1619 1585 1642 ;
1619 1615 1698 1644 atque
1728 1617 1780 1636 non

998 1654 1083 1681 solum
1114 1661 1278 1689 congregare
1308 1654 1462 1689 synodum,
1491 1655 1538 1681 sed
1565 1661 1650 1688 neque.
1688 1659 1782 1682 contra

998 1700 1169 1727 adversarios
1197 1700 1350 1727 dimicando
1374 1691 1531 1732 praevalere,
1548 1700 1608 1726 sine
1637 1699 1708 1726 illius
1735 1707 1784 1726 au-

999 1745 1122 1772 ctoritate
1146 1745 1279 1779 quispiam
1302 1748 1419 1779 poterat.
1443 1744 1668 1771 Attestanturhis
1683 1743 1779 1778 partim

1000 1789 1026 1816 hi
1042 1790 1087 1823 qui
1103 1797 1152 1824 per
1167 1789 1192 1816 id
1210 1789 1338 1822 temporis
1363 1789 1566 1820 delitescebant,
1586 1796 1670 1823 neque
1690 1795 1782 1815 vocem

1000 1835 1111 1862 liberant
1139 1842 1188 1869 pro
1220 1835 1270 1862 tide
1315 1834 1440 1862 emittere
1471 1835 1621 1866 audebant,
1649 1834 1698 1861 etsi
1734 1833 1782 1868 ipsi

1000 1880 1099 1914 optime
1118 1881 1250 1907 sentirent
1266 1888 1273 1906 :
1295 1880 1392 1914 partim
1407 1884 1433 1906 ct
1451 1887 1563 1913 magnus
1595 1879 1711 1906 Basilius
1727 1880 1784 1913 cpi-

1001 1926 1077 1954 SEolis
1089 1926 1144 1953 suis
1160 1925 1347 1952 Occidentales
1362 1925 1581 1959 excitans,atqne
1596 1925 1656 1952 tidei
1672 1925 1785 1952 veritate

1002 1972 1180 2006 periclitante,
1198 1977 1225 1998 ut
1243 1978 1320 2005 opem
1338 1970 1435 2002 ferant,
1455 1971 1610 2001 obsecrans,
1627 1971 1676 1996 nisi
1697 1971 1787 2004 pruri-

1001 2018 1090 2050 deant,
1108 2007 1132 2044 id
1149 2024 1287 2051 passuram
1302 2017 1470 2047 asseverans,
1489 2016 1565 2050 quasi
1583 2023 1634 2042 nun
1654 2015 1787 2042 sullicicn-

1002 2063 1082 2096 tibtts,
1094 2063 1219 2097 quiame
1233 2061 1384 2089 Orientales
1399 2061 1494 2094 reliqui
1508 2065 1597 2093 erant,
1613 2061 1786 2088 orlbodoxis:

1002 2113 1050 2136 aut
1070 2116 1122 2135 non
1139 2107 1300 2135 audentibus
1323 2107 1420 2134 bellom
1438 2107 1470 2132 ad
1487 2107 1696 2133 destructionem
1719 2106 1788 2133 blas-

1003 2153 1185 2189 phemantinm
1203 2153 1333 2187 arripere.

1038 2199 1090 2226 Sed
1105 2203 1132 2225 et
1147 2199 1286 2233 theologus
1299 2198 1454 2231 Gregorius,
1471 2199 1495 2224 in
1510 2198 1648 2232 epitapbio
1660 2204 1785 2224 sermone

1003 2251 1084 2278 quem
1102 2243 1126 2270 in
1148 2244 1208 2270 etim
1222 2243 1341 2276 scripsit,
1356 2242 1407 2270 hoc
1426 2243 1511 2280 ipsum
1529 2248 1655 2273 testatur,
1674 2243 1787 2268 dicens:

1003 2290 1120 2316 Aderant
1135 2294 1157 2315 et
1174 2288 1381 2315 Occidentalium
1395 2289 1574 2322 episcoporum
1605 2288 1689 2321 aliqui
1705 2288 1738 2313 ad
1761 2294 1788 2313 se

1005 2335 1171 2362 attrahentes
1193 2336 1351 2361 orlhodoxos
1374 2343 1472 2361 on'nes.
1500 2333 1556 2361 Etsi
1586 2334 1656 2360 enim
1685 2339 1791 2367 semper

1006 2382 1075 2408 inter
1091 2382 1206 2409 lizerescs
1224 2381 1306 2414 aliqui
1332 2388 1393 2406 vera
1419 2380 1450 2407 de
1472 2380 1523 2406 lide
1546 2380 1705 2409 sentientes.
1720 2379 1786 2405 rcli-

1007 2428 1051 2462 qui
1068 2432 1156 2458 erant,
1170 2427 1251 2454 relati
1266 2426 1385 2460 quaedam
1400 2425 1516 2452 scintilla
1531 2425 1670 2451 veritatis:
1685 2431 1788 2456 veru-n,

1009 2482 1060 2501 non
1091 2479 1192 2501 tantum
1221 2473 1354 2500 habt-bant
1388 2472 1504 2503 roboris,
1533 2476 1562 2497 nt
1583 2471 1623 2497 rel
1659 2470 1789 2505 synodum

1008 2527 1115 2554 cogere,
1133 2520 1254 2552 aliasque
1275 2518 1408 2545 Obsistere
1431 2518 1570 2547 auderent,
1584 2524 1645 2543 cutn
1671 2515 1719 2549 ipsi
1743 2515 1791 2541 itii-

1010 2566 1082 2593 nima
1106 2573 1167 2599 pars
1191 2569 1292 2596 essent,
1317 2571 1348 2590 ac
1363 2560 1459 2596 sapius
1482 2563 1680 2590 occnlerentnr.
1699 2564 1749 2588 Aut
1771 2560 1792 2587 si

1009 2610 1171 2645 coegissent,
1191 2610 1272 2636 robur
1288 2616 1317 2635 ea
1334 2608 1454 2644 synodus
1476 2615 1527 2635 non
1555 2608 1703 2635 habuisset.
1717 2607 1792 2632 Nulla

1010 2656 1082 2683 enim
1104 2655 1225 2690 synodus
1247 2662 1299 2681 non
1322 2660 1465 2688 praesente,
1481 2654 1521 2681 vel
1536 2661 1589 2680 non
1607 2653 1794 2680 consentiente

211 2815 273 2851 (88),
283 2815 377 2843 Exstat
391 2815 443 2843 hoc
455 2816 591 2851 decretum
609 2815 679 2851 apud
693 2815 851 2844 Gratianum
867 2815 893 2843 d.
911 2813 956 2848 9G,
977 2820 1064 2849 neque
1082 2813 1184 2842 (Irasci.
1203 2817 1243 2841 est
1260 2812 1423 2847 ignoratum,
1441 2815 1471 2839 ut
1495 2815 1568 2845 patet
1596 2817 1628 2838 ex
1658 2817 1795 2838 commen-

178 2852 257 2878 tariis
265 2850 433 2878 Balsamonis
448 2851 474 2878 in
491 2849 615 2878 concilia.
