1960 3063
171 120 224 152 247

803 115 1003 146 MANUELIS
1023 115 1065 145 CA
1072 114 1175 144 LEC/E

1740 116 1792 148 ’248

171 182 218 207 site
241 180 305 207 unio
329 179 492 210 insinuatur,
512 182 540 204 ιιι
565 177 682 202 fraetum
700 175 725 201 itt
742 174 795 201 rite
821 177 959 200 manentes
973 174 996 203 Α
1010 173 1114 204 debeat,
1131 179 1198 206 quos
1221 171 1310 198 multis
1337 172 1423 199 modis
1446 172 1503 207 ipse
1530 180 1576 207 per
1601 180 1630 200 se
1654 181 1742 207 ipsum
1762 176 1796 201 «te.

173 226 271 257 ferant,
291 230 318 251 et
342 232 471 258 nusquam
501 222 622 256 corporis
651 220 805 254 integritate
833 219 956 245 deviante

172 279 187 298 ει
212 271 309 305 capite,
342 269 460 296 membra
490 269 580 294 omnia
610 266 791 296 viviﬁrentnr,
821 266 956 298 virumque

171 317 314 350 perfectum
334 317 359 341 in
375 322 520 341 mensuram
538 314 624 340 a'tutis
645 313 815 347 plenitudinis
828 312 852 327 ⁵³⁵
879 311 957 338 Chri-

172 362 207 389 sti
224 361 342 388 Ecclesia
369 364 531 393 coaugcatur
547 368 554 385 ε
572 367 625 385 ιιοιι
641 366 655 385 c
684 357 832 387 contrario,
848 357 889 384 vel
910 358 952 383 ab-

172 407 268 438 scissa,
296 411 401 433 mortua
426 405 499 437 ﬁant,
529 405 571 431 vel
598 412 630 431 ex
658 404 712 431 vite
743 403 874 438 prujecta,
900 403 955 438 igni

171 451 386 486 inexstinguibili
411 451 592 478 consumenda
619 450 788 476 damnentur.

207 498 294 531 Atque
324 498 413 524 unitas
438 497 546 530 qttidem
577 495 711 522 Eeelesias
735 495 875 522 Psalmistzt
898 496 956 527 ait,

170 543 319 570 benedicere
335 542 473 568 Dominum
485 541 508 556 ⁸⁸
526 549 533 573 ;
550 548 601 567 ιιοιι
617 541 689 567 enim
703 540 735 566 de
746 539 858 574 singulis
872 539 957 574 magis

170 595 252 622 quam
283 586 316 614 de
342 586 470 613 Ecclesiis
499 585 653 616 dicendum,
681 591 741 618 qua:
772 592 804 611 ex
833 584 956 618 partibus

169 631 292 660 collecta:
328 635 412 661 sunt;
439 630 569 656 discissas
592 637 666 659 vero.
699 633 727 656 et
755 629 781 655 itt
816 629 956 662 opiniones

169 677 326 705 contrarias
351 676 461 708 divisas,
489 676 546 701 sive
577 675 706 701 adversus
736 673 894 706 Ecclesium,
913 675 955 700 cui

170 730 252 749 nemo
273 722 423 756 praevaluit,
450 721 628 751 reluctantes.
647 725 675 746 ut
698 720 833 755 prioribus
856 725 957 754 tempo-

171 768 247 795 ribus
278 768 376 801 saepius
402 766 536 800 contigit,
577 767 659 793 scissa
688 765 814 792 Ecclesiw
840 765 957 792 membra

170 819 285 848 magnus
304 812 419 838 Basilius
445 816 532 844 vocat,
557 811 657 838 Psalmi
684 811 784 838 dictum
808 819 956 844 exponens,

170 859 307 893 falsasque
329 864 478 893 synagogas
501 865 548 884 eas
583 857 712 891 appellat,
738 864 894 891 quanquam
929 863 956 883 et

170 905 367 938 consequentia
395 911 500 930 summa
529 911 577 937 per
605 903 694 930 omnia
729 903 857 930 Ecclesiae
884 903 955 930 Petri

171 948 260 975 adest.
282 948 326 974 Ait
345 947 416 975 enim
440 947 474 974 ad
499 947 574 974 illum
597 947 750 974 Dominus:
773 946 855 974 Pasce
876 955 956 982 agnos

170 1002 250 1026 meos,
276 1001 353 1027 pasce
369 1001 426 1021 oves
457 1001 537 1020 meas.
560 992 616 1020 lloc
639 993 759 1020 Ecclesia
787 992 907 1020 Romana
924 993 957 1020 ad

170 1041 290 1075 reliquas
306 1041 392 1068 facere
405 1041 522 1075 perstitit
538 1061 545 1074 ,
562 1041 675 1075 aliisque
691 1041 716 1067 in
734 1041 877 1075 Opiniones
890 1047 957 1068 eon-

171 1086 271 1113 trarias
294 1091 321 1114 et
345 1086 517 1118 solitudines,
541 1092 568 1113 et
595 1092 739 1120 prmrupta,
760 1091 787 1113 et
807 1086 955 1120 praecipitia

176 1133 375 1165 oberrantibus.
406 1132 461 1167 ipsa
500 1139 547 1160 eas
574 1132 609 1159 ad
645 1140 728 1159 unum
757 1137 904 1166 pastorem,
930 1136 958 1158 et

171 1187 254 1206 nntttn
280 1179 350 1206 ovile
371 1178 478 1206 reduxit
492 1186 499 1206 :
513 1179 602 1206 noxiis
622 1178 730 1213 quidem
758 1177 958 1212 tnortiferisque

171 1226 340 1262 graminibus
362 1232 471 1258 eruetts,
492 1224 611 1252 salubria
639 1232 702 1251 vero
738 1227 765 1250 et
792 1223 852 1250 lana
881 1223 957 1256 inge-

171 1280 246 1304 rens,
263 1272 316 1298 imo
332 1274 358 1298 et
372 1271 501 1298 adversus
523 1270 665 1298 smvientes
686 1270 773 1303 lupos,
798 1278 958 1297 mammona:

171 1317 288 1348 scilicet.
311 1324 342 1344 ac
367 1317 494 1349 Caesaris,
519 1324 637 1351 ovesque
658 1320 765 1343 vastare
792 1315 933 1343 molientes
949 1336 956 1348 ,

170 1371 221 1398 pro
246 1363 366 1394 Christo,
391 1370 493 1397 proque
513 1362 572 1397 ejus
592 1361 642 1389 ﬁde
667 1366 730 1388 ante
756 1368 865 1395 gregem
882 1365 957 1388 stans

172 1409 300 1443 pugnavit
317 1417 324 1435 ε
343 1414 423 1442 atque
439 1408 511 1435 omtti
527 1408 640 1435 omnino
656 1407 803 1441 inquirenti
827 1407 957 1434 rationem

172 1459 279 1486 semper
299 1452 417 1478 reddidit
443 1452 478 1480 de
500 1459 531 1478 ca
560 1459 620 1486 quae
643 1452 668 1478 itt
691 1451 766 1478 nobis
787 1456 829 1478 est.
851 1458 916 1486 spe,
931 1456 959 1477 ιιι

172 1497 231 1530 ipse
266 1497 360 1522 beatus
387 1495 484 1524 Petrus
506 1496 644 1523 admonuit
664 1496 696 1523 ⁸⁷.
719 1495 760 1526 Et,
785 1496 854 1530 quod
869 1496 959 1522 Durni-

171 1549 225 1568 nus
256 1542 404 1568 secundum
435 1541 573 1569 hominem
604 1541 691 1568 oravit
715 1541 934 1568 dit-eus:Siuwn
950 1561 958 1572 ,

172 1588 262 1622 rogari
282 1595 329 1621 pro
357 1591 391 1620 te,
410 1591 438 1614 ut
460 1595 512 1614 non
536 1586 643 1620 deﬁciat
665 1586 730 1619 ﬁdes
755 1592 819 1619 tua;
851 1592 878 1614 et
909 1587 959 1614 hoc

172 1635 199 1660 itt
224 1633 296 1660 Petri
323 1632 530 1660 successoribus
554 1636 690 1659 servatum
717 1637 771 1665 est,
799 1632 875 1666 cujus
895 1633 959 1660 ﬁdes

171 1679 200 1705 in
228 1678 294 1712 ipsis
315 1686 455 1713 nunquam
476 1678 586 1705 defecit.
601 1678 747 1712 Opertcbat
770 1678 842 1705 enittt
857 1679 959 1705 oratio~

172 1731 233 1751 neut
255 1724 327 1761 illam
356 1724 423 1758 ipsis
442 1724 522 1751 rebus
548 1731 601 1750 non
624 1731 703 1758 posse
724 1723 850 1750 decidere
869 1733 875 1750 :
904 1723 959 1758 Ego

171 1769 253 1800 enim,
277 1768 376 1802 inquit,
402 1768 534 1800 sciebam,
560 1769 622 1803 quia
638 1775 737 1801 semper
761 1776 800 1795 me
822 1769 898 1795 audis
911 1768 934 1784 “
952 1788 958 1800 ,

171 1819 200 1841 et
221 1814 328 1849 aliquos
344 1821 451 1848 semper
478 1813 503 1840 itt
530 1818 601 1840 terra
634 1813 659 1840 itt
674 1813 744 1840 illius
770 1814 883 1840 veritate
901 1821 959 1840 ser-

171 1861 243 1893 vari,
274 1867 323 1894 pro
348 1859 446 1894 quibus
481 1859 568 1886 oratio
597 1859 640 1885 illa
660 1858 718 1885 fusa
735 1869 740 1886 :
759 1859 836 1885 Serra
868 1867 910 1885 eos
934 1859 960 1885 in

171 1907 293 1939 veritate,
321 1905 402 1932 Pater
424 1909 522 1936 sancte,
543 1910 571 1932 ut
586 1905 638 1932 sint
658 1912 749 1936 unum,
774 1909 799 1931 et
822 1912 882 1938 qua:
908 1904 962 1931 illic

173 1951 263 1979 addita
293 1955 359 1978 sunt.
374 1951 420 1983 ⁸⁹;
452 1951 592 1984 undique,
625 1954 652 1977 et
684 1950 770 1976 ventis
807 1950 866 1976 aliis
895 1949 961 1976 alias

173 2002 269 2024 contra
286 1996 436 2023 Salvatoris
452 1995 597 2023 tediticium
617 2002 646 2022 se
661 1994 837 2029 erigentibus,
859 1994 961 2021 electos

173 2043 233 2070 illos
254 2041 382 2070 infractos
397 2041 530 2076 prmcipue
550 2041 576 2068 itt
592 2046 666 2075 petra
682 2046 756 2068 stare
771 2049 778 2073 ;
794 2045 820 2067 et
833 2040 876 2074 qui
893 2040 962 2067 alios

173 2089 309 2116 servaturi
338 2093 432 2119 erant,
464 2091 623 2122 tempestate
655 2087 787 2120 nudisque
817 2087 932 2121 jactatos
953 2105 961 2118 ,

174 2136 353 2169 i'nﬁrmosque
381 2134 521 2166 curaturi,
550 2133 622 2167 ipsos
649 2133 707 2159 illos
729 2133 842 2167 primum
857 2132 883 2158 itt
906 2137 961 2158 tuta

175 2181 315 2216 crepidine
340 2179 462 2212 solidari,
479 2185 639 2213 semperque
654 2185 734 2205 sanos
766 2182 793 2205 et
822 2177 962 2205 inviolatos

173 2234 244 2253 esse.

216 2271 294 2304 Quod
321 2271 347 2298 itt
364 2271 455 2303 Petro,
481 2269 593 2304 ejusque
616 2269 829 2301 successoribus,
852 2269 964 2303 ejusque

174 2317 287 2344 omnino
315 2315 436 2343 Ecclesia
461 2315 609 2342 concurrit.
641 2314 707 2340 Nam
748 2322 809 2340 cuttt
837 2314 964 2347 apostoli-

174 2369 268 2389 corum
293 2368 482 2388 successorum
514 2367 592 2387 nemo
613 2359 704 2391 fuerit,
740 2367 819 2394 quem
847 2359 961 2386 Satanas

175 2414 230 2433 tton
257 2405 385 2433 cribrarit
408 2410 438 2432 ut
463 2404 594 2436 triticum,
615 2405 719 2431 zizania
745 2412 792 2431 sua
821 2404 958 2431 sultsemi-

174 2459 258 2483 nans,
283 2450 380 2478 Petrus
403 2456 540 2484 nunquam
564 2450 589 2476 itt
605 2450 663 2476 suis
690 2450 891 2477 successoribus
914 2450 962 2477 de-

176 2499 238 2530 fuit,
264 2498 309 2526 sed
328 2498 410 2525 etiam
437 2505 486 2532 per
511 2498 571 2530 hos,
590 2498 744 2525 deﬁcientes
760 2503 867 2531 quoque
888 2497 963 2528 alios,

178 2543 254 2578 juxta
283 2543 401 2570 edictum
426 2543 610 2570 conﬁrmavit.

215 2589 307 2625 Neque
323 2590 394 2616 enim
411 2589 499 2617 solum
525 2589 557 2615 de
585 2588 786 2615 resurrectione
803 2587 963 2619 Salvatoris,

176 2637 198 2664 si
219 2637 278 2671 quis
295 2636 327 2662 ad
343 2637 392 2662 hoc
417 2635 443 2662 id
459 2636 570 2662 verbum
600 2635 710 2666 trahat,
736 2634 837 2661 dietutn
868 2640 963 2668 putare

179 2683 319 2716 debemus,
334 2681 404 2717 quod
420 2681 516 2709 Petrus
529 2688 677 2707 conversus
689 2679 786 2707 fratres
802 2680 964 2706 continuare

173 2794 185 2805 ο
213 2783 236 2799 ⁸⁸
252 2782 349 2818 Epltes.
364 2789 400 2818 tv,
418 2782 460 2818 l3.

180 2819 244 2852 nt,|
264 2816 339 2852 s‘uqq.
373 2817 490 2845 "“Joan.
509 2823 547 2846 XI,
562 2816 604 2842 li.

499 2780 520 2796 ⁸⁵
540 2780 610 2806 Psal.
634 2787 717 2810 vatt,
745 2779 768 2805 l.
784 2778 817 2806 In
836 2778 958 2806 Ecclesiis
983 2779 1124 2806 benedirite
1148 2777 1200 2805 Deo
1218 2777 1330 2804 Domino
1344 2778 1508 2813 (infantibus
1527 2780 1622 2808 Israel.

645 2815 666 2830 δί’
696 2813 773 2841 .Ioan.
804 2821 868 2846 xvn,
892 2815 923 2842 ΓΙ
941 2823 1017 2849 seqq,

1009 217 1053 244 illa
1069 217 1206 244 roboravit
1224 226 1230 242 :
1250 218 1296 243 sed
1311 217 1392 244 etiam
1408 218 1440 244 de
1455 217 1535 244 Petro
1559 225 1606 252 per
1621 225 1797 247 successores

1007 272 1072 292 suos
1088 264 1202 291 aliorum
1221 265 1371 298 corrigente
1387 265 1582 292 infirmitatem.

1045 311 1135 345 Neque
1152 312 1245 346 magis,
1266 319 1298 337 ne
1322 319 1369 345 per
1382 311 1553 345 negationem
1570 311 1643 339 Petri
1665 311 1797 339 deﬁceret

1007 358 1082 389 ﬁdes,
1094 358 1244 384 orationem
1257 357 1327 384 illam
1336 356 1421 384 fusam
1431 365 1492 385 esse
1505 357 1650 392 putandum
1662 362 1713 389 est,
1722 365 1766 392 qut
1778 357 1796 384 d

1007 410 1034 432 et
1046 405 1131 438 ipsum
1146 411 1235 430 verum
1251 409 1301 435 est,
1314 412 1404 437 quam,
1418 412 1450 431 ne
1461 412 1578 439 unquam
1592 404 1718 431 Ecclesia:
1730 411 1799 431 con—

1009 449 1100 482 fessio,
1119 457 1178 482 qua:
1192 449 1243 476 sibi
1263 449 1370 476 caelitus
1391 449 1506 476 revelata
1524 454 1564 476 est
1582 469 1589 480 .
1615 449 1642 476 in
1661 449 1717 476 suis
1732 456 1806 483 ευρ-η

1007 495 1164 522 cessuribus
1193 495 1397 529 infirmaretur,
1423 503 1511 529 neque
1540 503 1657 529 unquam
1684 488 1807 531 nutaret;

1009 541 1226 568 fundamentum.
1244 540 1400 568 Orationem
1417 542 1489 568 ettint
1510 541 1596 572 illam,
1619 541 1644 568 itt
1668 547 1699 567 eo
1722 534 1829 574 qltodji

1009 594 1143 621 nunquam
1170 587 1242 614 Petri
1273 587 1412 614 defectura
1438 593 1510 614 esset
1534 587 1617 618 fides.
1643 587 1675 613 ad
1698 581 1808 614 omnes'

1008 640 1115 668 quaque
1130 634 1202 661 illius
1216 641 1393 661 successores
1403 634 1522 662 efﬁcacia
1536 635 1643 661 virtutis
1655 642 1683 661 se
1697 626 1806 677 exteri-ﬁ

1008 678 1080 706 di-se
1096 679 1317 707 constantissime
1327 679 1472 713 putandum
1485 684 1525 706 est
1538 687 1545 706 :
1558 687 1636 714 quem
1652 679 1806 710 Domintts,‘

1008 731 1037 752 ut
1053 725 1146 758 volttit,
1161 725 1222 752 aliis
1238 725 1396 759 praeferens,
1411 732 1458 758 per
1473 725 1558 759 ipsum
1573 725 1722 755 roboravit,
1734 732 1795 751 crc-

1008 771 1125 805 pitliuem
1140 778 1195 799 sua:
1209 770 1337 798 Eeclesize
1353 770 1510 804 subjiciens,
1527 776 1701 804 praesensque
1718 769 1789 796 inri-

1009 814 1123 842 sibiliter
1149 815 1175 842 in
1201 815 1316 842 veritate
1337 821 1446 849 semper
1472 815 1663 847 conservavit,
1689 814 1743 841 imo
1767 818 1796 840 ct

1009 867 1092 894 usque
1105 860 1131 886 in
1148 860 1226 887 ﬁnem
1241 859 1340 895 jnvans
1355 860 1539 887 conservabit.
1553 859 1637 887 Filius
1658 860 1729 886 ettim
1746 859 1796 886 lto-

1009 904 1088 931 tninis
1115 905 1141 932 itt
1168 909 1266 937 terram
1293 906 1416 934 veniens.
1443 905 1562 932 inveniet.
1593 905 1683 931 fidem.
1708 904 1795 931 Aliter

1008 951 1106 985 quippe
1123 951 1210 978 inanis
1226 955 1299 978 esset
1316 951 1449 984 Ecclesia,
1464 958 1543 985 quant
1563 951 1589 977 in
1616 956 1686 978 terra
1702 950 1795 977 Domi-

1009 1004 1058 1024 nus
1075 997 1179 1028 statuit,
1194 996 1244 1024 nisi
1266 1004 1350 1031 usque
1374 997 1407 1023 ad
1425 996 1688 1024 consummationem
1705 996 1796 1023 satculi

1008 1043 1140 1069 servanda
1152 1049 1184 1069 ex
1198 1043 1324 1069 ontnibus
1338 1046 1419 1075 esset,
1434 1042 1467 1069 de
1482 1049 1545 1076 qua,
1558 1046 1587 1068 ut
1598 1041 1795 1074 conservanda,

1009 1089 1132 1122 praedixit
1151 1096 1158 1114 :
1173 1087 1251 1122 Ecce,
1268 1097 1315 1123 ego
1329 1089 1461 1116 vobiscum
1476 1097 1546 1121 sum,
1560 1088 1681 1115 erunibus
1691 1087 1793 1121 diebus,

1009 1141 1089 1167 usque
1106 1134 1141 1160 ad
1156 1135 1408 1161 consummationem
1422 1134 1559 1161 seculi”.
1572 1133 1656 1166 Quam
1673 1133 1795 1168 profecto

1010 1180 1070 1206 ideo
1087 1180 1193 1207 emteris
1209 1187 1324 1215 praeesse
1342 1179 1445 1212 voluit,
1461 1184 1491 1207 ut
1505 1179 1576 1212 aliis,
1592 1180 1673 1207 veluti
1688 1180 1721 1206 de
1734 1187 1797 1213 spe-

1009 1225 1080 1257 cuia,
1096 1226 1157 1259 jura
1172 1225 1286 1252 dictaret
1301 1233 1308 1251 :
1324 1233 1355 1253 ac
1370 1226 1403 1252 de
1429 1225 1507 1260 longe
1522 1232 1617 1253 omnes
1634 1225 1660 1252 in
1679 1233 1737 1252 eam
1754 1225 1797 1251 itt-

1009 1276 1128 1303 tuentes,
1145 1271 1246 1305 absque
1261 1271 1439 1305 ambiguitate
1456 1271 1526 1297 illius
1542 1271 1650 1298 deereta
1673 1271 1798 1304 suscipe-

1010 1322 1070 1343 rent
1086 1324 1093 1341 :
1107 1323 1231 1350 quaenam
1247 1316 1282 1343 sit
1297 1316 1416 1343 Ecclesia
1432 1316 1577 1343 manifeste
1591 1316 1719 1347 scietttes,
1733 1323 1794 1349 per-

1010 1370 1178 1396 suasumque
1199 1362 1331 1390 habentes
1349 1369 1408 1390 eam
1433 1369 1540 1398 semper
1556 1369 1618 1391 vera
1639 1362 1796 1390 necessario

1009 1407 1151 1443 prosequi.

1045 1476 1146 1510 Nempe
1161 1475 1244 1508 enim,
1261 1480 1289 1502 ut
1314 1475 1416 1502 dictum
1440 1480 1492 1507 est,
1505 1474 1565 1502 aliis
1594 1474 1722 1502 Ecciesiis
1749 1482 1794 1501 ca-

1012 1523 1118 1549 tholicae
1133 1521 1194 1548 ﬁdei
1212 1522 1348 1548 contraria
1366 1528 1438 1555 saepe
1453 1521 1669 1555 prazfercntibus,
1684 1522 1751 1547 adeo
1766 1525 1795 1546 ut

982 1559 994 1570 ’⁴
1012 1577 1075 1596 vera
1089 1569 1249 1600 sentientes,
1266 1569 1419 1596 maledictis
1438 1568 1581 1603 ptenisque
1598 1568 1764 1602 sultjicerent
1786 1575 1794 1593 :

1009 1621 1036 1642 et
1049 1615 1183 1642 mendacii
1201 1615 1320 1646 litteras,
1336 1619 1430 1641 contra
1443 1614 1595 1646 veritatem,
1609 1614 1677 1641 alios
1688 1614 1796 1647 quidem

1010 1660 1143 1691 confiteri,
1157 1659 1226 1687 alios
1255 1667 1320 1686 vero
1339 1659 1422 1685 etiam
1449 1659 1569 1685 scribere
1593 1659 1795 1693 eotnpellerent.

1010 1706 1082 1733 Petri
1098 1713 1164 1732 vero
1179 1705 1299 1732 Ecclesia
1315 1724 1322 1736 ,
1342 1704 1462 1731 Romana
1479 1705 1594 1736 scilicet,
1616 1712 1752 1738 ttuttqnatn
1769 1704 1795 1730 iit

1012 1749 1120 1783 aliquod
1137 1749 1290 1783 hnjusmodi
1308 1749 1440 1775 lubricum
1456 1749 1598 1783 prolapsa;
1618 1749 1643 1775 itt
1666 1748 1718 1775 illis
1734 1748 1796 1783 qni-

1012 1793 1073 1820 dem
1088 1793 1239 1821 S.dratoris
1250 1793 1385 1820 sententia
1398 1793 1507 1827 itnplcta
1524 1801 1575 1820 ttott
1588 1800 1644 1821 est:
1660 1793 1798 1820 Vobiscum

1012 1849 1081 1872 sunt,
1099 1840 1224 1870 dicentis,
1243 1839 1361 1866 omnibus
1374 1839 1476 1870 diebus,
1491 1847 1572 1873 usque
1583 1839 1616 1864 ad
1632 1847 1797 1865 consumma-

1012 1887 1106 1913 tionem
1124 1886 1224 1912 circuli.
1237 1885 1320 1918 ltnpie
1333 1885 1404 1911 enim
1415 1885 1595 1912 sentientibus
1606 1892 1740 1918 nunquam
1753 1884 1796 1911 ille

1013 1933 1105 1965 adest;
1123 1931 1350 1966 quemadmodum
1372 1938 1433 1957 eum
1456 1931 1512 1957 suis
1525 1935 1566 1957 est
1580 1930 1680 1964 jngiter
1701 1930 1727 1956 itt
1746 1930 1796 1961 eis,

1013 1979 1109 2013 hisque
1123 1978 1195 2004 velut
1209 1977 1398 2005 instrumentis
1412 1982 1502 2009 utens,
1515 1982 1542 2004 et
1556 1977 1633 2011 quasi
1651 1976 1796 2010 inspirans,

1013 2032 1044 2051 ac
1062 2032 1109 2058 per
1125 2023 1266 2050 veritatem
1289 2023 1349 2050 ﬁdei
1367 2030 1381 2049 a
1394 2022 1452 2050 suis
1468 2022 1655 2053 sacramentis,
1675 2027 1701 2048 et
1717 2021 1797 2055 spiri-

1014 2070 1059 2097 tali
1084 2071 1139 2097 vita
1163 2069 1197 2096 ad
1222 2069 1356 2096 collestem
1374 2060 1686 2103 patriam-transferens,
1712 2067 1798 2094 utubi

1014 2116 1071 2151 ipse
1090 2120 1131 2142 est
1148 2120 1174 2142 et
1190 2115 1240 2149 ipsi
1256 2114 1320 2141 sint.

1049 2171 1076 2198 ltt
1095 2172 1145 2199 hac
1160 2178 1235 2203 vero,
1251 2170 1378 2205 quoniam
1403 2177 1540 2204 nunquam
1559 2177 1573 2196 a
1589 2169 1704 2197 veritate
1718 2170 1798 2196 aber-

980 2206 999 2234 ο
1017 2218 1097 2248 ravlt,
1112 2217 1246 2244 sententia
1271 2216 1322 2243 ista
1340 2221 1366 2243 et
1388 2217 1532 2250 promissio
1567 2216 1683 2242 maxime
1699 2223 1800 2242 conve—

1017 2262 1069 2294 rtit,
1085 2268 1112 2289 ιιι
1129 2262 1191 2289 hinc
1205 2262 1287 2288 etiam
1304 2261 1477 2296 perspicuum
1494 2262 1538 2292 sit,
1555 2261 1624 2288 hanc
1638 2268 1701 2288 esse
1715 2260 1802 2287 Eccle-

1016 2309 1096 2340 siam,
1116 2316 1195 2342 quant
1214 2308 1240 2334 itt
1258 2306 1339 2335 Petro
1359 2307 1554 2334 mdilieaturum
1571 2307 1703 2346 Dominus
1715 2314 1744 2334 se
1758 2314 1801 2334 re-

1018 2354 1156 2389 promisit.

1047 2409 1186 2436 Prazterea
1200 2410 1268 2443 qttod
1288 2409 1321 2435 ab
1338 2416 1370 2436 eo
1385 2409 1484 2435 dictum
1500 2414 1551 2442 est,
1572 2409 1643 2443 quod
1660 2409 1731 2435 inter
1747 2409 1802 2435 fra-

1013 2461 1070 2483 tres
1102 2455 1251 2483 differentia
1283 2456 1371 2490 aliqtta
1402 2460 1515 2487 exorta,
1545 2455 1661 2489 priutttm
1688 2455 1796 2490 quidem

1016 2500 1105 2533 ipsum
1126 2500 1171 2533 qui
1188 2500 1267 2526 lsesus
1284 2499 1330 2532 sit,
1347 2499 1378 2525 ad
1399 2506 1461 2525 eum
1478 2499 1522 2533 qui
1549 2506 1578 2525 se
1596 2499 1708 2530 laeserit,
1724 2505 1802 2525 acce-

1016 2545 1081 2571 dere
1097 2548 1123 2571 ct
1135 2552 1242 2578 rogare,
1258 2552 1318 2577 qua:
1333 2544 1366 2571 ad
1382 2551 1474 2578 pacem
1492 2549 1566 2577 sunt,
1579 2545 1694 2577 debere;
1707 2545 1802 2571 deinde

1017 2590 1038 2617 si
1061 2590 1135 2617 illuttt
1158 2590 1336 2617 reconciliare
1361 2598 1414 2616 tton
1440 2591 1537 2624 possit,
1555 2595 1582 2617 et
1611 2591 1692 2618 alium
1710 2598 1800 2617 secum

1017 2643 1174 2666 assumere;
1194 2635 1235 2661 sin
1262 2641 1351 2661 autent
1368 2643 1417 2662 nec
1430 2635 1469 2662 sic
1484 2636 1592 2670 quidem
1615 2636 1804 2662 reconciliare-

1016 2685 1070 2712 tttr,
1097 2679 1225 2706 Ecclesia:
1243 2679 1350 2707 laudent
1377 2680 1519 2713 nuntiare;
1543 2682 1596 2713 cui,
1617 2681 1668 2708 nisi
1687 2680 1804 2713 obcdiat,

1663 2781 1684 2797 ⁸⁷
1705 2781 1715 2809 l
1734 2781 1803 2810 [‘ctr.

1057 2815 1080 2830 νυ
1097 2813 1188 2841 Matth.
1204 2820 1301 2844 xxvnt,
1319 2814 1364 2841 ‘20.
1535 2825 1538 2831 ν
