1960 3063
156 178 212 211 24'.)

684 170 885 203 ADVERSUS
902 169 1059 200 GRAECOS
1074 170 1144 200 LIB.
1168 170 1215 200 IV.

1724 167 1776 200 ’250

156 239 185 260 ιιι
201 233 340 260 etbtticum
359 236 385 259 et
399 231 572 266 publicanum
590 228 644 264 jam
664 235 723 256 csse
744 226 938 261 iudicandum;
953 226 978 256 Α
991 226 1132 259 dictantes,
1153 224 1303 261 cujusmodi
1331 229 1442 252 sanctus
1464 223 1599 252 Mittimus
1626 225 1685 257 ruit,
1704 231 1731 252 ct
1752 226 1777 253 si

157 279 207 306 hoc
226 284 268 306 est
283 278 418 305 inﬁdelem
439 281 466 304 et
481 276 514 303 ab
528 274 648 303 Ecclesia
663 273 818 308 praecisum.
837 279 869 299 ea
883 279 942 305 qua:

157 324 344 360 prtediximus,
365 324 484 350 roborat.
502 319 692 354 Prtesupponit
714 318 785 346 ettittt
800 317 940 348 Dominus,

157 369 305 396 Eeclesiam
331 369 468 396 deﬁttitattt
500 374 561 394 esse
580 365 698 399 aliquam
726 371 793 395 rem,
822 367 849 390 et
873 362 942 389 hanc

158 423 265 449 semper
277 422 412 445 veracem,
427 413 486 440 aliis
503 420 563 447 qua:
578 416 638 439 sunt
656 410 733 438 utilia
750 414 775 436 et
789 407 942 435 necessaria

158 461 333 491 annuntiare,
354 464 436 494 atque
458 465 549 493 agere.
569 456 662 491 Neque
678 455 750 483 enim
766 454 819 481 ttisi
837 461 944 487 semper

159 514 241 533 verax
254 511 326 533 esset
349 494 449 537 futura,
471 503 626 531 indeﬁniter
639 510 686 537 per
697 508 777 528 omne
793 505 897 533 tempus
910 499 943 525 ad

159 553 228 579 hanc
248 552 339 578 ﬁdeles
359 551 488 582 mitteret,
505 550 538 577 de
554 549 634 576 rebus
646 548 779 581 ambiguis
796 546 944 572 decernen-

161 602 216 624 lem
239 598 392 624 audituros.
419 595 512 630 Nequc
538 595 560 622 si
589 593 757 621 indeﬁnitum
785 591 853 625 eius,
873 589 945 624 'apud

161 643 252 670 ﬁdeles
264 643 403 669 deﬁnitum
417 647 499 673 esset,
512 641 583 667 scire
595 643 703 674 possent
715 645 768 673 quo
782 645 810 664 se
821 635 944 664 conferre

159 688 301 719 deberent,
319 687 359 714 vel
379 694 427 714 sua
442 686 530 713 omnia
550 685 664 716 referre,
682 688 710 710 ιιι
727 683 945 716 obtemperantes

162 733 268 768 quidem
292 733 381 760 securi
404 732 459 766 jam
476 736 503 758 et
518 731 566 758 tuti
582 737 642 757 eSSe
659 733 770 763 possettt
791 735 798 754 :
825 734 878 754 non
900 725 947 753 obt-

162 784 343 812 temperautes
358 783 458 809 autem,
475 784 533 803 cum
552 775 671 803 ethnicis
687 782 717 802 se
748 778 775 800 ct
794 771 947 799 inlidclibus

161 823 318 850 statuendus
341 823 453 850 scirent.

198 878 250 906 Sed
271 885 358 913 neque
375 882 464 905 tamen
479 877 530 905 ttisi
552 884 595 910 ea,
609 876 642 904 ad
659 883 740 911 quam
761 875 946 906 mitterentur,

995 271 1056 305 quis
1082 271 1120 298 illi
1146 271 1241 298 similis
1257 275 1299 298 est
1322 279 1328 297 :
1352 278 1404 297 tton
1433 274 1522 298 tamen
1548 270 1593 302 ita,
1613 276 1640 298 ttt
1666 272 1778 298 inﬁnitis

996 316 1148 350 agminibus
1167 316 1395 349 Christianorum,
1416 324 1465 351 pro
1482 318 1668 351 magnitudine
1686 318 1778 345 Eccle-

997 363 1043 390 sia:
1067 368 1092 390 et
1112 363 1255 398 dignitate,
1275 363 1342 390 satis
1366 370 1426 390 esse
1445 369 1556 397 possent
1579 371 1586 388 :
1606 364 1730 397 quodque
1752 364 1777 390 in

997 410 1048 442 eis,
1068 411 1144 444 quasi
1171 410 1196 436 itt
1220 411 1337 437 obscuro
1354 414 1424 442 erat,
1444 409 1477 435 ad
1504 409 1581 435 ﬁdem
1602 417 1694 435 eorum
1719 417 1779 443 qua:

998 458 1170 488 dicerentur,
1197 457 1324 483 omnibus
1351 456 1485 482 subiceret
1510 465 1516 482 :
1539 457 1616 489 quasi
1648 456 1695 489 ipsi
1726 455 1779 482 Et;-

998 503 1086 531 elesite
1106 507 1187 536 caput
1204 507 1296 529 essent
1315 502 1384 536 ejus,
1408 501 1441 528 ad
1463 509 1543 536 quam
1563 502 1695 527 mittimur
1713 511 1718 528 :
1735 511 1780 527 t-u-

997 549 1095 584 jusque
1124 548 1324 582 processionetn
1356 547 1423 575 lines
1453 552 1531 575 terra:
1549 556 1609 575 esse
1639 547 1780 574 l'salmista

999 595 1119 622 deﬁnivit
1133 595 1166 622 9‘.

1037 640 1100 667 llaze
1117 648 1178 667 cutn
1193 641 1229 667 ita
1247 649 1307 668 esse
1321 640 1474 667 net-essario
1491 647 1646 666 concessum
1661 640 1706 672 sit,
1722 640 1781 665 alia:

1001 686 1110 720 quidem
1133 686 1271 719 Ecclesiae,
1289 692 1317 713 ut
1334 687 1433 713 dictum
1455 692 1504 717 est,
1522 694 1536 712 ιι
1557 686 1667 712 veritate
1684 686 1782 718 saepius

1000 733 1078 759 aliter
1095 733 1161 759 alias
1183 733 1399 760 aberraveruttl:
1418 732 1526 765 quando
1542 732 1573 758 de
1592 732 1651 758 lidri
1670 732 1782 757 veritate

1000 776 1066 802 Orbe
1087 779 1142 802 toto
1168 775 1242 807 inter
1263 783 1293 802 se
1314 783 1366 801 non
1383 775 1571 806 conveniente,
1597 774 1649 801 illa:
1669 773 1735 800 falsa
1756 778 1785 800 et

1001 821 1160 852 sentiebant,
1190 825 1217 848 et
1236 821 1297 848 aliis
1322 821 1463 847 sentienda
1481 819 1676 854 propovebant,
1700 828 1782 854 quos—

1002 865 1064 892 dam
1086 874 1151 893 vero
1172 866 1252 893 etiam
1271 867 1370 892 invitus
1392 866 1469 892 fateri
1489 865 1695 899 C0tllptiitbllitl,
1712 866 1783 891 nulla

134 945 139 951 .
161 924 293 956 Ecclesia,
310 906 374 950 vera
396 930 504 957 semper
523 923 557 949 de
572 906 698 949 omnibus
709 921 814 947 dictare
825 927 948 954 pracsup-
964 906 985 934 Β
1000 919 1092 938 earum
1107 916 1178 938 esset
1198 911 1330 946 profecto,
1351 913 1383 938 ad
1405 919 1486 945 quam
1509 911 1648 937 indeﬁnite
1665 917 1786 937 intuere-

132 971 142 990 '.
162 975 309 1004 poneretur
320 988 328 1000 ,
344 968 414 995 scire
431 972 552 1003 possent,
568 967 677 1002 quando
693 972 818 997 renuere,
838 963 948 998 quando

161 1016 350 1049 obtemperare
370 1013 512 1045 deberent,
526 1020 588 1040 cum
609 1012 655 1046 qui
669 1011 703 1038 ab
718 1011 834 1037 invicem
857 1008 950 1036 dill'er-

162 1065 234 1092 rent,
259 1067 336 1087 veras
358 1059 439 1086 ambo
464 1059 587 1085 rationes
613 1057 737 1092 proferre
755 1056 915 1082 viderentur
941 1062 948 1081 :

162 1105 318 1133 communis
345 1111 411 1131 vero
430 1103 650 1131 Christianorum
679 1101 836 1133 multitudo,
856 1100 950 1128 simul;

162 1159 216 1186 que
247 1150 393 1177 inﬁrmitas
419 1149 537 1176 humana
561 1149 718 1175 discernere
748 1153 800 1173 non
826 1150 949 1180 possent,

162 1196 341 1230 confusioque
360 1201 393 1222 ac
412 1202 501 1229 pugna
530 1187 725 1220 eculesiasticis
749 1192 777 1218 in
792 1191 872 1218 rebus
889 1192 950 1225 pul-

163 1243 280 1270 lulatura
301 1240 464 1268 videretur:
489 1240 539 1267 ttisi
553 1239 672 1273 subjecta
689 1238 821 1271 Ecclesia,
839 1238 951 1264 deﬁnite

163 1288 269 1322 singula
285 1287 453 1316 decerneret.
478 1285 530 1312 Sed
551 1288 578 1312 et
602 1285 660 1312 sitte
679 1284 758 1318 culpa
774 1283 885 1310 omnino
908 1289 952 1310 es~

163 1339 234 1364 sent.
261 1332 333 1360 omni
352 1331 457 1366 spiritui
476 1338 505 1358 se
521 1330 720 1365 permittentes,
744 1329 795 1356 nisi
819 1333 912 1363 aperta
925 1333 953 1355 ct

164 1379 309 1406 manifesta
332 1377 454 1404 ﬁdelibus
476 1384 549 1404 esset
565 1375 751 1403 ecclesiastica
774 1375 948 1402 auctoritas:

165 1426 221 1453 Deo
232 1425 338 1460 quidem
358 1422 497 1458 possibilia
520 1430 534 1448 ιι
548 1423 655 1449 cunctis
671 1421 806 1456 exigente,
825 1420 878 1448 illis
888 1428 952 1448 vero

165 1471 281 1498 obseura
307 1478 359 1497 non
390 1469 543 1496 valentibus
563 1468 724 1502 dignoscere
746 1475 753 1493 :
782 1467 839 1494 sive
859 1474 953 1494 omnes

165 1517 276 1544 omnino
298 1516 441 1550 oportebat
456 1514 612 1542 divinarum
633 1520 724 1540 rerum
747 1511 889 1539 scientiam
908 1511 952 1545 ju-

165 1563 234 1597 giter
251 1563 362 1596 adeptos
388 1562 413 1588 in
432 1565 504 1587 tattta
528 1559 689 1587 confusione
706 1566 807 1591 rerum,
831 1564 857 1585 et
878 1559 952 1593 ipsos

166 1608 300 1642 ambiguae
331 1607 392 1634 ﬁdei
422 1606 563 1632 veritatem
594 1605 753 1639 dignoscere
777 1612 784 1630 :
811 1607 838 1630 at
871 1603 896 1630 id
924 1603 951 1630 itt

167 1653 340 1680 multitudine
366 1652 534 1684 contingere,
553 1650 685 1685 possibile
714 1657 768 1677 non
794 1655 846 1677 est.
865 1651 954 1684 Atque

167 1700 241 1731 ideo,
255 1706 391 1732 nunquam
412 1699 462 1724 hoc
481 1698 551 1724 Deus
573 1697 607 1723 ab
622 1696 747 1723 otnnibtts
766 1696 898 1730 exigeret.
921 1696 955 1723 Ει

167 1747 194 1773 id
211 1746 275 1773 item
291 1745 361 1780 quod
382 1745 501 1772 dicitur:
516 1743 584 1771 Ca’ct’
601 1751 682 1769 ca’coa
699 1747 844 1776 sequentes
860 1750 923 1777 prie.
934 1742 955 1768 i-

165 1792 247 1828 pitari
273 1791 478 1826 periclitantur,
494 1790 595 1824 quique
618 1788 746 1816 Ecclesiae
762 1784 954 1815 inobedientcs

168 1843 241 1870 sunt,
261 1845 321 1864 cum
336 1837 454 1864 ethnicis
475 1843 526 1862 una
544 1835 701 1870 ejicittntur,
722 1835 810 1861 locum
836 1842 888 1860 ttutt
906 1834 954 1860 lt:t-

168 1885 254 1917 berct,
275 1884 298 1911 si
320 1883 469 1910 Ecclesium
492 1882 662 1917 dignoscere,
675 1881 831 1915 bonutnquc
850 1887 865 1907 a
884 1881 953 1908 malo

168 1930 333 1962 discernere,
350 1927 478 1963 pOSsibile
493 1936 545 1954 non
563 1932 647 1953 esset.

171 1980 175 1982 ‘
205 1975 306 2007 Nempe
323 1979 348 2000 et
365 1974 390 2001 in
405 1973 465 2001 ﬁdei
483 1973 622 2006 Symbolo,
636 1972 706 1998 sirut
726 1972 779 1999 alia
794 1972 826 1998 ad
841 1973 953 1998 salutent

170 2020 324 2048 necessaria
350 2019 384 2046 ab
407 2019 456 2050 eis,
476 2023 505 2046 ut
529 2019 723 2049 conﬁteantur,
748 2018 887 2052 exigitur:
905 2017 953 2049 ita,

169 2071 195 2093 ct
209 2074 288 2092 unam
306 2070 436 2097 sanctum,
455 2063 622 2096 catholicam,
636 2069 663 2090 et
676 2063 848 2097 apostolicam
863 2062 956 2089 Eccle-

170 2113 238 2139 sium
252 2111 384 2143 conﬁteri,
402 2110 597 2144 requiruntur:
622 2110 654 2136 ad
674 2116 753 2143 quam
776 2110 808 2135 dc
828 2108 955 2135 omnibus

171 2158 275 2184 scilicet
294 2157 465 2184 detittitttram
478 2155 646 2182 admittimur
667 2164 674 2182 :
693 2160 720 2182 et
751 2155 794 2181 cui
815 2155 956 2188 obtempe-

173 2209 282 2236 rantes,
312 2202 445 2229 tnolestiis
475 2206 502 2228 et
530 2200 668 2235 scrupulis
698 2199 775 2226 liberi
804 2200 954 2227 evadimus.

1000 964 1071 989 mur,
1093 955 1227 987 Ecclesia,
1245 957 1277 983 de
1291 956 1424 990 ambiguis
1440 956 1556 982 Salttbria
1572 962 1596 982 ct
1620 962 1693 982 t'erta
1709 957 1785 981 audi-

1002 1003 1064 1028 turi.
1085 1001 1255 1028 Manifestum
1278 1001 1352 1027 enim
1377 1005 1428 1032 est,
1453 1001 1515 1034 quia
1538 1008 1585 1027 eos
1605 1001 1713 1034 quidem
1738 1001 1784 1033 qui

1002 1052 1065 1074 tunc
1082 1047 1106 1074 ei
1122 1047 1355 1076 eontradixernnt.
1369 1051 1394 1073 et
1409 1053 1494 1078 usque
1510 1046 1542 1071 ad
1559 1046 1716 1078 sanguinem
1740 1046 1785 1071 ad-

1002 1100 1095 1120 versus
1119 1093 1244 1124 haereses,
1269 1100 1335 1126 quas
1352 1092 1394 1119 illa
1424 1092 1541 1124 fovebat,
1568 1091 1688 1117 relurtati
1712 1097 1786 1122 sunt,

1002 1140 1119 1166 maxime
1136 1139 1238 1166 idcirco
1254 1139 1430 1170 admiramur,
1451 1139 1477 1164 in
1499 1142 1656 1172 tantumque
1678 1146 1692 1164 ιι
1710 1137 1787 1164 nobis

1001 1184 1087 1213 abest.
1105 1183 1226 1210 inﬁdeles
1244 1188 1271 1209 et
1294 1183 1419 1209 ethnicos
1439 1189 1497 1213 eos,
1517 1181 1589 1216 qttod
1611 1181 1646 1207 illi
1668 1189 1719 1206 non
1736 1181 1786 1206 ob-

1003 1230 1225 1263 temperavcrint,
1239 1233 1344 1264 putare.
1359 1235 1387 1255 ttt
1402 1228 1484 1255 etiam
1499 1228 1589 1255 debito
1604 1228 1706 1254 honore
1724 1234 1786 1260 pro-

1003 1283 1163 1309 sequantur,
1180 1279 1262 1309 atque
1283 1274 1363 1300 annis
1382 1273 1495 1309 singulis
1510 1273 1616 1301 illorum
1631 1273 1714 1299 festos
1728 1272 1788 1298 dies

1002 1318 1184 1350 celebremus,
1215 1317 1434 1352 mcdiatoresque
1456 1326 1510 1354 pro
1536 1319 1613 1345 nobis
1639 1320 1672 1346 ad
1705 1319 1787 1346 Dctttn

1003 1363 1186 1397 proferamus.

1039 1408 1071 1434 Et
1085 1415 1158 1435 certe
1181 1407 1333 1441 Nestorins,
1354 1415 1386 1435 ac
1403 1408 1535 1442 Pyrrhus,
1556 1413 1583 1436 et
1602 1410 1692 1437 caeteri
1713 1409 1789 1437 Con-

1004 1455 1254 1489 statttinopulitanre
1284 1454 1358 1481 sedis
1393 1454 1542 1487 antistites,
1574 1455 1692 1482 bmretici
1725 1460 1789 1483 tunc

1005 1501 1143 1535 temporis,
1165 1507 1227 1527 cum
1250 1500 1324 1527 omtti
1343 1507 1402 1534 qua:
1420 1502 1469 1528 sub
1487 1501 1552 1534 ipsis
1567 1506 1625 1528 erat
1652 1501 1787 1535 Ecclesia,

1004 1554 1064 1573 cum
1083 1551 1183 1577 essent,
1207 1553 1236 1574 se
1259 1542 1333 1580 ipsos
1354 1551 1442 1574 tatnen
1463 1547 1612 1574 Ecclesiam
1630 1548 1702 1574 illam
1730 1556 1790 1575 esse

1004 1593 1173 1622 asserebant.
1188 1600 1268 1626 qttattt
1286 1592 1412 1620 omnibus
1437 1593 1603 1627 sequendam
1631 1601 1677 1628 per
1699 1594 1788 1621 omnia

1005 1638 1174 1670 dictitabant,
1189 1645 1290 1673 eosque
1315 1639 1366 1666 sibi
1380 1639 1427 1673 qui
1447 1646 1500 1666 non
1514 1639 1742 1674 obtemperarent,
1761 1646 1790 1668 ιιι

1005 1684 1129 1711 ethnicos
1150 1689 1178 1710 et
1198 1684 1356 1718 publicanos
1381 1685 1539 1721 puniebant.
1568 1686 1620 1719 Qui
1647 1694 1710 1713 vero
1738 1687 1790 1714 illis

1004 1730 1236 1765 obtemperavere,
1273 1739 1321 1758 eos
1347 1739 1397 1759 nos
1425 1733 1545 1765 perditos
1572 1734 1758 1761 existimamus
1781 1743 1789 1762 ε

1004 1781 1163 1811 quantoque
1181 1777 1213 1804 ad
1241 1777 1408 1812 impietatem
1435 1777 1512 1805 fuere
1536 1780 1687 1813 proniores,
1716 1786 1790 1807 la.th

1005 1825 1040 1851 ab
1057 1823 1178 1851 Ecclesia
1205 1825 1298 1858 maiori
1321 1825 1454 1858 supplicio
1472 1825 1561 1852 affecti
1588 1833 1650 1852 stttn
1664 1847 1670 1857 ,
1692 1832 1717 1853 et
1744 1827 1790 1860 qui

1007 1871 1060 1898 illis
1080 1876 1288 1902 consenserunt,
1305 1873 1478 1898 anathemate
1493 1872 1598 1898 multati
1621 1877 1694 1899 sunt.

1041 1918 1150 1945 Nullum
1167 1925 1230 1945 vero
1248 1917 1383 1950 novimus,
1402 1918 1458 1952 qui,
1471 1918 1566 1952 quovis
1583 1923 1712 1952 tettzpore,
1729 1927 1789 1945 runt

1006 1964 1038 1992 de
1054 1964 1106 1991 ﬁde
1130 1964 1327 1997 disputaretur,
1350 1964 1479 1990 Romana:
1502 1962 1630 1989 Ecclesiae
1655 1963 1792 1996 obtempe-

1006 2017 1079 2042 rans,
1104 2009 1219 2036 similem
1244 2008 1384 2042 exceperit.
1403 2008 1616 2034 damnationem.
1645 2008 1701 2035 lnto
1727 2017 1791 2036 vero

1007 2056 1095 2084 nullus
1109 2063 1160 2088 ρει,
1178 2055 1223 2090 qui
1240 2059 1304 2082 tunc
1320 2055 1452 2081 adversus
1468 2054 1579 2088 quidem
1597 2054 1791 2082 Constantino-

1006 2103 1153 2138 politanam
1173 2101 1321 2128 Ecclesiattt
1341 2105 1433 2135 aperte
1452 2101 1602 2130 resisteret,
1620 2101 1683 2134 quin
1699 2106 1724 2127 et
1739 2100 1791 2126 lio-

1006 2157 1113 2176 tnanam
1129 2147 1277 2175 Ecclesium
1300 2147 1461 2178 intueretur,
1479 2146 1604 2180 illiusque
1618 2146 1651 2172 tle
1670 2146 1721 2172 ﬁde
1736 2146 1792 2180 opi-

1007 2196 1127 2227 nionem,
1145 2201 1174 2221 ιιι
1195 2193 1316 2220 veritatis
1331 2200 1362 2220 ac
1378 2193 1486 2227 pietatis
1503 2192 1668 2225 exemplum.
1692 2191 1792 2225 quibus

171 2249 258 2282 Quam
276 2248 357 2275 etiam
375 2256 388 2274 a
407 2247 532 2274 ﬁdelibus
550 2246 677 2273 omnibus
695 2245 818 2279 agnosci,
842 2249 870 2271 ut
893 2252 955 2279 p05-
972 2241 992 2268 ι)
1007 2239 1222 2272 eontradicebat,
1236 2243 1395 2273 opponeret,
1416 2245 1531 2272 eamque
1550 2242 1643 2264 contra
1665 2237 1792 2264 inimicas

171 2296 249 2323 sibilc
271 2300 299 2322 et
320 2295 502 2321 necessarium
521 2293 648 2327 exigitur.
679 2292 710 2318 Et
732 2291 791 2319 sine
817 2299 868 2326 qua
909 2298 959 2318 nec

174 2341 291 2368 ﬁdelium
319 2339 476 2367 communio
499 2338 592 2366 haberi
619 2343 718 2372 potest,
738 2345 786 2364 nec
802 2344 959 2363 sacramen-

175 2393 262 2413 torum
284 2386 385 2412 virtute
411 2385 513 2419 perfrui
532 2383 664 2415 valemus,
683 2390 732 2410 nec
761 2390 808 2417 per
830 2383 886 2416 ipsa
912 2389 957 2408 ea-

171 2432 220 2466 piti
249 2430 389 2462 Ecclesitu,
414 2429 484 2464 quod
508 2427 634 2456 Christus
661 2434 713 2460 est,
739 2429 820 2455 uniri.
848 2427 905 2454 Non
930 2427 957 2453 in

173 2476 272 2508 verbis,
293 2476 340 2503 sed
364 2475 391 2502 itt
417 2475 496 2502 rebus
513 2475 640 2502 Ecclesia:
657 2474 759 2501 Christi
783 2473 877 2508 pusittL
894 2477 956 2500 sunt

173 2531 225 2550 res.
936 2540 952 2551 _

207 2570 349 2603 Quamvis,
363 2569 413 2597 etsi
431 2569 476 2604 qui
499 2568 611 2596 ubilibet
627 2575 762 2595 terrarum
778 2567 888 2599 fuerint,
911 2567 955 2601 qui

172 2617 204 2644 de
221 2616 272 2643 [ide
290 2616 350 2643 aliis
370 2615 421 2642 alia
449 2614 615 2644 dicentibus,
640 2621 703 2640 vera
733 2612 782 2647 ipsi
809 2611 958 2643 senserint,

172 2663 323 2690 laudabiles
339 2661 446 2697 quidem
463 2661 552 2693 fuere,
569 2668 598 2688 se
614 2661 699 2695 ipsos,
720 2664 748 2686 ιιι
763 2662 865 2693 partem
887 2657 958 2684 tele-

173 2713 264 2735 rentes
289 2709 321 2735 ad
347 2707 506 2739 Ecclesiam,
528 2711 610 2741 atque
630 2706 692 2733 inde
716 2705 768 2732 sibi
795 2705 861 2738 ipsis
887 2702 960 2730 suili-

173 2754 287 2787 cieutes,
315 2755 351 2781 illt
379 2761 426 2788 per
443 2753 532 2780 omnia
556 2760 614 2788 quae
645 2753 678 2779 ad
708 2752 786 2779 ﬁdent
811 2750 960 2785 pertinent,

175 2808 210 2826 un
225 2802 255 2832 ti,
276 2805 302 2828 et
321 2801 383 2827 aliis
405 2808 511 2834 quoque
531 2799 582 2827 ltoc
603 2799 692 2830 tttodo,
718 2805 777 2832 qua:
796 2804 859 2824 vera
887 2800 959 2827 sunt,

215 2889 235 2903 ”‘
255 2888 324 2915 Psal.
347 2896 377 2920 tt,
399 2887 425 2915 8.

1006 2286 1110 2314 sueiam
1131 2285 1384 2318 auxiliatricemque
1411 2283 1562 2318 praeferret.
1587 2281 1617 2309 Et
1633 2290 1705 2309 ttunc
1725 2291 1792 2316 quu-

1006 2340 1078 2367 que,
1107 2339 1168 2357 cum
1196 2331 1402 2358 adversantium
1430 2329 1575 2356 obscurum
1610 2337 1705 2355 nomen
1735 2328 1792 2361 sit,

1006 2377 1187 2406 communiter
1207 2383 1238 2403 ac
1254 2376 1377 2410 privatim
1395 2375 1450 2408 illa,
1466 2380 1492 2402 et
1514 2374 1624 2407 colitur,
1638 2379 1664 2401 et
1681 2381 1794 2400 corona-

1007 2430 1051 2452 tur
1067 2433 1075 2452 :
1090 2431 1118 2451 ιιι
1134 2430 1161 2452 et
1183 2424 1246 2451 hinc
1264 2422 1436 2457 perspicuum
1459 2422 1505 2453 sit,
1524 2421 1594 2448 hanc
1616 2427 1677 2447 esse
1703 2420 1794 2447 Eccle-

1010 2473 1090 2504 siam,
1104 2471 1159 2503 cui,
1176 2471 1223 2504 qui
1241 2477 1292 2496 non
1306 2470 1484 2502 obtemperat,
1499 2466 1644 2501 gentilibus
1664 2471 1691 2493 et
1706 2466 1792 2500 μι-ι›ιι‹

1011 2519 1086 2546 canis
1108 2516 1257 2544 Salvatoris
1283 2515 1417 2542 sententia
1446 2517 1667 2539 connnntcratur.
1689 2511 1790 2538 Printi-

1012 2565 1068 2599 pari
1092 2563 1201 2598 quidem
1227 2567 1252 2588 et
1269 2561 1335 2587 aliis
1358 2549 1505 2590 Ecclesia-5,
1530 2558 1572 2584 his
1586 2565 1646 2591 qum
1670 2557 1704 2584 atl
1721 2558 1792 2591 ipss

1012 2610 1155 2644 pertinent,
1172 2612 1198 2633 et
1223 2607 1273 2633 sub
1296 2606 1336 2632 eis
1352 2608 1426 2637 sant,
1444 2603 1547 2637 hasque
1570 2609 1666 2629 secure
1685 2606 1710 2627 et
1723 2601 1794 2634 judi-

1009 2662 1072 2683 care
1099 2659 1126 2681 et
1151 2652 1279 2686 dirigere,
1301 2659 1361 2677 cum
1387 2653 1493 2683 tempus
1515 2647 1609 2682 cingit,
1634 2647 1741 2681 quando
1759 2646 1793 2672 ad

1010 2709 1090 2728 unam
1125 2706 1220 2726 omnes
1250 2696 1414 2727 referuntur,
1445 2694 1629 2727 arbitrantium
1659 2696 1709 2718 est.
1739 2691 1792 2717 Sed

1012 2747 1062 2774 nisi
1076 2746 1206 2772 adversus
1224 2747 1306 2776 caput
1320 2741 1505 2772 obluctentttr,
1521 2738 1650 2768 maxime,
1667 2743 1728 2762 cttm
1740 2735 1792 2761 illis

1013 2791 1175 2823 diﬁerentia,
1191 2789 1223 2816 dc
1246 2788 1306 2816 ﬁdei
1324 2785 1495 2815 confessione
1519 2783 1610 2812 fuerit.
1627 2781 1704 2809 Tunc
1722 2780 1791 2808 ettim
