1960 3063
144 151 190 184 251

773 154 973 185 MANUELIS
992 155 1144 185 CALEC/E

1711 150 1766 182 252

145 210 377 244 perniciosissimo
392 209 485 237 divisa:
499 217 514 236 a
531 207 629 243 capitis
645 208 747 242 glutino
763 214 789 236 et
805 210 928 236 vivilica-
943 211 964 238 Α
979 211 1123 244 prmseindi
1150 209 1277 244 patietur.
1298 208 1390 243 Neque
1416 208 1487 235 enim
1511 206 1631 240 proiecto
1656 206 1764 235 consilii

146 255 219 281 tione
241 254 392 281 decidunt:
412 259 554 288 unctusque
578 257 629 286 est,
650 260 683 279 ne
703 254 824 287 prceeisis
843 262 930 281 mem-1

146 300 202 327 bris
215 320 222 331 ,
246 307 335 333 neque
359 299 446 326 solum
464 299 576 326 absente
596 299 684 325 debita
708 300 865 332 concordia,
882 299 930 326 sed

147 345 228 372 etiam
242 350 374 378 precsente
389 344 567 371 maximarum
589 352 678 371 rerum
695 345 930 378 contradictione;

148 395 245 424 praeter
260 390 298 422 id,
318 391 388 425 quod
407 390 473 417 nihil
487 390 600 424 poSsint.
614 390 763 424 gentilibus
777 392 857 418 etiam
883 400 932 425 pn.

148 435 315 470 blieauisque
327 440 565 463 connumeteutur.
582 436 690 468 Quanto
703 437 774 463 enim
790 437 823 463 de
844 438 929 471 majo-

148 482 224 508 ribus
251 481 431 509 contradictio
457 481 551 513 luerit,
587 487 662 509 tanto
687 486 714 510 et
741 483 933 510 condemnatio

149 527 268 554 deterior
289 531 342 554 est.
368 526 460 561 Neque
481 528 552 554 cnim
576 532 679 554 tantum
698 528 730 555 de
746 528 933 554 communibus

149 571 209 599 istis
224 571 384 599 dill'erentiis
398 573 547 605 putandum
568 577 619 606 est,
638 580 652 599 a
667 572 809 600 Salvatore
825 579 932 600 senten-

150 617 226 649 tiam,
243 617 314 651 quod
336 616 464 644 Ecclesia:
481 617 723 652 obtemperandum
745 619 791 649 sit,
817 626 936 652 pronun-

151 661 243 688 tiatam
261 668 332 693 esse,
355 667 485 695 quantum
501 661 535 688 de
549 662 709 696 majoribus,
732 667 759 688 et
777 670 836 696 quae
856 662 933 696 primi

150 707 179 734 in
205 706 326 734 Ecclesia
353 709 506 734 consistunt
535 708 654 740 ordinis;
684 708 772 742 qualia
801 712 875 738 sunt,
901 707 936 734 de

153 751 336 786 dogmatibus,
354 750 385 779 ex
401 753 500 786 quibus
516 757 556 780 est
569 753 649 780 etiam
667 753 699 779 dc
714 752 800 778 sancti
818 752 938 785 Spiritus

153 796 329 830 processiune
357 797 554 829 contradictio,
587 805 636 831 per
666 806 747 832 quatn
778 801 853 824 tanto
882 798 936 832 jam

155 847 276 876 tempore
296 842 424 870 Ecclesia:
443 839 581 877 dissipata:
600 848 675 870 sunt.

191 887 294 920 Quibus
312 889 433 922 profecto
448 889 484 916 ita
504 889 734 924 contingentibus,
751 896 804 916 non
819 889 898 916 modo
912 889 937 916 in
955 881 976 908 Β

157 933 313 968 integritate
338 941 352 960 a
380 935 467 969 capite
492 934 629 966 Ecelesiae,
647 934 718 969 quod
744 934 871 962 Christus
887 940 938 968 est,

157 986 210 1006 non
228 979 358 1007 viviﬁcari
375 984 401 1007 ct
420 980 582 1013 coalescrre,
599 987 691 1007 vermn
708 985 734 1006 et
750 980 820 1013 quod
842 981 941 1008 habere

156 1025 327 1058 videbantur,
341 1026 375 1053 ab
397 1026 462 1060 ipsis
485 1026 586 1052 auferri
611 1026 826 1052 contestantibns
851 1026 939 1058 rebus,

158 1077 269 1099 necesse
290 1075 342 1098 est.
361 1072 401 1099 Ab
423 1075 455 1099 eo
478 1073 548 1098 enim
565 1091 573 1104 ,
597 1072 642 1106 qui
671 1080 722 1098 non
741 1071 815 1098 habet
832 1076 856 1098 et
872 1071 940 1105 quod

157 1116 251 1143 habere
264 1117 377 1150 videlur,
392 1119 528 1152 att/eretur
543 1117 574 1143 ab
587 1125 617 1143 eo
632 1117 665 1143 μ’.

193 1163 351 1197 Propterea,
365 1163 417 1190 etsi
446 1170 498 1189 non
523 1162 649 1196 pluribus
665 1170 697 1189 ex
724 1163 802 1190 Patre
824 1168 850 1190 et
873 1162 942 1190 Filio

158 1209 305 1241 procedere
331 1208 459 1242 Spiritum
480 1213 602 1235 sanctuut
627 1216 720 1235 verum
742 1216 813 1241 esse,
834 1214 942 1236 contra-

159 1254 268 1287 riasque
286 1254 404 1281 rationes
430 1254 495 1281 nihil
516 1255 615 1287 dicere,
636 1259 773 1281 Ostensum
797 1260 880 1286 esset,
899 1262 942 1282 res

159 1301 217 1334 ipsa
235 1300 361 1328 Ecclesia:
387 1305 491 1333 tamen,
517 1305 545 1327 ut
560 1301 661 1327 dictum
689 1305 742 1332 est,
766 1300 862 1327 dubios
879 1308 942 1334 per-

160 1345 275 1373 suadere
302 1344 453 1377 sulliceret,
480 1346 625 1379 omniaque
647 1345 683 1371 ab
710 1345 766 1379 ipsa
796 1346 941 1378 declarata,

160 1390 282 1423 singulos
309 1390 377 1417 nihil
405 1390 563 1416 reluctando
589 1389 728 1423 suscipere
752 1390 870 1422 deceret,
894 1391 941 1416 sed

161 1436 380 1463 Christianorum
396 1436 516 1462 omnium
531 1440 614 1470 caput
630 1435 714 1470 ipsam
735 1435 900 1467 arbitrando,
918 1440 944 1462 et

162 1489 242 1514 quatu
261 1481 288 1508 in
314 1481 374 1508 lidei
403 1481 541 1516 Symbolo,
559 1489 650 1512 unam,
671 1485 804 1512 sanctam,
831 1480 944 1508 catholi-

161 1535 221 1553 cam
237 1533 264 1553 ct
281 1527 455 1560 apostolicam
473 1526 619 1554 Ecclesiatn
634 1527 796 1560 accepimus,
810 1535 867 1554 eam
885 1534 944 1554 esse

162 1572 318 1604 asserendo,
332 1572 367 1598 ita
381 1567 543 1598 catholicam
558 1572 635 1598 ﬁdem
650 1573 798 1605 corttinere,
811 1573 944 1604 conﬁteri,

163 1618 207 1644 illa
225 1618 358 1645 tutissime
383 1618 507 1649 ducente,
532 1618 648 1644 maxime
672 1618 693 1644 si
717 1619 777 1651 quis
802 1619 882 1645 etiam
910 1618 944 1645 ad

164 1664 304 1691 natiottutn
333 1664 545 1695 multitudinem,
568 1672 627 1698 quae
647 1664 717 1690 illam
746 1666 879 1699 sequitur,
904 1665 945 1691 in-

166 1714 273 1736 tueatur
288 1718 295 1736 :
312 1710 434 1743 plurimis
452 1710 559 1744 quidem
579 1710 603 1736 in
621 1710 662 1738 his
679 1711 792 1737 humana
808 1718 839 1738 ac
857 1711 945 1737 divina

166 1754 308 1789 sapientia,
335 1759 465 1790 qttanlum
492 1755 592 1781 homini
610 1755 739 1789 possibile
764 1760 815 1786 cst.
844 1763 947 1783 summe

165 1800 371 1832 excellentibus,
389 1800 512 1835 plurimis
534 1801 598 1828 item
619 1801 645 1827 in
662 1796 749 1828 sacro’
764 1806 791 1828 et
820 1802 946 1836 religioso

166 1847 258 1874 habitu
276 1854 323 1880 per
346 1846 509 1873 monasteria
528 1847 697 1882 degentibus,
713 1851 740 1873 et
758 1847 783 1873 itt
810 1847 867 1880 lege
895 1847 947 1873 Do-

167 1893 232 1920 tniui
250 1893 293 1920 die
310 1899 341 1919 ac
358 1896 436 1919 nocte
454 1891 656 1919 meditantibus.
676 1892 728 1919 Sed
750 1898 837 1919 tamen
852 1898 946 1920 osten-

167 1945 227 1965 sum
254 1942 306 1969 est,
334 1937 418 1964 fuisse
443 1941 559 1970 tempus,
587 1938 694 1971 quando
710 1937 838 1964 Ecclesia:
863 1938 945 1964 unitte

167 1991 254 2016 erant,
271 1989 298 2011 et
311 1984 371 2011 fidei
390 1983 547 2019 Symbolum
572 1985 641 2019 apud
660 1985 737 2011 istam
755 1984 901 2018 legebatur,
918 1989 948 2011 ut

167 2031 246 2058 modo
262 2031 369 2065 legitur.

204 2075 434 2108 Quemadmodum
463 2077 547 2111 igitur
581 2076 622 2102 his
645 2076 690 2110 qui
719 2076 805 2109 primo
823 2075 947 2102 Etclesiu:

170 2121 289 2148 membra
307 2122 427 2149 dividere
443 2121 577 2153 Volebant,
595 2125 620 2147 et
645 2129 691 2154 pro
708 2121 762 2147 suis
778 2121 918 2148 desideriis
934 2130 947 2146 a

170 2166 305 2192 communi
336 2171 407 2194 ccetu
439 2166 565 2192 Ecclesitu
593 2165 831 2196 abscindehantur,
860 2165 948 2192 nullus

173 2216 261 2238 mente
288 2217 315 2238 et
347 2212 451 2238 ratione
478 2211 604 2245 praeditus
629 2211 794 2244 e0nseutire,
817 2211 950 2243 simulque
967 2209 989 2238 Β

171 2263 231 2281 cum
258 2256 310 2283 il’is
325 2256 445 2282 altscindi
472 2255 598 2287 voluisse,
615 2263 674 2282 cum
702 2256 771 2282 nulla
793 2255 818 2282 id
835 2257 951 2282 rationa-

172 2299 233 2326 bilis
254 2301 360 2327 occasio
376 2306 534 2334 suggcreret
552 2309 558 2326 :
585 2300 632 2326 sed
650 2305 696 2326 aut
719 2300 875 2326 divisionem
903 2307 951 2333 po-

173 2345 226 2371 tius
249 2345 378 2378 impedirc
401 2346 570 2376 teutavissct,
593 2348 662 2371 sxcut
679 2344 784 2378 plurimi
801 2348 862 2371 tunc
886 2348 952 2371 tem-

173 2391 258 2424 puris,
285 2390 330 2424 qui
358 2398 405 2424 pro
434 2391 546 2417 veritate
573 2394 599 2416 (,t
620 2389 745 2416 Ecelrsize
763 2391 951 2416 communione

173 2440 306 2463 steterunt
320 2444 327 2463 :
347 2440 393 2463 aut.
411 2435 512 2462 malitia
535 2435 716 2462 invalescente
729 2435 890 2469 exterisque
906 2442 952 2469 per

175 2481 322 2515 praecipitia
335 2481 472 2512 euntibus,
485 2482 543 2514 ipse
557 2488 639 2514 super
655 2484 757 2514 petram
774 2484 858 2512 stans,
871 2485 952 2514 atque

175 2527 301 2553 unionem
325 2533 405 2560 quam
432 2526 489 2552 heri
506 2530 532 2552 et
556 2525 751 2552 nudiustertius
768 2532 827 2552 cum
847 2526 953 2552 caeteris

175 2573 284 2599 amabat
306 2576 386 2607 atque
400 2571 561 2603 honorabat,
579 2578 702 2603 servans,
722 2570 848 2597 Ecclesiae
863 2570 952 2598 unitus

174 2625 246 2646 esset
261 2627 268 2645 :
286 2618 322 2645 ita
339 2623 366 2645 et
380 2626 462 2651 tntnc,
480 2618 503 2645 si
520 2618 580 2652 quis
604 2625 632 2644 se
658 2610 744 2648 ipsum
772 2624 803 2644 eo
822 2621 952 2652 tempore,

173 2673 228 2699 quo
247 2664 374 2692 Ecclesiae
396 2664 489 2692 divisa:
513 2669 586 2696 sunt,
609 2663 692 2691 fuisse
721 2664 835 2697 lingens,
853 2665 885 2689 ad
912 2670 954 2690 res

174 2719 236 2737 cum
254 2711 359 2738 ratione
374 2710 510 2745 respiciat,
522 2709 602 2737 saluti
625 2715 650 2736 et
672 2709 808 2736 securitati
825 2716 879 2736 sua:
894 2716 956 2744 pro—

174 2756 301 2788 sitieicns,
324 2757 395 2783 nttlla
415 2757 519 2783 ratione
539 2756 572 2783 ab
597 2755 807 2783 Ortilcnlaliutu
835 2755 953 2782 Ecclesia

212 2847 234 2861 “
246 2847 339 2875 Matth.
354 2856 415 2879 nt,
432 2848 477 2874 ἓξ).

981 256 1088 288 fuisset,
1106 256 1148 283 Vel
1171 256 1278 291 quando
1294 255 1421 283 Ecclesia:
1437 254 1519 281 unita!
1542 256 1621 280 erant
1646 251 1673 279 in
1702 253 1764 280 lidci

981 302 1161 333 confessione,
1181 301 1251 328 nulla
1268 301 1417 335 prmsertint
1434 299 1565 335 probabili
1580 300 1685 326 ratione
1705 299 1762 326 dis-

984 348 1134 375 cessionem
1149 348 1288 379 suadente,
1311 354 1372 374 eum
1389 346 1431 374 bis
1442 347 1488 381 qui
1504 351 1604 373 temere
1619 345 1764 376 ferrentur,

982 394 1060 420 simul
1075 385 1157 420 dividi
1172 403 1177 425 ί
1195 393 1236 420 vel
1253 400 1313 419 cum
1330 392 1372 419 his
1393 392 1437 426 qui
1455 392 1536 418 modo
1553 395 1614 418 smtt
1629 395 1675 416 aut
1687 395 1765 417 antea

983 439 1092 466 fuerunt
1110 439 1269 472 adversarii,
1291 439 1344 466 ttllo
1361 444 1440 472 pacto
1460 437 1623 465 commorari
1638 445 1646 465 ι
1661 444 1720 463 cum
1739 441 1767 462 et

984 485 1072 515 modo.
1085 489 1111 511 et
1129 489 1193 511 tunc
1212 485 1350 516 aequaliter
1374 484 1434 510 lidei
1451 483 1556 518 negotia
1577 490 1605 509 se
1623 482 1741 509 habeant
1759 487 1766 506 :

983 535 1169 564 quintumque
1194 530 1290 556 attinet
1315 529 1347 556 ad
1365 536 1489 555 verarum
1512 535 1600 556 rerum
1623 527 1768 561 judicium.

986 576 1055 610 apttd
1074 575 1221 609 prudentes
1236 575 1302 602 nihil
1316 574 1452 601 dill‘erant.

1022 620 1070 648 Est
1094 627 1183 648 autem
1203 628 1268 648 sane
1296 619 1493 655 irrationabile,
1520 619 1562 647 bis
1578 619 1623 653 qui
1641 624 1769 653 prazsunt,

989 666 1057 693 alias
1075 673 1103 693 se
1124 666 1202 693 aliter
1225 665 1396 698 habentibus,
1413 670 1441 692 ut
1458 664 1517 692 illos
1538 664 1652 698 itnpetus
1669 665 1770 696 tulerit,

986 713 1186 746 pneseindique
1209 712 1243 739 ab
1262 711 1383 738 Ecclesia
1408 710 1590 745 cupientibus.
1606 711 1674 737 velle
1691 714 1716 736 et
1742 717 1772 736 se

989 767 1041 785 una
1063 757 1220 793 prmseiudi.
1247 757 1332 790 Quasi
1352 757 1377 784 itt
1401 757 1508 784 illorum
1531 761 1663 790 potestate
1678 756 1723 786 sit,
1744 760 1773 781 ut

988 805 1064 836 libet,
1088 809 1232 838 utrumque
1258 811 1358 838 agere;
1384 807 1409 830 et
1426 810 1477 837 qua
1497 802 1578 828 velint
1594 806 1706 828 caeteros
1723 801 1768 827 du-

990 859 1063 883 cere,
1076 850 1158 878 Veluti
1175 850 1319 884 mmcipia,
1333 849 1436 877 sublata
1457 849 1497 876 eis
1514 849 1540 875 in
1557 853 1659 874 tantum
1678 847 1773 874 volun-

992 897 1054 924 tatis
1089 896 1285 930 sententithuc
1308 896 1443 928 libertate,
1459 900 1487 921 ut
1511 901 1598 928 neque
1621 893 1772 921 centratias

992 951 1080 970 rerum
1110 943 1271 970 mutationes
1302 942 1341 970 eis
1370 942 1526 970 discernere
1557 941 1652 971 liccat,
1686 947 1773 973 nequc

992 993 1093 1016 rectam
1113 988 1276 1016 sententiam
1290 988 1399 1023 eligere,
1412 994 1552 1023 pravteque
1566 986 1704 1019 prmlerre.

1026 1046 1120 1073 Nullus
1135 1053 1199 1080 ergo
1215 1045 1268 1072 erit
1284 1050 1337 1072 tam
1354 1045 1464 1080 iniquus
1477 1044 1569 1080 judex.
1589 1049 1618 1071 ut
1635 1044 1688 1071 illis
1708 1044 1775 1079 qni-

992 1091 1053 1118 detn
1069 1096 1096 1118 et
1110 1091 1189 1118 saluti
1204 1089 1340 1117 contraria
1356 1089 1437 1117 licere
1458 1089 1567 1124 aggredi
1590 1093 1701 1120 statuat,
1721 1096 1772 1116 (ειη-

994 1138 1058 1164 lcris
1073 1142 1162 1164 autem
1186 1135 1267 1163 saluti
1288 1140 1315 1163 et
1328 1135 1468 1162 securitati
1486 1142 1542 1162 sua:
1560 1134 1774 1164 consulentibus,

993 1192 1046 1212 non
1074 1183 1156 1210 licere
1185 1181 1256 1217 quod
1283 1181 1318 1207 sit
1348 1181 1460 1208 rationis
1488 1181 1598 1214 eligere.
1624 1179 1718 1213 Neque
1738 1179 1775 1206 illi

993 1228 1113 1263 quidem,
1127 1232 1237 1261 propter
1253 1234 1328 1252 suatn
1345 1226 1481 1253 levitatem
1499 1230 1527 1252 et
1549 1226 1774 1255 inconstantiam.

993 1275 1052 1301 sine
1077 1273 1129 1299 tilla
1157 1272 1260 1298 ratione
1278 1272 1408 1299 unitatem
1434 1272 1597 1302 dividentes,
1621 1271 1776 1306 opinionem

994 1318 1144 1353 prudentia:
1162 1317 1314 1349 habebunt;
1340 1317 1385 1351 qui
1413 1323 1476 1344 vero
1497 1316 1568 1343 hanc
1586 1316 1695 1342 omnino
1719 1323 1778 1342 ser-

994 1371 1058 1390 vare
1081 1363 1231 1397 elegerunt,
1261 1363 1380 1390 deterius
1408 1363 1577 1390 consuluisse
1602 1362 1777 1389 videbuntur.

997 1410 1080 1437 Multo
1098 1410 1169 1436 enim
1189 1409 1276 1443 magis
1294 1409 1335 1435 bis
1351 1409 1395 1442 qui
1415 1409 1441 1435 iu
1459 1409 1530 1436 bono
1545 1408 1656 1435 unitatis
1674 1415 1779 1442 perma-

995 1460 1070 1486 nent,
1088 1455 1144 1482 sive
1160 1455 1242 1481 etiam
1267 1455 1300 1481 ad
1318 1454 1391 1481 illam
1414 1455 1537 1487 redeunt,
1552 1454 1596 1488 jus
1614 1459 1696 1488 atque
1709 1453 1779 1480 ratio

996 1501 1092 1532 aderit,
1112 1509 1191 1535 quam
1212 1501 1254 1528 his
1273 1501 1319 1535 qui
1345 1505 1438 1527 contra
1455 1507 1533 1527 omne
1560 1500 1600 1527 las
1618 1507 1780 1533 omnemque

949 1542 980 1576 ,Ο
997 1554 1119 1574 normam
1141 1546 1225 1573 divisa
1250 1545 1368 1572 Ecclesia
1392 1545 1572 1572 communiter
1594 1549 1619 1572 et
1643 1543 1778 1578 privatitn,

999 1593 1140 1620 seditionis
1165 1599 1194 1618 ac
1213 1591 1363 1622 divisionis,
1382 1590 1568 1624 malorumque
1591 1589 1711 1615 ottntium
1733 1595 1779 1614 att-

1000 1644 1088 1666 ctorcs
1106 1638 1182 1665 liunt.
1197 1637 1225 1664 Si
1251 1637 1322 1674 enim
1340 1637 1382 1663 his
1399 1636 1479 1663 dividi
1501 1643 1549 1669 pro
1563 1635 1700 1662 voluntate
1715 1635 1780 1661 lice-

1001 1683 1050 1716 bit,
1068 1687 1095 1710 et
1122 1683 1176 1710 illis
1193 1683 1297 1709 ratione
1321 1682 1402 1708 licere
1427 1689 1478 1708 non
1497 1681 1579 1707 dividi
1605 1681 1721 1707 dabitur.
1750 1679 1781 1705 Et

1001 1729 1081 1757 simul
1103 1729 1274 1763 perspicuum
1294 1731 1345 1759 est,
1360 1727 1421 1761 quia
1436 1726 1506 1753 nulla
1528 1726 1645 1760 synodus
1665 1733 1781 1760 unquam

1002 1766 1072 1800 facta
1088 1778 1139 1804 est,
1159 1773 1186 1799 in
1203 1780 1254 1807 qua
1272 1772 1435 1798 declaratum
1457 1771 1493 1798 sit
1515 1770 1668 1797 Occidentis
1693 1769 1782 1796 liccle-

1003 1819 1069 1848 siant
1095 1819 1246 1846 lnereticam
1268 1825 1337 1848 esse,
1354 1817 1528 1850 Humanoque
1544 1815 1676 1850 pontiﬁci,
1696 1815 1782 1842 eccle-

1003 1866 1118 1894 siasticis
1143 1865 1194 1891 sibi
1221 1865 1254 1891 ab
1278 1863 1355 1890 initio
1370 1862 1507 1890 cottceSsis
1532 1861 1678 1895 privilegiis
1701 1860 1782 1894 iustis

1004 1913 1040 1940 uti
1059 1920 1111 1939 non
1136 1911 1233 1942 licere;
1248 1918 1334 1944 neque
1351 1909 1401 1941 illi,
1417 1908 1492 1943 juxta
1510 1907 1638 1935 Eet-lesia:
1657 1907 1782 1941 antiquas

1004 1958 1170 1988 sanctiones,
1184 1963 1278 1983 omnes
1291 1954 1401 1982 obedire
1420 1958 1553 1988 oportere.

1040 2013 1088 2040 Est
1102 2020 1167 2047 ergo
1180 2011 1365 2039 irrationabile
1385 2015 1414 2039 et
1428 2009 1670 2041 inconsideratum,
1685 2009 1784 2036 diseis-

1003 2060 1107 2087 sionem
1139 2058 1210 2084 nnlla
1237 2056 1369 2092 probabili
1399 2057 1504 2083 ratione
1528 2056 1669 2086 suadente,
1698 2063 1785 2090 neque

1004 2105 1106 2139 synodo
1134 2103 1186 2130 ulla
1216 2107 1310 2129 contra
1339 2101 1410 2128 illam
1436 2101 1584 2128 Ecclesium
1610 2101 1663 2127 ullo
1679 2101 1704 2127 in
1726 2100 1784 2127 loco

1001 2150 1162 2178 sententiam
1176 2149 1277 2175 ferente
1288 2155 1296 2179 ;
1309 2154 1354 2174 eos
1371 2147 1456 2181 sequi,
1473 2154 1539 2181 quos
1556 2146 1679 2173 voluntas
1692 2150 1719 2173 et
1735 2153 1784 2172 sua

1003 2196 1097 2222 levitas
1114 2194 1284 2224 circumfert,
1302 2193 1421 2227 nihilque
1440 2193 1556 2219 ralidum
1579 2200 1610 2219 ac
1627 2191 1785 2218 rationabile

1003 2241 1134 2272 inierunt,
1161 2241 1214 2266 imo
1233 2244 1260 2266 et
1280 2238 1394 2273 plurima
1412 2239 1520 2272 quidem
1546 2237 1619 2269 fidei,
1636 2237 1785 2264 catholico-

1003 2294 1117 2320 rumque
1135 2285 1285 2316 doctorum,
1314 2290 1345 2310 ex
1366 2284 1500 2317 supcrllua
1520 2288 1545 2310 et
1573 2283 1644 2309 l'atua
1672 2286 1784 2309 conten-

1005 2331 1089 2362 tione,
1105 2330 1201 2364 partim
1219 2329 1358 2361 aul‘eruut,
1372 2329 1468 2363 partim
1483 2334 1576 2355 contra
1598 2327 1702 2362 seipsos
1719 2335 1785 2354 eou-

1005 2377 1072 2404 literi
1090 2381 1233 2410 coguntur.
1262 2375 1406 2402 Enimvero
1423 2375 1493 2408 quod
1510 2379 1605 2408 putant
1628 2374 1682 2405 isti,
1700 2373 1784 2407 pluri-

1005 2431 1063 2450 mos
1079 2422 1262 2450 contentionis
1279 2428 1334 2449 sua}
1356 2421 1444 2448 socios
1461 2421 1603 2454 episcopos
1630 2420 1785 2453 opinionem

1005 2478 1081 2497 suam
1097 2469 1163 2496 satis
1176 2468 1317 2499 roborare,
1331 2467 1472 2494 ridiculum
1485 2472 1523 2494 est
1542 2476 1547 2493 :
1562 2465 1638 2501 quasi
1654 2473 1706 2492 non
1718 2465 1787 2499 apud

1005 2515 1153 2541 liotnanatu
1172 2513 1317 2540 Ecclesium
1334 2512 1453 2546 episcopi
1468 2512 1550 2539 lotitts
1569 2511 1643 2538 orbis
1658 2510 1786 2537 ordinen-

1006 2564 1059 2592 tur,
1078 2559 1121 2593 qui
1149 2559 1188 2584 vel
1215 2557 1368 2584 nominibus
1391 2558 1462 2591 ipsas
1485 2556 1628 2590 dignitates
1643 2560 1784 2587 exornent,

1006 2604 1127 2632 Ecclesia
1162 2603 1300 2638 antiquum
1332 2602 1453 2629 ordinem
1493 2609 1541 2634 per
1575 2601 1664 2628 omnia
1696 2606 1786 2627 cusxo-

1005 2651 1103 2678 dieute.

1045 2708 1130 2734 Porro
1151 2707 1171 2734 si
1189 2706 1260 2741 quis,
1278 2706 1347 2741 quod
1369 2705 1424 2732 loca
1443 2705 1498 2738 ipsa
1515 2711 1565 2730 non
1582 2707 1700 2734 teneant,
1719 2702 1788 2736 obji-

1008 2761 1069 2782 cere
1085 2753 1159 2787 velit,
1176 2752 1290 2787 primunt
1313 2751 1420 2786 quidem
1439 2757 1490 2777 non
1513 2756 1544 2776 ex
1564 2749 1622 2776 loco
1641 2747 1789 2776 sacerdotis
