1960 3063
162 142 221 173 253

693 142 892 173 ADVERSUS
909 142 1068 174 GRI‘ECOS
1085 143 1157 174 LIB.
1179 144 1230 175 IV.

1734 142 1786 173 2'14

162 198 286 234 dignitas
298 197 462 225 habentibus
475 197 613 232 provenit;
628 198 704 225 aliter
719 199 790 225 enim
803 203 830 225 et
842 198 886 233 qui
902 198 951 224 ista
968 201 987 229 Α
1004 199 1406 236 qut‘pertinacitcrhujusmodi
1422 198 1525 226 veritati
1539 197 1786 230 llltlit't‘l‘CZQttmllﬂ

163 244 272 276 dicunt,
293 251 358 270 suos
373 243 515 277 episcopos
529 243 632 274 tollent,
657 243 702 278 qui
722 244 873 270 numinibus
886 244 952 271 solis

162 290 343 324 participant,
371 289 450 316 rebus
478 289 573 323 privati
592 298 599 318 ς
619 289 754 323 simulque
776 291 809 316 ab
833 289 877 316 illo
892 290 951 324 epi-

163 338 309 368 scopatum
326 333 465 367 consequi,
484 340 498 359 a
521 341 575 367 quo
591 338 618 359 ct
639 334 698 359 aliis
713 333 840 360 outnibus
857 341 949 361 sacer-

164 379 234 405 dotii
249 377 367 412 dignitas
389 384 440 409 est,
459 383 544 404 totum
563 378 686 412 profecto
699 379 777 404 valet.
801 378 904 405 Deinde
923 383 951 405 et

163 426 210 458 qui
230 425 353 450 videnlur
369 424 474 451 thronis
488 424 643 459 praesidere,
663 432 676 450 ιι
692 424 789 458 quibus
807 425 952 451 nominau-

164 476 222 502 tur,
243 468 402 503 dignitatem
422 469 488 496 solis
513 469 668 496 nominibus
686 470 745 496 sino
770 470 851 496 rebus
874 470 953 496 ador-

164 520 242 546 nant,
255 521 316 540 cum
338 513 464 541 civitates
481 514 544 548 ipse
571 519 633 541 ante
653 514 798 548 plurimum
825 515 953 548 temporis

162 561 199 586 ab
215 559 368 586 inﬁdelibus
380 564 463 593 captae
483 566 515 587 ac
534 560 583 587 sub
597 561 692 594 jugum
713 560 802 588 missae
820 565 892 587 sunt.
914 560 952 587 Ex

163 613 220 639 quo
250 606 279 631 lit
308 610 338 631 ut
371 605 508 640 imperitia
536 606 648 638 sensim,
677 611 704 633 et
730 606 897 638 rusticitate,
928 610 954 632 et

163 657 263 678 cetera
295 658 400 678 mormn
429 651 604 686 corruptione
627 655 778 683 crescente,
794 658 827 678 ne
849 651 952 686 simpli-

166 698 279 724 cissima
298 697 405 731 quidem
431 696 492 724 ﬁdei
509 697 578 732 apud
592 696 653 724 illos
669 697 821 724 rudimenta
839 705 953 724 noscan-

164 749 209 768 tur
220 764 227 774 ,
244 742 406 776 nominrque
419 742 518 776 potius,
533 749 613 776 quant
629 750 657 768 re
670 742 816 769 Christiani
833 741 867 769 ibi
886 742 953 768 sint.

201 788 228 815 Si
247 789 328 822 igitur
341 789 392 815 hos
417 788 517 816 habere
537 788 685 815 concordes
702 795 829 823 magnum
852 788 950 822 aliquid

165 834 199 860 ad
216 834 378 860 divisionem
393 833 480 866 valet;
494 838 521 860 et
538 832 694 860 Occidentis
712 833 832 860 Ecclesia
856 833 955 860 nihilo-

1002 247 1100 274 diviuze
1114 245 1306 282 indignationis
1325 244 1541 272 animadversio?
1555 249 1655 278 quanta
1675 245 1786 270 dauma-

1002 292 1038 319 tis
1054 292 1095 319 his
1109 292 1154 325 qui
1171 296 1298 318 auctores
1314 290 1440 318 falsitatis
1455 289 1670 324 prmccsseruut?
1683 293 1785 322 quanta

1003 339 1066 365 item
1083 338 1259 372 sequentibus
1274 336 1412 364 inferenda
1429 336 1490 363 est?
1504 336 1548 370 qui
1563 341 1695 369 quantum
1717 334 1742 359 in
1758 341 1787 360 se

1004 389 1056 416 est,
1082 390 1225 410 commune
1251 390 1350 417 corpus
1380 381 1510 408 ECclesize
1541 381 1674 410 dividunt,
1702 385 1787 412 seque

1004 430 1077 464 ipsos
1105 429 1195 456 lacera
1214 428 1342 456 Ecclesize
1365 427 1484 454 membra
1503 427 1670 453 constituunt
1694 433 1700 451 :
1725 425 1785 450 Non

1003 475 1089 501 solum
1116 475 1195 504 enim,
1224 474 1321 508 inquit.
1338 474 1383 507 qui
1407 473 1478 498 mala
1506 470 1674 507 (“illumsed
1695 475 1719 496 et
1742 470 1787 503 qui

1003 521 1080 546 malit
1107 520 1282 551 cmtscntiunt,
1310 519 1384 554 digni
1410 522 1472 545 sunt
1498 521 1579 544 morte
1595 518 1630 543 'I.
1659 515 1725 542 Nam
1754 516 1786 542 de

1004 567 1089 592 otioso
1114 566 1189 592 verba
1215 565 1345 591 rationem
1371 562 1501 590 reddituri
1523 569 1614 588 smnus
1625 560 1667 587 ’δι
1687 565 1714 587 et
1730 560 1786 585 sine

1003 611 1056 646 ﬁde
1081 611 1203 645 possibile
1227 619 1278 636 nott
1295 615 1333 636 est
1348 609 1452 644 placere
1480 608 1544 640 Deo,
1569 613 1597 634 ut
1622 607 1658 633 ait
1683 606 1785 633 Paulus

1004 657 1140 692 apostolus
1161 657 1194 683 ³⁵.
1221 655 1253 682 Et
1278 664 1361 682 uerus
1386 656 1408 682 si
1433 661 1530 681 avrum
1553 654 1643 682 ducat,
1665 651 1785 678 amboin

1005 704 1106 736 foveam
1123 702 1220 728 cadunt
1232 701 1272 733 ’σς
1289 705 1418 735 qttantum
1445 700 1471 726 in
1496 697 1647 733 bujusmodi
1666 696 1786 723 catrilalc

1007 747 1158 783 perieulum
1179 747 1232 774 illis
1251 754 1311 772 esse
1331 745 1506 774 arbitramur.
1529 744 1572 778 qui
1591 748 1662 770 tanta
1679 743 1787 768 levitate

1005 795 1140 825 feruntur,
1157 800 1188 819 ac
1207 793 1324 818 maxime
1340 791 1457 825 prirlatis
1474 790 1610 821 Erclesim,
1632 795 1697 822 quos
1715 787 1786 821 vigi-

1007 841 1064 867 lare
1078 847 1126 874 pro
1147 838 1207 864 aliis
1223 836 1321 863 Paulus
1340 836 1454 866 monuit,
1479 840 1571 868 tttpote
1589 833 1720 859 rationem
1738 839 1786 867 pro

165 879 257 906 minus
277 882 384 905 eosdem
413 886 462 913 pro
486 886 516 906 se
540 879 671 913 proferet,
697 884 780 914 atque
804 887 836 907 eo
858 880 952 914 magis,

1006 886 1058 913 illis
1083 884 1235 912 reddituros
1255 883 1278 898 ⁸⁷
1298 889 1305 908 ε
1324 887 1350 908 ct
1374 889 1387 907 a
1405 881 1512 915 quibus,
1537 880 1587 907 nisi
1609 879 1785 914 vigilavt‘rittt,

167 932 222 959 quo
238 929 264 950 et
282 924 408 951 doctores
429 931 521 952 sacros
536 932 584 959 pro
603 932 632 952 se
650 925 771 952 habent:
792 929 818 952 et
836 925 886 959 ipsi
906 933 954 959 per

165 977 207 1000 se,
226 969 261 995 de
275 969 374 1003 quibus
399 969 552 1002 culpantur,
569 970 700 997 rationem
730 969 811 997 facile
839 971 953 997 reddere

166 1019 303 1048 possunt:
321 1015 450 1048 quocirca
473 1023 550 1042 ttcmo
568 1023 623 1043 suae
638 1015 732 1043 salutis
753 1017 858 1047 avidus,
872 1015 953 1050 eliget

169 1068 224 1086 una
243 1068 304 1087 cum
329 1061 384 1088 suis
410 1060 505 1094 dividi,
531 1060 628 1095 partitn
654 1061 762 1095 quidem
791 1068 950 1096 persuasum

167 1105 283 1136 ltabctts,
306 1103 432 1132 Ecclesia:
456 1112 503 1139 per
516 1105 606 1132 omnia
621 1105 861 1140 oblcmperandum
880 1113 951 1138 esse,

165 1156 195 1177 et
219 1151 267 1184 qui
286 1158 338 1177 non
357 1150 533 1185 obtemperet,
549 1157 610 1177 eum
637 1151 708 1178 inter
732 1151 856 1178 ethnicos
871 1151 953 1185 proji-

165 1196 315 1228 cicndum;
345 1197 443 1230 partim
475 1203 549 1226 vero.
579 1196 777 1223 confessionem
804 1197 838 1224 de
862 1198 950 1224 sancti

168 1242 287 1276 Spiritus
307 1242 480 1276 processione
493 1249 526 1269 ex
549 1241 630 1269 Patre
643 1246 669 1269 et
685 1242 763 1274 Filio,
782 1243 904 1276 plurimis
918 1251 952 1270 ex

167 1288 236 1314 locis
251 1295 340 1314 rerum
357 1294 427 1321 esse,
449 1292 476 1314 et
490 1287 572 1314 saluti
590 1288 767 1315 necessariam
781 1289 952 1316 animadver-

169 1340 239 1360 lens.

205 1379 310 1412 Quibus
328 1379 462 1406 veraciter
475 1386 506 1407 ac
523 1379 636 1407 ﬁrmiter
654 1379 794 1414 subjectis,
815 1388 951 1416 nunquam
970 1413 976 1417 _

170 1425 293 1460 proiecto
310 1426 383 1452 circa
405 1426 541 1452 exteriora
566 1426 720 1453 turbabitur
737 1427 815 1460 hujus
831 1427 952 1454 veritatis

168 1471 318 1497 studiosus.
339 1470 408 1502 Aliis
429 1471 535 1505 quidem
552 1476 660 1505 propter
677 1472 897 1498 consuetudinem
917 1473 951 1498 ab

1002 932 1116 959 aliorum
1143 929 1264 964 sanguis,
1286 928 1362 962 juxta
1387 928 1534 962 Scriptura:
1554 926 1725 956 sententiam,
1743 932 1772 952 re

1003 978 1127 1011 quiretur
1143 975 1186 1001 ³⁸7

1040 1022 1224 1056 Rccogitanda
1245 1022 1308 1048 item
1326 1024 1367 1048 est
1383 1019 1540 1047 Scribarum
1571 1017 1768 1044 Pltarismorum
1780 1029 1786 1035 ι

1004 1076 1059 1111 que
1073 1067 1279 1098 condemnatio;
1299 1066 1370 1100 quod
1386 1071 1471 1098 neque
1489 1063 1537 1098 ipsi
1555 1062 1784 1096 ingrediebantur,

1003 1119 1031 1141 et
1045 1106 1099 1148 ‘qui
1124 1113 1270 1139 voluissent
1287 1111 1403 1146 ingredi,
1427 1110 1498 1136 riam
1517 1108 1638 1134 veritatis
1660 1106 1786 1141 prohibe—

1004 1159 1067 1186 bant
1081 1159 1115 1185 ".
1141 1158 1169 1184 Si
1187 1162 1276 1184 autem
1299 1156 1514 1191 Cbrysostomus
1536 1153 1708 1180 beatissimus
1736 1159 1785 1185 pro

1004 1203 1091 1230 viduae
1110 1201 1170 1236 jure
1187 1202 1213 1228 in
1243 1205 1346 1228 tantum
1372 1205 1465 1226 contra
1496 1197 1610 1232 injurias
1634 1196 1783 1230 potentium

1004 1249 1132 1283 perstitit,
1157 1253 1185 1273 ut
1211 1252 1237 1273 et
1265 1248 1328 1273 sede
1349 1249 1374 1272 et
1404 1245 1512 1272 civitate
1538 1244 1683 1277 t'ugaretur,
1706 1241 1783 1276 quasi

1004 1294 1136 1328 quispiam
1169 1293 1276 1326 iniquus
1293 1296 1319 1318 et
1337 1290 1457 1325 perditus
1475 1297 1482 1317 ς
1507 1288 1642 1323 quomodo
1660 1295 1713 1314 non
1735 1294 1784 1321 pro

1002 1339 1064 1373 jure
1091 1337 1212 1365 veritatis
1238 1345 1269 1363 ac
1297 1335 1475 1365 ﬁdei-omnia
1501 1339 1528 1360 et
1555 1334 1644 1360 facere
1674 1336 1702 1359 et
1727 1331 1783 1366 pati

1006 1389 1126 1418 prompte
1144 1389 1169 1409 et
1183 1383 1310 1409 alacriter
1326 1381 1473 1408 convenit?
1495 1380 1561 1413 lmo,
1580 1378 1714 1412 quomodo
1731 1385 1783 1404 non

1005 1429 1104 1456 imitari
1118 1429 1194 1455 decet
1206 1434 1330 1454 sanctum
1352 1426 1540 1456 Athanasium,
1555 1425 1599 1458 qui
1618 1432 1678 1450 cum
1693 1431 1741 1458 per
1756 1424 1783 1449 id

1005 1474 1135 1507 temporis
1157 1474 1264 1504 Oriens,
1288 1478 1381 1506 atque_
1395 1472 1527 1499 Occidens
1543 1471 1573 1497 de
1587 1469 1743 1497 subémntim
1756 1474 1783 1495 et

169 1514 248 1542 initio
270 1514 426 1546 concessis;
452 1514 512 1541 aliis
536 1522 598 1541 vero
614 1515 676 1541 item
697 1515 856 1545 immutatis,
881 1516 950 1542 sicut
965 1512 986 1541 C
1002 1529 1120 1554 persom-
1145 1521 1252 1546 nomine
1266 1519 1452 1549 contenderet,
1470 1518 1566 1551 hisque
1586 1516 1695 1551 syllabis
1717 1515 1784 1542 flues

169 1567 196 1588 et
217 1562 244 1588 iu
267 1561 372 1596 legibus
386 1561 511 1588 civilibus
530 1562 670 1595 contingit,
688 1562 748 1587 ideo
770 1561 840 1594 quod
856 1569 954 1588 secun-

169 1608 235 1634 dum
252 1611 373 1640 tempora
389 1606 456 1632 alias
471 1605 548 1633 aliter
563 1606 663 1640 aliquid
679 1606 793 1638 eluceat,
810 1608 881 1639 quod
898 1607 952 1633 rci~

169 1652 286 1687 publica:
302 1651 438 1685 expediat.
455 1651 529 1678 Sicut
543 1652 625 1679 etiam
642 1653 736 1678 medici
753 1653 954 1679 \ivendiratio-

170 1706 233 1725 nem
252 1697 320 1724 alias
334 1697 414 1723 aliam
428 1701 560 1729 statuunt,
578 1702 606 1723 nt
622 1697 673 1723 illis
684 1705 728 1723 ars
754 1705 802 1730 pro
821 1698 952 1723 utentium

170 1743 288 1770 utilitate
313 1742 467 1769 dictaverit.
496 1741 558 1768 lltec
583 1747 672 1768 autem
701 1742 800 1769 nullam
822 1742 954 1769 inducunt

170 1788 233 1815 ﬁdei
253 1787 465 1821 corruptionem.
485 1785 580 1814 Nullus
605 1789 675 1814 enim
702 1796 818 1822 unquam
844 1793 953 1822 propter

169 1833 306 1860 exteriora
322 1833 386 1864 ista,
400 1833 601 1866 quomodolibet
617 1840 646 1859 se
659 1833 784 1864 habeant,
799 1833 856 1860 sive
871 1834 965 1861 etiam,

170 1886 283 1914 pi-Opter
300 1879 520 1907 consuetudinem
545 1880 661 1914 aliquant
686 1886 715 1907 ut
730 1881 871 1908 hit-retieus
887 1880 952 1907 insi-

170 1927 288 1952 Illtllultts
305 1929 356 1952 est.

205 1972 289 2005 Igitur
310 1979 371 1998 cum
388 1972 549 1998 sententiam
566 1972 598 1999 de
621 1976 715 1999 sancto
732 1972 833 2006 Spiritu
861 1972 896 1998 ita
921 1979 951 1999 se

171 2017 283 2048 habere,
306 2021 334 2043 ιιι
351 2018 433 2043 sentit
455 2017 636 2044 Ucridetitalis
666 2008 796 2048 Ecclesia,
829 2016 952 2051 plurimis

171 2062 322 2088 rationibus
337 2066 475 2088 ostensum
490 2062 535 2092 sit,
547 2062 647 2095 justum
666 2062 785 2095 protei-to
800 2069 852 2087 non
869 2067 920 2093 est,
936 2069 949 2087 τι

171 2108 258 2139 rapite
281 2107 361 2132 veluti
377 2107 533 2139 languente,
555 2108 626 2140 ipsos
643 2108 756 2139 primum
781 2107 851 2133 circa
871 2106 948 2133 ﬁdem

1005 1572 1083 1593 terrm
1098 1566 1188 1593 collidi
1205 1565 1435 1598 periclitarcntur,
1451 1562 1567 1588 medium
1591 1569 1620 1587 se
1643 1560 1783 1594 objieicns,

1005 1616 1134 1643 utrosque
1154 1610 1278 1644 placavit,
1299 1608 1438 1642 indignum
1456 1612 1552 1641 putans
1577 1613 1622 1633 eos
1647 1605 1680 1631 de
1695 1605 1781 1631 nomi-

1005 1657 1084 1682 nibus
1111 1654 1262 1687 digladinri,
1281 1661 1340 1687 qua:
1367 1651 1401 1678 ad
1427 1651 1547 1678 eamdem
1578 1649 1782 1684 intelligentiam

1003 1703 1103 1732 l'cruut,
1117 1700 1167 1727 ctsi
1184 1699 1404 1734 pronuntiatione
1417 1697 1525 1723 diﬂ'erre
1540 1697 1692 1723 videantur.
1706 1695 1782 1728 Quod

1004 1746 1028 1772 si
1049 1751 1147 1779 prietcr
1169 1745 1337 1772 dilectionem
1367 1743 1500 1769 tradidero
1523 1750 1618 1775 corpus
1637 1749 1732 1772 meum,
1755 1745 1785 1766 tu

1005 1793 1110 1822 ardeat,
1128 1791 1192 1817 ni/til
1207 1790 1270 1817 nti/ti
1291 1789 1398 1824 prodest
1413 1789 1432 1820 ',
1452 1793 1477 1814 et
1492 1795 1551 1822 qum
1567 1787 1622 1814 illic
1642 1787 1674 1813 de
1696 1785 1785 1813 chari-

1006 1843 1060 1865 tate
1074 1838 1140 1864 dixit
1156 1836 1321 1871 Apostolus:
1342 1834 1478 1869 quomodo
1493 1837 1578 1860 tntum
1596 1839 1657 1859 esse
1675 1831 1782 1865 poterit,

1005 1884 1047 1911 his
1064 1885 1109 1917 qui
1129 1889 1142 1908 a
1161 1881 1377 1908 libristiannrmn
1392 1886 1472 1914 grege
1487 1885 1538 1904 non
1559 1878 1645 1903 solum
1662 1876 1785 1902 dividun—

1005 1934 1058 1960 tur,
1073 1936 1164 1955 \'0"llttl
1182 1932 1208 1953 et
1229 1927 1262 1953 de
1278 1926 1329 1952 [ide
1348 1930 1441 1952 contra
1458 1931 1566 1950 omnem
1583 1923 1714 1950 rationem
1734 1921 1786 1947 iui—

1005 1975 1149 2001 mitissime
1173 1972 1206 1999 ab
1224 1972 1265 1998 eis
1284 1971 1436 1998 dissident?

1040 2019 1170 2051 Utrinque
1184 2018 1271 2052 igitur,
1289 2024 1335 2048 pro
1351 2017 1473 2043 veritate.
1488 2022 1589 2048 proque
1605 2017 1695 2040 nostra
1714 2012 1783 2050 ipso-

1004 2073 1060 2093 rutn
1075 2063 1307 2093 securitati-,circa
1319 2062 1342 2087 id
1357 2061 1427 2094 quod
1452 2060 1654 2093 etpeditmtnue
1666 2059 1784 2084 studium

1001 2117 1160 2142 omnemque
1176 2107 1339 2140 diligentiam
1356 2111 1431 2131 ostvn
1444 2106 1498 2131 lere
1515 2111 1625 2130 necesse
1637 2108 1677 2129 est
1694 2111 1700 2129 :
1719 2102 1783 2128 nihil

171 2156 337 2186 a-grotantcs
359 2153 512 2185 pra-scindi,
535 2158 615 2186 atque
640 2152 676 2178 ita
699 2153 732 2177 de
754 2152 877 2178 maximis
894 2153 951 2179 sine
969 2151 990 2179 D
1005 2154 1152 2182 inventioni
1177 2153 1230 2179 veri
1261 2151 1448 2186 perfert-nilo,
1476 2157 1562 2183 neque
1589 2150 1614 2175 id
1648 2148 1784 2181 patiendo,

171 2199 276 2223 ratione
302 2197 460 2230 periclitari.
477 2197 573 2223 Mirum
600 2198 672 2224 enim
689 2202 740 2228 ωδε,
757 2197 778 2223 >ἰ
803 2198 863 2231 quis
885 2198 952 2224 adeo

172 2242 206 2267 sit
229 2242 328 2273 audax,
353 2246 381 2267 ut
399 2249 460 2267 cum
478 2246 550 2268 tanta
578 2242 643 2271 sitit.
666 2249 724 2276 quia
749 2243 781 2268 ad
809 2243 950 2269 utilitatem

171 2286 345 2320 compellunt,
369 2286 426 2320 ipse
444 2294 496 2312 non
513 2287 600 2314 solum
619 2287 714 2318 dividi,
737 2288 782 2314 sed
800 2293 824 2314 et
843 2287 951 2321 opinio-

171 2339 218 2358 nes
234 2332 352 2357 maxime
366 2333 517 2359 contrarias
532 2332 639 2365 tuendo,
655 2332 687 2359 de
709 2341 756 2359 sua
779 2333 868 2359 salute
892 2340 951 2367 spc-

172 2384 232 2403 rare
250 2378 360 2403 audeat.
384 2376 535 2404 Sullieiebat
556 2377 627 2404 cuitu
645 2379 678 2404 ad
705 2378 864 2412 perieulum,
889 2385 952 2412 pro-

173 2427 233 2456 pter
257 2423 424 2456 supcrbiam,
451 2423 490 2450 vel
519 2423 597 2450 aliam
629 2423 773 2458 quamlibet
801 2423 951 2456 hujusntodi

172 2475 281 2495 causam
298 2467 425 2494 Ecclesia:
440 2475 491 2494 non
509 2468 737 2502 obtemperando,
753 2467 787 2494 ab
805 2469 860 2502 ipsa
874 2475 953 2502 sepa-

172 2512 239 2539 rari.
270 2512 306 2538 At
329 2520 406 2545 vero,
432 2513 463 2539 de
480 2514 652 2546 processionc
676 2514 762 2539 sancti
783 2513 899 2547 Spiritus
919 2513 953 2539 ab

173 2558 230 2592 ipsa
245 2558 441 2592 dissentiendo,
454 2564 563 2593 propter
579 2560 648 2585 hanc
663 2561 778 2586 maxime
792 2560 951 2585 sententiam

173 2603 276 2635 dividi;
301 2610 381 2636 Quam
397 2604 441 2637 qui
467 2608 556 2638 negat,
578 2611 689 2630 necesse
710 2609 751 2630 cst
777 2609 803 2631 ut
826 2604 952 2636 plurima,

172 2657 231 2683 quae
245 2649 280 2676 de
295 2648 348 2677 ﬁde
368 2658 496 2677 concessa
522 2655 595 2682 sunt,
613 2649 694 2677 sintul
721 2655 808 2684 neget,
827 2656 855 2676 ut
870 2658 951 2683 supe-

173 2694 230 2721 rius
246 2700 425 2721 monstratum
441 2702 492 2728 est,
509 2701 535 2722 et
556 2703 603 2729 per
619 2697 689 2722 hanc
714 2695 873 2721 divisionem
899 2696 954 2722 bel-

205 2796 232 2814 ”
245 2796 321 2822 Rotn.
341 2804 361 2826 ι,
380 2797 424 2824 3'3.

173 2829 219 2856 90.
259 2831 282 2846 ’³
317 2831 409 2859 Matth.

461 2798 484 2813 ”
500 2797 594 2824 Matth.
612 2806 659 2826 xu.
671 2797 716 2823 56.

442 2840 520 2862 nui.
550 2833 590 2860 t3.
631 2835 637 2847 ι
656 2833 664 2858 ι
682 2832 743 2859 Cor.
763 2840 819 2862 xui.
840 2834 866 2859 5⁴

754 2797 776 2812 ’⁵
789 2796 868 2824 llcbr.
889 2806 924 2830 ιιι,
938 2797 964 2825 6.

1005 2201 1075 2235 quod
1103 2199 1248 2233 tnuiti,qui
1277 2199 1410 2224 extetima
1438 2195 1605 2222 incommoda
1635 2200 1662 2221 et
1687 2195 1783 2220 damna

1007 2247 1218 2281 pertimescunt,
1242 2249 1322 2276 atque
1340 2243 1410 2274 ideo,
1438 2246 1530 2268 contra
1560 2242 1672 2267 salutem
1706 2248 1783 2266 suam

1007 2293 1121 2319 scientes
1148 2298 1179 2317 ac
1202 2290 1345 2323 prudentes
1364 2292 1487 2321 pergunt,
1509 2286 1682 2312 stolidissime
1709 2292 1784 2314 sane,

1005 2337 1144 2372 vilissimis
1168 2337 1248 2361 rebus
1267 2339 1367 2360 tantum
1390 2341 1456 2363 rem,
1472 2334 1592 2366 adeoque
1608 2331 1785 2358 necessariam

1007 2381 1167 2414 prodentes,
1195 2379 1271 2411 quasi
1303 2379 1356 2404 lico
1382 2378 1461 2404 etiam
1494 2377 1565 2403 vires
1591 2381 1697 2402 nostras
1720 2376 1784 2402 aﬁ‘u-

1007 2431 1119 2458 (illlStjllC
1148 2423 1235 2449 cordis
1263 2422 1417 2456 ignorante;
1450 2421 1496 2446 sed
1526 2420 1595 2446 ultro
1625 2420 1711 2452 [uilius
1737 2427 1786 2446 nos

1007 2469 1171 2502 ίιιμυτιξιιίιο,
1197 2473 1277 2501 atque
1305 2467 1336 2492 ad
1363 2467 1430 2493 alios
1452 2466 1663 2499 proﬁciscendo,
1682 2464 1704 2490 si
1722 2465 1786 2498 quid

1007 2516 1075 2540 forte
1091 2514 1123 2541 (in
1140 2518 1212 2540 tanta
1231 2521 1257 2539 re
1268 2513 1407 2540 commode
1423 2512 1542 2546 prob-rm
1557 2512 1668 2545 po>sint.

1042 2560 1119 2586 Omni
1139 2551 1219 2593 igitur
1237 2558 1427 2592 atttieipatione
1448 2557 1535 2588 liberi,
1554 2561 1634 2590 atque
1654 2557 1687 2582 ab
1711 2556 1786 2582 omni

1009 2605 1188 2631 contentionis
1213 2603 1277 2630 vitio
1307 2603 1411 2633 remoti.
1431 2602 1544 2635 fretique
1570 2602 1613 2628 Dei
1640 2602 1785 2634 adjutorio,

1010 2651 1075 2677 nihil
1090 2651 1248 2676 omittamus
1264 2649 1408 2681 diligentia:
1424 2658 1430 2675 :
1452 2649 1572 2682 iniquum
1602 2655 1667 2673 sane
1694 2647 1785 2673 existi-

1009 2702 1121 2729 mantes,
1136 2695 1244 2722 lmmatti
1262 2695 1379 2729 quidem,
1404 2694 1468 2733 lucri
1493 2694 1588 2730 gratia,
1611 2693 1687 2726 longa
1702 2692 1786 2718 maria

1005 2797 1026 2813 νε
1040 2795 1132 2823 Matth.
1150 2804 1192 2829 xv,
1213 2797 1253 2823 ll.
1292 2796 1313 2812 "
1330 2795 1409 2822 llebr.
1441 2802 1501 2826 xui,
1521 2794 1546 2819 7.
1585 2793 1607 2808 "
1626 2792 1722 2819 Eat-ch.
1741 2799 1784 2823 ιιι,
