1960 3063
181 160 236 192 255

809 151 1006 183 MANUELlS
1019 151 1170 180 CALECJE

1743 144 1811 174 256

182 205 267 240 spatia
293 207 456 231 mercatores
479 202 615 236 navigare,
632 201 770 228 veritatem
785 204 873 225 autem
890 199 961 229 t‘nlci,

1025 208 1079 238 lixi,
1110 210 1212 234 remoto
1233 205 1416 233 contentionis
1435 204 1535 234 studio,
1561 209 1620 237 qua:
1643 201 1711 228 dicta
1730 206 1810 227 sunt.

184 255 257 277 tanto
269 253 377 284 propter
389 249 461 275 illam
476 247 590 275 conflato
604 247 629 273 ιιι
639 246 684 278 llo,
702 246 838 280 przctetire
852 252 860 271 ι
876 251 961 278 neque

184 296 266 327 hujus
290 294 481 323 inventionem,
501 292 614 326 ejusque
644 292 757 320 lucrum.
784 289 909 323 plurimis
934 293 962 315 ct

184 336 306 376 pecuniis
333 345 361 367 et
390 339 526 366 laboribus
554 344 725 372 pra‘ponere,
756 336 873 363 maxime
902 343 961 361 cum

185 391 293 420 propter
314 385 381 411 lianc
399 383 450 410 vita
468 383 544 409 nobis
560 387 659 409 acterna
676 382 826 416 proveniat,
843 380 888 414 qui
903 379 962 406 linis

183 439 226 459 est
241 431 335 458 divina:
349 429 420 456 circa
445 430 587 456 humanam
604 433 728 455 naturam
746 426 963 460 dispensationis.

183 476 410 511 Quemadmodum
423 475 493 501 enim
506 475 551 509 qui
569 482 619 500 non
636 473 727 505 credit,
748 473 806 506 jam
828 472 964 505 judicatus

183 524 250 553 αι’,
273 521 336 548 hinc
359 521 430 547 enim
456 520 510 554 jam
537 519 719 546 damnationis
741 518 846 544 initittttt
862 517 942 544 sumit
956 536 964 548 ,

184 574 212 596 et
238 568 283 603 qui
308 567 423 601 ignorat,
436 564 623 600 ignorabitura
638 573 644 591 :
660 563 697 590 ita
724 563 772 590 Dt-i
794 563 821 589 ιιι
841 562 892 589 hac
911 561 964 587 vita

185 612 384 646 contemplatio,
402 611 522 638 futuram
535 610 612 636 nobis
628 609 771 643 pollicetur
785 615 793 640 ;
811 606 837 634 ἐι
850 606 892 634 his
907 613 966 640 qua:

186 660 220 686 de
238 659 291 686 Deo
309 659 351 684 hic
365 658 524 687 creduntur,
536 660 563 682 ct
577 659 606 681 ιιι
620 655 746 689 possibile
756 658 807 686 est,
819 654 966 688 apprehen-

186 706 297 736 duntur,
315 703 422 730 catueis
445 702 540 729 solutis
564 701 690 733 nexibus,
708 700 831 727 veritatis
846 698 967 726 succedit

187 749 368 785 pulchritudo.
393 747 591 781 (Euigmalihns
627 747 735 781 quidem
761 745 889 777 veritati;
917 744 967 770 [ide

187 801 252 820 vero
270 798 297 820 et
313 800 360 827 spe
376 800 465 819 rerum
482 791 640 819 substantias
667 790 840 822 cedentibus,
857 788 966 823 speculo

187 839 268 873 hujus
283 838 403 871 corporis
417 839 515 864 soluto.

225 884 262 912 Ex
280 885 376 918 quibus
391 883 512 917 profecto
527 885 642 912 constat,
659 886 685 909 et
699 887 745 908 eos
757 881 802 915 qui
819 880 862 906 hie
877 879 903 906 in
917 879 967 906 title

189 931 329 962 falluntur,
345 938 431 964 neque
455 937 544 955 veram
563 928 609 955 Dei
627 928 770 955 scientiam
795 933 966 959 consequun-

189 982 244 1009 tur,
261 984 294 1003 ne
319 976 409 1002 futura
429 975 535 1009 quidem
562 974 606 1000 illa
624 973 808 1008 speculatione
824 971 965 1003 fruituros,

190 1022 237 1049 sed
252 1021 378 1055 profanos
394 1020 461 1050 lore,
476 1024 555 1052 atqtte
569 1019 596 1044 itt
616 1017 725 1044 sittistra
743 1021 818 1050 parte
833 1016 968 1044 collocan-

190 1069 249 1094 dos.
268 1066 295 1093 Si
313 1066 394 1101 igitur
420 1066 513 1092 beatus
537 1064 690 1096 Stephanus
707 1063 762 1098 (89)
782 1070 829 1096 pro
847 1061 970 1088 Salvato-

191 1113 228 1140 ris
251 1113 377 1146 imagine,
395 1111 555 1145 plurimique
568 1117 616 1143 per
634 1109 660 1136 id
678 1108 819 1143 temporis,
835 1115 919 1142 usque
935 1107 968 1134 ad

191 1162 304 1184 mortem
321 1157 502 1184 constantiam
527 1162 602 1182 suam
618 1153 795 1182 ostenderunt
813 1161 820 1180 :
835 1157 862 1180 ct
885 1157 968 1184 certe,

190 1211 252 1230 cum
271 1211 312 1230 res
330 1202 389 1237 ipsa
413 1209 465 1228 noti
482 1199 636 1227 immediate
651 1200 724 1226 circa
748 1199 826 1226 ﬁdem
843 1191 971 1232 primani-

191 1257 245 1284 qtte
258 1248 437 1283 theologiam,
463 1246 509 1273 sed
534 1246 606 1272 circa
636 1243 846 1279 dispensationis
875 1242 971 1269 divinat

191 1297 390 1320 sacramentum
407 1295 490 1322 esset,
503 1297 590 1324 neque
604 1289 694 1317 statim
709 1288 779 1315 circa
798 1287 859 1318 ltoc,
873 1286 970 1320 injuria

192 1334 291 1373 quippe
307 1338 393 1364 solum
411 1337 444 1364 ad
461 1335 655 1363 humanitatem
671 1332 839 1360 referebatur
851 1331 971 1362 Christi;

194 1385 281 1411 honor
295 1383 365 1409 enim
384 1382 522 1416 imaginis,
539 1380 615 1415 juxta
633 1386 758 1412 maguum
777 1377 918 1407 Basilium,
939 1375 971 1401 a~.l

194 1429 356 1464 priutilivatn
379 1427 492 1455 formant
508 1430 631 1460 penetrat
651 1434 658 1451 :
679 1429 774 1451 contra
794 1427 883 1450 tamen
906 1422 973 1448 ima-

194 1475 284 1510 ginum
306 1476 504 1508 oppugnatores
516 1471 694 1498 constantiam
708 1477 793 1503 usque
809 1469 840 1495 ad
860 1472 972 1494 mortem

1014 254 1111 287 legere,
1127 253 1229 279 intente
1245 252 1318 278 velit.

1049 298 1177 324 Obtcslor
1194 302 1283 324 autem
1311 299 1339 323 et
1354 302 1448 322 moneo
1463 301 1556 320 omnes
1570 292 1614 326 qui
1631 292 1681 318 ista
1698 291 1806 317 lt‘tflnri

1014 345 1078 373 sint,
1102 350 1134 369 ne
1154 343 1241 369 [erant
1264 343 1392 375 graviter,
1408 341 1429 368 si
1446 339 1565 374 ejusdem
1591 345 1681 364 secum
1698 337 1802 370 patria:

1015 393 1040 415 ct
1060 388 1165 423 generis
1177 395 1237 415 cum
1257 388 1318 418 sim,
1333 386 1466 412 diversum
1482 385 1515 410 ab
1532 384 1584 410 illis
1605 383 1664 414 iter,
1681 382 1807 408 veritate

1014 435 1182 464 ostendente,
1200 439 1312 467 pergere
1326 431 1468 458 voluerim.
1486 429 1615 464 Optabam
1637 432 1720 458 certo,
1744 428 1806 453 sub

1015 487 1069 505 uno
1087 483 1193 513 pastore
1214 486 1296 504 unum
1319 477 1389 503 ovile
1415 484 1486 508 esse,
1506 482 1656 508 omnesque
1683 472 1804 499 vinculo

1015 524 1165 551 dilectionis
1190 524 1330 556 astrictos,
1345 528 1373 549 nt
1391 522 1428 548 ait
1441 521 1539 548 Paulus
1555 520 1576 552 ⁸,
1593 520 1662 545 idem
1679 518 1804 549 suntin;

1016 577 1103 604 neque
1118 575 1179 596 esse
1204 569 1361 600 schismata,
1378 566 1512 594 scaudalis
1534 574 1613 600 quant
1640 565 1806 597 longissime

1017 615 1127 649 fugatis.
1151 614 1195 641 Sic
1220 614 1289 641 enim
1314 618 1340 640 et
1367 613 1421 647 ipse
1446 620 1505 639 cum
1524 612 1630 638 cat-teris
1659 610 1686 636 itt
1712 617 1804 635 unum

1017 669 1116 696 corpus
1142 661 1307 694 compactis.
1333 664 1357 686 et
1391 667 1472 686 unum
1508 662 1589 691 caput
1624 656 1803 686 Itabcntitms,

1018 709 1135 736 maxima
1163 708 1254 742 quiete
1287 706 1512 740 tranquillissime
1543 703 1648 730 fruerer
1675 710 1681 728 ι
1709 708 1803 734 neque

1018 755 1096 782 modo
1123 753 1253 789 profecto,
1277 760 1336 779 cum
1365 751 1455 778 doceri
1477 750 1578 781 malint,
1597 753 1623 775 et
1652 755 1720 781 opus
1747 747 1804 772 Ita—

1017 801 1106 832 beam,
1118 800 1235 826 doctoris
1249 799 1363 825 oiiicium
1381 796 1445 823 tttilti
1462 796 1569 822 minime
1587 793 1707 821 omnium
1725 799 1800 819 cou-

1019 845 1130 872 vrnicns
1145 851 1290 870 sumerem.

1053 890 1092 917 Ex
1117 897 1170 923 quo
1187 890 1300 916 fortasse
1317 895 1367 914 non
1385 888 1509 918 deerunt,
1536 886 1581 920 qui
1603 893 1645 912 tttc
1659 885 1802 919 iactantia:

1018 941 1044 962 et
1058 934 1249 962 05tentationis
1265 933 1421 960 insimulent
1434 941 1442 965 ;
1466 932 1592 966 qttoniatu
1619 938 1682 958 vero
1697 939 1803 957 necesse

1018 986 1065 1011 est,
1082 985 1110 1006 ut
1134 979 1239 1006 veniant
1266 978 1392 1006 scandala
1414 979 1442 1010 ⁸;
1469 981 1568 1011 oportet
1592 977 1673 1006 enim,
1702 975 1803 1010 inquit,

1018 1027 1126 1053 liceretea
1141 1033 1207 1056 esse.
1224 1029 1252 1052 ut
1269 1025 1314 1059 qui
1329 1026 1355 1051 in
1380 1024 1450 1050 vobis
1465 1023 1567 1058 probati
1590 1023 1642 1049 sint
1668 1022 1804 1052 manifesti

1019 1074 1082 1107 ﬁant
1096 1073 1118 1104 ",
1139 1072 1304 1106 vigilarcque
1321 1076 1539 1104 unumquemque
1563 1076 1674 1096 necesse
1690 1073 1729 1096 est
1741 1088 1748 1099 .
1768 1075 1804 1094 ne

1020 1117 1143 1153 plurimis
1166 1117 1265 1152 passim
1291 1114 1500 1143 eircumleratur
1521 1116 1712 1146 erroribus,et
1740 1113 1803 1141 aliis

1021 1163 1073 1188 alia
1093 1161 1258 1191 dicentibus.
1281 1160 1338 1194 ipse
1354 1162 1415 1186 tlutn
1432 1159 1515 1186 nescit
1529 1179 1536 1191 ,
1555 1159 1663 1185 amittat
1685 1159 1774 1185 omnia
1795 1166 1802 1184 :

1021 1207 1081 1234 Sine
1099 1206 1151 1240 ﬁde
1173 1206 1241 1232 enim
1264 1204 1424 1238 impossibile
1442 1209 1479 1230 est
1495 1203 1597 1237 placere
1622 1203 1712 1234 Deo';
1738 1208 1804 1230 tunc

1022 1252 1143 1286 profecto
1169 1251 1327 1285 urgentibus
1360 1249 1504 1279 seandalis,
1533 1249 1681 1284 prudentiae
1709 1248 1803 1279 fuerit,

1021 1296 1095 1323 omni
1112 1295 1241 1330 temporis
1257 1295 1459 1328 anticipatioue,
1477 1294 1550 1321 omni
1571 1294 1691 1329 populari
1719 1293 1786 1320 fatui
1798 1309 1804 1313 -

1023 1346 1076 1368 tute
1091 1341 1208 1373 omissis,
1228 1341 1314 1375 ipsam
1331 1341 1358 1367 in
1386 1341 1473 1375 seipsa
1498 1340 1641 1367 verborum
1659 1340 1800 1367 veritatem

1023 1388 1165 1422 inspicere,
1192 1393 1220 1414 et
1248 1386 1402 1421 diligentius
1428 1386 1613 1418 considerare,
1637 1385 1802 1421 Patrumqnc

1023 1433 1122 1469 regulis
1146 1440 1192 1468 per
1218 1433 1306 1460 omnia
1341 1432 1484 1464 intentum,
1513 1439 1674 1466 quocunque
1703 1433 1801 1459 veritas

1023 1479 1140 1510 duxerit,
1161 1479 1247 1513 sequi.
1265 1478 1320 1505 lloc
1339 1478 1409 1505 enim
1428 1478 1550 1512 plurimis
1565 1479 1657 1510 etiam,
1671 1479 1716 1512 qui
1737 1486 1804 1512 prte-

194 1519 382 1547 ostcnderuut.
400 1518 528 1551 Quantam
554 1516 633 1543 modo
658 1515 794 1546 alacritas,
819 1513 889 1548 quod
915 1518 972 1540 stu~

1026 1527 1178 1555 ecsscrunt,
1193 1522 1319 1550 Ecclesia:
1330 1522 1476 1556 magistris,
1490 1522 1623 1557 prioribus
1640 1523 1802 1555 temporibus

195 1567 280 1596 dium,
296 1565 367 1600 quod
384 1565 477 1595 robur,
490 1570 537 1597 pro
549 1562 661 1589 veritate
676 1560 811 1596 proposita
828 1560 861 1587 de
877 1565 972 1586 sancto

196 1611 297 1644 Spiriut
314 1610 347 1637 ab
361 1609 399 1636 eis
422 1616 470 1642 pro
487 1608 583 1635 merito
597 1607 701 1634 ostendi
723 1610 820 1641 potest,
840 1605 886 1641 qui
901 1605 973 1632 veri-

198 1658 260 1683 tatis
275 1661 409 1682 amatores
428 1650 502 1687 sunt,
527 1653 736 1686 securitatisque
762 1660 817 1679 sua:
830 1658 861 1677 ac
880 1650 974 1678 salutis

197 1709 288 1729 Curam
304 1705 410 1734 gerunt,
428 1700 477 1733 pr'o
492 1705 543 1732 qua
559 1697 646 1724 omnis
669 1697 749 1728 ratio,
773 1696 860 1723 ontnis
873 1701 974 1726 sermo,

197 1755 330 1782 omneque
349 1750 549 1773 sacramentum
566 1744 664 1771 divina:
685 1741 895 1777 dispensationis
915 1740 975 1767 est?

235 1793 332 1825 Habes,
348 1800 408 1827 quae
430 1792 461 1819 de
476 1790 648 1826 proccssioue
664 1789 747 1816 sancti
768 1787 886 1822 Spiritus
907 1786 976 1821 pcti-

200 1841 246 1872 sti,
274 1838 404 1873 prolixius
434 1838 551 1871 quidem,
583 1843 663 1871 quam
691 1835 767 1862 initio
797 1833 975 1863 institueram,

200 1884 333 1918 exposita,
344 1883 391 1910 scd
406 1882 570 1913 necessario,
582 1886 610 1908 ut
622 1888 693 1912 reor,
709 1880 765 1915 ipsa
781 1878 895 1906 materia
909 1878 978 1905 hanc

201 1930 384 1965 prolixitatem
409 1933 581 1962 suggerente.
597 1926 624 1954 Si
641 1933 706 1960 ergo
721 1924 885 1953 sufﬁcienter
906 1924 977 1949 dicta

201 1981 273 2006 sunt,
287 1982 398 2010 agamus
413 1974 468 2001 Deo
488 1973 605 2007 gratias;
622 1973 662 1999 siti
679 1979 742 1998 vero
754 1971 843 1998 minus
855 1977 934 2004 quam
951 1973 979 1995 ut

201 2021 382 2048 studiosorum
404 2019 541 2046 industria:
562 2019 638 2053 plene
660 2017 828 2045 satisfactum
854 2016 900 2048 sit,
931 2022 980 2040 tto-

202 2072 287 2093 stram
305 2065 501 2096 infirmitatem,
516 2072 567 2090 non
586 2063 705 2091 materne
725 2062 808 2096 ipsius
825 2059 979 2088 sententia:-

201 2121 253 2147 qne
271 2113 426 2146 dignitatem
444 2111 470 2137 in
484 2110 562 2143 culpa
577 2118 637 2137 esse
653 2109 752 2136 sciant.
770 2107 815 2134 illa
829 2108 900 2134 enim
918 2113 979 2134 cum

201 2165 251 2192 per
278 2158 393 2191 scipsam
414 2164 475 2182 vera
502 2156 552 2186 sit,
581 2158 734 2181 Santtorttm
761 2154 842 2180 etiam
869 2153 977 2179 Patrum

202 2203 363 2230 testimoniis
382 2202 486 2228 nititur.
510 2200 628 2232 Quorum
653 2207 701 2226 nos
720 2199 882 2231 sententias,
898 2204 978 2232 atque

202 2248 235 2275 dc
256 2249 307 2274 ltac
327 2255 355 2274 re
370 2247 536 2280 Opinionem,
552 2251 580 2272 ut
597 2245 699 2279 petisti,
720 2250 898 2279 exponentes,
915 2244 980 2270 nihil

203 2301 217 2319 ει
235 2292 309 2318 nobis
326 2292 391 2325 ipsis
405 2291 518 2322 dixisse,
543 2290 588 2324 qui
613 2295 685 2316 recte
710 2290 887 2323 reputaverit,
906 2289 981 2315 inve-

204 2339 269 2365 niet.
288 2337 441 2364 Brevioretn
461 2341 549 2362 autem
579 2335 604 2361 itt
633 2335 791 2369 exponendo
807 2335 900 2367 fuisse,
917 2334 980 2361 dttttt

204 2382 328 2409 celeriter
343 2381 455 2415 singulis
472 2380 549 2414 quasi
565 2380 785 2414 supcrvolitaudo
813 2380 926 2414 negotiis
939 2388 982 2407 nte

204 2427 332 2461 expedire
348 2428 435 2460 cupio,
451 2433 538 2460 neque
558 2426 743 2453 necessarium
761 2431 825 2460 puto
843 2426 981 2453 itttutorari

204 2473 340 2505 omnibus,
359 2480 418 2499 cum
433 2472 541 2506 plurimi
557 2471 639 2498 multa
653 2472 685 2498 de
703 2472 777 2499 hisce
793 2472 981 2503 disseruerinl,

206 2517 301 2544 merito
315 2517 447 2550 quispiam
467 2516 576 2550 culpare
588 2515 682 2550 pessit.
696 2517 732 2542 litt
751 2516 791 2542 his
808 2521 909 2548 tamen,
924 2523 983 2550 qtta:

205 2563 276 2589 dicta
295 2567 368 2594 sunt,
385 2570 513 2597 quorsum
535 2562 635 2589 veritas
656 2562 801 2596 propositae
825 2561 982 2595 quaestionis

207 2607 349 2641 respiciat,
376 2616 436 2634 cum
463 2608 581 2635 maxime
609 2607 761 2635 necessaria
786 2608 981 2641 comprehensa

205 2653 271 2686 sint,
287 2654 411 2682 facillime
431 2655 549 2690 conspici
566 2654 663 2689 poterit
682 2663 688 2682 ;
707 2655 729 2682 si
746 2654 834 2687 modo,
851 2658 878 2681 ut
901 2653 979 2681 initio

243 2732 252 2746 '
271 2731 349 2759 ΙΙοέιιι.
368 2739 406 2762 ιιι,
423 2731 466 2758 18.
503 2731 533 2757 ³1
561 2731 689 2762 Cor.x1v,
719 2731 762 2758 58.

801 2735 812 2750 ι
829 2731 927 2764 pres.
940 2738 976 2762 tv,

208 2773 245 2796 xl,
267 2768 293 2794 6.
331 2765 341 2781 ⁸
357 2766 443 2793 Guial.
457 2766 478 2798 Ι,
495 2766 537 2798 t0,

575 2767 585 2782 ‘
606 2767 683 2793 Rom.
701 2774 759 2798 vni,
796 2767 822 2793 (5.

995 2182 1015 2208 D

862 2739 927 2757 mes.
940 2739 976 2762 tv,
1005 2739 1031 2756 ο.

862 2765 883 2780 ‘°
895 2765 954 2794 Act.
971 2773 997 2797 ν,
1009 2766 1052 2792 29.

1025 1568 1153 1603 contigit;
1170 1567 1228 1603 qui,
1242 1576 1303 1595 cum
1316 1574 1387 1602 stupe
1401 1568 1440 1594 eis
1456 1568 1555 1594 veritas
1572 1567 1649 1594 aliter
1661 1575 1690 1595 se
1704 1567 1802 1594 habeto

1026 1621 1105 1648 qttam
1129 1613 1280 1641 communis
1301 1618 1372 1640 esset
1387 1613 1487 1647 opinio,
1509 1613 1564 1640 visa
1590 1612 1695 1644 fuisset,
1718 1613 1802 1646 ipsius

1027 1658 1074 1684 toti
1091 1658 1202 1691 liebant,
1218 1658 1469 1692 periclitantetnque
1485 1658 1571 1685 modis
1585 1658 1710 1685 munibus
1725 1658 1803 1690 juva~

1026 1703 1090 1730 bant
1115 1710 1146 1729 ac
1165 1703 1326 1736 discerptum
1342 1703 1527 1730 revocabant:
1551 1708 1578 1730 et
1601 1708 1802 1730 contemnentes

1027 1749 1127 1782 oumia,
1144 1748 1209 1782 igni,
1226 1749 1247 1775 si
1268 1756 1379 1776 necesse
1392 1754 1474 1779 esset,
1492 1755 1523 1775 ac
1538 1748 1620 1780 ferro,
1647 1749 1801 1776 dirissizuis-

1027 1802 1079 1829 quo
1097 1794 1234 1829 suppliciis
1256 1794 1356 1825 allecti,
1382 1793 1545 1828 superabant
1566 1803 1572 1820 :
1596 1795 1666 1828 quod
1689 1799 1746 1820 erat
1761 1795 1800 1821 sui

1028 1840 1078 1867 oll'n
1089 1841 1118 1874 ii,
1132 1841 1271 1875 itnplcutcs
1284 1840 1463 1874 posterisque,
1473 1840 1606 1873 quomodo
1620 1840 1800 1872 huju-cemotli

1029 1885 1229 1919 cmergentibus
1258 1884 1374 1916 casibus.
1406 1892 1435 1912 se
1462 1892 1557 1920 gerere
1582 1885 1731 1916 deberent,
1763 1885 1801 1910 sui

1030 1930 1154 1964 exemplo
1167 1929 1384 1964 prtcscribcutes.
1402 1929 1429 1955 Si
1450 1929 1557 1962 quidem
1573 1929 1654 1963 igitur
1678 1929 1803 1961 possibtic

1029 1980 1111 2007 esset,
1130 1974 1183 2001 Deo
1201 1981 1252 2000 una
1277 1978 1302 2000 ct
1319 1972 1472 1999 hominibus
1490 1973 1604 2006 placere,
1618 1973 1761 2005 optandum
1780 1974 1802 1998 ill

1031 2018 1151 2056 profecto
1163 2021 1245 2054 magis
1261 2025 1287 2046 et
1302 2019 1481 2053 expetendum
1497 2023 1580 2050 esset,
1600 2018 1742 2051 nullusque
1756 2017 1801 2043 sibi

1031 2066 1144 2092 alterum
1165 2065 1191 2091 in
1218 2065 1267 2091 hac
1286 2072 1313 2090 rc
1336 2063 1455 2098 praeferri
1474 2063 1562 2090 \cllet.
1588 2062 1719 2095 QuOniatu
1746 2070 1802 2087 vero

1031 2112 1135 2138 duobus
1155 2110 1283 2142 dominis,
1307 2110 1419 2136 invicem
1445 2108 1598 2138 Contrariis,
1614 2109 1717 2134 servire
1749 2115 1803 2141 [10‘-

1032 2155 1108 2182 sibile
1125 2161 1175 2180 non
1192 2158 1232 2180 est
1250 2161 1256 2180 :
1281 2153 1311 2180 Si
1332 2153 1412 2185 enim,
1437 2153 1534 2187 inquit,
1555 2151 1701 2178 hominibus
1720 2154 1802 2186 placc-

1031 2207 1096 2228 rem.
1112 2198 1208 2226 Christi
1236 2206 1322 2224 reri-us
1353 2206 1402 2224 non
1433 2206 1513 2224 essent
1530 2198 1565 2229 3;
1590 2202 1638 2224 et:
1667 2197 1802 2224 Prudentia

1030 2246 1127 2276 carnis,
1143 2245 1248 2271 inimica
1263 2249 1300 2270 est
1317 2243 1393 2270 Deo.”
1409 2243 1519 2270 Ollt-dz're
1535 2247 1632 2275 oportet
1648 2244 1728 2277 magis
1747 2243 1802 2272 lico,

1029 2299 1108 2325 quam
1137 2290 1284 2316 Itonn'nibus
1301 2290 1341 2321 ¹⁰;
1376 2290 1501 2323 quo-tque
1527 2292 1639 2316 sanctus
1665 2288 1799 2318 Blztxittttts,

1031 2343 1090 2363 cum
1106 2343 1120 2362 τι
1135 2334 1238 2361 civibus
1262 2335 1319 2362 suis
1337 2334 1540 2365 criminaretur,
1559 2333 1719 2368 prmi/alente
1741 2333 1802 2366 apud

1031 2389 1077 2409 eos
1099 2381 1337 2408 Mouothelctarum
1363 2381 1469 2413 haeresi,
1486 2381 1615 2415 quoniam
1642 2378 1800 2406 Occidentali

1033 2427 1159 2455 Ecclesia:
1175 2427 1334 2462 applicatus,
1354 2427 1410 2454 suis
1429 2426 1643 2455 contradicebat,
1658 2426 1695 2450 ait
1711 2434 1716 2451 :
1735 2424 1801 2455 Quod

1032 2473 1129 2499 scilicet
1153 2477 1274 2506 utrosque
1295 2472 1434 2506 diligeret;
1453 2472 1512 2498 illos
1535 2471 1651 2505 quirltut,
1669 2475 1697 2496 ut
1723 2471 1803 2496 ortho-

1034 2521 1127 2549 doxas,
1146 2519 1209 2544 istos
1225 2522 1322 2549 autent,
1339 2524 1366 2544 ut
1382 2517 1570 2551 Itomoylossos,
1586 2517 1611 2543 itl
1627 2521 1668 2543 est
1690 2516 1801 2550 ejus-leui

1033 2573 1124 2591 secum
1143 2564 1258 2597 lingum;
1285 2563 1311 2590 id
1330 2571 1400 2589 nunc
1415 2570 1523 2596 quoque
1549 2562 1691 2588 dicendum
1709 2561 1740 2588 ad
1763 2569 1802 2588 cus

1036 2609 1081 2643 qui
1098 2609 1282 2636 criminantur.
1299 2608 1384 2635 Amici
1400 2608 1469 2635 enim
1484 2607 1533 2634 viri
1549 2607 1722 2634 existimandi
1738 2610 1801 2639 sunt,

1037 2654 1189 2681 amiciorem
1226 2661 1288 2681 vero
1307 2661 1416 2681 necesse
1437 2659 1477 2680 est
1509 2652 1635 2680 arbittari
1662 2651 1801 2678 veritatem.

1070 2729 1187 2756 “Matth.
1218 2737 1294 2760 xvttt,
1318 2729 1333 2754 7
1384 2729 1393 2743 °
1418 2728 1508 2755 lCor.
1535 2737 1571 2761 xt,
1609 2728 1650 2759 ἐξ),
1689 2728 1697 2742 ⁷
1731 2726 1800 2753 lleiu.

245 2839 298 2871 (89)
313 2838 340 2866 S.
359 2837 508 2872 Stephanus
522 2840 610 2871 iuaior
622 2844 722 2871 martyr
752 2838 801 2866 sub
831 2838 1012 2869 Coprouvato.
1033 2837 1065 2864 ob
1080 2835 1264 2863 ιιιῖυιιιὶυιιειιι
1285 2836 1443 2863 ima-tinum.
