1960 3063
119 158 175 189 365

639 156 687 186 DE
706 152 893 186 ESSENTIA
916 152 964 181 ET
982 149 1233 181 OI’ERATIONE.

1693 150 1749 183 3CS

119 215 171 242 εἰτ’
185 214 233 240 οὖν
258 213 372 248 ὁρισμὸς
396 212 544 247 διάφορος·
563 212 634 239 κατὰ
650 211 677 238 δὲ
696 211 726 237 τὸ
747 210 864 244 πρᾶγμα
878 207 908 234 τὸ

976 215 1005 234 eu
1021 207 1150 241 potentia,
1178 206 1249 232 aliud
1276 210 1358 239 atque
1384 203 1456 231 aliud
1468 209 1542 231 sunt.
1560 203 1662 231 llorum
1675 206 1749 233 enim

120 259 191 286 αὑτό
207 259 300 285 ἐστιν·
318 258 414 294 ὥσπερ
428 258 442 284 ὁ
464 257 564 288 κόκκος
577 257 625 283 τοῦ
641 257 716 283 σίτου
736 256 846 290 λέγεται
863 255 911 281 καὶ

120 305 182 331 Em
197 305 311 340 σπέρμα
328 305 375 331 καὶ
389 304 497 338 καρπὸς
510 326 516 337 ,
533 305 581 330 καὶ
595 303 690 338 ὥσπερ
703 302 734 328 τὸ
756 302 867 336 σημεῖον
883 301 911 326 ἐν

121 353 154 385 τῇ
167 351 288 386 γραμμῇ
302 351 351 376 καὶ
365 349 438 385 ἀρχὴ
461 350 507 376 xui.
530 350 607 381 τέλος
621 348 730 383 λέγεται
744 366 752 380 ,
774 346 845 381 ἀρχὴ
863 345 911 389 μὲν

122 397 170 424 τοῦ
185 397 332 432 ἑπομένου.
346 397 423 428 τέλος
437 396 466 423 δὲ
481 395 528 423 τοῦ
545 394 767 431 προηγουμένου.
793 393 832 428 Τῇ
845 392 912 426 γοῦν

123 444 230 478 στιγμῇ
245 443 276 469 τὸ
291 442 368 474 τέλος
383 444 430 469 καὶ
447 443 464 477 ὴ
482 442 555 476 ἀρχὴ
570 441 724 468 ἀποδίδοται
737 439 807 466 κατὰ
821 438 914 472 διάφο-

126 499 174 525 ρον
189 490 268 523 λόγον
295 490 343 516 καὶ
366 489 513 524 διαφόρους
529 487 652 519 ἐπινοίας
665 495 672 502 ·
685 487 735 514 οὺχ
749 485 807 513 ἐστι
820 485 870 519 μὲν
882 484 911 511 τὸ

124 535 202 567 τέλος
215 536 264 562 καὶ
281 535 298 570 ἡ
311 535 383 570 ἀρχὴ
395 535 514 570 διάφορα
529 534 693 570 πράγματα,
706 533 736 559 ab
749 533 771 559 δ’
787 531 853 559 αὐτὸ
866 531 914 558 καὶ

126 581 157 608 ἐν
176 581 346 615 ἀμφοτέροις
370 581 514 607 ὑπόκειται
530 581 661 616 πρᾶγμα,
686 580 703 614 ἡ
721 578 835 613 στιγμή.
852 576 914 603 Ἔτι

125 635 156 653 τε
174 626 235 653 οὐδέ
255 626 273 661 ἡ
299 626 439 661 ἀποδημία
462 626 510 652 καὶ
525 625 659 660 ἐπιδημία
685 624 837 659 πράγματα
859 622 915 649 διά-

126 682 198 708 φορα
211 680 218 688 ·
238 673 346 707 κίνησις
361 673 416 707 γὰρ
436 673 452 708 ἡ
466 672 537 707 αὑτὴ
551 671 622 698 κατὰ
639 671 671 698 τὺ
683 671 801 705 πρᾶγμα
817 670 846 696 ὲν
859 669 914 703 ἀμ.-

128 721 191 753 φοῐν
203 727 211 736 υ
231 720 305 756 λόγῳ
321 719 350 746 δὲ
369 719 531 754 διαφέρουσι
547 717 638 753 μόνον,
660 716 732 744 κατὰ
747 715 849 747 ταύτας
863 714 913 746 τὰς

127 765 243 798 ἐννοίας.

165 855 221 882 Καὶ
233 855 248 881 ὁ
261 854 338 889 ἅγιος
355 853 489 889 Κύριλλος
504 853 533 880 ἐν
550 852 573 889 β’
587 853 642 880 τῶν
654 852 821 888 Θησαυρῶν
839 854 917 889 εἴρη-

129 910 190 933 κεν,
214 901 295 934 Ἔχει
315 900 349 927 τὸ
363 899 475 935 γεννᾶν
495 900 511 927 ὁ
537 898 640 933 Πατὴρ
674 899 826 933 φυσικῶς·
854 900 918 934 ἔχει

129 949 181 976 καὶ
209 948 242 975 τὸ
258 947 367 978 κτίζειν
389 945 608 981 δημιουργικῶς
628 946 666 972 δι’
691 945 777 973 Υἰσῦ·
804 946 855 973 καὶ
882 947 919 973 οὺ

130 994 212 1028 παρὰ
227 994 316 1021 τοῦτο
331 993 479 1025 σύνθετός
493 984 577 1019 ἐστί·
587 1000 660 1026 μιας
677 991 732 1026 γὰρ
748 992 869 1026 φύσεως
883 993 919 1019 τὰ

130 1040 254 1067 τοιαῦτα
279 1040 405 1072 καρπός.
429 1038 514 1066 Πάλιν
534 1038 548 1064 ὁ
573 1037 665 1070 αὐτὸς,
692 1038 727 1064 Τὸ
749 1037 806 1073 μὲν
822 1036 920 1064 ποιεῖν

131 1086 285 1120 ἐνεργείας
303 1084 386 1112 ἐστί’
407 1084 528 1118 φύσεως
539 1082 573 1110 δὲ
587 1083 620 1110 τὸ
637 1083 759 1117 γεννᾶν.
781 1083 920 1115 Ὡσαύτως

132 1132 181 1157 καὶ
193 1133 208 1158 ὁ
227 1129 410 1165 Δαμασκηνὸς
425 1129 488 1166 ἔφη1
507 1129 615 1163 Ἔργον
626 1129 686 1163 μὲν
700 1128 783 1161 θείας
799 1127 921 1162 φύσεως

133 1178 152 1211 ἡ
178 1176 356 1212 προαιώνιος
384 1176 546 1209 γέννησις·
565 1174 655 1209 ἔργον
678 1173 713 1200 δὲ
730 1174 812 1207 θείας
830 1173 920 1207 θελή-

132 1232 213 1255 σεως
231 1223 251 1257 ἡ
270 1223 380 1254 κτίσις.

172 1268 234 1294 Ἐτι
248 1267 289 1299 δέ,
308 1266 344 1295 ti);
356 1265 413 1300 ἔχει
430 1265 460 1292 τὸ
477 1265 526 1300 τῆς
540 1265 654 1300 Γραφῆς
667 1265 767 1297 ἐκεῖνο,
792 1265 825 1291 '0
844 1273 921 1292 τετο-

135 1313 196 1346 κὼς
205 1312 327 1345 βώλους
342 1312 465 1346 δρόσου,
475 1311 525 1347 οὐχ
539 1311 639 1346 ὁμοίως
655 1310 705 1342 τάς
716 1320 746 1337 τε
761 1310 862 1346 βώλους
875 1311 922 1338 καὶ

135 1361 183 1386 τδν
200 1360 263 1386 Υἱδν
278 1359 465 1393 ὑπεστήσατο.
482 1357 627 1393 ’Υφίστησι
643 1357 692 1393 μέν
705 1357 760 1393 γὰρ
773 1357 787 1383 ὁ
798 1357 865 1389 Θεὸς
876 1358 922 1384 καὶ

137 1405 232 1440 Πατὴρ
247 1405 293 1431 τὸν
307 1405 382 1435 Υἱὺν,
397 1404 535 1439 ὑπέστησε
553 1404 601 1430 καὶ
622 1403 655 1430 τὰ
672 1404 819 1439 κτίσματα.
843 1403 922 1430 Κατὰ

137 1453 192 1487 γὰρ
207 1452 253 1478 τδν
270 1450 357 1486 μέγαν
373 1450 635 1481 Ἀθανάσιον,Α1τΙιι
644 1449 729 1477 ἐστίν
743 1450 763 1484 ἠ
777 1450 831 1477 τοῦ
848 1450 922 1477 Θεοῦ

137 1497 233 1532 φύσις
257 1495 312 1522 τοῦ
337 1495 405 1522 Υιοῦ
433 1495 482 1521 καὶ
504 1494 558 1522 τοῦ
585 1495 769 1529 Πνεύματος,
800 1493 923 1528 καὶτῆς

961 253 1092 288 cujusque
1107 252 1232 279 distincta
1245 251 1406 284 diversaque
1422 252 1490 277 ratio
1505 255 1558 282 cst,
1574 251 1632 278 sive
1654 251 1751 278 delini-

963 299 1009 331 tin,
1034 298 1182 335 secundum
1202 304 1257 324 rem
1270 303 1332 323 vero
1363 296 1433 323 idem
1449 301 1524 323 sunt.
1539 295 1620 324 Velut
1637 305 1750 330 granum

962 343 1042 370 tritici
1061 343 1160 369 dicitur
1172 347 1253 376 atque
1276 347 1319 369 est
1343 349 1434 369 scmcn
1450 346 1477 368 ct
1491 341 1607 374 fructus,
1634 347 1663 369 et
1681 343 1753 370 sicut
1777 341 1784 368 ἔ

963 392 1093 422 punctum
1113 387 1139 414 in
1157 387 1237 420 linea,
1254 391 1280 414 et
1298 387 1403 414 initium
1426 391 1538 414 vocatur
1550 393 1576 413 et
1592 388 1671 420 ﬁnis;
1692 387 1751 415 ini—

964 433 1030 460 tium
1044 433 1152 468 quidem
1176 433 1325 467 sequentis,
1343 433 1404 460 linis
1419 439 1481 460 vero
1503 432 1563 468 ejus
1577 433 1648 468 quod
1673 437 1751 461 ante-

963 479 1046 506 cedit.
1075 478 1178 506 Puncto
1206 479 1287 514 igitur
1310 483 1338 506 et
1361 479 1467 506 initium
1494 484 1521 506 et
1535 479 1596 506 ﬁnis
1625 479 1753 507 tribuitur

964 524 1112 552 secundum
1127 524 1260 552 diversam
1274 525 1417 557 rationem,
1433 530 1515 559 atque
1527 525 1673 557 distinctos
1688 525 1754 553 sub-

965 569 1026 596 tiles
1042 569 1187 604 cogitatus.
1214 568 1272 597 Non
1287 575 1375 597 tamen
1393 571 1497 598 initium
1513 575 1539 598 et
1553 571 1613 599 linis
1629 577 1694 599 sunt
1713 573 1755 599 di-

965 622 1049 643 versae
1073 623 1126 647 res,
1141 615 1189 642 scd
1201 616 1307 650 utrique
1322 624 1375 643 una
1402 617 1550 651 eademque
1566 625 1609 645 res
1632 617 1754 653 subjecta

965 665 1018 694 est,
1044 669 1139 696 nempe
1165 666 1306 697 punctum.
1333 663 1372 690 Ad
1391 663 1451 691 lucc
1475 664 1558 691 etiam
1585 671 1713 693 accessus
1728 670 1757 693 et

966 713 1090 734 recessus
1115 714 1167 734 non
1196 714 1260 734 sunt
1284 705 1328 736 res
1342 708 1454 736 diversa
1469 718 1476 736 :
1494 709 1563 737 idem
1579 710 1650 737 enim
1667 711 1756 745 reipsa

967 752 993 779 in
1011 756 1124 787 utroque
1136 758 1223 780 motus
1238 759 1279 781 est
1293 762 1300 780 :
1315 754 1361 781 sed
1372 754 1575 789 distinguuntur
1583 755 1640 783 sola
1653 756 1758 785 ratione

968 799 1114 826 secundum
1131 799 1179 826 has
1192 800 1436 828 considemtiones.

1004 843 1120 871 Sanctus
1128 852 1236 879 quoque
1244 844 1362 880 Cyrillus
1377 846 1404 873 in
1418 846 1537 874 secundo
1562 846 1758 874 Tllesaurorum

934 877 955 904 Β
969 890 1037 917 dixit
1054 899 1061 917 :
1075 877 1162 917 Habet
1181 877 1208 917 ut
1223 877 1402 926 gigimlPoter
1414 897 1529 926 natura;
1550 893 1625 920 habet
1635 895 1717 921 etiam
1729 899 1758 921 It

969 940 1038 962 creet
1056 936 1199 963 conditoris
1216 937 1346 971 potentia,
1366 946 1412 972 per
1424 937 1525 966 Filium
1535 947 1600 972 ;nec
1620 945 1759 976 propterea

972 984 1131 1015 compositus
1156 987 1208 1015 est;
1217 987 1278 1010 sunt
1303 984 1371 1010 enim
1388 984 1492 1019 fructus
1507 985 1624 1019 ejusdem
1640 990 1757 1014 natura.

969 1027 1040 1055 Idem
1053 1036 1154 1056 rursus:
1166 1028 1266 1057 Facere
1274 1030 1377 1064 quidem
1387 1038 1418 1057 ac
1424 1039 1513 1059 creare
1534 1033 1692 1067 operationis
1701 1038 1758 1066 est;

969 1082 1094 1111 generare
1117 1079 1216 1107 autem,
1239 1080 1354 1103 natum.
1381 1075 1514 1104 Similiter
1527 1085 1635 1113 quoque
1661 1078 1759 1106 Dama-

971 1127 1069 1148 scenus
1106 1120 1144 1147 ait
1162 1128 1172 1147 :
1192 1119 1292 1147 Dioina’
1304 1125 1408 1148 natura:
1422 1130 1497 1156 opus,
1515 1123 1618 1150 steculis
1641 1124 1759 1152 anterior

971 1171 1115 1202 generatio,
1138 1173 1203 1200 opus
1226 1174 1285 1193 uero
1315 1166 1411 1194 divimu
1430 1167 1574 1196 roiuutatis
1600 1171 1758 1203 accomilii.

971 1213 1082 1240 creatio.

1006 1259 1046 1286 ΛιΙ
1072 1259 1142 1291 lucc,
1171 1259 1241 1287 sicut
1264 1259 1346 1287 habet
1363 1260 1408 1288 ille
1429 1261 1575 1296 Scriptura:
1589 1263 1665 1291 locus
1686 1265 1760 1297 τριιὶ

971 1308 1058 1343 genuit
1083 1308 1170 1342 glebas
1205 1308 1273 1335 roris
1303 1308 1336 1340 ¹⁰,
1355 1316 1406 1336 non
1439 1310 1532 1337 eadem
1562 1310 1665 1339 ratione
1697 1317 1753 1340 tum

972 1354 1074 1388 glebas,
1092 1358 1147 1380 tum
1163 1353 1263 1396 Filium
1285 1354 1422 1388 produxit.
1436 1355 1566 1383 Producit
1589 1357 1663 1384 enim
1689 1359 1760 1386 Deus

972 1404 1000 1427 ct
1022 1399 1101 1427 Pater
1124 1398 1224 1426 Filium
1246 1419 1253 1431 ,
1279 1400 1403 1434 producit
1427 1409 1493 1429 vero
1513 1403 1595 1430 etiam
1609 1407 1759 1433 creaturas.

972 1444 1008 1472 Ut
1020 1445 1090 1472 enim
1101 1444 1180 1472 docet
1196 1453 1308 1479 magnus
1319 1446 1483 1474 Athanasius
1493 1456 1499 1474 :
1509 1446 1596 1474 Causa
1605 1453 1643 1476 est
1654 1448 1703 1477 Dei
1714 1458 1762 1476 na-

974 1495 1034 1518 tura
1052 1490 1128 1522 Filii,
1137 1490 1251 1525 Spiritus
1265 1500 1295 1518 ac
1305 1491 1389 1519 omnis
1404 1497 1542 1520 creatum.
1552 1494 1586 1520 At
1595 1493 1692 1522 Filium
1700 1496 1762 1530 qni-

137 1544 265 1575 κτίσεως
276 1541 411 1574 ἀπάσης.
438 1541 520 1568 Ἀλλὰ
542 1541 664 1576 δηλονότι
675 1541 721 1567 τὺν
739 1541 788 1574 μὲν
803 1541 922 1575 ἀχρόνως

977 1536 1037 1563 dem
1054 1536 1112 1563 sine
1121 1541 1241 1571 tempore
1250 1541 1277 1563 et
1287 1543 1422 1564 comternc
1433 1538 1513 1573 inque
1521 1539 1613 1566 eadem
1623 1545 1721 1568 natura
1728 1549 1762 1569 ex

138 1590 188 1616 καὶ
210 1588 377 1622 συνωνύμως
397 1587 426 1619 ἐξ
444 1587 542 1613 ἑαυτοῦ
559 1587 660 1622 γεννᾷ·
677 1586 711 1614 τὰ
730 1586 759 1613 δὲ
783 1587 813 1613 ἐν
836 1586 926 1621 χρόνῳ

140 1635 189 1662 καὶ
208 1634 364 1668 ὁμωνύμως
378 1633 425 1660 καὶ
441 1632 660 1668 δημιουργικῶς,
677 1633 726 1659 καὶ
750 1632 803 1664 ἔξω
825 1630 925 1659 ἑαυτοῦ

140 1681 301 1714 παρήγαγε.
318 1679 402 1713 Δῆλον
418 1678 446 1705 δὲ
463 1678 511 1705 καὶ
525 1679 558 1705 ἐκ
571 1677 625 1704 τῶν
639 1678 687 1705 τοῦ
703 1677 784 1712 ἁγίου
798 1676 926 1712 Μαξίμου

140 1726 178 1757 ὼς
198 1725 287 1756 ἄλλως
301 1726 350 1752 καὶ
365 1725 451 1756 ἄλλως
465 1724 500 1751 τὰ
521 1724 633 1752 αίτιατὰ
648 1725 680 1751 ἐκ
702 1724 749 1750 τοῦ
763 1723 832 1750 Θεοῦ
846 1724 925 1755 εἰσιν,

139 1772 191 1798 οὐκ
213 1770 286 1805 ἄλλῳ
302 1772 351 1798 καὶ
367 1771 450 1806 ἄλλῳ.
468 1770 505 1797 Ob
518 1771 584 1806 γὰρ,
607 1770 653 1797 καὶ
676 1769 750 1805 ἄλλῳ
766 1770 857 1805 γεννᾷ,
880 1769 927 1796 καὶ

139 1817 233 1848 ἄλλοις
247 1816 346 1848 κτίζει.
373 1816 428 1842 Καὶ
442 1815 480 1847 ὡς
493 1816 507 1842 δ
530 1815 610 1846 αὐτός
637 1823 732 1851 φησιν,
747 1815 840 1847 ὀλος
862 1822 927 1848 γεν-

140 1861 214 1894 νῶν,
244 1860 294 1888 καί
321 1861 392 1893 ὅλος
418 1860 625 1896 δημιουργῶν·
644 1861 714 1888 ἀλλ’
735 1861 792 1896 οὐχ
808 1861 927 1895 ὁμοίως,

141 1908 210 1935 au‘
223 1908 296 1941 ὅλος
307 1906 434 1942 γεννῶν,
447 1907 489 1940 ὡς
504 1907 572 1940 ὅλος
587 1907 680 1934 οὐσία
689 1915 696 1922 ’
710 1907 782 1940 ὅλος
795 1906 851 1942 γάρ
861 1906 928 1934 ἐστι

143 1954 217 1986 Θεὸς
232 1954 249 1980 ὁ
269 1953 335 1986 Υἱὸς
349 1953 384 1985 ἐξ
398 1951 473 1980 ὅλου
484 1961 492 1969 ·
510 1952 581 1985 ὅλος
602 1952 790 1988 δημιουργῶν
802 1953 842 1986 ὡς
858 1952 930 1985 ὅλος

143 1999 376 2031 ἀνθυπόστατος
401 1998 551 2032 ἐνέργεια·
576 1998 626 2025 καί
639 1998 711 2031 ὅλος
733 1997 864 2032 cogi/(tor
879 1998 930 2025 καί

143 2045 312 2078 drawn-tur,
327 2045 367 2076 ὡς
382 2043 456 2077 ὅλος
471 2044 565 2078 σοφία
586 2044 635 2071 καί
651 2044 800 2078 ἀγαθότης
816 2044 864 2071 καὶ
879 2044 930 2071 δύ-

143 2097 250 2125 ναμις·
265 2090 304 2122 ὡς
321 2091 370 2125 μὲν
383 2090 437 2125 γὰρ
450 2090 499 2122 τῆς
514 2089 611 2116 ἑαυτοῦ
628 2089 736 2124 φύσεως
754 2090 929 2125 μεταδοτικὸς

144 2137 245 2171 γεννᾷ·
259 2136 297 2168 ὡς
320 2135 348 2162 δὲ
366 2136 414 2171 τῆς
439 2135 538 2162 ἑαυτοῦ
554 2135 714 2170 ὁμοιότητος
735 2135 806 2162 κατὰ
829 2136 929 2171 τέχνην

144 2182 327 2216 δημιουργεῖ·
345 2181 388 2208 ῐνα
413 2181 508 2216 μηδεὶς
526 2181 645 2216 μετοχῆς
671 2181 773 2215 τρόπος
797 2181 854 2216 ἀπῇ
879 2181 927 2208 τοῦ

145 2228 272 2259 ἐντελοῦς
287 2228 334 2254 καὶ
348 2226 453 2262 ἀγαθοῦ
469 2228 518 2253 καὶ
529 2227 616 2262 ἄκρου
630 2234 638 2242 ·
652 2226 707 2253 τῶν
718 2226 848 2254 τοιούτων
861 2227 927 2263 παρ’

145 2273 225 2307 ἡμῶν
255 2273 308 2307 μὲν
336 2272 416 2307 μόνον
436 2272 641 2306 πιστευομένων
655 2280 661 2287 ·
677 2272 715 2303 ὼς
730 2271 788 2307 ἔχει
802 2272 831 2299 δὲ
847 2273 928 2308 ἀκρι-

146 2319 213 2350 εῶςν
225 2318 292 2354 παρ’
307 2317 381 2352 αὐτῷ
397 2318 478 2352 μόνον
491 2317 714 2353 γινωσκομένων.

180 2408 235 2434 Καὶ
251 2406 289 2437 ὠς
302 2405 332 2438 ἐξ
345 2405 476 2440 ἀμυδρῶν
491 2405 605 2432 εἰκόνων
627 2405 673 2432 ἐπὶ
689 2404 735 2432 τὸν
755 2406 864 2433 πάντων
883 2407 927 2433 ατ-

143 2461 201 2479 τιον
216 2451 380 2487 ἀναχθῆναι,
397 2451 489 2486 μικρῷ
508 2450 580 2486 λόγῳ
590 2451 623 2478 τὰ
639 2451 745 2486 μεγάλα
763 2452 924 2487 σταθμωμὲ-

145 2507 219 2530 νους,
249 2497 343 2532 ὥσπερ
359 2497 394 2523 ἂν
423 2497 448 2523 εί
470 2497 518 2523 καὶ
532 2497 640 2532 νοήσειέ
661 2505 704 2529 τις
729 2498 760 2524 ἐκ
789 2497 836 2524 τοῦ
849 2498 926 2535 ἡλίου

144 2544 225 2571 ἀλλον
239 2543 318 2578 ἥλιον
335 2543 476 2578 προϊόντα,
492 2542 560 2578 ὁμοῦ
576 2544 610 2578 τῇ
633 2542 682 2570 τοῦ
697 2543 806 2578 πρώτου
820 2543 926 2579 ἐπινοίᾳ

143 2588 283 2623 γεπητῶς
310 2587 384 2622 αὐτῷ
402 2587 639 2623 συνεκλάμποντα,
665 2589 712 2616 καὶ
740 2589 809 2616 κατὰ
836 2590 928 2616 πάντα

143 2633 275 2665 ὡσαύτως
290 2633 389 2668 ἔχοντα
398 2641 405 2649 ο
421 2634 469 2659 καὶ
480 2631 560 2666 αὖθις
574 2635 614 2666 είς
626 2635 674 2661 τὸν
686 2635 761 2670 ἣλιον
772 2635 928 2670 ἐννοήσειεν

144 2679 242 2711 ἄλλως,
257 2679 306 2704 ἕνα
324 2678 389 2704 ὅντα
409 2680 478 2705 κατὰ
496 2681 596 2713 τρόπον
610 2680 770 2715 ὁμοιότητος
785 2682 824 2712 ei;
839 2681 927 2707 πολλὰ

145 2725 449 2760 πολλαπλασιασοῆναιο
465 2723 522 2751 οἷον
542 2726 571 2751 ὲν
600 2725 677 2753 ὕδασι
701 2727 748 2753 καὶ
763 2727 926 2761 κατόπτροι;

144 2770 265 2805 ὁρῶμεν,
284 2769 417 2805 ἀκινήτου
447 2770 575 2805 μένοντος
591 2771 695 2798 ἐκείνου
715 2772 762 2798 καὶ
780 2772 817 2808 μὴ
845 2780 927 2806 μετα-

185 2859 206 2875 ¹⁹
227 2857 277 2886 Jub
298 2866 411 2888 xxxvi".
427 2862 472 2888 ‘28.

977 1583 1067 1617 seipso
1079 1583 1179 1628 gignit;
1191 1587 1333 1611 creaturas
1347 1591 1411 1611 vero
1422 1584 1448 1611 in
1463 1589 1584 1620 tempore
1596 1586 1764 1623 diversasque

978 1633 1081 1656 natura:
1095 1636 1127 1656 ac
1140 1629 1257 1657 creantis
1273 1633 1418 1664 potestate,
1434 1634 1565 1665 extraque
1576 1638 1606 1658 se
1625 1633 1763 1667 produxit.

978 1673 1080 1709 Liquet
1090 1678 1117 1702 et
1129 1682 1161 1701 cx
1179 1674 1285 1701 Maximi
1312 1675 1458 1705 sententia.
1475 1676 1572 1704 eil'ecta
1589 1678 1668 1705 aliter
1683 1683 1764 1714 atque

978 1721 1057 1748 aliter
1080 1728 1113 1748 ex
1138 1720 1194 1748 Deo
1208 1728 1278 1751 esse.
1305 1729 1357 1748 non
1373 1721 1425 1748 alio
1447 1726 1527 1758 atque
1541 1722 1605 1750 alio.
1616 1722 1675 1752 Non
1690 1725 1763 1752 enim

979 1767 1032 1794 alio
1046 1766 1141 1803 gignit,
1158 1770 1239 1802 atque
1254 1766 1315 1793 aliis
1331 1772 1416 1795 creat.
1437 1769 1525 1802 Atque
1551 1773 1579 1795 ut
1601 1769 1672 1797 idem
1698 1770 1737 1798 ait
1753 1780 1762 1798 :

980 1813 1060 1840 Totus
1077 1813 1195 1847 gignens,
1217 1821 1250 1839 ac
1266 1817 1337 1840 totus
1363 1814 1475 1841 condens
1489 1822 1521 1840 ac
1535 1822 1639 1847 creant,
1659 1823 1710 1843 non
1723 1822 1765 1844 ta-

978 1865 1037 1885 men
1052 1858 1142 1885 eadem
1159 1858 1272 1891 ratione,
1286 1858 1332 1885 sed
1347 1862 1417 1885 totus
1428 1859 1536 1894 gignens
1547 1864 1576 1886 ut
1588 1864 1659 1888 lotus
1673 1869 1762 1889 euen-

980 1904 1017 1931 tia
1032 1903 1110 1939 (lotus
1119 1904 1187 1931 enim
1198 1902 1284 1931 Filius
1301 1904 1369 1931 Deus
1384 1912 1416 1932 ex
1427 1908 1480 1931 tolo
1495 1905 1557 1940 est),
1573 1910 1643 1933 lotus
1650 1907 1764 1934 candela

980 1957 1011 1975 ac
1024 1956 1128 1981 aream,
1146 1952 1175 1976 ut
1192 1953 1262 1976 totus
1273 1949 1330 1983 ipsa
1349 1958 1365 1976 a
1385 1958 1412 1977 Ie
1432 1958 1490 1978 vere
1503 1951 1629 1978 cuiatem
1644 1953 1764 1985 operatio

979 1999 1114 2029 actusque.
1135 1994 1213 2022 Totus
1229 1995 1298 2022 idem
1319 1996 1475 2029 sapientiam
1498 2001 1626 2031 prwstam
1647 2003 1672 2025 et
1688 1998 1765 2025 boni-

980 2045 1071 2073 tatem,
1084 2044 1112 2067 ut
1129 2045 1198 2067 totus
1212 2040 1339 2075 sapientia
1364 2046 1387 2068 et
1403 2041 1504 2068 bonitas
1519 2047 1544 2068 et
1565 2043 1646 2070 virtus
1658 2052 1703 2070 seu
1716 2053 1765 2078 po-

980 2087 1072 2114 tentia.
1087 2086 1228 2120 Quatenus
1242 2087 1314 2114 enim
1328 2095 1359 2114 ea
1377 2087 1401 2114 vi
1415 2087 1544 2122 pranlitns
1565 2094 1606 2116 est
1638 2095 1667 2117 ut
1687 2096 1765 2118 natu-

981 2141 1037 2160 ram
1056 2140 1131 2160 suam
1158 2133 1349 2164 communicet.
1365 2132 1461 2167 gignit,
1494 2139 1628 2168 quatenus
1655 2143 1718 2163 vero
1735 2140 1764 2162 ut

980 2178 1128 2206 secundum
1144 2183 1228 2205 artem
1245 2177 1422 2205 simillludine
1435 2186 1483 2206 sua
1497 2179 1646 2214 impartiat,
1669 2186 1763 2214 creat;

979 2231 1014 2251 ne
1027 2223 1095 2251 ullus
1107 2223 1204 2251 modus
1217 2223 1432 2259 participationis
1447 2224 1518 2252 desit
1535 2225 1593 2259 ejus
1608 2227 1654 2262 qui
1672 2227 1764 2262 perfe-

978 2274 1039 2297 Ctus
1059 2269 1198 2304 bonusque
1221 2273 1249 2296 et
1268 2265 1390 2296 summus
1410 2274 1462 2297 est.
1479 2269 1563 2298 Porro
1587 2272 1652 2300 talia
1675 2266 1764 2302 solum

979 2314 1134 2348 credimus;
1159 2319 1189 2342 ut
1210 2319 1299 2342 autem
1319 2321 1348 2342 se
1361 2315 1488 2349 habeant,
1502 2323 1630 2346 accurate
1645 2319 1682 2347 illi
1692 2321 1764 2348 dum

979 2365 1053 2389 taxat
1064 2367 1107 2389 est
1117 2361 1263 2396 cognitum.

1016 2409 1104 2442 Atque
1119 2412 1148 2434 ut
1161 2415 1193 2435 ex
1209 2408 1333 2435 obscuris
1349 2407 1500 2436 simulacris
1519 2409 1553 2436 ad
1576 2410 1762 2438 universorum

981 2458 1123 2481 auctorem
1147 2454 1341 2487 provehamur,
1361 2453 1424 2480 exili
1453 2454 1558 2482 ratione
1584 2463 1628 2482 res
1652 2464 1763 2492 magnas

982 2499 1178 2534 ponderantes,
1192 2498 1265 2526 velut
1279 2498 1301 2525 si
1317 2499 1379 2533 quis
1394 2506 1426 2525 ex
1439 2498 1495 2526 sole
1507 2500 1592 2528 solem
1608 2501 1690 2529 alium
1703 2510 1765 2537 pro-

980 2544 1133 2577 cedentem,
1152 2550 1213 2570 mox
1229 2550 1260 2570 ac
1276 2542 1320 2570 ille
1336 2543 1439 2578 primus
1453 2544 1481 2571 in
1493 2545 1613 2572 animum
1630 2547 1760 2580 incurrit.

981 2596 1034 2616 una
1057 2595 1119 2616 cum
1140 2587 1184 2615 illa
1209 2588 1334 2622 gignendi
1361 2589 1467 2616 ratione
1482 2590 1591 2618 elucere
1617 2591 1761 2628 intelligat.

980 2633 1074 2662 eodem
1090 2640 1120 2661 se
1135 2640 1247 2667 prorsus
1265 2633 1344 2660 modo
1357 2640 1390 2660 ac
1401 2633 1447 2661 ille
1462 2634 1607 2663 habentem
1626 2644 1633 2663 :
1652 2641 1763 2673 tumque

979 2686 1074 2706 rursus
1094 2685 1156 2705 eum
1183 2677 1279 2709 solem,
1294 2685 1354 2704 cum
1369 2677 1468 2713 alioqui
1485 2687 1555 2707 imus
1570 2682 1616 2713 sit,
1645 2682 1672 2710 in
1686 2682 1761 2718 plura

983 2723 1170 2753 similitudinis
1186 2723 1290 2751 ratione
1305 2724 1481 2758 multiplicari
1495 2727 1671 2761 cogitaverit;
1685 2728 1763 2756 velut

979 2773 1006 2800 in
1023 2779 1091 2807 aqua
1111 2771 1234 2798 videmus
1252 2773 1279 2798 et
1295 2770 1424 2806 speculis,
1447 2777 1572 2801 manente
1597 2773 1643 2801 illo
1662 2774 1762 2802 immo-
