1950 3064
151 98 204 132 379
776 102 975 134 MANUELIS
998 105 1149 135 CALEC/E
1717 104 1776 135 386'

152 163 284 192 νειιοιυιις
301 158 358 194 ipse
367 165 445 190 vero,
460 157 605 186 immobilis
619 162 672 186 est.
684 157 759 187 Unde
773 159 853 186 etiam
869 167 930 194 cap.

989 159 1005 186 λ’
1019 160 1146 196 τοῦ-Περὶ
1161 161 1247 189 θείων
1258 161 1412 196 ὀνομάτων
1423 161 1505 196 φησὶν
1517 161 1530 187 ὀ
1540 160 1610 192 θεῖος
1619 161 1767 193 Διονύσιος·

152 204 171 230 9
184 203 245 231 libri
263 204 298 231 De
309 204 401 231 divini:
410 203 571 236 nominibus,
581 204 619 231 ait
630 203 661 231 D.
679 203 825 240 Dionysius
840 215 847 232 :
863 205 933 238 Quid

989 207 1016 233 Τί
1039 205 1073 232 δὲ
1097 207 1145 234 καί
1160 206 1233 234 ὅταν
1258 205 1344 238 αὖθις
1357 208 1384 234 ot
1399 207 1534 240 θεολόγοι
1559 207 1703 239 προϊόντα
1719 205 1768 232 καὶ

153 257 212 275 vero
229 250 307 276 etiam
322 257 380 276 clm
397 257 489 276 mrsu:
505 250 579 276 aiunt
593 249 706 284 theologi
726 251 866 284 procedere
892 255 934 277 at-

154 302 203 328 que
217 294 313 320 moveri
340 301 411 324 eum,
424 294 471 328 qui
486 293 629 321 immobilis
645 298 683 321 est
696 296 709 322 γ
720 294 748 322 Si
764 295 836 322 enim
852 295 933 322 est-in

153 337 201 365 illo
212 338 376 371 operationis
393 343 493 372 motus,
512 339 564 366 erit
581 340 734 368 communis
749 340 835 367 forma
861 341 931 375 pati-

152 383 214 410 bilis
230 383 336 411 virtutis
355 391 455 417 rerum,
473 389 501 411 et
513 384 633 412 l'at'tricis
659 385 717 419 ejus
730 385 851 413 virtutis.
878 385 935 413 Mo-

153 434 196 456 tus
210 429 281 456 enim
305 433 381 456 actus
400 434 442 457 est
456 435 483 457 et
492 430 622 464 perfectio
640 438 671 458 ac
697 431 784 458 forma
793 432 933 466 utriusque

152 475 260 501 virtutis
278 479 326 501 seu
338 476 474 509 potentiae,
488 480 623 510 quatenus
637 477 759 511 polentia
773 482 831 510 est;
862 478 933 505 velut

152 519 294 547 aediﬁcatio
316 519 374 555 ejus
390 521 460 555 quod
475 521 602 548 aediﬁcari
626 522 717 554 habet,
728 527 755 549 et
772 523 844 557 quod
879 523 931 550 vim

152 564 410 594 habetaaditicandi.
444 566 520 593 Nulla
536 571 624 594 autem
650 567 696 596 Dei
719 575 752 595 ac
775 575 864 596 rerum
892 573 932 596 est

151 610 302 637 communis
321 609 418 638 forma.

187 652 319 686 Septimo,
337 654 408 689 quod
423 655 455 682 dc
473 656 530 689 ipsa
543 656 653 691 quidem
683 659 849 692 operatione,
877 667 931 694 qua

153 697 228 726 Deus
241 700 336 733 agendi
353 700 377 726 vi
391 700 523 735 praeditus
554 706 606 734 est,
640 703 803 739 quandoque
831 705 932 732 sanctis

154 743 244 776 dicta;
259 745 291 770 ad
307 744 417 779 haecque
430 747 463 773 de
479 747 533 773 vita
557 751 584 774 et
606 747 739 782 sapientia
761 752 789 775 et
814 749 932 783 polentia

154 796 202 816 seu
217 789 315 817 virtute
332 794 358 817 et
372 791 503 825 bonitate,
517 800 624 828 nempe,
638 795 758 828 polentia
781 802 828 823 seu
845 797 931 823 virtus

149 830 182 862 et
195 835 251 862 vita
263 839 292 862 et
306 836 437 871 sapientia
457 843 484 865 et
501 838 607 866 bonitas
619 847 627 872 ;
639 839 704 872 quin
722 840 786 873 imo,
811 841 866 874 ipsa
885 849 932 876 per
949 832 971 860 δ

154 887 185 906 se
199 881 343 914 sapientia,
356 882 412 917 ipsa
424 883 489 915 vita,
500 884 614 918 ipsaque
631 886 751 919 potentia
764 893 813 913 seu
827 887 931 920 virtus;

154 931 215 959 qum
225 924 349 953 videlicet
368 934 416 962 pro
430 927 553 956 humana
568 929 711 957 locutionis
728 931 819 962 modo,
834 931 933 958 huma-

155 970 217 998 nius
226 970 267 1006 (ut
278 972 314 999 ita
326 972 425 1007 dicam)
434 973 606 1010 crassiusque
617 975 714 1003 tradita
724 981 865 1008 sunt,cum
881 984 933 1004 non

154 1017 291 1050 contingat
306 1017 384 1045 aliter
397 1025 468 1051 eam,
484 1024 565 1053 quam
586 1026 635 1053 pro
650 1027 684 1047 eo
693 1027 725 1048 ac
742 1021 778 1048 illi
794 1029 934 1056 compara-

155 1064 211 1088 tum
223 1065 275 1095 est,
292 1068 440 1098 conceptus
455 1068 534 1098 atque
545 1065 652 1092 nomina
672 1065 794 1100 proferre
806 1087 814 1099 ,
839 1067 879 1094 sic
906 1071 936 1095 ut

155 1106 227 1134 dicta
239 1111 314 1141 sunt,
332 1109 414 1136 etiam
429 1109 456 1136 in
474 1110 528 1138 Deo
542 1117 571 1138 se
583 1111 690 1146 proprie
716 1111 817 1140 habere
845 1114 935 1141 credi-

155 1152 264 1181 derunt.
280 1153 326 1187 Ut,
342 1155 416 1182 verbi
434 1155 532 1191 gratia,
549 1157 610 1191 quia
628 1157 728 1184 dicitur
751 1158 834 1186 Deum
853 1159 935 1186 hahe-

156 1205 188 1226 re
200 1199 294 1232 vitam,
309 1205 357 1228 aut
372 1201 500 1229 virtutem
519 1207 564 1230 aut
589 1204 749 1238 sapientiam
766 1209 814 1232 aut
840 1212 936 1240 opera-

154 1245 273 1279 tionem;
291 1251 318 1273 et
333 1256 341 1274 :
359 1246 433 1275 Sicut
458 1248 539 1275 Pater
554 1249 629 1276 habet
650 1250 728 1277 vitam
746 1251 774 1277 in
785 1252 932 1286 semetipso,

153 1292 192 1319 sic
202 1292 274 1319 dedit
287 1297 312 1320 et
325 1293 396 1321 Filio
405 1295 484 1321 vitam
500 1294 594 1322 habere
605 1296 631 1322 in
643 1297 779 1331 semetipso
793 1296 826 1329 ³⁵,
839 1301 866 1324 et
876 1305 936 1332 qua:

153 1342 217 1366 sunt
231 1339 377 1373 ejusmodi;
391 1347 423 1367 ex
437 1340 478 1367 his
493 1340 543 1374 illi,
554 1340 624 1368 aliud
636 1341 745 1375 quidem
760 1342 830 1376 quod
845 1342 935 1374 habet,

153 1385 226 1412 aliud
253 1387 277 1413 id
301 1387 372 1422 quod
397 1387 519 1421 habetur,
536 1395 595 1416 esse
606 1393 768 1422 statuerunt,
781 1394 935 1416 sanctorum

155 1431 188 1458 de
209 1431 250 1459 his
266 1432 475 1466 expositionibus
492 1434 610 1461 animum
632 1435 741 1462 minime
758 1435 935 1469 attendentes,

157 1481 206 1504 aut
221 1485 286 1504 vero
299 1479 437 1506 attendere
453 1480 592 1514 nolentes;
607 1481 633 1508 id
642 1481 749 1516 quidem
760 1481 830 1516 quod
844 1481 934 1512 habet.

154 1518 263 1547 Patrem
279 1521 354 1549 verbi
366 1523 464 1556 gratia,
481 1528 527 1550 aut
543 1524 637 1556 Deum,
662 1525 704 1552 vel
724 1526 870 1553 essentiam
891 1533 934 1554 es-

155 1573 186 1593 se
198 1566 392 1601 decernentes;
409 1561 481 1603 quod
501 1576 566 1597 vero
577 1569 701 1602 habetur,
726 1570 809 1597 vitam
824 1575 870 1598 aut
887 1577 932 1598 ειη

155 1611 295 1645 pientiam,
309 1617 355 1640 aut
369 1614 514 1648 potentiam
528 1621 576 1642 seu
587 1615 725 1648 virtutem,
742 1621 789 1643 aut
801 1617 937 1650 operatio-

156 1664 230 1689 nem,
244 1664 296 1691 qua
310 1657 379 1685 Deus
390 1659 530 1693 (quidquid
541 1660 648 1687 tandem
661 1665 722 1687 actu
733 1660 785 1696 est)
798 1661 825 1688 in
837 1666 936 1688 aeterna

156 1701 371 1738 itnmutabilique
397 1703 538 1732 identitate
550 1706 728 1733 consimiliter
747 1706 882 1735 subsistit.
897 1707 935 1734 lta

155 1747 282 1774 nimirum
294 1748 345 1776 illis
357 1749 414 1777 fere
426 1750 524 1781 evenit,
534 1758 566 1778 ac
584 1751 688 1786 si,qnia
703 1752 784 1779 etiam
797 1752 936 1787 Scriptura

155 1792 238 1820 dicit:
252 1792 348 1821 Manut
361 1800 412 1822 tua:
426 1794 543 1828 fecerunt
557 1804 597 1823 me
606 1802 630 1823 et
643 1796 836 1832 plasmaverunt
848 1806 888 1824 me
898 1798 934 1831 ³¹;

154 1839 210 1872 vel,
223 1840 315 1868 Audivi
328 1849 412 1868 vorem
424 1846 497 1868 tuam
513 1842 704 1870 deambulanti:
718 1843 746 1870 in
757 1843 882 1876 paradiso
901 1844 935 1871 atl

155 1893 297 1919 vesperam,
316 1890 341 1913 et
361 1887 487 1914 abscondi
506 1896 546 1915 me
567 1888 608 1920 ";
626 1888 685 1916 sive
704 1897 711 1915 :
734 1888 869 1917 Odoratut
898 1894 936 1917 ert

155 1931 283 1959 Dominus
297 1932 402 1959 odorem
418 1933 603 1966 citavitatir”;
616 1938 672 1967 aut,
689 1934 799 1970 Pergunt
809 1935 843 1962 ad
856 1943 898 1962 eos
910 1936 937 1962 in

155 1976 244 2010 furore
259 1977 373 2012 obliquo,
393 1978 457 2006 dicit
475 1978 600 2006 Dominus
612 1979 635 1995 “
650 1987 657 2007 :
674 1987 704 2006 ex
723 1980 764 2007 his
791 1980 885 2013 utique
910 1984 938 2007 et

155 2022 301 2055 simililms,
311 2023 393 2051 Deum
405 2025 551 2053 statuerint
566 2033 623 2053 rem
637 2026 781 2060 quamdam
807 2033 868 2053 esse
884 2027 936 2052 hu.

156 2075 234 2095 mana
252 2069 390 2103 praeditam
406 2069 502 2104 forma,
519 2076 546 2099 et
557 2071 718 2099 sentientem
732 2078 763 2098 ac
775 2071 935 2098 irascentem

156 2120 364 2149 acqnaacunque
389 2116 441 2142 alia
468 2117 557 2144 divina
586 2115 725 2150 Seriptnra
756 2116 878 2151 loquitur
902 2116 937 2143 ob

988 252 1168 286 κινούμενον
1182 253 1257 288 φασί
1274 252 1328 280 τὸν
1343 252 1505 286 ditty-uror;
1516 251 1547 277 El
1565 252 1619 286 γὰρ
1633 251 1711 278 ἔστιν
1725 251 1775 276 sit“

984 297 1089 324 ἐκείνου
1102 299 1119 332 ὴ
1136 298 1275 333 ἐνεργείας
1291 298 1409 333 κίνησις,
1435 297 1513 324 ἔσται
1533 297 1621 323 κοινὸν
1635 295 1705 328 εἶδος
1719 296 1769 330 τῆς

983 343 1139 379 παθητικῆς
1151 344 1292 378 δυνάμεως
1306 343 1360 370 τῶν
1381 343 1477 374 ὅντων,
1497 342 1605 376 καὶτῆς
1622 340 1768 374 ποιητικῆς

984 389 1127 424 δυνάμεως
1140 390 1233 418 αὑτοῦ,
1253 390 1285 416 Ἠ
1302 389 1356 424 γὰρ
1372 388 1479 423 κίνησίς
1494 390 1566 414 ἔστιν
1581 388 1596 421 ἡ
1613 386 1769 427 ἐντελέχεια

985 436 1032 462 καὶ
1051 435 1084 462 τὸ
1110 434 1180 467 side;
1208 436 1342 471 ἑκατέρας
1367 435 1519 469 δυνάμεως,
1534 433 1595 460 καθ’
1609 433 1622 459 ὃ
1637 433 1766 466 δύναμις·

982 480 1104 516 ὥσπερὴ
1118 481 1292 515 οἰκοδόμησις
1308 480 1356 507 τοῦ
1376 489 1406 507 τε
1425 479 1604 513 οἰκοδομητοῦ
1630 478 1677 505 καὶ
1693 478 1778 504 οἰκον

981 525 1140 561 δομητικοῦ.
1160 526 1244 553 onst»;
1261 527 1289 553 δὲ
1307 524 1376 558 εἶδος
1393 526 1440 553 τοῦ
1457 525 1525 552 Θεοῦ
1540 526 1586 552 καὶ
1602 525 1654 551 τῶν
1669 524 1766 551 ὄντων.

1019 653 1051 687 ζ’.
1071 655 1133 682 Ὀτι
1152 655 1187 682 τὰ
1204 657 1268 691 περὶ
1296 656 1382 691 αὐτῆς
1411 657 1461 691 μὲν
1474 656 1524 691 τῆς
1539 656 1690 691 ἐνεργείας,
1706 655 1758 682 καθ

981 701 1042 736 ἥνό
1067 701 1132 733 Θεὸς
1159 701 1335 737 ὲνεργητικός
1361 702 1446 734 ἐστιν,
1477 701 1585 736 ἐνιαχοῦ
1609 702 1664 733 τοῖς
1681 701 1768 734 ἁγίοις

983 747 1115 782 είρημένα
1125 756 1133 763 ·
1146 747 1187 774 ἔτι
1209 748 1237 773 δὲ
1251 747 1315 782 περὶ
1329 748 1377 782 τῆς
1391 747 1464 782 ζωῆς
1479 748 1526 774 καὶ
1543 746 1637 781 σοφίας
1662 746 1710 773 καὶ
1722 746 1768 773 δυ-

983 792 1090 826 νάμεως
1101 792 1148 819 καὶ
1163 792 1347 826 ἀγαθότητο;,’
1359 793 1376 827 ὴ
1391 791 1506 827 δύναμις
1525 793 1572 819 καὶ
1587 792 1645 827 ζωὴ
1656 792 1702 819 καὶ
1719 801 1766 818 σο-

986 838 1034 872 φία
1045 838 1091 865 καὶ
1105 838 1254 873 ἀγαθότης,
1271 838 1370 872 μᾶλλον
1379 838 1407 864 δὲ
1422 838 1570 872 αὐτοσοφία
1583 839 1629 865 καὶ
1642 838 1768 873 αὖτοζωὴ

987 883 1034 910 καὶ
1046 883 1245 917 αὑτοδὺναμιςο
1260 883 1331 910 κατὰ
1353 883 1386 917 δὴ
1405 883 1450 909 τὸν
1477 883 1576 918 τρόπον
1595 885 1646 918 τῆς
1663 883 1770 918 ἀνθρω-

987 928 1067 964 πίνης
1090 928 1243 962 διαλέξεως,
1276 928 1519 963 ἀνθρωπινώτερον
1551 928 1768 964 παραδεδομένα,

987 974 1036 1001 οὐκ
1052 973 1139 1006 ἄλλως
1152 974 1337 1009 ὲγχωρούσης,
1353 974 1370 1009 ἢ
1383 975 1421 1006 ὡς
1435 974 1551 1009 πέφυκε,
1564 975 1711 1011 προφέρειν
1735 975 1771 1002 τὰ

987 1020 1110 1055 νοήματα
1126 1019 1173 1046 καὶ
1189 1019 1223 1046 τὰ
1235 1019 1364 1052 ὀνόματα,
1378 1019 1465 1050 οὕτως
1477 1019 1514 1051 ὡς
1527 1019 1646 1055 εἴρηται,
1661 1020 1708 1046 καὶ
1723 1020 1770 1046 ἐπὶ

988 1065 1033 1093 τοῦ
1064 1064 1130 1091 Θεοῦ
1156 1064 1258 1099 κυρίως
1276 1064 1349 1100 ἔχειν
1378 1065 1553 1093 ἐπίστευσαν.
1573 1062 1770 1098 Οἷον,ἔπειδᾶν

987 1110 1096 1145 λέγεται
1117 1109 1164 1137 τὸν
1180 1110 1246 1137 Θεὸν
1261 1110 1334 1145 ἔχειν
1348 1108 1431 1145 ζωὴν,
1449 1110 1465 1145 ἢ
1478 1109 1591 1145 δύναμιν
1606 1111 1623 1145 ἢ
1636 1110 1731 1144 σοφίαν
1752 1111 1768 1145 ἢ

989 1157 1146 1191 ἐνέργειαν·
1177 1156 1235 1187 καὶ,
1266 1155 1380 1190 Ὥσπερ
1410 1156 1427 1182 ὁ
1443 1155 1542 1189 Πατὴρ
1567 1156 1630 1190 ἔχει
1646 1155 1722 1189 ζωὴν
1736 1155 1771 1182 ἐν

988 1201 1093 1234 ἑαυτῷ,
1110 1201 1204 1234 οὕτως
1227 1201 1319 1229 ἔδωκε
1348 1201 1397 1229 καί
1415 1201 1454 1234 τῷ
1469 1201 1522 1234 Υιῷ
1537 1201 1613 1235 ζωὴν
1643 1202 1725 1235 ἔχειν
1736 1202 1770 1228 ἐν

989 1247 1094 1280 ἑαυτῷ,
1111 1248 1157 1274 καὶ
1172 1249 1223 1275 ὅσα
1238 1247 1350 1274 τοιαῦτα
1361 1255 1369 1262 ·
1397 1248 1427 1279 ἐξ
1441 1243 1478 1274 ὧν
1491 1247 1554 1274 ἄλλο
1580 1247 1629 1282 μὲν
1643 1247 1673 1274 τὸ
1698 1247 1770 1282 ἔχον,

989 1293 1053 1320 ἄλλο
1069 1293 1097 1319 δὲ
1111 1293 1139 1320 τὸ
1157 1293 1285 1328 ἐχόμενον
1303 1293 1394 1319 ἔθεντο
1408 1290 1488 1325 εἷναι,
1507 1293 1545 1327 μὴ
1561 1294 1619 1323 ταις
1631 1294 1695 1327 περὶ
1708 1293 1771 1319 τού-

989 1348 1043 1366 rem
1059 1338 1203 1373 ἑξηγήσεσι
1217 1339 1270 1365 τῶν
1285 1339 1369 1372 ἁγίων
1389 1339 1582 1373 προσσχόντες,
1595 1339 1611 1373 ἦ
1623 1339 1769 1373 προσσχεῖν

992 1384 1028 1420 μὴ
1042 1384 1229 1420 βουληθέντες,
1242 1385 1271 1411 τὸ
1289 1385 1337 1419 μὲν
1353 1385 1412 1419 ἔχον
1421 1385 1466 1411 τὸν
1479 1384 1584 1418 Πατέρα
1597 1384 1661 1419 φέρε
1670 1385 1769 1416 εἰπεῖν,

991 1431 1007 1466 ἢ
1026 1431 1071 1456 τὸν
1090 1430 1164 1462 Θεὸν,
1180 1431 1196 1465 ἢ
1216 1430 1265 1464 τὴν
1281 1430 1375 1456 οὐσίαν
1389 1427 1458 1456 εἶναι
1488 1430 1647 1465 ὁρισάμενοι
1659 1438 1666 1446 ·
1685 1429 1714 1456 τὸ
1741 1430 1770 1456 δὲ

991 1476 1119 1511 ἐχόμενον
1133 1476 1181 1512 τὴν
1195 1476 1268 1510 ζωὴν
1282 1476 1298 1510 ἢ
1310 1476 1360 1512 τὴν
1385 1476 1493 1510 σοφίαν,
1511 1475 1526 1510 ἢ
1547 1476 1596 1509 τὴν
1610 1476 1725 1510 δύναμιν
1752 1476 1768 1509 ἢ

986 1521 1034 1557 τὴν
1053 1522 1203 1557 ἐνέργειαν,
1231 1522 1291 1548 καθ’
1303 1522 1336 1556 ἢν
1350 1522 1514 1556 ὑφέστηκεν,
1532 1522 1546 1548 ὃ
1567 1522 1593 1548 τί
1608 1522 1667 1548 ποτ’
1694 1521 1769 1548 ἐστιν

987 1568 1122 1603 ἐνεργείᾳ,
1142 1569 1155 1595 ὁ
1175 1567 1254 1600 Θεὸς,
1269 1569 1297 1594 ὲν
1312 1568 1411 1603 αἰωνία
1424 1568 1470 1594 καὶ
1484 1567 1666 1603 ἀμεταὸλήτῳ
1675 1567 1770 1594 ταυτό-

985 1620 1048 1646 τητι
1062 1612 1257 1647 παραπλήσιον
1273 1612 1449 1644 πεπονθότες,
1462 1612 1556 1647 ὥσπερ
1572 1612 1604 1638 ἂν
1619 1613 1644 1638 εί.
1661 1613 1709 1639 καὶ
1720 1612 1769 1647 τῆς

986 1658 1098 1693 Γραφῆς
1112 1658 1256 1693 λεγούσης,
1271 1659 1306 1685 Al
1326 1658 1423 1692 χεῖρές
1435 1665 1492 1684 σου
1509 1658 1659 1691 ἐποίησάν
1671 1667 1708 1693 με
1721 1659 1769 1685 καί

987 1703 1126 1731 ἔπλασαν
1138 1712 1190 1738 με·
1210 1703 1238 1738 ἦ,
1273 1703 1331 1738 Τῆς
1347 1704 1450 1738 φωνῆς
1469 1712 1527 1731 σου
1550 1703 1670 1738 ἤκουσα
1687 1712 1770 1738 περι-

987 1749 1154 1782 πατοῦντος
1182 1749 1217 1775 ἐν
1236 1748 1276 1781 τῷ
1295 1748 1466 1783 παραδείσῳ
1491 1749 1524 1775 τὸ
1549 1748 1692 1781 δειλινὸν,
1719 1749 1773 1776 καί

987 1794 1118 1828 ἐκρύϐην
1128 1803 1136 1811 ·
1152 1795 1180 1830 ἢ,
1193 1795 1258 1821 Ὀτι
1270 1794 1431 1829 ὼσφράνθη
1450 1795 1556 1828 Κύριος
1575 1795 1676 1829 ὀσμὴν
1700 1794 1774 1821 εὐω-

987 1840 1054 1873 δίας
1065 1847 1073 1855 ⁸
1090 1840 1148 1872 καὶ,
1162 1840 1227 1867 ὀτι
1249 1840 1434 1874 πορεύσομαι
1449 1840 1523 1873 πρὸς
1547 1840 1624 1874 ὑμᾶς
1639 1840 1674 1866 ἐν
1689 1838 1771 1873 θυμῷ

987 1884 1114 1919 πλαγίῳ,
1133 1885 1213 1919 λέγει
1226 1886 1342 1919 Κύριος·
1358 1886 1390 1912 ἐκ
1401 1885 1432 1919 δὴ
1444 1885 1547 1912 τούτων
1558 1885 1606 1911 καὶ
1618 1884 1672 1911 τῶν
1682 1885 1772 1911 τοιού-

986 1939 1041 1958 των
1054 1930 1287 1966 ἀνθρωπόμορφόν
1303 1940 1329 1958 τι
1347 1928 1416 1957 εἶναι
1434 1930 1479 1957 τὸν
1492 1930 1558 1956 Θεὸν
1570 1930 1698 1963 ἐτίθεντο,
1723 1930 1772 1957 καὶ

987 1975 1183 2010 αἰσθανόμενον
1202 1975 1249 2002 καὶ
1265 1975 1447 2010 θυμούμενον,
1462 1976 1510 2002 καὶ
1520 1975 1570 2002 ὅσα
1582 1975 1649 2002 ἄλλα
1663 1975 1707 2002 διὰ
1722 1974 1781 2010 τὴν,

987 2020 1042 2047 τῶν
1053 2021 1207 2047 ἀκουόντων
1220 2020 1364 2047 ἀσθένειαν
1376 2021 1392 2055 ἠ
1409 2020 1469 2047 θεία
1485 2021 1582 2056 Γριφὴ
1605 2021 1771 2054 διαλέγεται,

987 2066 1031 2093 διὰ
1059 2067 1162 2094 τούτων
1187 2066 1230 2101 ἐφ’
1245 2067 1326 2102 ἕτερα
1355 2067 1430 2101 ἡμᾶς
1455 2067 1604 2100 ἀνάγουσι.
1624 2067 1720 2094 Καίτοι
1739 2067 1770 2093 οὺ

989 2112 1069 2148 μόνον
1094 2114 1108 2140 ὁ
1124 2113 1189 2144 Θεὸς
1215 2112 1324 2146 λέγεται
1345 2113 1386 2139 ὅτι
1413 2112 1469 2147 ἔχει
1497 2111 1600 2148 ζωὴνῆ
1621 2113 1771 2148 ἐνέργειαν.

157 2159 307 2186 auditorum
324 2160 547 2194 imbecillitatem,
564 2169 597 2188 ex
617 2162 659 2188 his
677 2163 711 2189 ad
736 2161 788 2189 alia
801 2162 882 2189 nobis
897 2162 934 2189 al-

989 2158 1045 2185 ἀλλ’
1057 2158 1097 2184 ὅτι
1117 2158 1173 2192 ἔχει
1201 2158 1249 2184 καὶ
1265 2157 1370 2190 οὐσίαν,
1388 2158 1458 2184 κατὰ
1469 2158 1513 2196 τὸν
1534 2158 1612 2192 ἅγιον
1629 2158 1772 2184 Ὶουστίνον

156 2203 224 2230 tiora
240 2204 290 2230 iter
308 2205 439 2239 prudens.
450 2205 568 2232 Tametsi
584 2206 663 2237 Deus,
679 2206 776 2233 nedum
793 2207 872 2233 vitam
891 2207 937 2233 ha-

158 2247 221 2274 bere
232 2247 336 2274 dicatur
347 2252 393 2274 aut
412 2249 610 2282 operationem,
627 2256 719 2277 verum
744 2250 825 2277 etiam
839 2259 935 2278 caseu-

157 2292 233 2324 tiam,
254 2299 300 2319 seu
317 2294 506 2326 substantiam,
526 2299 556 2321 ut
583 2300 679 2322 auctor
703 2301 743 2322 est
758 2295 883 2324 Justinus
911 2297 936 2323 in

157 2337 227 2364 libro
241 2338 370 2366 Aduersus
390 2339 513 2371 Cra-rat;
539 2345 680 2375 totumque
709 2342 936 2374 comprehensum

158 2383 186 2410 in
202 2383 291 2417 scipso
307 2391 368 2412 esse
382 2385 494 2418 habere,
511 2390 538 2412 ut
552 2387 790 2421 scntitGregor-ius
820 2387 938 2414 Theolo-

159 2435 219 2462 gos.
246 2428 467 2464 Quandoquidem
499 2431 581 2466 igitur
605 2433 677 2459 aliud
703 2439 764 2459 esse
796 2433 891 2459 dicunt
913 2433 937 2460 id

989 2204 1019 2230 ὲν
1029 2204 1068 2238 τῷ
1085 2204 1155 2230 κατὰ
1184 2203 1318 2238 Ἑλλήνων
1333 2203 1415 2230 αὑτοῦ
1431 2203 1503 2238 λόγῳ
1517 2211 1525 2219 ο
1549 2203 1596 2230 καὶ
1618 2204 1658 2230 δτι
1669 2203 1729 2230 ὅλον
1743 2204 1772 2231 ἐν

990 2249 1078 2284 ἑαυτῷ
1091 2248 1229 2275 συλλαϐὼν
1244 2248 1301 2282 ἔχει
1323 2248 1353 2274 τὸ
1383 2246 1465 2279 εἶναι,
1482 2248 1553 2275 κατὰ
1578 2249 1624 2275 τὸν
1641 2249 1772 2283 Θεολόγον

990 2295 1150 2330 Γρηγόριον.
1164 2295 1240 2320 Ἐπεὶ
1251 2293 1297 2321 οὖν
1310 2303 1393 2329 φασιν
1411 2294 1475 2321 ἄλλο
1489 2296 1538 2330 μὲν
1551 2293 1620 2322 εἶναι
1632 2296 1663 2321 τὸ
1677 2295 1774 2330 ἐχόμε-

991 2350 1047 2373 νον,
1063 2341 1127 2368 ἄλλο
1152 2340 1180 2366 δὲ
1202 2340 1232 2366 τὸ
1257 2340 1318 2375 ἔχον
1336 2341 1465 2374 πρᾶγμα,
1489 2340 1584 2375 ἕψεται
1598 2341 1659 2366 κατ’
1676 2341 1773 2372 αὐτοὺς

991 2386 1055 2414 ἄλλο
1067 2386 1115 2420 μὲν
1126 2384 1195 2412 εἶναι
1210 2385 1254 2412 τὸν
1269 2385 1346 2417 Θεὸν,
1360 2385 1453 2420 ἕτερον
1470 2385 1497 2411 δὲ
1509 2386 1558 2420 τὴν
1573 2385 1667 2412 οὐσίαν
1678 2385 1773 2418 αὑτοῦ,

993 2433 1040 2459 καὶ
1059 2430 1091 2458 αὖ
1104 2432 1167 2459 ἄλλο
1188 2431 1237 2466 μὲν
1252 2431 1344 2463 αὑτὸν,
1357 2431 1449 2465 ἕτερον
1460 2431 1488 2457 δὲ
1505 2431 1535 2457 τὸ
1553 2429 1623 2458 εἶναι
1642 2431 1735 2458 αὑτοῦ.

159 2476 230 2509 Quod
246 2477 369 2510 habetur,
384 2486 494 2513 remque
507 2479 585 2506 aliam
602 2480 627 2506 id
654 2480 725 2514 quod
742 2480 842 2512 habet,
877 2487 1045 2514 consequens
1071 2480 1101 2507 ﬁt
1138 2480 1164 2506 in
1188 2479 1296 2506 illorum
1326 2480 1471 2510 seulcnl‘a,
1494 2479 1566 2506 aliud
1592 2486 1654 2507 esse
1677 2478 1772 2510 Deum,

160 2525 241 2554 atque
257 2521 327 2549 aliud
339 2522 397 2557 ejus
409 2525 554 2552 essentiam
571 2532 602 2552 ae
623 2525 814 2557 substantiam,
826 2533 857 2553 ac
870 2533 962 2552 rursus
980 2526 1067 2560 ipsum
1087 2526 1160 2553 aliud
1175 2533 1248 2558 csso,
1264 2526 1391 2559 aliudque
1405 2533 1464 2552 esse
1479 2526 1562 2552 illius.

196 2567 327 2596 Prtelerea
339 2569 416 2604 juxta
429 2578 522 2599 corum
548 2572 685 2606 llnzologia:
713 2573 832 2607 regulas,
867 2573 939 2600 Deus

161 2619 256 2646 expers
270 2616 394 2643 essentia:
406 2617 457 2644 erit
467 2625 474 2650 ;
484 2625 533 2645 nec
544 2619 660 2645 essentia
677 2618 722 2645 Dei
753 2626 799 2646 sou
814 2619 941 2646 substant-

163 2658 199 2684 tia
215 2657 285 2687 Deus
298 2659 387 2688 futura
402 2667 453 2690 est.
465 2661 544 2690 luua
561 2663 632 2690 enim
660 2664 830 2697 divisionem,
859 2671 940 2698 quant

162 2702 335 2739 induxerunt,
347 2707 483 2741 habentis,
501 2713 526 2735 et
540 2708 597 2743 ejus
623 2710 694 2744 quod
717 2710 831 2737 ltnbclttl‘
870 2717 938 2736 nun-

1033 2574 1093 2600 Ἔτι
1106 2574 1177 2600 κατὰ
1193 2575 1255 2604 τοὺς
1267 2574 1347 2606 ὅρους
1362 2573 1411 2607 τῆς
1428 2574 1567 2607 θεολογίας
1579 2574 1677 2605 αὐτῶν,
1687 2574 1699 2599 ὁ
1709 2574 1775 2604 Θεὸς

994 2619 1117 2649 ἀνούσιος
1130 2618 1206 2644 ἕσται
1217 2625 1226 2634 ο
1238 2617 1284 2644 καὶ
1296 2618 1312 2653 ή
1324 2617 1400 2644 οὐσία
1416 2617 1462 2643 τοῦ
1474 2618 1540 2644 Θεοῦ
1551 2620 1601 2645 οῦκ
1613 2619 1688 2644 ἔσται
1698 2619 1772 2649 856;-

995 2662 1066 2689 κατὰ
1080 2662 1135 2697 γὰρ
1151 2662 1201 2696 τὴν
1216 2661 1263 2688 τοῦ
1276 2661 1384 2696 ἔχοντος
1397 2661 1443 2687 καὶ
1459 2661 1600 2696 ἐχομένου,
1621 2661 1653 2696 ἣν
1664 2661 1775 2694 εἰσήγα-

994 2717 1054 2741 γον,
1071 2708 1212 2743 διαίρεσιν,
1233 2706 1283 2734 οὐκ
1297 2707 1330 2734 ἂν
1349 2708 1391 2742 εἴη
1409 2707 1438 2733 τὸ
1460 2707 1553 2742 ἕτερον
1569 2707 1624 2734 οἷον
1637 2706 1665 2733 τὸ
1680 2707 1778 2740 Erepto.

201 2792 304 2821 "han
332 2803 345 2822 ν
369 2796 411 2822 26.
452 2796 557 2822 "Psal.
588 2804 681 2829 CMlll,
705 2796 748 2823 75.
789 2797 808 2812 “
825 2797 892 2823 (Jun.
908 2803 934 2829 ll,

989 2800 1001 2821 ν.
1043 2795 1064 2812 ³³
1087 2795 1152 2823 Gen.
1187 2803 1244 2828 vui,
1269 2795 1313 2822 21.
1353 2794 1373 2810 "‘
1396 2794 1481 2822 Lerit.
1505 2801 1578 2826 nu,
1595 2794 1641 2827 ‘Zl,
1657 2794 1702 2821 23.
