1950 3064
183 120 239 151 383

817 118 1016 149 MANUELIS
1035 119 1190 150 CALEC/E

1752 120 1814 155 38E

182 181 256 209 sunt,
269 175 399 211 quomodo
411 175 503 202 horum
517 173 659 209 quodlibet.
675 174 760 206 ipsum
778 181 836 202 uere
849 179 875 201 et
887 182 933 209 per
943 181 971 201 se

1024 176 1099 204 λύσιν
1109 178 1228 210 πάντων,
1241 185 1259 203 α
1270 185 1354 212 φασιν
1367 177 1439 211 ἔχειν
1451 177 1496 205 τὸν
1508 177 1575 205 Θεὸν
1590 178 1743 214 ἐνέργειαν,
1759 183 1810 207 καὶ

182 222 335 249 eminentia
347 221 472 256 gaudeat.
489 219 537 247 llic
552 226 634 255 porro
648 220 723 248 locus
738 228 808 248 nntts
831 219 966 247 suiﬁeiens

182 273 226 295 est
242 266 276 293 ad
296 265 424 294 solvenda
457 265 558 297 omnia,
574 271 633 300 quae
647 265 751 299 dicunt,
767 264 851 293 Deum
867 265 968 293 habere

182 313 383 346 operationem,
396 315 423 339 et
442 317 504 339 esse
523 310 624 345 aliquid
649 311 676 338 ln
691 317 743 344 eo;
770 318 884 346 esseque
904 317 969 345 ope-

183 359 316 386 rationem
327 365 358 385 ex
375 358 503 391 essentia,
513 365 544 386 ac
553 358 576 386 si
591 365 643 394 qua
651 358 702 385 alia
711 361 773 386 sunt
782 359 842 393 ejus
851 357 967 393 generis.

182 403 279 439 Liquet
293 409 381 432 autem
392 404 475 431 etiam
486 411 533 432 eos
545 404 593 439 qni
617 403 732 431 necdum
743 403 892 439 intelligere
903 410 967 437 pos-

183 455 258 480 sunt.
272 449 354 476 vitam
369 456 401 476 ac
418 448 505 477 lucem
518 447 604 484 ipsam
616 456 681 477 vere
694 456 727 476 ac
740 456 791 483 per
805 456 835 477 se
849 448 968 476 existen-

184 499 248 526 tem,
264 502 357 522 eorum
373 494 471 523 classis
484 502 545 522 esse
560 500 641 530 atque
661 495 779 529 generis,
805 494 965 530 quibuscum

189 541 215 568 in
231 540 370 576 Scriptura
383 541 574 575 indulgentius,
594 548 642 576 pro
654 548 748 569 eorum
764 546 856 574 captu,
868 539 966 576 agitur,

181 593 298 620 quorum
312 585 394 614 etiam
407 593 499 618 causa,
517 585 562 613 tali
576 585 710 613 sermonis
728 585 892 613 demissione
924 584 967 611 illa

182 632 268 660 utitur
284 641 291 660 :
308 632 414 667 alioque
429 632 508 660 modo
526 632 687 667 theologiam
704 631 757 659 illis
774 632 846 665 loqui
863 631 908 666 qui
925 639 970 657 ru-

184 678 338 705 dimentarii
353 682 418 705 sunt
435 685 467 705 ac
484 677 661 710 inducuntur,
677 677 783 712 alioque
798 677 830 705 iis
846 677 891 712 qui
905 682 969 704 sunt

184 722 296 756 perfecti
311 731 319 756 ;
334 730 383 750 nec
392 730 500 757 semper
513 723 674 751 discendum
689 730 760 755 esse,
781 730 813 751 ac
826 730 966 758 nunquam

182 760 428 802 intelligendum";
463 776 661 803 puerorumque
673 767 865 803 .immanentes
883 769 966 796 disci-

183 815 276 850 plinis.
291 814 411 849 perfecta
424 814 502 842 delici
519 822 568 849 par
581 819 622 842 cst
632 814 766 847 doctrina,
778 814 822 849 qui
834 822 868 841 ex
885 814 969 842 Paulo

184 860 337 892 audiamus,
348 859 449 886 Littera
463 860 569 891 occidit,
581 859 688 892 spiritus
702 864 789 886 autent
804 859 915 892 viviﬁeat
926 860 967 893 ";
986 851 1004 877 Β

181 910 236 933 et:
258 904 354 933 Omnes
376 905 420 940 qui
445 905 471 932 in
495 904 549 939 lege
573 904 736 938 gloriamini,
750 913 765 931 a
787 904 872 939 gratia
897 905 968 931 exei-

182 949 258 976 distis
271 949 312 982 “;
334 949 440 977 tametsi
454 953 495 976 tot
510 949 536 976 in
552 949 645 976 divina
660 947 799 984 Scriptura
828 948 970 976 continen-

185 1001 230 1023 tur
243 1003 335 1027 voces.
358 995 456 1030 quibus
473 994 507 1022 ab
531 994 721 1023 humilioribus
750 993 784 1021 ad
813 993 969 1022 sublitniOra

185 1049 274 1071 tuente
289 1043 435 1079 erigantur.
450 1043 552 1077 Quare,
570 1044 641 1078 quod
657 1043 716 1071 ﬁeri
733 1047 852 1078 nequeat
866 1047 895 1070 ut
912 1043 969 1071 inec

1021 219 1091 249 εἶναι
1110 223 1139 249 ἐν
1152 222 1229 257 αὐτῷ
1241 231 1285 249 τι·
1303 222 1350 249 καὶ
1363 219 1432 250 εἶναι
1450 223 1482 250 ἐκ
1498 223 1547 258 τῆς
1561 223 1655 255 οὐσίας
1669 224 1719 259 τὴν
1730 225 1808 260 ἐνέρ-

1020 269 1164 302 γειαν,καὶ
1175 269 1226 296 ὅσα
1241 269 1308 296 ἄλλα
1324 268 1438 296 τοιαῦτα
1449 277 1457 286 ·
1479 270 1597 305 φανερὸν
1613 271 1641 297 δὲ
1663 272 1710 298 καὶ
1725 272 1768 298 ὃτι
1780 272 1809 298 οι

1021 314 1088 349 μηδὲ
1104 314 1152 341 νῦν
1166 323 1208 342 πω
1222 315 1367 350 δυνάμενοι
1387 316 1458 342 νοεῖν
1483 315 1533 350 τὴν
1546 315 1629 351 ζωὴν.
1645 316 1693 342 καὶ
1703 316 1735 342 τὺ
1747 317 1809 350 φῶς

1022 359 1082 386 καθ’
1097 359 1179 386 ἑαυτὸ
1188 359 1323 394 ὑφεστὼς.
1339 359 1388 387 καὶ
1401 359 1434 386 τὰ
1449 359 1528 390 ἄλλα,
1550 360 1599 394 τῆς
1612 360 1737 395 ἑταιρίας
1752 361 1808 388 εἰσὶ

1019 405 1073 431 τῶν
1084 404 1318 440 οἰκονομουμένων
1333 405 1362 431 ὲν
1374 405 1406 439 τῇ
1420 404 1480 439 θείᾳ
1493 404 1598 439 Γραφῇ.
1611 404 1646 431 δι’
1657 404 1703 436 οὓς
1714 405 1730 437 ἡ
1742 413 1810 438 συγ-

1019 450 1169 480 κατάὸασις
1183 449 1278 484 γέγονε
1293 451 1343 484 τῆς
1353 449 1483 486 τοιαύτης
1497 449 1670 483 ἀπαγγελίας
1679 457 1688 466 ο
1703 450 1752 477 καὶ
1765 451 1807 477 ὃτι

1020 495 1120 531 ἑτέρως
1133 496 1149 530 ἡ
1163 495 1289 529 θεολογία
1300 497 1358 526 τοῖς
1373 496 1568 529 εἰσαγωγικοϊς
1580 496 1747 529 διαλέγεται,
1756 497 1807 523 καὶ
1839 515 1846 521 .

1021 542 1121 574 ἑτέρως
1135 544 1192 572 τοῖς
1211 541 1325 570 τελείοις
1335 549 1341 556 ·
1355 541 1403 567 καὶ
1418 541 1448 567 οὒ
1461 541 1501 567 δεῖ
1517 541 1632 568 πάντοτε
1652 541 1806 576 μανθάνον-

1019 595 1068 617 τας
1096 586 1224 612 οὐδέποτε
1254 586 1396 617 συνιέναι.
1428 586 1475 613 καὶ
1505 587 1718 621 παραμένοντας
1748 589 1806 619 τοῖς

1019 632 1073 659 τῶν
1104 631 1254 667 παιδαρίων
1284 631 1461 666 μαθήμασιν,
1487 632 1727 668 ἀπολιμπάνεσθαι
1757 635 1805 667 τῆς

1019 677 1122 708 τελείας
1147 677 1336 710 διδασκαλίας,
1363 677 1511 709 ἀκούοντας
1536 678 1582 704 τοῦ
1608 677 1733 710 Παύλου,
1763 679 1802 705 λέ-

1019 730 1122 755 γοντος,
1136 722 1197 748 ’Ότι
1216 721 1250 748 τὸ
1265 721 1382 756 γράμμα
1393 722 1582 754 ἀποκτείνει,
1600 722 1632 750 τὸ
1642 722 1676 749 δὲ
1685 723 1805 758 πνεῦμα

1019 767 1171 801 ζὶυογονεῖ-
1189 767 1246 799 καὶ,
1264 766 1351 794 Ὅσοι
1366 767 1401 794 ἐν
1413 768 1493 802 νόμῳ
1510 767 1665 802 καυχᾶσθε
1673 768 1804 802 (15).τῆς

1018 813 1138 848 χάριτος
1154 813 1319 845 ἐξεπέσατε
1332 821 1339 829 θ
1351 813 1441 840 καίτοι
1461 813 1597 840 τοσούτων
1609 813 1707 848 φωνῶν
1719 814 1807 848 ἔμπε-

1019 857 1222 894 ριειλημμένων
1233 859 1267 893 τῇ
1287 857 1348 893 θείᾳ
1372 858 1479 893 Γραφῇ,
1501 858 1556 885 ἀπὸ
1571 858 1627 884 τῶν
1649 859 1808 885 ταπεινοτὲ-

1019 911 1074 939 ρων
1092 902 1140 930 sui.
1161 903 1195 929 τὰ
1216 903 1370 938 ὑψηλότερα
1397 904 1472 938 ἡμᾶς
1500 903 1675 938 ἁναγουσῶν·
1699 904 1741 931 διδ
1758 905 1808 931 καὶ

1017 949 1079 976 ἐπεὶ
1093 948 1124 976 οὑ
1137 948 1249 976 δύναται
1265 949 1353 976 ταῦτα
1370 949 1460 976 πάντα
1477 949 1648 976 ὲνυπόστατα
1665 946 1748 982 εἷναι,
1767 950 1806 982 ὡς

1018 993 1072 1020 ἴδια
1101 993 1262 1028 πράγματα.
1283 993 1314 1019 ἓν
1344 1001 1372 1018 τι
1393 993 1482 1021 πάντα
1508 993 1596 1020 ταῦτα
1621 994 1808 1021 ὲννπόστατον

1017 1040 1134 1074 πρᾶγμα
1147 1038 1317 1073 ὑποληπτέον
1328 1045 1336 1054 ·
1349 1039 1398 1066 ὅσα
1411 1039 1445 1065 τὰ
1458 1039 1487 1065 ιν
1501 1039 1565 1073 ἡμῖν
1579 1039 1745 1073 ὑποκείμενα
1758 1041 1808 1067 καὶ

184 1089 275 1116 omnia
289 1076 381 1124 per‘sc
393 1089 526 1116 exsistant
537 1093 566 1116 ut
578 1076 621 1117 res
644 1076 783 1124 propriae,-
800 1096 882 1116 untttn
901 1088 966 1122 quid

1024 1076 1309 1120 ιατηγορούμεναμαῖ
1316 1083 1464 1118 ἀπειράκις
1477 1084 1561 1111 πλείω
1569 1084 1599 1111 ὃν
1610 1085 1680 1111 κατὰ
1688 1085 1720 1111 τδ
1729 1084 1806 1112 αὐτά.

183 1143 232 1169 per
247 1143 276 1164 se
291 1137 427 1164 essistens
443 1142 555 1163 necesse
566 1139 609 1163 est
637 1139 707 1162 utea
718 1135 807 1162 omnia
825 1135 1011 1162 existimemus
1022 1151 1030 1163 .
1046 1139 1214 1166 quacunque
1228 1130 1335 1158 scilicet
1363 1130 1389 1157 in
1416 1130 1495 1178 nobis
1529 1135 1556 1158 et
1588 1130 1709 1166 subjecta
1740 1136 1805 1159 sunt
1823 1151 1827 1158 .

183 1189 215 1207 ac
229 1181 385 1214 praedicata,
409 1181 591 1215 inllnitiesque
605 1180 681 1215 plttra
710 1180 859 1208 secundum
885 1187 966 1206 unum
986 1186 1018 1206 ac
1037 1178 1106 1205 idem
1118 1178 1264 1206 essistens.

219 1227 318 1254 Octava
345 1228 426 1263 hujus
452 1227 631 1262 corruptionis
652 1235 744 1261 causa,
762 1227 832 1262 quod
849 1235 890 1259 ea,
911 1235 970 1262 quae

182 1273 344 1308 quibusdam
362 1273 429 1301 locis
445 1279 461 1301 a
474 1273 576 1300 sanctis
591 1273 662 1301 dicta
677 1276 741 1301 sunt
757 1273 791 1300 de
806 1272 852 1300 Dei
877 1280 966 1299 essen-

184 1319 222 1346 tia
241 1325 375 1354 tanquam.
384 1319 417 1346 de
432 1319 598 1353 operatione,
616 1326 668 1353 qna
692 1319 738 1347 ille
751 1319 776 1346 vi
792 1319 887 1353 agr-nili
903 1326 958 1352 prae

183 1364 257 1391 ditus
270 1370 302 1390 ac
328 1364 420 1390 eliicax
446 1369 486 1390 est
511 1363 548 1398 (id
568 1364 640 1391 enim
663 1364 766 1391 sanctis
790 1363 971 1398 promiscuum

182 1410 308 1442 habetur,
324 1410 363 1437 uti
383 1410 523 1444 probatum
545 1410 610 1445 est),
622 1409 671 1444 ipsi
694 1416 742 1444 pro
765 1409 840 1437 libito
856 1411 888 1436 de
906 1416 973 1444 ope-

185 1456 300 1488 ratione,
311 1462 372 1489 quae
387 1463 401 1482 a
414 1454 460 1482 Dei
472 1455 588 1483 essentia
603 1455 741 1487 dividitur.
757 1455 835 1482 modo
847 1462 971 1490 superius

184 1501 280 1534 relato,
301 1505 473 1535 acceperunt.
482 1501 526 1528 Ait
536 1500 607 1528 enim
619 1507 732 1535 magnus
742 1501 968 1536 Dionysius,quod

184 1551 211 1574 et
225 1551 317 1580 postea
333 1545 372 1573 illi
388 1545 522 1573 secundus
539 1544 657 1573 Joannes
675 1545 856 1573 Damasccnns
873 1545 968 1572 iisdem

183 1591 276 1619 verbis
303 1591 447 1626 exposuit.
474 1597 595 1625 nempe:
619 1589 741 1618 Divinam
771 1590 972 1618 illustrationem

185 1641 262 1670 atque
277 1636 411 1669 virtutem,
421 1643 476 1663 una
493 1643 553 1663 cum
564 1635 598 1662 sit
609 1639 634 1663 et
646 1635 758 1669 simplex
773 1641 797 1663 et
811 1636 928 1663 indivisa
948 1640 974 1664 et

183 1681 358 1716 boniformis,
384 1681 412 1708 in
432 1680 548 1708 dividuis
581 1682 729 1709 vuriantem
751 1682 900 1716 eunrtisque
921 1683 973 1709 tri-

187 1727 306 1753 buentem
322 1726 416 1762 quibus
431 1726 538 1761 propria
554 1731 650 1754 natura
667 1730 809 1761 prwstatur
823 1728 972 1760 incolumis,

184 1771 329 1805 simplicem
350 1779 545 1807 muneruquaz
563 1772 751 1806 multiplicetur
760 1773 864 1808 quidem
888 1774 914 1800 in
932 1773 973 1800 .li-

184 1818 269 1845 uiduis
293 1817 414 1850 indivise,
426 1817 585 1853 diuiduaque
606 1817 632 1844 in
643 1825 720 1844 suam
737 1818 795 1853 ipsa
815 1818 973 1851 simplicita-

184 1868 236 1890 tem
254 1862 358 1898 colligat
371 1867 451 1898 atque
476 1867 618 1890 convertat.
632 1862 733 1890 Cuncta
761 1863 829 1890 enim
842 1864 916 1891 illius
929 1864 974 1891 de-

184 1909 285 1936 siderio
318 1913 449 1942 tenentur,
474 1914 498 1936 et
523 1909 550 1936 in
572 1909 628 1943 ipsa
654 1910 834 1937 exsistentiam
867 1910 973 1945 habent,

185 1954 337 1989 cunctisque
348 1961 415 1986 esse,
427 1961 474 1988 pro
489 1962 518 1981 ea
543 1962 575 1981 ac
594 1954 649 1982 illis
674 1959 770 1982 natura
792 1961 973 1990 comparatum

184 2003 234 2031 est,
262 1999 404 2033 intpartit;
425 2003 517 2034 estque
530 2007 573 2032 ea,
603 2007 696 2027 eorum
722 2008 781 2035 qutB
803 2005 882 2033 sunt,
906 2010 975 2034 esse,

183 2053 276 2072 eorum
293 2053 351 2080 qua:
363 2045 463 2076 vivunt.
478 2045 544 2078 vita,
557 2053 647 2073 eorum
660 2053 718 2081 qua:
733 2046 833 2073 ratione
846 2047 974 2074 utentium

186 2099 256 2118 more
271 2095 342 2124 sunt,
358 2091 439 2125 ratio,
449 2099 591 2127 eorumque
604 2100 662 2127 qua:
673 2091 876 2126 intelligentiam
892 2100 974 2125 more,

183 2136 368 2172 intelligentia,
386 2144 445 2164 cum
467 2136 523 2171 ipsa
534 2145 613 2172 supra
639 2142 760 2170 mentem,
774 2144 906 2173 supraque
927 2145 974 2165 ra-

1061 1225 1173 1258 Ὄγδοον
1198 1225 1247 1259 τῆς
1262 1224 1410 1259 διαφθορᾶς
1436 1223 1537 1259 ταύτης
1560 1223 1590 1250 τὸ
1604 1223 1700 1256 αἴτιον,
1716 1224 1758 1250 δτι
1772 1225 1808 1251 τὶ

1022 1270 1129 1305 ἔνια.χοῦ
1139 1272 1193 1301 τοῖς
1206 1270 1292 1304 ἁγίοις
1301 1270 1435 1304 εἰρημένα
1445 1271 1491 1296 ἐπὶ
1506 1270 1554 1305 τῆς
1564 1270 1658 1301 οὐσίας
1669 1270 1713 1296 τοῦ
1726 1270 1807 1302 Θεοῦ,

1022 1317 1059 1346 ὡς
1070 1317 1116 1341 ἐπὶ
1132 1316 1271 1350 ἐνεργείας
1287 1316 1348 1342 καθ’
1364 1316 1398 1351 ἥν
1413 1316 1590 1351 ὲνεργητικός
1605 1316 1681 1342 ἐστιν
1695 1323 1703 1332 ·
1725 1315 1812 1343 τοῦτο

1023 1363 1077 1396 γὰρ
1088 1364 1162 1395 παρὰ
1173 1363 1230 1393 τοῖς
1242 1362 1331 1396 ἁγίοις
1339 1362 1496 1396 ἀδιάφορον,
1509 1361 1546 1392 ὡς
1556 1361 1702 1394 δέδεικται,
1713 1361 1750 1393 ὼς
1761 1361 1810 1388 ἐπὶ

1023 1408 1162 1442 ἐνεργείας
1189 1408 1268 1435 αὐτοὶ
1300 1407 1435 1440 ἐδέξαντο,
1463 1407 1656 1442 διαιρουμένης
1681 1407 1734 1434 ἀπὸ
1758 1407 1809 1441 τῆς

1022 1453 1117 1484 οὐσίας
1127 1453 1174 1480 τοῦ
1185 1453 1316 1486 Θεοῦ,τδν
1334 1453 1577 1488 προηριθμημένον
1587 1453 1698 1488 τρόπον,
1713 1453 1808 1487 ὥσπερ

1022 1499 1219 1534 ἑόουλήυησαν·
1231 1499 1298 1534 φησὶ
1308 1498 1362 1534 γὰρ
1371 1500 1384 1526 ὸ
1395 1499 1481 1533 μέγας
1491 1499 1640 1531 Διονύσιος,
1655 1499 1669 1525 ὃ
1681 1498 1725 1525 καὶ
1736 1498 1750 1524 ό
1758 1502 1810 1525 Δα-
1824 1491 1825 1494 Ἴ

1024 1544 1161 1579 μασκόθεν
1181 1544 1307 1579 Ἰωάννης
1321 1544 1433 1578 ὕστερον
1445 1543 1635 1578 ἐκδεξάμενος,
1648 1545 1739 1575 αὐτοῖς
1749 1544 1809 1570 evo.

1024 1599 1106 1625 μασιν
1120 1589 1259 1624 ἐξέθηκεν,
1279 1590 1345 1618 ὀτι
1371 1592 1391 1626 ἡ
1407 1591 1471 1619 θεία
1485 1591 1638 1625 ἐλλαμψις
1657 1590 1707 1617 καὶ
1727 1590 1809 1623 ἐνέρ-

1023 1645 1096 1671 γεια,
1109 1636 1163 1670 μία
1177 1634 1255 1663 οὖσα
1270 1636 1320 1663 καὶ
1336 1637 1419 1671 ἁπλῆ
1434 1637 1484 1664 καὶ
1497 1637 1611 1671 ἀμερὴς
1627 1636 1678 1663 καὶ
1698 1636 1808 1670 ἀγαθο-

1022 1681 1107 1715 ειὸὴς
1119 1702 1126 1713 ,
1143 1681 1178 1708 ἐν
1190 1681 1253 1714 τοῖς
1263 1682 1418 1716 μεριστοῖς
1428 1689 1508 1709 nam
1516 1681 1657 1717 ιλομένη,
1670 1676 1723 1708 καὶ¹
1733 1680 1809 1709 πᾶσι

1022 1727 1060 1754 τὰ
1072 1726 1127 1760 τῆς
1147 1727 1258 1759 οἰκείας
1288 1719 1410 1762 φύσεως
1433 1728 1568 1755 σωστικὰ
1580 1726 1713 1761 νέμουσα
1725 1726 1810 1761 μένει

1023 1772 1107 1808 ἁπλῆ
1120 1781 1126 1787 ·
1144 1773 1363 1808 πληθυνομὲνη
1375 1773 1433 1807 μὲν
1448 1774 1484 1801 ἐν
1496 1773 1559 1806 τοῖς
1571 1773 1726 1808 μεριστοῖς
1739 1773 1811 1807 ἀμε-

1019 1819 1143 1853 ρίστως,
1159 1817 1208 1846 και
1220 1818 1257 1846 τὰ
1271 1820 1398 1854 μεριστὰ
1419 1819 1495 1853 πρὸς
1518 1819 1577 1853 τὴν
1593 1818 1705 1852 ἑαυτῆς
1717 1819 1812 1845 ἁπλό-

1023 1872 1096 1897 τητα
1117 1863 1295 1897 συνάγουσα
1319 1862 1368 1890 καὶ
1382 1862 1617 1897 ἐπιστρέφουσα.
1638 1862 1740 1889 Πάντα
1756 1863 1811 1896 γὰρ

1023 1908 1119 1943 αὐτῆς
1132 1908 1256 1942 ἐφίεται,
1267 1908 1316 1936 καὶ
1329 1908 1364 1935 ἐν
1376 1907 1455 1943 αὐτῇ
1466 1908 1528 1942 ἔχει
1541 1908 1600 1941 τὴν
1610 1907 1749 1941 ὕπαρξιν,
1760 1907 1811 1933 καὶ

1024 1953 1101 1988 αὑτὴ
1113 1953 1176 1987 τοῖς
1192 1953 1268 1982 πᾶσι
1283 1955 1317 1981 τὸ
1332 1952 1421 1988 εἶναι,
1438 1953 1536 1987 καθὼς
1550 1953 1613 1988 ἔχει
1622 1953 1812 1988 gentemge-

1024 2000 1167 2027 ταδίὸωσι
1177 2008 1185 2016 '
1199 2000 1249 2027 καί
1259 1999 1336 2034 αὐτή
1350 2001 1416 2028 ἐστι
1430 2000 1490 2027 τῶν
1500 1999 1597 2026 ὄντων
1610 1999 1643 2026 τὸ
1655 1997 1733 2026 εἶναι
1742 2018 1750 2032 ,
1762 1998 1812 2025 καί

1024 2045 1085 2073 τῶν
1099 2044 1214 2076 ζώντων
1225 2046 1244 2080 ἠ
1258 2044 1326 2079 ζωὴ,
1345 2046 1394 2072 καὶ
1410 2045 1470 2072 τῶν
1481 2044 1610 2079 λογικῶς
1622 2044 1717 2071 ὄντων
1731 2045 1748 2071 ό
1762 2044 1813 2070 λό-

1025 2099 1079 2126 γιος
1088 2112 1095 2123 ,
1110 2091 1158 2118 καὶ
1175 2090 1235 2118 τῶν
1248 2089 1356 2124 νοερῶς
1369 2090 1492 2124 ὄντωνή
1504 2090 1612 2123 νόησις
1624 2110 1632 2122 ,
1644 2089 1722 2122 αὐτὴ
1736 2088 1812 2121 ὑπὲρ

1025 2137 1102 2165 νοῦν·
1126 2134 1212 2170 οὖσα,
1224 2136 1272 2164 καὶ
1294 2135 1370 2171 ὑπὲρ
1383 2135 1549 2171 λόγον-,και
1565 2136 1642 2170 ὑπὲρ
1656 2135 1742 2168 ζωὴν,
1763 2134 1814 2161 καὶ

184 2182 294 2214 tionem,
308 2186 332 2209 et
340 2190 421 2217 supra
435 2182 527 2214 vitam.
544 2190 575 2209 ac
590 2191 671 2218 supra
683 2183 823 2210 essentiam
835 2184 958 2212 exsistat.

1026 2183 1104 2218 ὑπὲρ
1122 2183 1244 2211 οὐσίαν.

223 2225 271 2254 llis
297 2227 389 2262 itaque
411 2231 442 2254 ut
462 2227 636 2255 validissimis
660 2231 782 2260 utuntur,
799 2228 832 2255 ad
859 2229 976 2263 proban-

185 2270 262 2303 dum,
280 2270 400 2297 divinam
415 2271 572 2303 essentiam,
587 2271 688 2299 nullius
706 2279 801 2300 eorum
819 2280 881 2308 quas
897 2278 974 2301 extra

186 2320 252 2343 sunt
261 2323 322 2344 esse
332 2315 505 2350 effectricem,
520 2316 567 2344 sed
578 2323 762 2352 operationem
775 2326 822 2346 seu
836 2319 975 2351 virtutem.

185 2369 268 2396 quam
290 2366 430 2396 tantopere
448 2362 482 2390 ab
501 2362 619 2390 essentia
644 2361 771 2398 distingui
794 2364 929 2397 dixerunt,
943 2363 976 2391 il-

186 2408 268 2441 laque
283 2407 412 2435 inlinitics
423 2407 527 2435 inﬁnite
541 2407 698 2436 inferiorem
711 2416 784 2441 esse;
796 2409 865 2436 hanc
882 2417 978 2444 nempe

185 2453 289 2481 creatis
321 2453 514 2488 propinquare,
544 2460 631 2488 eaque
658 2453 802 2486 incolumia
835 2460 975 2489 praestare,

187 2504 270 2533 atque
282 2497 316 2525 ad
330 2503 485 2526 creaturam
512 2499 626 2527 inferius
654 2499 799 2531 ventitare,
816 2499 929 2534 ejusque
946 2501 978 2527 il-

187 2543 241 2570 lam
268 2543 428 2578 participem
444 2551 515 2578 esse,
529 2548 557 2572 et
569 2544 750 2576 sanetillcare,
766 2548 793 2571 et
814 2543 978 2579 illuminare,

187 2594 216 2616 et
234 2589 360 2623 insidere,
374 2595 402 2618 et
416 2598 464 2618 eos
478 2591 524 2625 qui
546 2590 620 2625 digni
636 2590 690 2618 sint
704 2589 841 2623 deiﬁcare,
859 2592 980 2626 proprie

230 2678 286 2707 ³⁸11
313 2678 386 2707 Tim.
405 2686 447 2712 tn,
460 2679 487 2708 'l.
525 2679 547 2696 ³⁸
558 2678 581 2707 ΙΙ
592 2679 656 2708 Cor.
668 2687 712 2713 ut,
726 2679 755 2707 6.
791 2678 916 2707 “Galat.
936 2687 963 2713 ν,
978 2679 1005 2707 4.

225 2783 284 2817 (lii)
306 2782 359 2811 Ἕν
372 2783 453 2817 νόμῳ
463 2783 628 2817 καυχᾶσθε.
646 2783 751 2818 Lapsus
778 2783 908 2811 memoria
921 2782 975 2810 Ca-

191 2818 244 2846 ice.
261 2818 348 2846 Locus
365 2818 438 2846 l’auli
454 2819 483 2846 ὲν
495 2819 569 2855 νόμῳ
581 2819 745 2846 δικαιοῦσθε.
763 2819 795 2846 In
813 2818 877 2854 Lege
891 2818 975 2853 justi-

1063 2228 1176 2260 Τούτοις
1199 2228 1249 2256 οὖν
1261 2228 1298 2260 ὡς
1314 2227 1503 2263 ἰσχυροτάτοις
1525 2226 1646 2262 χρῶνται
1660 2226 1729 2262 πρὸς
1745 2226 1814 2253 ἀπό-

1028 2274 1111 2308 δειξιν
1126 2273 1174 2301 τοῦ
1187 2274 1228 2301 ὅτι
1239 2274 1256 2309 ἡ
1274 2273 1333 2300 θεία
1344 2273 1423 2300 οὐσία
1433 2273 1542 2304 οὖδενδς
1557 2271 1749 2306 ἀπεργαστικὴ
1759 2271 1814 2297 τῶν

1029 2320 1106 2350 ἐντός
1123 2319 1208 2351 ἐστιν,
1228 2317 1287 2345 ἀλλ’
1312 2319 1328 2353 ἡ
1343 2318 1481 2353 ἐνέργεια,
1498 2318 1532 2352 ῆν
1560 2316 1608 2343 ἐπὶ
1622 2316 1749 2342 τοσοῦτον
1764 2316 1814 2350 τῆς

1029 2364 1124 2396 οὐσίας
1136 2363 1277 2398 διαφέρειν
1293 2363 1408 2397 ἔφασαν,
1424 2365 1472 2390 καὶ
1491 2362 1575 2397 αὐτῆς
1597 2361 1722 2396 ὑφεῖσθαι
1738 2362 1815 2387 ἀπει-

1031 2410 1112 2446 ράκις
1125 2410 1258 2446 ἀπείρως,
1274 2409 1461 2444 προσπελάζει
1471 2409 1528 2440 τοῖς
1543 2408 1687 2442 κτίσμασι,
1699 2407 1748 2433 καὶ
1762 2405 1814 2432 σώ-

1031 2456 1073 2488 ζει
1092 2456 1189 2489 ταῦτα,
1207 2456 1254 2484 καὶ
1279 2456 1361 2490 φοιτᾷ
1377 2455 1453 2482 κάτω
1479 2455 1548 2490 πρὸς
1570 2454 1620 2489 τὴν
1651 2453 1750 2484 κτίσιν,
1769 2452 1815 2478 καὶ

1033 2501 1180 2537 μετέχεται
1196 2501 1242 2528 ὑπ’
1255 2501 1341 2536 αὐτῆς
1367 2501 1413 2527 καὶ
1429 2500 1540 2534 ἁγιάζει.
1555 2499 1604 2526 καὶ
1633 2498 1746 2534 φωτίζει
1768 2497 1816 2524 καὶ

1031 2546 1148 2581 ὲνιδρύει
1167 2546 1214 2573 καὶ
1229 2545 1286 2572 0εοῖ
1302 2545 1366 2577 τοὺς
1382 2545 1483 2578 ἀξίους,
1500 2545 1548 2572 καὶ
1560 2544 1663 2580 κυρίως
1678 2543 1739 2570 ἐστὶ
1757 2542 1818 2568 θεὸς

1033 2601 1082 2627 της
1093 2592 1141 2619 καὶ
1155 2591 1212 2628 ζωὴ
1226 2591 1273 2618 καὶ
1285 2591 1367 2626 σοφία
1382 2591 1428 2619 καὶ
1441 2591 1557 2626 δύναμις
1567 2597 1574 2606 ”
1588 2590 1636 2617 καὶ
1649 2587 1814 2624 κληρονομία

1029 2783 1156 2820 [ξεαιιιὶηἱ.
1174 2782 1230 2820 Τὸ,
1261 2783 1290 2810 ὲν
1329 2782 1403 2818 νόμῳ
1437 2781 1592 2820 καυχᾶσθαι
1619 2782 1674 2810 alio
1699 2785 1816 2816 Spectat.

1030 2817 1107 2845 lium.
1124 2826 1153 2851 tt,
1168 2817 1213 2844 ‘26.
