1950 3064
197 182 251 215 421

823 184 1020 214 MANUELIS
1038 184 1190 215 CALECIE

1766 185 1816 219 438

196 245 261 269 811111.
279 246 360 267 unum
379 248 386 266 ε
408 244 531 274 superest
551 247 626 274 ergo,
642 244 670 266 ut
687 247 768 266 unum
785 246 920 274 competat
936 248 975 267 ra-

1033 243 1081 278 τὴν
1093 243 1188 270 οὐσίαν
1198 232 1321 270 εἶναι.Ἐί
1335 242 1397 276 γοῦν
1410 244 1495 277 καὶδὲ
1508 243 1660 278 κατάὑιιὴν
1669 244 1817 279 τὴνοῖσίαν

198 287 272 314 tione
285 285 418 312 essentia.
432 285 572 320 Siquidem
603 286 682 320 igitur
699 285 762 313 illud
777 285 863 320 ipsum
885 294 978 319 unum,

196 333 269 368 quod
284 339 366 366 penes
381 333 527 359 essentiam
553 336 594 358 est
605 350 613 364 ,
629 331 655 358 in
672 336 725 358 tam
746 332 830 358 multa
848 332 909 366 quis
924 332 981 360 dis-

198 379 297 406 similia
311 377 423 408 dividat,
445 377 522 412 juxta
538 384 586 404 cas
599 385 659 412 quae
681 377 761 404 dictae
774 381 838 404 sunt
865 378 979 404 istorum

197 423 334 450 hominum
368 423 540 454 antitheses,
571 430 652 450 unum
688 423 715 449 in
746 422 802 449 Deo
833 423 978 450 indivisunt

196 475 329 502 nusquam
340 468 511 500 occurrerit;
526 467 599 502 quod
614 475 679 495 vero
691 467 726 494 sit
738 467 896 499 indivisum.
906 476 979 495 com-

196 512 285 539 munis
304 511 371 539 ttdes
384 517 597 547 sanctorumque
612 512 748 548 proposita
765 513 887 540 doctrina
899 514 978 541 ﬁdem

193 557 268 585 facit.

228 603 297 631 Cum
314 603 389 638 plura
406 611 513 639 quoque
538 604 590 632 alia
613 604 673 639 ejus
690 605 796 640 generis
821 613 855 633 ex
885 610 977 640 aperta

194 656 313 684 veraque
339 655 498 677 sanctorum
533 651 672 677 doctorum
714 651 847 686 theologia
881 651 978 679 all‘erre

192 695 298 728 liceret,
322 696 419 730 partim
441 696 474 722 ad
489 703 583 722 eorum
602 697 804 730 corruptionem
828 704 978 731 reprasen-

193 742 314 774 tandam,
326 749 377 776 qua
394 742 433 768 sic
446 741 533 777 palam
556 743 723 776 scripserunt
741 750 772 769 ac
794 742 873 769 ﬁdem
886 743 979 770 edide—

192 791 267 819 runt,
279 787 376 822 partim
400 788 434 814 ad
457 788 576 822 ipsorum
591 788 753 815 confutanda
769 788 907 816 mendacia
923 807 930 820 ,
946 795 978 816 ac

192 832 401 864 ostendendum,
423 832 507 859 multa
524 838 679 859 sanctorum
698 834 767 860 dicta
784 833 872 860 alieno
890 841 904 859 a
931 840 978 859 ru.

194 878 268 904 tione
294 884 360 904 ausu
385 877 525 912 animique
547 878 681 912 pravitate
707 877 732 904 in
752 879 851 905 malum
866 886 975 906 sensum

195 923 320 954 traxisse,
347 930 396 950 nec
411 928 440 949 ut
453 930 572 950 consone
588 923 686 951 divinis
706 924 855 959 Scripturis
882 925 975 956 loqne-
993 911 1012 938 Β

194 973 299 1001 rentur,
321 969 362 996 vel
379 969 518 996 minimum
531 976 642 997 curasse
659 977 666 995 :
681 969 707 997 in
724 978 802 1004 quam
818 970 899 997 multa
914 970 976 998 item

193 1014 309 1041 absurda
334 1014 486 1048 praecipites
515 1013 646 1046 ferantur,
671 1021 703 1041 ac
729 1019 832 1049 quanta
858 1014 892 1042 de
921 1014 977 1042 Deo

192 1059 331 1094 explorata
348 1066 396 1093 per
413 1066 458 1086 eos
474 1058 578 1086 sublata
598 1063 672 1091 sunt,
686 1067 848 1095 omnemque
867 1067 977 1088 sancto-

191 1113 253 1134 rum
271 1104 433 1140 theologiam
451 1105 546 1138 dilabi,
565 1105 587 1132 si
603 1105 683 1132 modo
695 1106 824 1140 synodica
843 1106 901 1134 hate
915 1114 977 1133 Sett-

194 1151 276 1179 tentia
290 1151 374 1178 robur
386 1151 504 1183 habeat;
520 1150 636 1178 ulterius
653 1152 780 1186 prosequi
799 1152 975 1186 supersedeo,

193 1197 244 1225 hoc
258 1203 359 1224 cavens
377 1203 411 1224 ne
427 1196 581 1231 prolixitate
605 1197 685 1223 tredio
707 1196 835 1224 lectorem
850 1197 974 1225 alliciam.

192 1242 334 1271 Sulliciunt
359 1243 430 1270 enim
449 1250 479 1270 ea
492 1262 500 1276 ,
519 1249 572 1278 qua
594 1243 665 1270 dicta
690 1249 773 1276 sunt,
787 1244 846 1278 his,
860 1252 976 1279 quorum

192 1297 245 1318 non
258 1294 358 1318 caecata
374 1289 487 1317 omnino
505 1295 568 1318 sunt
591 1289 675 1317 animi
697 1290 798 1317 lumina
809 1311 817 1324 ,
833 1293 866 1318 ad
883 1296 976 1318 osten-

193 1336 323 1368 dendum,
341 1342 398 1367 eos,
412 1336 458 1370 qui
475 1340 579 1363 asserta
600 1335 626 1362 in
643 1334 727 1362 Tomo
742 1335 774 1363 de
787 1336 839 1363 [ide
857 1341 975 1369 tcncant,

193 1382 273 1408 tidem
290 1381 424 1413 confiteri,
436 1388 518 1416 quant
539 1388 592 1407 non
605 1386 741 1408 noverunt
758 1380 851 1408 Patres
868 1382 953 1409 nostri
967 1402 975 1415 ,

194 1427 310 1454 alienam
324 1427 429 1454 scilicet
444 1427 476 1454 ab
492 1434 534 1458 ea,
551 1434 612 1461 qua:
627 1435 640 1454 a
656 1428 757 1455 sanctis
774 1428 916 1461 pnedicata
934 1432 977 1455 est

192 1474 219 1500 in
237 1473 370 1500 catholica
391 1478 419 1500 et
436 1473 583 1508 apostolica
607 1473 708 1500 Christi
725 1473 847 1501 Ecclesia
864 1483 871 1501 :
891 1474 976 1509 quod-

192 1527 246 1554 que
255 1527 268 1545 a
281 1519 414 1554 principio
427 1518 563 1551 dicebam,
576 1526 636 1545 cum
646 1519 744 1553 duplex
757 1520 782 1546 in
794 1519 844 1546 hac
855 1520 975 1547 ECclesia

1031 289 1060 315 ἒν
1075 289 1114 321 είς
1132 289 1251 317 τοσαῦτα
1275 290 1356 317 διέλοι
1380 299 1422 322 τις
1445 291 1571 325 ἀνόμοια,
1588 290 1658 317 κατὰ
1672 292 1720 322 τὰς
1738 291 1815 324 εἰρη-

1032 338 1116 372 μένας
1126 337 1180 364 τῶν
1193 337 1299 373 ἀνδρῶν
1314 338 1416 365 τούτων
1429 339 1589 372 ἀντιθέσεις,
1606 339 1635 365 τὸ
1646 339 1675 365 ἒν
1687 339 1732 365 ἐπὶ
1747 339 1814 364 Θεοῦ

1030 385 1184 419 ἀδιαίρετον
1196 384 1247 411 οὐκ
1274 384 1348 412 ἐστιν
1366 385 1466 420 εὑρεῖν.
1487 384 1549 412 Ὀτι
1566 384 1593 411 δὲ
1617 385 1782 418 ἀδιαίρετον,
1799 384 1815 419 ἡ

1030 430 1106 465 κοινὴ
1121 431 1212 462 πίστις
1227 429 1299 467 καὶὴ
1310 431 1473 466 προτεθεῖσα
1488 431 1542 458 τῶν
1553 430 1640 465 ἁγίων
1655 429 1816 457 διδασκαλία

1031 485 1068 512 μα
1073 485 1120 511 ρτυ
1124 478 1175 512 psi.

1067 599 1158 634 Ἕχων
1171 599 1222 633 μὲν
1234 597 1282 625 οὖν
1297 599 1344 625 καὶ
1358 598 1425 626 ἀλλα
1442 599 1527 626 πολλὰ
1536 598 1659 631 τοιαῦτα,
1673 598 1752 625 τοῦτο
1763 598 1816 632 μὲν

1029 646 1068 677 είς
1085 645 1257 680 παράστασιν
1269 646 1320 680 τῆς
1343 645 1491 680 διαφθορᾶς
1514 645 1569 672 τῶν
1594 644 1712 680 ἀνδρῶν,
1729 646 1759 676 ὲξ
1777 643 1816 672 ὦν

1029 692 1185 727 ἀνέγραψαν
1212 693 1259 719 καὶ
1273 692 1439 719 ἐπίστευσαν
1455 692 1611 727 παρρησίᾳ,
1634 691 1714 718 τοῦτο
1727 692 1756 718 δὲ
1773 692 1815 722 εἰς

1028 738 1138 773 ἔλεγχον
1156 739 1203 772 τῆς
1217 737 1392 772 ψευδολογίας
1405 738 1506 770 αὐτῶν,
1518 738 1550 764 ὲκ
1566 738 1614 772 τῆς
1630 738 1750 772 φανερᾶς
1765 737 1815 763 καὶ

1028 786 1146 820 ἀληθοῦς
1161 786 1212 812 τῶν
1231 786 1316 819 ἁγίων
1337 785 1506 812 διδασκάλων
1523 785 1662 819 Θεολογίας
1679 785 1814 819 παραθεῖ-

1029 840 1084 863 ναι,
1103 830 1152 857 καὶ
1167 831 1241 862 ὅπως
1263 831 1310 865 μὲν
1331 831 1446 862 πολλοὺς
1461 831 1514 857 τῶν
1528 830 1614 863 ἁγίων
1637 830 1734 864 λόγους
1758 838 1814 855 πα-

1029 876 1151 911 ραλόγως
1169 877 1216 903 καὶ
1247 876 1391 911 κακοήθως
1423 877 1667 911 ὲσυκοφάντησαν,
1692 876 1767 907 ὅπως
1784 875 1812 901 δὲ

1027 922 1074 948 τοῦ
1104 921 1258 957 συμφώνως
1291 923 1351 952 ταῖς
1381 922 1469 952 eam;
1488 922 1610 957 ι¹ραφαῖς
1636 921 1726 955 λέγειν
1756 921 1812 947 οὐδ’

1026 968 1116 995 ὁτιοῦν
1131 968 1303 1002 ἐφρόντισαν,
1320 968 1368 994 καὶ
1384 969 1422 999 εὶς
1439 968 1488 994 ὅσα
1507 968 1555 1002 μὲν
1571 968 1605 994 τὰ
1617 967 1708 994 ἄτοπα
1726 974 1812 993 κατα-

1027 1016 1166 1050 φέρονται,
1195 1015 1245 1041 ὅσα
1268 1015 1296 1040 δὲ
1320 1015 1374 1040 τῶν
1395 1013 1624 1049 ὁμολογουμένων
1649 1015 1713 1048 περὶ
1742 1013 1811 1040 Θεοῦ

1026 1060 1214 1095 ἀναιροῦνται,
1232 1061 1279 1086 καὶ
1297 1060 1371 1086 πᾶσι
1387 1060 1403 1094 ὴ
1430 1060 1484 1087 τῶν
1500 1060 1586 1094 ἁγίων
1602 1059 1727 1093 θεολογία
1752 1060 1810 1086 δια-

1028 1108 1134 1139 πίπτει,
1151 1108 1200 1142 τῆς
1216 1107 1359 1141 συνοδικῆς
1383 1106 1485 1142 ταύτης
1511 1107 1676 1141 ἀποφάσεως
1693 1106 1812 1142 κρατού-

1028 1163 1096 1189 σης,
1122 1154 1169 1180 καὶ
1197 1153 1271 1184 ὅπως
1305 1154 1412 1184 ἑαυτοῖς
1438 1153 1572 1188 μυριαχοῦ
1600 1153 1810 1188 περιπίπτουσι,

1029 1199 1227 1235 παραιτοῦμαι,
1256 1198 1304 1225 τοῦ
1333 1199 1413 1233 λόγου
1446 1199 1492 1225 τὸν
1514 1199 1596 1234 κόρον
1623 1199 1809 1234 ὑφορώμενος.

1033 1246 1124 1273 Ἱκανὰ
1140 1248 1193 1280 γὰρ
1216 1245 1251 1272 τὰ
1269 1244 1404 1280 εἰρημένα
1421 1246 1479 1276 τοῖς
1500 1245 1537 1279 μὴ
1563 1245 1652 1279 πάντη
1671 1244 1811 1278 τετυφλω-

1029 1292 1129 1326 μένοις,
1146 1291 1211 1325 προς
1223 1291 1252 1317 τὸ
1264 1291 1349 1323 δεῖξαι
1361 1290 1422 1322 τοὺς
1438 1291 1485 1324 τὴν
1497 1291 1542 1317 τοῦ
1559 1290 1649 1325 Τόμου
1662 1290 1737 1316 θέσιν
1746 1290 1811 1323 περὶ

1027 1340 1076 1372 τῆς
1101 1338 1219 1369 πίστεως
1236 1337 1402 1372 κατέχοντας
1427 1337 1520 1364 πίστιν
1543 1337 1693 1371 ὁμολογεῖν,
1713 1337 1746 1372 ἥν
1760 1338 1811 1363 οὐκ

1026 1384 1138 1420 ᾔδεισαν
1149 1385 1173 1410 οἱ
1192 1384 1312 1418 Πατέρες
1328 1384 1407 1419 ἡμῶν
1422 1391 1428 1399 ·
1442 1384 1473 1409 τὸ
1487 1383 1509 1410 δ’
1522 1383 1595 1410 ἐστιν
1614 1383 1760 1418 ἀλλοτρίαν
1772 1381 1812 1409 εἷ-

1027 1438 1071 1455 ναι
1084 1431 1132 1463 τῆς
1148 1431 1176 1456 ὲν
1193 1430 1225 1464 τῇ
1242 1428 1373 1463 καθολικῇ
1389 1428 1437 1454 καὶ
1448 1429 1615 1464 ἀποστολικῇ
1628 1428 1674 1454 τοῦ
1690 1429 1809 1462 Χριστοῦ

1033 1475 1182 1510 Ἐκκλησία
1197 1475 1271 1510 παρὰ
1281 1475 1335 1501 τῶν
1351 1475 1436 1509 ἁγίων
1453 1476 1659 1510 κηρυττομένης
1671 1475 1806 1506 πίστεως·

1026 1521 1083 1554 καὶ,
1100 1521 1113 1547 ὂ
1129 1521 1260 1556 πρότερον
1280 1521 1432 1556 ἀρχόμενος
1448 1520 1551 1554 ἔλεγον,
1569 1522 1609 1548 ὃτι
1625 1521 1715 1556 διττῆς
1731 1529 1809 1554 γενο-

191 1563 328 1590 exstiterit
347 1562 479 1597 synodus,
498 1562 653 1598 duplexque
672 1570 703 1590 ae
720 1565 856 1591 contraria
872 1565 974 1599 prolata

1028 1568 1111 1602 μένης
1128 1567 1237 1594 συνόδου
1252 1568 1328 1602 παρὰ
1342 1567 1390 1602 τῆς
1407 1567 1570 1602 Ἐκκλησίσς
1583 1569 1694 1602 ταύτης,
1711 1569 1757 1594 καὶ
1771 1568 1809 1594 δι-

192 1609 327 1636 scntentia
341 1608 387 1640 sit,
403 1608 475 1642 quod
488 1608 586 1636 attinet
600 1610 633 1635 ad
650 1611 825 1644 qumstionem
836 1612 868 1638 de
883 1611 974 1638 divina

191 1654 311 1682 essentia
328 1658 355 1681 et
367 1654 523 1688 operatione
533 1657 547 1686 ,ί
566 1655 769 1689 obscurumque
784 1656 866 1683 videri
887 1658 974 1691 possit

192 1703 253 1724 utra
276 1697 372 1724 harum
399 1698 599 1725 sententiarum
617 1699 757 1727 veritatem
781 1701 907 1728 comitem
923 1702 973 1729 ha-

191 1743 255 1771 beat
263 1743 339 1779 (sunt
349 1744 422 1771 enim
435 1744 508 1771 inter
521 1751 550 1772 se
560 1745 727 1779 contrariae),
739 1751 842 1774 certum
852 1749 972 1782 omnino,

191 1797 223 1816 ex
241 1790 273 1817 iis
287 1797 347 1826 qua:
361 1789 432 1817 dicta
444 1795 516 1823 sunt,
537 1791 764 1828 exploratumque
777 1797 830 1827 est,
845 1802 904 1822 eam
915 1803 974 1831 quae

193 1844 264 1864 nunc
288 1837 376 1871 viget,
398 1838 538 1865 mendacio
555 1837 645 1866 fulciri
664 1846 695 1866 at:
717 1840 910 1874 blasphemiam
927 1843 975 1870 ha-

191 1882 265 1910 bere.
294 1882 411 1910 Proinde
435 1891 496 1918 qua:
521 1883 578 1912 haec
589 1885 688 1912 astruit
712 1886 895 1922 praedicatque
920 1887 972 1915 Ec-

191 1929 286 1961 clesia,
302 1929 352 1956 hoc
368 1930 478 1962 amisit,
504 1935 533 1958 ut
553 1937 646 1959 sancta
670 1933 804 1961 catholica
824 1940 850 1962 et
866 1940 974 1970 aposto-

189 1973 241 2001 lica
255 1980 347 2008 esset,
374 1976 408 2003 de
430 1983 484 2010 qua
507 1977 629 2011 quotidie
648 1977 831 2013 conﬁtemur;
850 1988 974 2015 quamm-

189 2020 308 2056 dumque
325 2021 435 2049 ubinam
464 2027 598 2050 terrarum
625 2023 670 2050 illa
693 2025 738 2057 sit,
755 2027 972 2061 quandoquidem

189 2069 247 2096 ﬁeri
273 2077 324 2096 non
348 2075 437 2104 potest
455 2074 484 2097 ut
509 2070 630 2098 Ecclesia
654 2070 754 2100 Christi
779 2073 895 2101 deﬁciat.
917 2075 973 2102 Ad-

189 2123 284 2143 versus
300 2118 372 2144 enim
391 2124 463 2149 eam,
476 2125 536 2152 quae
555 2117 623 2145 falsa
640 2126 713 2146 nunc
727 2119 799 2146 circa
814 2120 891 2147 tidem
911 2128 974 2156 pro-

190 2161 290 2194 litetur,
307 2161 346 2189 uti
359 2162 433 2197 prius
453 2170 509 2189 non
527 2170 600 2196 raro,
616 2170 690 2190 nunc
710 2170 818 2198 quoque
830 2170 916 2199 porta:
929 2164 972 2192 in-

189 2208 239 2237 feri
258 2209 374 2244 turpiter
388 2209 599 2244 praevaluerunt.

1026 1612 1097 1650 πλῆς
1113 1614 1160 1640 καὶ
1190 1613 1315 1643 ἐναντίας
1339 1613 1528 1649 ἐξενεχθείσης
1548 1614 1712 1648 ἀποφάσεως
1742 1617 1808 1647 περὶ

1024 1661 1073 1686 τοῦ
1093 1660 1250 1694 ζητήματος
1261 1659 1308 1695 τῆς
1324 1659 1397 1691 θείας
1407 1660 1500 1691 οὐσίας
1515 1660 1562 1686 καὶ
1577 1660 1729 1695 ἐνεργείας,
1742 1660 1808 1694 d311-

1026 1706 1071 1733 λον
1090 1706 1210 1741 ὁποτέρα
1234 1705 1288 1732 τῶν
1315 1705 1480 1740 ἀποφάσεων
1496 1705 1613 1739 τάληθὲς
1630 1705 1688 1740 μεθ’
1707 1705 1807 1739 ἑαυτῆς

1026 1752 1081 1788 ἔχει
1096 1752 1229 1788 (ἐναντίαι
1243 1751 1297 1786 γὰρ
1310 1751 1461 1786 ἀλλήλαις),
1473 1750 1561 1786 πάντη
1576 1751 1760 1786 ἀναμφίῦολον
1775 1752 1808 1776 ἐκ

1024 1800 1079 1826 τῶν
1094 1799 1145 1834 ἤδη
1160 1797 1312 1833 εἰρημένων
1334 1797 1431 1831 γέγονε
1456 1797 1505 1832 τὴν
1528 1797 1576 1823 νῦν
1602 1797 1759 1832 κρατοῦσαν
1777 1797 1808 1823 τὸ

1024 1845 1122 1880 ψεῦδος
1139 1844 1198 1880 μεθ’
1213 1844 1312 1879 ἑαυτῆς
1335 1843 1382 1871 καὶ
1400 1843 1430 1870 τὸ
1455 1843 1614 1879 βλάσφημον
1628 1844 1699 1879 ἔχειν
1711 1853 1717 1860 ·
1734 1845 1807 1871 ὥστε

1025 1893 1041 1926 ἡ
1058 1891 1146 1918 ταῦτα
1173 1889 1320 1925 βεϐαιοῦσα
1345 1889 1392 1916 καὶ
1419 1889 1592 1925 κηρύττουσα
1612 1890 1761 1925 Ἐκκλησία
1776 1891 1808 1917 τὸ

1025 1936 1095 1964 εἶναι
1110 1937 1175 1972 μίαν
1191 1936 1271 1971 ϋγίαν
1298 1936 1444 1971 καθολικὴν
1463 1936 1511 1963 καὶ
1538 1936 1721 1972 ἀποστολικὴν
1740 1937 1805 1963 Ἐκ-

1024 1984 1150 2019 κλησίαν,
1169 1983 1234 2017 περὶ
1248 1991 1282 2019 ης
1306 1983 1367 2010 καθ’
1391 1983 1497 2018 ἡμέραν
1516 1983 1712 2018 ὁμολογοῦμεν,
1729 1985 1807 2010 and)"

1024 2029 1086 2055 λεσε
1099 2036 1105 2044 ·
1130 2029 1176 2055 καὶ
1190 2028 1324 2063 ζητητέον
1339 2028 1407 2054 ὅπου
1425 2028 1476 2062 γῆς
1501 2029 1576 2066 ἐστιν
1592 2028 1672 2063 αὕτη,
1691 2028 1807 2063 ἐπείπερ

1023 2075 1152 2103 ἀδύνατον
1165 2076 1214 2110 τὴν
1231 2075 1396 2109 Ἐκκλησίαν
1408 2075 1455 2101 τοῦ
1468 2074 1585 2110 Χριστοῦ
1600 2075 1733 2101 ἐκλιπεῖν.
1747 2075 1806 2108 Τῆς

1024 2123 1079 2157 γὰρ
1094 2123 1129 2149 τὰ
1154 2122 1238 2157 ψευδῆ
1265 2121 1329 2156 περὶ
1346 2122 1395 2156 τὴν
1421 2122 1513 2149 πίστιν
1538 2121 1586 2148 νῦν
1608 2122 1806 2156 ὁμολογούσης,

1022 2167 1117 2203 ὥσπερ
1136 2168 1270 2203 πρότερον
1293 2168 1321 2194 αι
1345 2167 1427 2194 πύλαι
1447 2167 1494 2194 τοῦ
1519 2167 1582 2202 ᾅδου
1598 2167 1739 2199 πολλάκις,
1759 2167 1808 2196 καὶ

1022 2213 1070 2240 νῦν
1087 2214 1209 2249 αἰσχρῶς
1223 2213 1357 2249 ὑπερίσχυ
1363 2223 1422 2240 σαν.
