1950 3064
165 142 215 175 £31

789 119 987 167 MANUEIJS
1002 135 1153 165 CALEC/E

1724 130 1778 162 432

167 202 199 227 lis
214 200 329 233 exsistit,
350 203 378 226 et
403 201 471 230 Iuste
494 205 525 225 ea
547 195 727 232 appellatione
753 194 888 229 gaudebit,
906 192 964 221 util

1010 192 1051 227 ιὴν
1067 193 1258 228 ἐπιστάμενος.
1276 191 1323 219 τοῦ
1340 192 1390 226 μὲν
1409 190 1517 225 ἀληθῶς
1538 189 1683 223 ἄνθρωπος
1709 186 1781 216 εἶναι

169 248 286 273 ιίνὶὃςῘΙΙΙ
304 245 350 280 qui
365 252 459 272 earum
477 251 564 270 rerum
581 249 641 276 qua:
658 242 777 268 honestae
793 243 865 272 sunt,
892 238 950 265 nui—

169 293 222 318 lam
241 295 286 318 aut
300 290 396 325 qua-rit
420 293 466 316 aut.
485 289 596 319 invertit.
620 293 706 321 neque
729 292 793 313 vero
819 285 890 317 scit,
915 283 949 316 is,

170 335 270 362 amisso
285 334 355 369 quod
372 341 434 360 vere
458 335 538 360 ltouto
557 338 608 364 est.
621 332 747 366 iumentis
767 329 950 365 insipientibus

170 383 341 414 comparatur
357 380 377 405 '.
393 379 496 406 Idcirco
510 378 591 404 etiam
605 377 739 409 Christus,
759 376 816 410 ipsa
838 375 950 406 veritas,

171 425 228 460 ipsa
249 424 394 459 sapientia,
411 431 503 450 eurum
525 430 574 449 nos
590 429 680 449 rerutn
696 420 825 448 sollicitos
845 419 950 450 volens.

169 477 229 504 qua:
245 470 362 496 honestae
381 473 464 500 sunt,
490 469 568 495 modo
588 467 696 502 quidem
714 466 840 493 dicebat:
868 463 952 490 Petita

167 521 192 542 et
208 515 315 542 dabitur
327 515 418 547 vobis,“
436 514 518 540 omnia
543 513 612 540 enim
638 513 684 547 qui
707 511 782 545 petit,
797 510 911 544 accipit;
927 512 951 535 et

169 561 216 596 qui
242 560 346 595 quierit,
371 559 485 592 invenit;
503 564 526 586 et
543 558 660 592 pulsanti
683 556 852 589 aperietur';
873 553 952 581 modo

170 611 258 633 autent
274 615 280 633 :
299 605 460 633 Scrulnntini
476 604 627 638 Scriptura:
639 603 659 630 ³.
676 603 753 635 Nam,
764 605 794 629 ut
808 601 844 628 ait
857 600 953 628 beatus

173 651 282 684 Paulus,
312 652 377 684 Quw
402 651 464 677 olim
492 650 588 683 scripta
611 653 682 681 sunt,
697 649 732 676 ad
756 651 875 675 nostram
895 645 953 680 jam

174 704 228 724 tum
249 699 397 724 doctrinam
415 698 510 730 uripm
526 695 618 722 σηπιιῆ

210 743 250 770 Tu
270 743 362 776 igitur,
377 743 498 769 veritatis
521 747 546 768 lc
568 748 661 768 amore
681 740 777 772 leneri,
802 737 894 766 multis
907 745 952 766 os,-

175 787 287 814 leudis:
314 787 394 814 modo
420 787 538 822 quidem,
565 794 627 812 cum
655 785 870 820 indisciplinatos
895 784 953 811 illos

172 833 324 863 arbitraris.
341 832 387 866 qui
411 831 589 859 eruditionem
617 831 772 865 litterasque
798 837 830 856 ac
845 829 953 864 sapient-

160 879 236 906 -~tiatu
257 878 339 905 anitui
356 879 453 905 damtto
469 877 570 904 ducunt
588 884 595 903 :
615 877 694 903 tnodo
711 880 813 908 autent,
830 883 890 902 cum
907 874 951 901 tibi

172 925 230 960 ipse
245 925 342 951 damno
360 925 476 950 maximo
499 924 585 955 ducis,
607 922 677 957 quod
694 927 719 949 te
741 929 790 957 pro
812 921 952 952 facultate,

173 978 205 997 ac
218 974 348 1004 quantum
365 969 472 1004 assequi
488 969 596 1000 licebat,
613 968 743 995 doctrinis
765 967 953 1001 sapientiaque

174 1015 257 1042 imbtti
285 1015 492 1049 liatnlquuquaiu
517 1013 671 1048 contigerit.
688 1011 796 1039 Versari
821 1016 846 1038 te
866 1017 953 1038 autem

174 1062 201 1089 itt
218 1062 251 1088 iis
275 1066 335 1095 qua:
352 1060 468 1087 maxima
486 1064 549 1086 sunt
564 1059 700 1093 animique
719 1058 833 1085 salutem
847 1058 952 1092 juvant.

174 1106 215 1133 vel
239 1106 309 1133 istud
325 1105 424 1140 prodit,
447 1104 519 1140 quod
537 1104 779 1138 impratseutiaruut
795 1110 809 1130 a
828 1103 907 1130 nobis
923 1104 955 1130 de

174 1152 217 1180 his
231 1152 399 1187 percontaris
414 1159 446 1178 ac
461 1151 551 1178 doceri
576 1151 686 1185 qua-ris,
702 1157 760 1184 qua:
783 1149 815 1176 ad
834 1153 953 1176 nostram

173 1199 391 1228 Christianorum
421 1199 501 1225 [idem
529 1201 661 1232 spectant.
692 1196 763 1224 Sane
791 1203 866 1227 vero,
893 1201 954 1222 cum

175 1250 249 1272 tuum
279 1244 352 1272 illum
379 1243 499 1271 diSCeudi
519 1243 654 1270 ‘ardorcut
683 1241 798 1273 lattdem,
822 1241 873 1268 ltoc
901 1247 954 1267 n0u

176 1291 268 1322 laudo,
288 1290 359 1325 quod
387 1297 437 1316 uos
455 1289 521 1316 tales
545 1290 692 1315 arbitratus
716 1288 765 1320 sis,
786 1287 832 1322 qui
857 1291 903 1313 tuo
918 1286 955 1313 illi

175 1336 310 1365 desiderio
321 1335 452 1369 explcmlo
468 1342 600 1362 essemus.
616 1333 710 1368 Opera:
725 1332 841 1367 pretium
858 1331 955 1362 fuerat,

177 1389 234 1408 rem
260 1381 393 1415 ejusmodi
410 1389 442 1408 ex
470 1381 531 1408 aliis
555 1386 686 1414 qumrerc,
709 1379 774 1406 viris
791 1378 895 1406 scilicet
911 1376 956 1411 qui

178 1428 231 1454 vita
249 1427 393 1461 purissima
415 1433 447 1453 ac
461 1426 616 1460 quotidiana
634 1425 701 1460 legis
723 1424 828 1452 Domini
845 1423 957 1451 medita-

178 1473 252 1500 tione
269 1472 340 1505 fulti,
357 1478 486 1506 quantum
504 1471 610 1503 sulﬁcit,
629 1472 691 1498 talia
709 1470 891 1505 quaerentibus
907 1470 955 1504 ipsi

1000 234 1215 272 ἐκπίπτει,’τοῖς
1240 239 1263 264 δ’
1279 237 1405 272 ἀνοήτοις
1424 237 1535 271 κτήνεσι
1564 235 1780 269 παραϐάλλεται.

1000 285 1050 311 Διά
1076 293 1118 310 τοι
1140 284 1219 310 τοῦτο
1234 283 1282 310 καὶ
1299 285 1313 310 ὁ
1335 283 1464 318 Χριστὸς,
1490 283 1506 317 ἡ
1533 280 1714 316 αὐτοαλήθεια
1733 281 1782 307 καὶ

1001 329 1162 364 αὑτοσοφία,
1177 329 1342 365 ζητητικοὺς
1358 329 1432 363 ἡμᾶς
1455 328 1520 361 περὶ
1538 326 1573 353 τὰ
1590 326 1660 353 καλὰ
1687 326 1781 361 βουλό-

1003 383 1083 409 μενος
1099 374 1181 407 εἶναι,
1197 375 1246 402 νῦν
1262 375 1312 410 μὲν
1325 374 1475 405 ἐδίδασκεν,
1488 373 1609 405 Αίτεῖτε,
1624 372 1674 398 καὶ
1696 372 1784 404 δοθή-

1001 428 1087 449 σεται
1107 421 1188 455 ὑμῖν·
1207 420 1266 454 πᾶς
1279 420 1334 455 τὰρ
1360 422 1377 448 d
1398 419 1489 447 αἰτῶν
1504 419 1648 454 λαμϐάνει
1661 426 1668 434 ι
1692 420 1740 444 κα)
1767 418 1784 443 ὁ

1001 468 1095 501 ζητῶν
1109 467 1252 502 εὑρίσκει·
1274 468 1324 495 καί
1352 467 1392 500 τῷ
1416 467 1555 501 κρούοντι
1567 465 1761 500 ἀνοιγήσεται
1774 471 1782 479 ⁸

1002 514 1048 540 νῦν
1063 514 1104 546 δὲ,
1124 514 1282 548 Ἐρευνᾶτε
1297 513 1350 546 τὰς
1363 513 1496 547 Γραφάς.
1508 511 1563 539 Καὶ
1579 510 1689 546 γὰρ,ὣς
1700 517 1783 544 φησιν

1002 561 1016 587 δ
1037 561 1172 595 μακάριος
1196 559 1312 591 Παῦλος,
1332 560 1410 586 Ὀσα
1432 557 1617 593 προεγράφη,
1645 557 1690 590 εἰς
1711 557 1784 591 ἠμε-

1003 605 1092 640 τέραν
1106 605 1310 633 διδασκαλίαν
1326 604 1510 640 προεγράφη.

1038 744 1074 771 Σὺ
1088 745 1190 777 τοίνυν,
1214 743 1254 770 δτι
1272 742 1323 778 μὲν
1340 742 1474 777 ὑπάρχεις
1495 740 1660 776 φιλομαθὴς,
1686 740 1787 767 πολλα-

1004 791 1084 827 χόθεν
1111 790 1265 820 δεικνύεις”
1288 789 1354 815 ποτὲ
1384 789 1434 822 μὲν
1457 786 1639 817 ἀπαιδεύτους
1662 786 1786 817 ἐκείνους

969 859 990 887 Β
1004 837 1165 873 ἡγούμενος,
1181 836 1205 862 οἳ
1224 835 1327 870 βλάϐην
1353 834 1443 869 ψυχῆς
1464 833 1528 865 τοὺς
1549 833 1646 867 λόγους
1668 833 1716 859 καὶ
1737 832 1788 867 τὴν

1005 882 1101 915 enim
1118 880 1360 915 ὑπολαμϐάνουσιδ
1386 878 1499 905 ποτέδέ
1523 878 1626 914 ζημίαν
1656 876 1788 912 μεγίστην

1005 927 1097 962 σαυτῷ
1112 927 1267 961 τιθέμενος,
1283 926 1323 953 δτι
1341 934 1382 952 σοι
1401 925 1439 960 μὴ
1454 925 1542 958 λόγων
1556 924 1603 950 καὶ
1615 923 1711 958 σοφίας
1731 923 1789 956 ἐξε-

1004 974 1099 1008 γένετο
1111 973 1182 999 κατὰ
1197 972 1227 998 τὺ
1238 972 1352 998 δυνατὴν
1367 971 1525 1006 μετασχεῖν.
1545 971 1607 996 Ὅτι
1628 969 1656 996 δέ
1674 970 1740 1004 περὶ
1754 969 1789 995 τὰ

1006 1019 1124 1054 μέγιστα
1147 1019 1193 1044 καὶ
1208 1017 1358 1053 ψυχωφελῆ
1382 1017 1533 1052 μαθήματα
1560 1016 1720 1050 διατρίϐεις,
1742 1015 1791 1041 καὶ

1005 1066 1083 1092 τοῦτο
1105 1065 1250 1096 δεικνύεις,
1275 1064 1323 1098 ἀφ’
1341 1060 1378 1091 ὧν
1392 1064 1528 1098 ἐζήτησας
1548 1062 1596 1089 νῦν
1613 1061 1708 1098 μαθεῖν
1723 1061 1791 1096 παρ’

1005 1112 1086 1148 ἡμῶν
1099 1112 1163 1146 περὶ
1179 1111 1233 1137 τῶν
1247 1110 1404 1146 ἀνηκόντων
1429 1111 1462 1145 τῇ
1487 1109 1550 1136 καθ’
1564 1109 1639 1144 ἡμᾶς
1654 1108 1708 1134 τῶν
1724 1107 1792 1142 Χρι-

1006 1157 1122 1184 στιανῶν
1149 1157 1250 1182 πίστει.
1281 1155 1351 1188 Ἐγὼ
1372 1155 1422 1189 μὲν
1436 1153 1494 1186 οὖν,
1512 1153 1560 1180 σοῦ
1583 1154 1614 1180 τδ
1640 1152 1792 1187 φιλομαθὲς

1005 1202 1136 1234 ἐπαινῶν,
1153 1201 1233 1228 τοῦτο
1247 1201 1297 1228 οὑκ
1320 1200 1435 1233 ἐπαινῶ,
1453 1200 1495 1226 ὅτι
1512 1208 1558 1226 σου
1574 1199 1623 1233 τὴν
1639 1198 1791 1233 ἐπιθυμίαν

1008 1248 1118 1279 ἱκανοὺς
1131 1247 1204 1282 ἡμᾶς
1218 1248 1349 1281 ἐνόμισας
1365 1246 1568 1281 ἐκπληρώσειν.
1586 1244 1661 1271 Ἔδει
1687 1245 1742 1278 γάρ
1759 1252 1790 1269 σε

1006 1293 1072 1328 παρ’
1092 1293 1179 1319 ἄλλων
1190 1292 1302 1319 τοιαῦτα
1319 1291 1472 1325 ἐπιζητεῖν,
1491 1290 1516 1316 οἳ
1532 1290 1580 1316 καὶ
1595 1289 1645 1324 βίῳ
1663 1289 1791 1323 καθαρω-

1007 1341 1080 1374 τάτῳ
1105 1339 1155 1367 καὶ
1175 1337 1214 1373 τῷ
1237 1337 1298 1364 καθ’
1314 1337 1422 1372 ἡμέραν
1436 1336 1481 1363 τὸν
1507 1336 1589 1371 νόμον
1613 1335 1727 1370 μελετᾷν
1742 1334 1790 1361 τοῦ

1007 1385 1111 1420 Κυρίου
1124 1385 1285 1420 δυνήσονται
1304 1385 1361 1414 τοῖς
1373 1382 1462 1411 ταῦτα
1479 1383 1608 1418 ζητοῦσιν
1631 1383 1791 1418 ἀρκούντως

1007 1432 1174 1459 ἀποδιδόναι.
1197 1431 1294 1466 Ἡμεῖς
1307 1430 1336 1456 δὲ
1348 1429 1453 1456 τούτων
1468 1428 1635 1464 ἀποροῦντες
1649 1427 1791 1459 ἁπάντων,

1008 1479 1066 1507 πῶς
1083 1478 1138 1513 ἄρα
1154 1477 1327 1512 δυνησόμεθα
1342 1476 1405 1507 τοὺς
1427 1475 1527 1507 ἄλλους
1553 1474 1587 1501 τὰ
1614 1473 1728 1500 τοιαῦτα
1753 1472 1793 1499 δι-

180 1519 291 1546 teddcre
316 1518 432 1552 poasint.
456 1517 510 1544 Nos
526 1524 600 1546 vero.
618 1525 678 1544 cum
704 1517 761 1543 hanc
778 1517 868 1544 omnia
891 1518 956 1544 deli-

1010 1524 1129 1555 δάσκειν,
1149 1524 1213 1558 περὶ
1230 1520 1268 1550 ὧν
1283 1524 1331 1550 καὶ
1348 1522 1426 1550 αὐτοὶ
1443 1521 1519 1556 παρὰ
1541 1520 1595 1548 τῶν
1614 1519 1724 1546 εἰδότων
1741 1528 1795 1554 μη-

179 1565 262 1596 ciunt,
277 1564 324 1598 qui
344 1563 390 1590 ﬁat
405 1568 434 1590 ut
449 1571 491 1590 res
507 1562 637 1596 ejusmodi
658 1563 725 1589 alios
742 1563 897 1594 doceamus,
913 1564 957 1597 qui

178 1616 205 1637 ct
222 1611 271 1645 ipsi
286 1610 320 1637 ab
340 1617 433 1637 earum
455 1610 548 1644 peritis
566 1609 676 1644 perinde
692 1610 780 1637 doceri
797 1609 959 1637 debeamus?

181 1657 333 1688 Enimvero,
359 1656 456 1691 quibus
472 1656 541 1682 haud
557 1656 624 1682 satis
644 1663 676 1682 ex
694 1656 774 1683 olllcii
790 1657 898 1683 ratione
919 1657 959 1682 vi-

180 1703 287 1733 deatur.
304 1707 332 1728 ul
346 1702 445 1736 quibus
470 1708 563 1736 magna
581 1709 633 1727 non
656 1705 812 1735 suppetunt,
834 1709 884 1729 nec
901 1709 961 1735 quae

182 1749 272 1776 tenuia
289 1755 337 1782 pro
353 1747 479 1774 facultate
494 1748 637 1780 exsistant,
652 1747 762 1774 minimc
778 1748 959 1782 pra-beamus;

183 1803 213 1821 ac
240 1802 303 1821 cum
329 1794 397 1820 alias
423 1793 549 1820 amicitia:
571 1793 632 1826 jure
662 1793 773 1827 obsequi
803 1794 960 1827 gestiamus,

182 1840 312 1874 quidquid
329 1840 362 1866 iis
375 1840 409 1866 de
421 1842 511 1872 rebus,
526 1840 558 1874 de
573 1840 671 1873 quibus
686 1839 828 1874 qttzeaiisti,
844 1846 876 1866 ex
891 1839 962 1866 Srri—

184 1891 262 1920 ptura
288 1893 318 1912 ac
336 1885 463 1912 Ecclesia:
482 1886 627 1919 magistr-ts.
646 1885 692 1912 Dei
712 1886 963 1914 subministratione

182 1931 286 1966 assequi
314 1930 400 1964 licuit,
428 1931 453 1958 id
478 1938 541 1958 vero
564 1938 625 1957 cum
652 1931 749 1958 timore
775 1931 822 1958 tibi
851 1932 963 1960 reddere

183 1979 372 2010 connitcuutr;
398 1977 438 2004 sic
466 1977 593 2004 nimirum
620 1981 649 2003 ut
677 1984 708 2004 cx
726 1977 865 2005 immenso
892 1977 964 2004 velut

183 2031 307 2058 tequore.
325 2023 452 2057 pauculas
467 2027 555 2058 guttas
573 2022 736 2054 haurientes,
753 2022 822 2049 haud
838 2031 963 2058 magnam

184 2074 286 2096 ornant:
300 2069 428 2096 dictionis
450 2076 482 2095 ac
498 2076 593 2097 vocum
607 2068 748 2102 elegantiae
765 2068 895 2094 rationem
915 2068 963 2095 lia-

185 2116 308 2146 bcamus,
333 2115 387 2141 ituo
407 2114 499 2147 etiatn,
514 2114 602 2148 quoad
625 2113 700 2147 licet,
714 2114 847 2141 claritatis
861 2115 962 2149 'gratiu,

185 2160 367 2194 negligatntts,
394 2167 474 2186 unum
501 2160 552 2186 ltoc
575 2165 738 2194 spcctantcs,
763 2163 791 2186 ut
816 2167 875 2195 quae
903 2167 963 2187 vera

185 2208 318 2234 sententia
341 2208 541 2241 rectissiutaque
559 2214 723 2241 prometuus,
742 2213 897 2236 sanctoruut
913 2216 966 2235 un-

185 2253 267 2287 dique
285 2253 454 2279 sermonibus
477 2253 642 2283 muniantur.
671 2252 771 2288 Sicque
796 2253 855 2288 ejus
879 2255 917 2281 rei
937 2254 963 2281 in

185 2298 310 2325 outnibns
324 2303 417 2325 sancte
439 2297 518 2325 nobis
541 2299 670 2324 servanda
690 2299 783 2333 religio
799 2305 850 2332 est,
869 2300 965 2334 utjatn

187 2351 244 2378 ipso
262 2344 373 2371 exordio
395 2344 459 2370 utliil
477 2352 525 2370 nos
543 2351 557 2370 a
574 2344 649 2370 nobis
665 2351 746 2380 atque
767 2347 902 2380 propriutn
925 2347 967 2374 di-

186 2398 278 2417 ('llllOS
296 2391 482 2425 prolltcamur,
511 2398 647 2425 unumque
667 2392 717 2418 huc
733 2393 865 2419 duntaxat
880 2393 965 2420 colla-

188 2443 273 2467 tums,
289 2441 318 2463 ut
335 2443 393 2470 qua:
409 2437 496 2463 sancti
515 2436 618 2468 Patres.
635 2437 719 2465 divini
732 2438 823 2465 alllatu
838 2437 966 2473 Spiritus,

187 2483 267 2509 locuti
291 2488 364 2516 sunt,
390 2483 446 2510 lucc
470 2491 533 2510 vero
550 2491 734 2518 exponamus;
762 2485 800 2511 uti
825 2485 968 2513 manifeste

187 2529 310 2562 liquebit,
324 2536 356 2555 ex
381 2529 413 2555 iis
437 2537 496 2563 quae
511 2529 631 2562 edemus,
647 2530 773 2557 nimirum
791 2531 817 2558 itt
844 2532 966 2565 singulis,

188 2583 248 2609 qua:
267 2583 281 2601 a
299 2575 376 2603 uobis
391 2576 501 2602 dicenda
517 2580 588 2609 Sunt,
603 2576 756 2610 aperiendo,
773 2578 835 2612 quid
849 2586 879 2605 ea
897 2579 923 2605 in
940 2585 969 2605 rc

187 2622 225 2650 illi
241 2623 388 2655 senserint;
403 2630 434 2649 ac
453 2622 581 2656 quidquid
595 2623 742 2650 dixerimus
763 2631 794 2650 cx
810 2629 965 2652 sanctorum

223 2734 230 2750 '
252 2735 320 2762 l’siit.
335 2742 426 2767 sunt.
447 2735 486 2762 I5.

1008 1569 1051 1594 δέν
1066 1569 1175 1594 ἔλαττον
1191 1567 1367 1594 διδάσκεσθαι
1380 1567 1535 1602 χρῄζομενς
1547 1566 1643 1600 Ὀμως
1656 1565 1687 1591 οὐ
1699 1564 1791 1595 καλῶς

1010 1614 1081 1648 ἔχειν
1094 1613 1343 1647 ὑπολαμϐάνοντες,
1369 1614 1394 1639 εἰ
1415 1621 1457 1643 τις
1481 1612 1519 1647 μὴ
1543 1612 1648 1638 πολλῶν
1667 1611 1795 1645 εὐπορῶν

1011 1661 1057 1686 καὶ
1075 1659 1211 1694 μεγάλων,
1234 1659 1296 1685 οὐδὲ
1315 1660 1350 1686 τὰ
1373 1659 1474 1685 δυνατὰ
1497 1658 1541 1685 διὰ
1564 1658 1644 1684 τοῦτο
1659 1657 1792 1692 παρέχει·

1010 1706 1058 1731 καὶ
1075 1704 1133 1739 ἅμα
1161 1713 1203 1730 τοι
1227 1704 1271 1730 διὰ
1295 1703 1345 1739 τὴν
1367 1703 1458 1738 φιλίαν
1473 1703 1614 1736 ἀξιοῦντες
1629 1701 1792 1733 ὑπακούειν,

1011 1752 1060 1777 ὅτι
1073 1750 1137 1785 περὶ
1150 1747 1187 1777 ὢν
1206 1749 1298 1785 ζητεῖς
1327 1750 1402 1784 παρὰ
1428 1750 1478 1783 τῆς
1506 1748 1588 1783 ἁγίας
1610 1746 1723 1783 Γραφῆς
1746 1746 1796 1773 καὶ

1012 1797 1065 1822 τῶν
1080 1796 1247 1823 διδασκάλων
1273 1795 1322 1830 τῆς
1341 1794 1516 1830 Ἐκκλησίας,
1539 1794 1588 1821 τοῦ
1613 1794 1683 1820 Θεοῦ
1711 1802 1796 1828 χορη-

1013 1844 1137 1877 γοῦντος,
1165 1843 1330 1869 καταλαϐεῖν
1355 1840 1536 1876 ἐδυνήθημεν,
1566 1840 1626 1875 μετ’
1650 1839 1795 1872 εὐλαϐείας

1014 1898 1055 1916 σοι
1074 1888 1262 1924 πειρασόμεθα
1285 1886 1451 1914 ἀποδοῦναι’
1479 1886 1574 1920 ὥσπερ
1598 1885 1630 1912 ἐκ
1660 1884 1797 1919 πελάγους

1013 1937 1128 1972 ἀπείρου
1154 1937 1287 1970 σταγόνας
1301 1935 1402 1969 μικρὰς
1420 1935 1601 1969 ἀρυσάμενοι,
1616 1933 1666 1968 τῆς
1688 1933 1737 1967 μὲν
1751 1932 1798 1959 λέ.-

1015 1983 1082 2016 ξεως
1101 1984 1147 2010 καὶ
1173 1983 1220 2010 τοῦ
1247 1982 1361 2013 κάλλους
1377 1983 1432 2008 τῶν
1447 1982 1589 2016 ὀνομάτων
1606 1980 1696 2014 ὀλίγον
1714 1988 1794 2015 φρον·

1014 2029 1144 2061 τίξοντες,
1164 2028 1265 2064 μᾶλλον
1277 2028 1317 2061 δὲ,
1335 2027 1382 2054 καὶ
1392 2028 1453 2053 ὅσον
1469 2027 1598 2061 ἐγχωρεῖ,
1612 2026 1656 2053 διὰ
1666 2026 1697 2052 τὸ
1712 2026 1798 2060 σαφὲς

1015 2075 1194 2110 ἀμελοῦντεςο
1211 2074 1286 2104 ὅπως
1302 2073 1330 2099 δὲ
1354 2072 1388 2099 τὰ
1412 2073 1538 2108 νοήματα
1552 2072 1640 2108 ἀληθῆ
1657 2073 1705 2099 καὶ
1719 2072 1798 2107 ὀρθὸ-

1015 2129 1083 2147 τατα
1106 2121 1148 2155 εῐη
1177 2119 1267 2154 λόγοις
1295 2119 1381 2152 ἁγίων
1407 2112 1540 2146 πάντοθεν
1563 2119 1798 2153 κατωχυρωμένα,

1018 2166 1098 2193 τοῦτο
1110 2165 1274 2196 σκοποῦντες
1289 2165 1379 2199 μόνον·
1395 2165 1464 2198 ὅπερ
1477 2164 1560 2198 ἡμεῖς
1573 2163 1689 2190 ἐνταῦθα
1703 2163 1799 2190 τοσοῦ-

1018 2221 1064 2239 τον
1083 2212 1128 2240 διὰ
1144 2212 1254 2239 πάντων
1266 2211 1419 2245 φυλάξομεν
1432 2211 1482 2246 (2),
1495 2210 1566 2237 ὥστε
1581 2211 1628 2238 καὶ
1653 2211 1800 2246 ἀρχόμενοι

1020 2258 1103 2292 μηδὲν
1119 2258 1167 2290 ἀφ’
1180 2257 1259 2292 ἡμῶν
1276 2257 1367 2284 αὐτῶν
1391 2257 1464 2291 ἐρεῖν
1485 2257 1585 2283 οἰκεῖον
1600 2257 1802 2292 καθυπισχνού-

1020 2304 1100 2339 μεθα.
1121 2303 1206 2330 Τοῦτο
1234 2303 1262 2330 δὲ
1292 2303 1374 2337 μόνον
1389 2302 1554 2336 εἰσοίσομεν,
1578 2303 1613 2328 τὰ
1637 2303 1694 2334 τοῖς
1712 2303 1802 2335 ἁγίοις

1019 2350 1100 2385 ὴμῶν
1118 2348 1257 2384 Πατράσιν
1272 2348 1324 2374 ὑπὸ
1343 2347 1390 2374 τοῦ
1404 2348 1482 2381 ἁγίου
1495 2347 1657 2382 Πνεύματος
1683 2349 1804 2382 ἐμπνευ-

1021 2394 1119 2420 σθέντα
1137 2392 1423 2428 καταστρωννύοντες,
1442 2393 1479 2424 ὡς
1499 2392 1555 2420 ἀπὸ
1567 2392 1622 2419 τῶν
1636 2393 1803 2420 ἐκτεθέντων

1020 2440 1099 2467 τοῦτο
1114 2440 1274 2474 φανήσεται·
1293 2438 1447 2469 δεικνύντες
1469 2439 1511 2472 ἐφ’
1527 2439 1642 2465 ἑκάστου
1658 2438 1713 2466 τῶν
1727 2440 1804 2473 λεγο-

1022 2487 1123 2522 μένων,
1138 2486 1199 2512 τίνα
1223 2485 1334 2520 γνώμην
1351 2484 1430 2519 ἔσχον
1446 2485 1510 2519 περὶ
1531 2484 1578 2511 τοῦ
1598 2487 1780 2520 προκειμένου
1794 2493 1801 2500 ·

1022 2533 1070 2558 καὶ
1087 2532 1155 2566 ὅπερ
1175 2532 1208 2558 ἂν
1225 2531 1368 2565 είποιμεν,
1387 2530 1483 2556 τούτου
1503 2529 1553 2565 τὴν
1577 2530 1732 2564 μαρτυρίαν
1755 2531 1804 2556 καὶ

1023 2577 1052 2604 τὸ
1069 2578 1164 2604 πιστὸν
1186 2577 1219 2603 ἐκ
1241 2576 1296 2603 τῶν
1318 2576 1404 2610 λόγων
1427 2576 1480 2602 τῶν
1492 2576 1579 2610 ἁγίων
1597 2576 1802 2609 ἐπαγαγόντες¹

1022 2625 1064 2650 ἵνα
1088 2623 1127 2659 μὴ
1150 2622 1274 2658 δοκῶμεν
1296 2623 1455 2666 γεννήματα
1481 2623 1530 2657 τῆς
1555 2622 1692 2658 ἡμετέρας
1719 2622 1805 2656 φθέγο

524 2737 534 2750 ¹
550 2735 643 2763 Mulli.
658 2745 706 2769 ru,
724 2738 749 2765 7.
789 2738 798 2753 ³
828 2737 908 2765 Joan.
942 2746 970 2772 ν,
984 2738 1030 2767 39,
1069 2739 1080 2754 ⁸
1095 2738 1174 2766 Rom.
1193 2745 1245 2766 xv.
1265 2737 1291 2764 4.

230 2847 268 2881 (9.)
282 2847 326 2876 S'c
339 2847 519 2876 DJIIIaSCCIluS
536 2848 641 2884 prmlut.
653 2849 686 2876 ad
705 2849 829 2877 Cosmum
843 2850 965 2885 Mnjumm
984 2854 1154 2888 episcopum.
