1950 3064
133 156 190 190 433

617 162 667 192 DE
689 161 901 192 PRINClPlIS
920 163 1024 194 FlDEl
1046 166 1276 199 CATHOLICIE.

1704 168 1757 199 434

131 213 231 246 γεουαι
249 213 378 244 διανοίας.
403 215 448 241 Ἑν
469 214 524 250 γὰρ
547 217 602 247 τοῖς
630 218 693 251 περὶ
720 217 788 244 Θεοῦ
818 218 921 252 λόγοις,

976 220 1052 249 libris
1080 223 1161 256 petita
1190 224 1352 251 auctoritate
1370 224 1514 255 ﬁrmando,
1539 225 1654 259 indeque
1669 226 1757 251 Vt‘rlzis

131 259 237 290 ἐκεῖνος
257 259 358 293 ἄριστα.
371 259 457 293 λέγει,
478 261 527 295 οὐχ
551 261 626 294 ὅστις
640 262 695 289 ἀπὸ
715 263 820 295 κοιλίας
836 264 919 298 φθέγ-

132 311 213 336 γεται
237 304 272 330 τὰ
299 305 442 337 δοκοῦντα,
473 306 531 332 ἀλλ’
553 306 583 338 ὃς
608 309 667 339 ταῖς
692 309 847 343 ἀποφάσεσι
871 311 920 345 τῆς

132 347 210 378 θείας
225 347 337 382 Γραφῆς
358 350 406 375 καὶ
427 350 487 381 ταῖς
503 350 649 385 ἐξηγήσεσι
668 352 723 379 τῶν
741 353 827 387 ἁγίων
849 355 920 389 σύμ-

133 402 214 426 φωνα
227 394 317 420 πάντα
331 395 501 428 προτίθησιν,
518 397 595 424 οὐδὲν
612 398 757 431 ἐλλείπων,
772 399 788 434 ἢ
807 409 892 434 προστ
900 410 921 427 ι-

132 438 191 469 θεὶς
209 439 279 465 κατ-ἰ
296 439 331 465 τὰ
350 441 484 474 νοήματα.
503 441 583 468 Ὀοεν
599 443 646 469 καὶ
665 444 757 477 αὐτὸς,
775 446 799 471 εἰ
816 445 853 480 μὴ
870 446 919 478 τὰς

133 485 189 511 τῶν
206 485 293 518 ἁγίων
309 487 462 521 ἀποφάσεις
488 487 650 522 βεϐαιότατα
666 490 837 526 ἠπιστάμην,
855 492 921 527 περὶ

132 528 170 557 ὧν
185 531 322 566 ἐζήτησας
349 533 514 566 κεφαλαίων,
527 534 577 560 οὐκ
590 534 622 560 ἂν
637 535 706 566 ὅλως
719 536 779 563 οὐδὲ
791 537 820 562 τὸ
837 539 918 572 τυχδν

133 577 271 611 ἐτόλμησα
285 577 452 611 φθέγξασθαι
461 586 469 593 ·
482 579 548 613 ὁμοῦ
560 580 612 614 μὲν
628 580 796 613 φοϐούμενος
810 581 847 617 μὴ
857 583 920 617 περὶ

134 621 202 647 θεοῦ
218 621 309 655 λέγειν
324 622 461 657 ἀλλότριόν
473 632 499 650 τι
514 625 562 663 τῇς
585 625 714 659 ἀληθείας
726 627 835 662 ἐμαυτῷ
850 636 920 663 cup.-

134 667 182 701 ῦῇ,
196 667 264 701 ὁμοῦ
281 668 309 694 δὲ
324 668 467 701 γινώσκων
492 670 621 704 μέγιστον
640 669 708 698 εἶναι
724 672 848 700 κίνδυνον
864 675 920 706 τοῖς

135 713 170 740 τὰ
186 713 270 748 ψευδῆ
286 714 351 748 περὶ
364 714 431 740 Θεοῦ
446 716 492 741 καὶ
506 716 595 743 νοοῦσι
613 718 659 743 καὶ
676 717 810 752 λέγουσιν.
837 720 921 747 Οὐδὲν

134 759 190 794 γὰρ
202 759 434 794 ἐπικινδυνότερον
446 760 492 786 καὶ
506 761 571 795 πρδῖ
586 762 725 789 ἀπώλειαν
740 764 840 798 μᾶλλον
851 765 922 792 ἀπά-

133 813 184 839 γον
199 804 217 838 ἢ
234 804 408 839 πλανώμενόν
427 814 488 832 τινα
515 808 581 840 περὶ
608 807 675 834 Θεοῦ
692 810 726 834 τὰ
743 809 779 844 μὴ
796 809 860 837 ὄντα
883 811 921 842 ὡς

133 850 201 876 ὅντα
215 850 337 882 δοξάζειν
350 859 357 866 ·
371 850 466 886 ὥσπερ
480 850 526 878 οὖν
541 852 616 878 οὐδὲν
643 853 853 890 ὠφελιμώτερον
866 855 921 882 οὐδ’

975 267 1053 294 [idem
1071 269 1229 301 astruendo,
1255 277 1289 296 ne
1312 270 1410 297 mentis
1426 275 1525 297 nmine
1543 271 1613 297 fetus
1628 271 1698 304 loqui
1718 271 1757 297 vi-

974 312 1096 340 deamur.
1122 313 1224 346 Quibus
1244 314 1315 342 enim
1339 322 1428 342 sermo
1452 315 1485 342 de
1511 315 1564 342 Deo
1588 316 1714 347 vertitur,
1735 317 1758 344 is

973 358 1075 390 optime
1103 359 1233 394 loquitur,
1260 368 1312 386 non
1338 360 1385 394 qui
1411 360 1643 395 ventriloquorum
1669 369 1757 393 morc,

974 411 1034 438 quae
1063 410 1125 431 sunt
1141 413 1172 431 cx
1200 405 1278 440 genio
1296 406 1372 432 avida
1391 405 1552 439 loquacitate
1571 405 1685 439 profert.
1711 406 1757 433 sed

976 449 1020 482 qui
1038 449 1136 477 divinae
1150 450 1296 485 Scriptura:
1312 451 1456 478 sententiis
1477 456 1688 485 sanctorumque
1710 460 1757 478 ex-

975 494 1156 528 positionibus
1169 495 1258 522 omnia
1275 503 1394 523 consona
1412 503 1547 530 promens,
1565 504 1598 523 ex
1615 497 1673 530 ejus
1693 497 1758 523 nihil

973 539 1106 566 sententia
1134 541 1276 576 sensisqne
1304 542 1411 574 minuit,
1440 549 1489 568 nec
1517 549 1580 569 vero
1610 542 1756 576 quidquam

975 584 1060 612 addit.
1081 585 1211 617 Quocirca
1238 593 1288 620 ego
1310 586 1376 619 ipse,
1401 586 1451 613 nisi
1469 586 1502 613 de
1529 586 1628 620 quibus
1658 587 1758 620 rogasti

974 630 1119 663 capitibus,
1147 635 1303 658 sanctorum
1332 631 1486 658 ﬁrmissime
1514 632 1664 660 sententias
1682 637 1759 659 tene-

975 682 1043 706 rem,
1061 682 1095 701 ne
1112 675 1151 702 vel
1170 675 1284 708 hiscere,
1301 680 1347 702 aut
1366 676 1511 711 quidquam
1530 677 1603 712 loqui
1631 677 1697 704 mihi
1715 677 1758 704 in-

973 720 1111 755 dulgerem
1125 729 1133 754 ;
1152 726 1208 748 tum
1225 729 1321 756 nempe
1339 723 1389 749 hoc
1403 723 1515 755 veritus,
1532 730 1565 749 ne
1588 723 1613 749 in
1630 723 1676 750 Dei
1703 731 1759 750 ser-

974 773 1054 793 mone
1076 766 1176 801 aliquid
1196 775 1210 794 a
1229 769 1342 794 veritate
1358 768 1473 794 alienum
1491 769 1654 803 imprudenti
1678 770 1758 796 obre-

974 817 1060 846 peret,
1077 817 1132 839 tum
1154 813 1231 846 plane
1246 814 1334 840 sciens
1355 814 1380 840 in
1397 821 1492 847 magno
1506 814 1608 841 versari
1627 814 1757 848 periculo,

975 859 1020 894 qui
1039 857 1107 885 falso
1122 858 1155 885 de
1178 859 1231 885 Deo
1255 859 1295 884 vel
1324 860 1433 889 sentiat,
1455 859 1494 885 vel
1522 859 1658 894 loquatur.
1685 859 1758 887 Nihil

134 895 362 930 ἑπικερὸέστερον
376 897 423 923 τοῦ
442 898 506 932 περὶ
521 897 604 925 αὑτοῦ
622 899 701 925 πάλιν
725 900 839 934 λέγοντα
854 900 906 936 ἀλη

976 903 1042 931 enim
1066 903 1178 937 majoris
1193 904 1316 937 periculi,
1340 904 1446 938 quodve
1465 904 1550 939 magis
1567 905 1600 931 ad
1620 905 1758 932 interitum

134 940 237 969 οεύειν.

924 961 934 964 -
970 947 1060 978 ducat.
1075 955 1155 982 quam
1179 948 1201 975 si
1225 949 1286 983 quis
1301 948 1373 976 circa
1393 948 1475 975 Deum
1499 955 1594 976 errore
1618 949 1757 980 laborans.

134 995 167 1015 ea
181 997 241 1020 qua:
253 997 307 1017 non
323 994 396 1023 sunt,
407 997 440 1018 ac
454 991 476 1018 si
494 996 598 1026 essent,
610 993 708 1020 sentiat
718 1001 750 1022 ac
763 994 890 1029 opinetur
909 1004 915 1022 :
941 995 979 1022 uti
1004 995 1124 1023 viciSsim
1150 996 1216 1023 nihil
1234 996 1332 1023 utilius
1351 996 1514 1031 maiorisque
1550 996 1646 1031 frugis,
1677 1005 1758 1032 quam

136 1041 165 1062 ιιι
178 1044 209 1063 ea
227 1044 286 1071 quae
301 1045 363 1065 vera
379 1043 452 1071 sunt,
466 1046 592 1067 sermone
608 1040 764 1076 eloqualur.

173 1084 314 1118 Προσῆκον
324 1084 353 1111 δέ
368 1093 413 1119 μοι
427 1085 502 1112 δοκεῖ
516 1086 579 1121 περί
593 1095 674 1113 τινων
688 1087 776 1115 ἄλλων
791 1087 844 1123 προ
867 1088 923 1114 τῶν

136 1129 304 1165 ζητημάτων
323 1130 472 1164 διαλαϐεῖν,
489 1132 712 1165 ἀναγκαιοτάτων
721 1126 809 1160 ὅντων
826 1133 922 1160 κάκεί-

136 1183 208 1202 νων·
227 1175 244 1202 ᾶ
257 1176 305 1202 καὶ
320 1176 349 1202 τὸ
367 1177 453 1211 παρὸν
470 1178 639 1213 σύγγραμμα
654 1179 746 1214 σχεδὸν
762 1180 923 1214 συμπεπλη-

137 1221 263 1254 ρωμένον
278 1224 326 1248 καὶ
343 1222 437 1256 ἄρτιον
454 1223 542 1250 δοκεῖν
556 1225 721 1260 καταστήσει
734 1233 741 1240 ⁸
761 1226 808 1252 καὶ
821 1227 861 1252 ὅτι
874 1227 923 1252 οὐκ

136 1266 212 1293 εστιν
226 1266 285 1293 οὐδὲ
303 1267 333 1293 τὸ
356 1268 437 1302 τυχὸν
452 1269 563 1304 ζήτημα
585 1270 684 1300 ἱκανῶς
699 1271 798 1305 εὑρεῖν,
816 1272 863 1298 καὶ
873 1272 923 1307 τὴν

136 1313 273 1347 τυχοῦσαν
286 1313 464 1341 ἐπιλύσασθαι
479 1315 605 1349 ἀπορίαν,
615 1316 647 1343 ἂν
660 1317 696 1351 μὴ
708 1317 776 1351 πρός
787 1325 847 1344 τινα
859 1317 923 1344 ἁνα-

136 1357 290 1391 ὂραμόντες
314 1358 516 1394 καθολικώτερα
532 1363 579 1386 καὶ
589 1362 675 1387 οἰκεῖα
701 1363 757 1393 τοῖς
773 1362 923 1397 προκειμέ-

137 1411 194 1434 νοις
205 1403 371 1438 ζητήμασιν,
386 1404 457 1431 οὖτω
471 1406 506 1432 δι’
521 1406 633 1437 ἐκείνων
648 1407 700 1442 ὁδῷ
715 1408 761 1434 καὶ
773 1408 847 1440 τάξει
858 1417 925 1443 προ-

138 1449 286 1483 ϐαίνοντες,
303 1450 348 1477 ἐπὶ
359 1451 392 1477 τὰ
410 1451 564 1486 ζητούμενα
581 1453 808 1489 καταντήσωμεν.

447 1517 570 1545 ΚΕΦΑΛ.
594 1518 630 1546 Β’.

330 1572 367 1600 B’.
389 1574 458 1608 Περὶ
481 1575 535 1601 τοῦ
554 1575 623 1608 ἐνὸς
642 1577 729 1604 Θεοί.

175 1629 343 1664 Πιστεύομεν
367 1631 413 1656 καὶ
434 1631 619 1667 ὁμολογοῦμεν
631 1633 679 1659 ἕνα
695 1634 742 1660 καὶ
757 1634 838 1669 μόνον
855 1633 924 1662 εἶναι

137 1675 224 1710 ἁληηῆ
250 1675 318 1701 Θεὸν
347 1676 395 1702 τοῦ
421 1677 539 1708 παντός·
572 1678 699 1713 ἄναρχον,
733 1680 924 1716 ἀτελεύτητον,

137 1721 257 1751 αἰώνιον,
271 1719 435 1755 ἀνώλεθρον,
456 1722 601 1755 ἀθάνατον,
619 1725 831 1758 παντοδύναμον,
847 1726 925 1752 ἄπει-

138 1775 196 1800 ρον,
213 1765 339 1800 ἀόρατον,
358 1766 510 1800 ἀνώνυμον,
527 1768 744 1802 ἀπερίγρατττον,
764 1770 922 1804 ἀσώματον,

137 1811 250 1844 ἀγαθὸν,
269 1811 382 1843 ἁπλοῦν,
410 1812 551 1846 ἀνελλιπῆ,
583 1814 763 1842 τελειότατον.
786 1816 840 1842 Καὶ
869 1816 924 1851 γὰρ

137 1857 204 1891 παρ’
215 1857 297 1886 αὐτοῦ
313 1858 342 1883 ἑν
356 1859 387 1893 τῇ
402 1858 504 1893 παλαιᾷ
524 1859 663 1896 ιομοοεσίᾳ
685 1860 924 1896 διαδιδασκόμεοσι,

139 1904 255 1933 Ἄκουε.
269 1903 405 1937 Ἰσραὴλ,
422 1905 529 1938 Κύριος
550 1906 566 1931 ὁ
585 1907 657 1938 Θεές
677 1914 746 1939 σου,
759 1907 864 1941 Κύριος
879 1905 923 1941 εἷς

138 1947 216 1973 ἐστι.
245 1948 308 1979 Καὶ,
337 1949 397 1975 Οὐκ
423 1949 547 1975 ἔσονται
569 1957 619 1976 σοι
643 1951 704 1978 θεοὶ
724 1951 819 1986 ἕτεροι
841 1951 926 1985 πλὴν

137 1993 222 2027 ἐμοῦ.
239 1994 293 2019 Καὶ
312 1993 393 2020 πάλιν
417 1994 451 2021 δι’
472 1996 583 2021 Ἡσαΐου
608 1996 655 2023 τοῦ
680 1999 835 2032 προφήτου,
849 1998 924 2033 Ἐγὼ

139 2039 211 2071 θεὸς
224 2039 351 2072 πρῶτος,
367 2040 424 2073 ἐγὼ
450 2040 499 2066 καὶ
517 2041 592 2075 μετὰ
610 2042 713 2069 ταῦτα.
731 2043 925 2078 Ἐμπροσθέν

135 2093 196 2118 μου
208 2085 264 2111 οὐκ
288 2085 407 2119 ἐγένετο
431 2086 527 2118 ἄλλος
549 2087 634 2120 θεὸς,
658 2088 706 2114 καὶ
718 2088 783 2122 μετ’
800 2089 853 2123 ἐμὲ
868 2091 924 2116 οὐκ

138 2131 234 2162 ἔσται,
254 2130 304 2157 καὶ
325 2131 409 2166 πλὴν·
432 2131 506 2166 ἐμοῦ
522 2133 578 2159 οὐκ
601 2134 704 2160 ἐστιν·
721 2133 751 2165 ὃς
767 2134 799 2162 ἐκ
821 2134 869 2163 τοῦ
887 2135 925 2170 μὴ

138 2175 214 2206 ὄντος
239 2176 279 2207 εἰς
293 2176 323 2202 το
349 2174 418 2203 εἶναι
445 2177 591 2212 παρήγαγε
616 2178 662 2205 τὸν
680 2178 794 2213 οὐρανὸν
811 2181 859 2207 καὶ
875 2181 924 2216 τὴν

138 2221 200 2255 γῆν,
215 2221 261 2247 xai.
278 2221 312 2247 τὰ
327 2221 356 2247 ἐν
369 2222 461 2253 αὐτοῖς
477 2224 662 2258 περιεχόμενα
679 2224 785 2251 πάντα⁸
801 2225 849 2252 καὶ
871 2225 924 2261 πρὸ

138 2267 242 2292 τούτων
255 2267 284 2294 δὲ
300 2267 350 2298 τὰς
365 2268 529 2302 ἀσωμάτους
551 2270 600 2295 καὶ
612 2270 755 2305 οὐρανίους
771 2270 902 2306 δυνάμεις
914 2279 922 2286 ⁸

138 2311 186 2346 οὐχ
201 2312 242 2338 ὅτι
270 2313 308 2346 μὴ
331 2312 480 2348 δυνάμενος
499 2314 645 2349 πρότερον,
674 2315 690 2350 ἦ
718 2316 755 2351 μὴ
771 2316 926 2350 γινώσκων,

138 2357 253 2393 ὕστερον
266 2359 468 2394 ἂδημιούργησε
482 2360 578 2393 ταῦτα,
599 2361 643 2387 ὅτε
666 2361 682 2396 ἢ
703 2361 819 2396 ἐδυνήθη
834 2361 850 2396 ἢ
867 2362 926 2391 ἐνε-

139 2405 259 2440 ουμὴοη.
277 2405 373 2440 ὥσπερ
387 2406 433 2431 ἐπὶ
446 2406 501 2432 τῶν
514 2406 666 2441 ἀνθρώπων
682 2407 845 2442 συμϐαίνει,
861 2408 924 2435 ἀτε-

138 2449 191 2475 λῶν
215 2449 300 2476 ὄντων
329 2451 376 2476 καὶ
402 2449 462 2476 κατ’
489 2450 578 2484 ὀλίγον
602 2452 641 2482 εἰς
667 2451 824 2485 τελειότητα
838 2460 927 2487 προσ-

138 2495 303 2520 κοπτᾶντων·
329 2494 398 2520 ἀλλὰ
424 2495 593 2526 τελειότατος
608 2495 646 2522 ὢν
661 2495 707 2522 καὶ
721 2497 764 2522 ἀεὶ
777 2496 925 2531 δυνάμενος

139 2541 185 2566 καὶ
203 2540 346 2573 γινώσκων
361 2540 423 2575 δίχα
436 2541 527 2574 πάσης
545 2541 698 2575 μεταϐολῆς
714 2542 762 2568 καὶ
776 2542 924 2577 κινήσεως,

138 2585 182 2611 ὅτε
196 2584 339 2619 ἠθέλησεν,
360 2584 412 2610 ὐπδ
424 2585 474 2618 τῆς
491 2585 572 2611 αὐτοῦ
589 2586 757 2620 ἀγαοότητος
774 2587 809 2612 τὰ
833 2587 923 2613 πάντα

138 2630 188 2658 ὅσα
202 2629 367 2664 προώρισεν,
385 2629 525 2664 ἐποίησεν,
542 2631 592 2661 '0;
607 2630 654 2657 ὑπ’
667 2631 778 2666 οὐδενὸς.
792 2630 923 2664 γινώσκε-

137 2684 184 2703 ται
202 2676 362 2709 κτίσματος,
377 2675 402 2702 τί
422 2675 494 2702 κατὰ
515 2675 563 2710 τὴν
577 2676 672 2702 οὐσίαν
695 2676 779 2702 ἐστίν·
800 2676 881 2707 αὐτὸς
894 2677 922 2703 δὲ

140 2721 220 2754 μόνος
237 2718 307 2746 οἶδεν
324 2720 418 2746 ἑαυτὸν
442 2719 473 2751 ἐξ
489 2720 596 2752 ἑαυτοῦ,
618 2721 656 2752 ὠς
681 2721 696 2746 ὁ
719 2721 752 2746 ὲκ
775 2721 922 2756 Δαμασκοῦ

139 2765 279 2795 θειότατος
294 2764 379 2798 λέγει,
399 2764 431 2791 ’0
457 2764 529 2798 Θεὸς
545 2766 682 2800 γινώσκει
698 2766 808 2793 ἑαυτὸν
820 2767 854 2792 ἐκ
867 2765 923 2799 τῆς

174 2851 185 2870 ⁸
196 2849 275 2879 Deut.
295 2858 331 2882 vi,
347 2850 364 2876 ξ’.

412 2851 501 2881 ‘ibid.
531 2852 568 2879 li.
607 2851 615 2866 ⁷
638 2851 689 2878 lsa.
706 2860 775 2884 xuv,
792 2851 914 2885 ϐςιιιιι,
934 2853 972 2880 l0.

1008 1087 1103 1122 Opera;
1111 1087 1225 1123 pretium
1237 1093 1327 1116 autem
1342 1089 1445 1123 putavi,
1458 1092 1520 1116 ante
1534 1088 1657 1124 qmesita,
1672 1096 1757 1124 pauca

974 1134 1097 1168 quzcdam
1110 1134 1142 1163 de
1153 1134 1214 1161 aliis
1227 1141 1333 1161 summe
1345 1134 1506 1162 necessariis
1522 1135 1656 1162 disserere
1669 1142 1677 1163 :
1689 1142 1758 1169 quo-

975 1187 1034 1207 rttm
1063 1179 1118 1212 ipsa
1144 1179 1289 1214 dlsputatio
1313 1179 1364 1207 hoc
1387 1180 1535 1214 praestabit,
1560 1185 1589 1206 ut
1605 1180 1662 1214 ipsa
1689 1188 1759 1215 pene

974 1226 1099 1252 tractatio
1114 1225 1192 1260 plena
1212 1229 1238 1252 et
1254 1224 1373 1252 absoluta
1387 1224 1514 1252 videatur
1536 1232 1543 1251 :
1558 1232 1590 1252 ac
1607 1225 1648 1252 vel
1669 1226 1756 1252 maxi-

975 1279 1028 1302 me,
1042 1271 1113 1305 qttol
1131 1279 1164 1298 ne
1182 1271 1317 1305 vulgarem
1338 1270 1447 1304 quidem
1464 1270 1654 1305 quaestionem,
1670 1278 1758 1305 quam

974 1321 1029 1344 tum
1043 1318 1109 1344 satis
1124 1317 1168 1350 sit,
1183 1317 1289 1351 assequi
1308 1316 1398 1348 liceat,
1417 1320 1463 1343 aut
1481 1315 1591 1343 levioris
1604 1315 1691 1343 nodos
1707 1316 1758 1342 dif.

975 1363 1102 1390 licultatis
1119 1363 1270 1394 exsolvere,
1287 1362 1353 1397 quin
1369 1362 1403 1388 ad
1424 1361 1619 1388 universaliora
1633 1362 1756 1396 qua-dam

973 1410 1150 1444 quasitisque
1176 1409 1283 1443 propria
1310 1407 1485 1440 recurrendo,
1512 1407 1552 1435 sic
1572 1415 1620 1442 per
1639 1408 1694 1441 illa,
1715 1410 1757 1435 via

974 1456 1091 1492 quadam
1104 1463 1136 1483 ac
1153 1455 1249 1484 ordine
1269 1454 1301 1482 ad
1316 1456 1373 1489 ipsa
1390 1454 1547 1483 evadamus.

1284 1522 1397 1552 CAPUT
1417 1522 1450 1551 ll.

1274 1578 1310 1606 De
1327 1578 1381 1606 Deo
1394 1586 1456 1606 uno.

1010 1634 1150 1663 Credimus
1164 1639 1191 1662 et
1205 1634 1376 1666 conﬁtemur,
1392 1640 1474 1661 unum
1490 1639 1522 1660 ac
1533 1631 1621 1660 solum
1633 1639 1694 1660 esse
1711 1639 1758 1657 vc-

976 1688 1033 1708 rum
1059 1688 1150 1708 rerum
1178 1680 1257 1715 hujus
1274 1679 1460 1707 universitatis
1487 1678 1583 1711 Deum,
1600 1679 1679 1712 cujus
1709 1685 1757 1704 uec

975 1727 1137 1762 principium
1154 1734 1241 1761 neque
1264 1726 1324 1754 linis
1349 1726 1401 1757 sit;
1421 1728 1562 1757 internum,
1578 1724 1642 1751 nulli
1661 1724 1756 1750 interi-

975 1773 1041 1800 tioni
1055 1773 1213 1804 obnoxium,
1225 1771 1416 1802 immortalem,
1427 1769 1652 1803 omnipotentem,
1667 1769 1757 1796 inlini-

974 1822 1042 1849 tum,
1067 1817 1240 1851 invisibilem,
1261 1817 1388 1849 nominis,
1403 1814 1674 1849 circumscriptionis,
1697 1822 1757 1841 cor-

975 1864 1050 1898 poris
1063 1868 1218 1898 expertem;
1233 1863 1343 1895 bonum,
1363 1861 1526 1897 simplicem,
1540 1859 1588 1894 qui.
1603 1859 1678 1886 nullo
1692 1860 1757 1886 dell—

974 1911 1072 1941 ciatur,
1102 1907 1342 1943 perfectissimum.
1371 1905 1408 1932 Ex
1439 1906 1497 1938 ipso
1522 1903 1596 1932 enim
1627 1903 1659 1930 in
1673 1903 1757 1930 veteri

974 1954 1031 1989 lege
1050 1954 1178 1981 discimus
1199 1961 1206 1980 :
1223 1953 1303 1984 Audi,
1321 1950 1417 1982 Israel,
1450 1949 1578 1977 Dominus
1597 1948 1666 1975 Deus
1684 1953 1757 1979 tuus,

975 1999 1102 2027 Dominus
1117 2006 1183 2025 unus
1196 2003 1233 2024 eu
1249 1998 1270 2024 '.
1295 1997 1329 2023 Et.
1343 2004 1350 2022 :
1368 1994 1430 2021 Non
1452 1999 1528 2021 erunt
1554 1993 1601 2019 tibi
1624 1993 1661 2019 dii
1678 1992 1758 2019 alieni

973 2050 1070 2078 prwler
1083 2051 1122 2070 me
1139 2043 1160 2071 °.
1173 2044 1212 2070 Ae
1225 2049 1318 2069 rursus
1332 2048 1378 2076 per
1391 2039 1488 2067 lsaiatn
1505 2038 1664 2073 prophetam
1680 2045 1687 2064 :
1702 2036 1758 2071 Ego

973 2089 1173 2125 primusDcus,
1191 2091 1215 2115 et
1241 2095 1286 2121 ego
1305 2090 1361 2121 pou
1385 2085 1456 2116 Iuro;
1474 2088 1535 2111 ante
1561 2091 1602 2110 me
1630 2090 1682 2109 non
1707 2082 1758 2116 fuit

974 2135 1043 2162 alius
1057 2134 1132 2165 deus,
1154 2137 1179 2159 et
1198 2136 1255 2166 post
1270 2139 1310 2158 me
1327 2138 1378 2158 non
1395 2130 1464 2161 erit;
1485 2132 1510 2156 et
1534 2135 1586 2156 non
1607 2132 1645 2154 est
1664 2130 1760 2161 μημιον

975 2187 1015 2206 me
1026 2178 1053 2210 ⁷;
1070 2177 1116 2212 qui
1135 2185 1166 2204 ex
1187 2176 1270 2204 nihilo
1285 2175 1384 2202 coelum
1404 2179 1431 2201 et
1448 2178 1560 2205 terram,
1584 2177 1612 2200 et
1626 2179 1687 2207 quae
1711 2171 1760 2198 lio-

977 2231 1035 2250 rum
1053 2222 1154 2249 ambitu
1175 2221 1361 2254 cuntinentur,
1377 2219 1466 2250 omnia
1484 2219 1511 2246 in
1530 2226 1620 2246 rerutn
1635 2222 1758 2245 naturain

976 2268 1116 2304 produxit;
1143 2268 1240 2303 hisque
1261 2268 1375 2302 priores,
1392 2267 1563 2301 incorporeas
1582 2269 1663 2300 atque
1675 2264 1759 2291 cmic-

976 2321 1032 2341 stcs
1045 2319 1205 2348 potestates,
1220 2321 1272 2340 non
1292 2313 1369 2348 quasi
1384 2317 1447 2342 ante
1466 2319 1520 2339 non
1532 2315 1623 2347 posset
1644 2314 1691 2338 aut
1709 2317 1759 2336 ne-

976 2358 1070 2391 sciret,
1092 2364 1146 2385 tum
1164 2359 1279 2387 demum
1297 2360 1354 2386 haec
1369 2357 1500 2390 condidit,
1517 2363 1578 2383 cum
1594 2361 1641 2384 aut
1659 2355 1758 2391 potuit,

976 2409 1019 2431 aut
1036 2404 1096 2439 ejus
1112 2403 1147 2430 illi
1164 2404 1190 2431 in
1215 2408 1330 2430 mentem
1344 2403 1430 2436 venit;
1456 2402 1493 2430 uti
1508 2401 1564 2429 fere
1583 2402 1611 2429 in
1640 2401 1759 2428 homini-

975 2449 1097 2484 bus,.qni
1116 2453 1179 2476 sunt
1203 2448 1364 2482 imperfecti,
1388 2448 1487 2482 vixque
1503 2447 1612 2474 tandem
1630 2446 1758 2481 paulatim

973 2497 1107 2530 attingunt
1133 2496 1308 2531 perfectionis
1328 2500 1425 2526 metas.
1442 2502 1493 2522 usu
1512 2494 1607 2521 venit:
1627 2494 1675 2521 sed
1702 2494 1760 2527 ipse

973 2542 1190 2578 perfectissimus
1202 2549 1235 2569 ac
1248 2548 1356 2576 semper
1373 2545 1480 2576 potens,
1492 2540 1560 2567 citra
1575 2547 1681 2566 ontttcm
1698 2546 1759 2565 mu-

976 2588 1105 2615 tationetu
1135 2591 1304 2620 motumque,
1331 2593 1392 2613 cum
1421 2585 1532 2620 placuit,
1561 2591 1609 2610 sua
1630 2583 1759 2610 incitatus

976 2631 1108 2663 bonitate,
1124 2631 1215 2660 omnia
1241 2638 1300 2665 qua:
1325 2629 1496 2660 decreverat,
1515 2628 1646 2656 condidit.
1666 2627 1716 2659 Qui
1743 2635 1757 2652 a

977 2677 1047 2703 nulla
1071 2681 1208 2708 creatura,
1230 2675 1301 2710 quod
1320 2682 1366 2709 per
1382 2675 1529 2701 essentiam
1555 2678 1607 2705 est,
1625 2672 1757 2702 noscitur,

976 2721 1022 2748 sed
1040 2721 1114 2748 sidus
1129 2721 1186 2754 ipse
1204 2728 1217 2746 a
1240 2721 1329 2754 seipse
1344 2727 1373 2747 se
1389 2719 1474 2751 novit.
1492 2719 1577 2746 ut.vir
1592 2718 1636 2745 ille
1648 2717 1728 2746 divini
1740 2731 1758 2737 .-

977 2767 1061 2794 sitnus
1078 2765 1206 2792 Dantasco
1231 2771 1308 2793 ortus
1327 2765 1363 2792 ait
1387 2775 1392 2792 :
1411 2764 1478 2792 Deus
1501 2764 1614 2798 “ipsum
1630 2771 1662 2790 ex
1682 2763 1757 2789 beata
