1950 3064
208 151 261 184 459

836 153 915 183 MAN
921 150 1035 182 UELIS
1051 151 1096 180 CA
1102 151 1203 181 LECJE

1778 151 1837 184 ια)

209 208 298 234 eodem
319 207 386 234 inter
401 215 428 233 se
445 206 564 234 tendunt.
582 206 718 240 Siquidem
741 207 815 234 aliud
844 208 899 240 lux,
921 207 992 234 aliud

1047 214 1090 239 τις
1117 207 1175 233 ῶν·
1193 208 1228 233 οὐ
1242 208 1294 241 γὰρ
1323 207 1420 234 πάντα
1438 216 1472 234 τι(
1503 208 1632 242 ὀνόματα
1656 209 1699 240 είς
1721 209 1841 236 ταυτὸν

209 254 282 286 uitis,
307 253 380 280 aliud
404 254 455 285 via,
474 253 549 280 aliud
573 258 663 287 pastor
684 253 827 288 significat,
856 253 900 281 sed
931 262 990 280 cum

209 308 289 327 unum
316 299 440 333 quiddam
475 300 520 332 sit,
550 303 679 334 quatenus
713 300 824 334 subjecti
862 300 992 327 rationem

208 346 294 377 habet,
308 353 410 380 unaque
428 345 576 372 substantia
595 350 619 372 et
635 345 744 380 simplex
756 346 876 380 omnique
896 355 992 373 vacuus

208 391 404 424 compositione,
442 391 510 417 alias
539 391 617 417 aliter
637 392 752 424 seipsum
782 392 911 422 nominat,
943 391 992 417 sibi

154 438 158 442 '
207 437 261 469 ipse
287 435 405 463 diversas
432 436 619 470 appellationes
641 436 733 463 subtili
760 438 851 464 utentis
876 437 992 471 cogitatu

207 482 403 517 rationibusque
419 483 526 509 inter'sc
540 482 680 509 distinctas
707 484 916 509 accommodans.
940 481 993 509 Pro

207 528 389 561 operationum
417 528 486 554 enim
509 528 712 563 e/fectorumque
737 528 898 561 diversitate,
915 533 994 562 atque

207 574 242 601 ad
256 581 286 600 ea
299 581 357 608 quin
367 574 491 607 beneﬁcio
507 574 656 609 afﬁciuntur
670 574 879 607 necessitudine,'l
891 575 994 601 diversa

207 627 307 654 quoque
331 619 382 646 sibi
410 619 516 646 nomina
547 619 652 647 tribuit.
679 619 751 646 Nam
777 628 835 646 cum
853 628 879 646 se
904 621 995 646 mundi

208 665 295 692 lumen
309 665 382 697 dicit,
397 665 495 699 partim
516 665 677 692 inaccessam
695 665 791 692 divina
806 665 897 700 gloria:
911 665 995 703 maje-

207 715 300 738 statem
320 711 369 737 hoc
390 711 492 737 nomine
505 711 650 744 signiﬁcat,
666 711 763 745 partim
777 712 846 745 quod
859 711 995 745 splendore

207 756 336 788 scientiae,
352 764 395 783 eos
418 756 463 790 qui
488 757 582 783 mentis
604 756 693 783 oculos
709 757 867 792 depurgatos
888 757 993 788 habent,

206 801 351 828 illuminet.
376 800 457 827 Vitem
483 809 552 834 vero,
577 802 646 836 quod
666 809 756 829 omnes
782 803 826 837 qui
852 803 924 829 ineo
949 811 995 836 per

207 847 285 879 ﬁdem
302 847 404 872 radices
424 851 544 881 egerunt,
566 847 692 874 bonarum
708 848 887 882 operationum
900 847 995 882 fertili-

208 896 263 919 tate
290 892 417 919 enutriat.
446 892 543 919 Panem
571 897 669 925 autem,
698 893 767 927 quod
797 894 880 927 partis
909 895 992 920 animi

208 937 304 964 utentis
328 938 428 964 ratione
455 938 712 965 convenientissimus
733 938 805 965 cibus
822 944 869 971 est,
887 939 943 972 ejus
957 939 995 966 ιιὶ-

206 990 295 1017 gorem
307 984 453 1014 rontinens,
464 991 494 1009 ac
508 984 695 1017 proprietatem
707 991 814 1010 servans
824 984 991 1015 incolumem,

207 1035 360 1062 semperque
388 1038 402 1054 a
430 1029 515 1063 seipso
538 1029 608 1063 quod
633 1030 725 1063 deﬂuit
749 1031 875 1062 sarciens,
896 1038 941 1056 nec
960 1031 994 1056 ad

208 1075 401 1109 aegritudinem.
414 1082 472 1109 qua:
485 1082 516 1101 es:
530 1075 604 1100 bruta
620 1076 699 1101 animi
711 1075 849 1109 affectione
862 1075 993 1116 inolescit,

205 1119 310 1154 prolabi
323 1120 422 1147 sineus.
447 1119 490 1147 Ita
504 1121 527 1147 si
543 1121 600 1155 quis
615 1120 719 1156 singula
742 1121 874 1147 nominum
893 1126 994 1154 pertra-

207 1166 299 1198 ctabit,
318 1167 405 1192 varias
429 1166 542 1192 rationes
567 1175 598 1192 ac
618 1171 757 1200 conceptus
770 1167 852 1199 possit
869 1167 992 1198 invenire,

207 1212 324 1243 quamvis
349 1219 429 1237 unum
452 1211 593 1237 secundum
617 1211 791 1237 substantiam
819 1212 850 1237 iis
874 1212 993 1238 omnibus

207 1255 376 1290 subjiciatur.
393 1255 430 1282 De
453 1255 517 1287 Deo,
535 1264 615 1282 unum
632 1257 680 1282 hoc
696 1256 877 1289 comprehendi
899 1261 993 1290 potest,

207 1301 246 1327 ait
264 1300 410 1335 Gregorius
428 1299 595 1335 Tlieologus,
609 1302 678 1334 quod
696 1301 818 1334 infinitus
830 1306 878 1327 est.
895 1300 995 1336 Grego-

208 1348 265 1374 rius
283 1346 346 1374 item
362 1345 502 1380 Nyssenus
523 1355 529 1374 :
550 1346 582 1372 lu
599 1355 628 1373 eo
651 1346 720 1381 quod
744 1346 928 1380 comprehendi
942 1355 995 1374 non

207 1399 301 1427 potest,
321 1395 378 1427 ejus
397 1393 513 1427 cognitio
528 1397 579 1420 est.
609 1392 672 1420 Haec
690 1401 764 1422 enim
782 1394 848 1431 ejus
866 1393 995 1427 propriis-

208 1439 278 1465 sinna
293 1443 356 1464 nota
377 1445 408 1464 ac
431 1437 548 1472 insigne,
564 1438 636 1473 quod
652 1438 711 1472 ejus
732 1443 840 1470 natura,
862 1443 993 1473 conceptu

210 1483 294 1514 muni,
322 1482 431 1517 propria
461 1483 538 1517 quasi
570 1487 633 1509 nota
658 1483 842 1518 distinguente
869 1491 901 1510 ac
926 1484 993 1511 insi-

208 1529 328 1563 sumne,
347 1527 473 1561 superior
488 1532 539 1555 est.

247 1573 273 1599 td
289 1580 351 1599 vero
366 1580 427 1599 cum
442 1580 471 1600 se
486 1573 523 1599 ita
541 1572 647 1605 habent,
672 1573 694 1600 si
711 1573 773 1608 quis
793 1578 905 1608 quaerat.
923 1582 991 1608 quo-

211 1619 290 1644 modo
311 1618 413 1652 alioqui
437 1618 575 1653 Scriptura
593 1619 674 1652 dicat,
697 1619 798 1647 vidisse
822 1619 904 1646 Deum
928 1628 992 1654 pro-

209 1665 313 1698 phetas,
341 1664 494 1698 cuiusmodi
521 1669 561 1692 est
582 1664 667 1692 illud:
690 1665 750 1692 Vidi
777 1665 919 1693 Dominum
944 1666 994 1694 Sa-

209 1711 298 1743 baoth,
320 1707 552 1746 sedentem'super
579 1711 674 1739 saliunt
701 1713 831 1739 excelsum
855 1719 880 1740 et
907 1713 993 1740 eleva~

209 1762 264 1782 tum
277 1757 310 1790 ",
326 1763 352 1783 ct
363 1749 424 1791 dum
440 1763 504 1785 sunt
518 1758 578 1792 ejus
595 1759 721 1792 generis;
737 1767 789 1785 non
808 1759 868 1786 ideo
887 1760 992 1787 sublata

208 1802 257 1829 Dei
276 1803 395 1830 inﬁnitas
409 1808 461 1830 est.
480 1804 527 1830 Ait
543 1803 614 1830 enim
632 1803 779 1839 Gregorius
793 1804 947 1839 Theologus
966 1806 992 1832 in

211 1849 368 1884 theologicis
397 1850 453 1877 suis
483 1849 680 1877 Orationibus:
704 1849 762 1877 Etsi
790 1852 848 1886 quis
877 1853 994 1886 cognovit

211 1894 305 1926 Deum,
328 1901 371 1921 aut
388 1895 538 1929 cogitavisse
557 1894 696 1929 Scriptura
717 1900 779 1923 teste
795 1897 903 1929 dicitur,
927 1903 994 1924 eate-

208 1948 258 1967 nus
286 1941 435 1975 cognooisse
460 1943 601 1969 censendus
635 1947 683 1976 est,
706 1947 833 1977 quatettus
868 1943 993 1969 uberioris

207 1985 353 2019 splendoris
377 1987 511 2021 particeps
534 1988 577 2020 sit,
602 1996 680 2022 quam
705 1988 751 2022 qui
775 1988 861 2014 minus
887 1989 994 2016 lautitiis

209 2031 335 2058 divinitus
357 2034 466 2066 accepit.
498 2032 543 2060 Ita
569 2035 754 2067 exsuperantia
782 2035 849 2067 have,
876 2034 953 2068 plena
970 2040 994 2062 et

208 2078 328 2104 omnibus
348 2080 462 2105 numeris
490 2079 609 2106 absoluta
626 2080 739 2114 cognitio
761 2081 852 2107 habita
869 2085 918 2112 est,
943 2089 994 2108 non

208 2123 242 2148 ad
261 2123 298 2148 rei
318 2123 399 2155 ipsius
419 2123 565 2156 veritatem,
592 2124 636 2151 sed
662 2125 696 2151 ad
718 2126 831 2152 aliorum
859 2126 993 2153 moduluu

208 2174 231 2194 et
257 2167 411 2202 facultatem
431 2177 566 2203 perpensa.
595 2171 648 2197 Sed
676 2177 702 2198 et
721 2172 912 2206 prophetarum
938 2172 993 2199 visa

1044 253 1189 286 ἀλλήλοις
1198 253 1278 287 φέρει
1288 261 1293 268 ·
1304 253 1381 280 ἀλλο
1391 255 1446 288 γὰρ
1457 255 1488 280 τὸ
1495 256 1716 288 σημαινόμενον
1724 255 1838 289 φωτὸς,

1044 298 1090 324 καὶ
1103 298 1181 325 ἄλλο
1195 299 1342 333 ἀμπέλου,
1351 299 1428 326 ἄλλο
1441 300 1580 331 όδοῦ,καὶ
1594 300 1670 326 ἄλλο
1681 301 1837 335 ποιμένος·

1044 343 1113 370 ἀλλ’
1133 344 1167 370 ἓν
1182 344 1224 371 ὢν
1239 345 1314 371 κατὰ
1325 346 1358 372 τὸ
1381 346 1594 380 ὑποκείμενον,
1611 346 1660 372 καὶ
1673 346 1727 381 μία
1743 348 1841 374 οὐσία

1044 389 1095 416 καὶ
1110 390 1193 424 ἁπλῆ
1218 391 1265 417 καὶ
1289 391 1465 424 ἀσύνθετος,
1486 392 1596 418 ἄλλοτε
1611 392 1712 424 ἄλλως
1725 392 1842 419 ἑαυτὸν

1044 434 1188 468 ὀνομάζει,
1195 435 1260 468 ταῖς
1268 435 1414 468 ἐπινοίαις
1423 436 1622 470 διαφερούσας
1631 437 1775 470 ἀλλήλων
1783 436 1842 470 τὰς

1045 481 1246 514 προσηγορίας
1254 481 1521 516 μεθαρμοζόμενος.
1534 482 1615 509 Κατὰ
1632 482 1687 517 γὰρ
1706 482 1763 516 τὴν
1778 483 1842 510 τῶν

1044 525 1200 559 ἐνεργειῶν
1213 526 1361 561 διαφορὰν
1376 527 1424 553 καὶ
1436 527 1494 561 τὴν
1506 528 1580 561 πρὸς
1597 527 1632 554 τὰ
1662 528 1841 562 εὐεργετού-

1045 579 1120 605 μενα
1131 571 1244 605 σχέσιν
1255 571 1381 605 διάφορα
1395 571 1493 604 ἐαυτῷ
1508 572 1557 598 καὶ
1568 573 1603 599 τὰ
1616 573 1747 607 ὀνόματα
1761 573 1842 600 ttae—

1045 623 1102 643 ται.
1120 616 1185 649 Φῶς
1200 617 1257 651 μὲν
1273 617 1329 651 γὰρ
1343 617 1455 644 ἐαυτόν
1474 617 1527 644 τοῦ
1544 618 1661 652 κόσμου
1681 619 1773 653 λέγει,
1803 619 1842 645 τό

1045 670 1076 688 τε
1088 663 1255 696 ἀπρόσιτον
1273 663 1327 697 τῆς
1346 663 1380 690 ἐκ
1401 664 1546 697 Θεότητος
1559 664 1652 697 δόξης
1675 665 1839 698 διασημαί-

1045 717 1116 739 νων,
1134 708 1183 735 καὶ
1200 709 1240 741 ὡς
1258 708 1297 743 τῇ
1314 709 1502 743 λαμπρότητι
1529 708 1584 743 τῆς
1608 710 1745 744 γνώσεως
1764 710 1841 744 τοὺς

1047 755 1291 789 κεκαθαρμένους
1304 755 1337 781 τὸ
1352 755 1430 789 ὄμμα
1443 754 1499 789 τῆς
1509 754 1612 790 ψυχῆς
1628 755 1822 790 καταυγάζὶνν
1831 764 1839 772 ·

1046 799 1186 833 ἄμπελον
1197 799 1240 832 δὲ,
1253 800 1293 831 ὡς
1304 799 1376 833 τοὺς
1388 799 1422 826 ἐν
1435 800 1515 832 αὐτῷ
1532 801 1608 827 κατὰ
1630 802 1735 828 πίστιν
1758 802 1841 835 ἐβρι-

1047 843 1195 878 ζὶυμένους
1212 844 1258 871 ἐπ’
1271 845 1366 878 ἔργων
1381 844 1500 879 ἀγαθῶν
1513 847 1727 880 καρποφορίιιις
1736 847 1841 880 ἐπτίηέο

1045 899 1109 925 φων
1123 899 1129 906 ”
1147 891 1237 925 ἄρτον
1251 890 1296 924 δὲ,
1313 891 1353 924 ὡς
1380 891 1544 925 οιιιειοτάτη
1558 892 1652 926 τροφὴ
1670 893 1724 919 τοῦ
1752 894 1840 927 Jort-

1046 936 1103 962 κοῦ
1119 935 1291 970 τυγχάνων,
1326 936 1365 969 τῷ
1394 936 1568 971 διακρατεῖν
1597 939 1654 971 τὴν
1681 939 1840 966 σύστασιν

1046 980 1100 1015 τῆς
1111 980 1227 1016 ψυχῆς.
1245 981 1294 1008 καὶ
1309 981 1341 1008 τὸ
1358 982 1462 1016 ἰδίωμα
1487 983 1582 1017 αὐτῆς
1604 982 1768 1015 διασώζειν,
1786 992 1839 1011 και

1046 1025 1230 1059 ἀναπληρῶν
1245 1026 1290 1053 ἀεὶ
1306 1027 1373 1061 παρ’
1390 1027 1498 1054 ἑαυτοῦ
1511 1027 1544 1054 τὸ
1560 1028 1675 1061 ἐνδέον,
1690 1029 1738 1055 και
1759 1030 1839 1063 πρδς

1045 1071 1102 1105 τὴν
1116 1072 1151 1104 ἐξ
1164 1073 1291 1106 ἀλογίας
1305 1073 1505 1108 ἐγγινομένην
1518 1074 1690 1108 ἀρρωστίαν
1706 1077 1760 1102 οὐκ
1777 1076 1839 1103 ἐὰν

1047 1118 1263 1152 ἀποφέρεσθαι.
1283 1119 1337 1146 Καὶ
1358 1119 1453 1152 οὕτως
1469 1120 1508 1146 ἄν
1531 1129 1577 1152 τις
1598 1121 1659 1148 τῶν
1682 1121 1839 1155 (inquier

1046 1164 1177 1190 ἕκαστον
1195 1164 1337 1198 ὲφοδεύῃ,
1358 1167 1498 1198 ποικίλας
1515 1166 1595 1200 εὖροι
1615 1166 1668 1200 τὰς
1688 1167 1836 1201 ἐπινοίας,

1047 1209 1114 1242 ἑνὸς
1136 1209 1270 1236 ἑκάστου
1284 1210 1337 1237 τοῦ
1352 1210 1428 1238 κατὰ
1444 1213 1501 1245 τὴν
1518 1213 1627 1239 οὐσίαν
1647 1213 1710 1246 τοῖς
1739 1213 1839 1241 πᾶσιν

1046 1255 1258 1290 ὑποκειμένου.
1305 1257 1395 1283 Τοῦτο
1432 1257 1486 1284 τοῦ
1529 1258 1604 1284 Θεοῦ
1641 1260 1838 1292 καταληπτὸν

1045 1301 1150 1334 μόνον,
1169 1301 1188 1334 η
1203 1301 1333 1335 ἀπειρία,
1361 1302 1432 1329 κατὰ
1455 1302 1500 1329 τὸν
1516 1304 1543 1330 ὲν
1570 1303 1701 1339 Θεολογίᾳ
1728 1305 1836 1340 Γρηγό-

1047 1353 1105 1380 ριον
1117 1346 1186 1380 (58)·
1200 1347 1248 1372 καὶ
1264 1347 1301 1378 ὡς
1319 1348 1333 1373 ὁ
1345 1347 1455 1382 Νὑσσης
1473 1348 1566 1383 φησὶν,
1585 1350 1634 1375 Ἐν
1644 1350 1727 1384 μόνῳ
1741 1350 1782 1383 τῷ
1791 1352 1836 1385 μὴ

1046 1391 1193 1419 δύνασθαι
1208 1392 1436 1427 καταληφθῆναι
1462 1394 1655 1427 γινώσκεται.
1673 1395 1758 1422 Τοῦτο
1781 1400 1837 1432 γὰρ

1047 1437 1129 1464 αὑτοῦ
1147 1439 1294 1465 ὶδιαίτατον
1323 1439 1481 1473 γνώρισμα,
1500 1441 1530 1465 τὸ
1558 1441 1659 1471 παντὸς
1692 1450 1836 1476 χαρακτη-

1047 1483 1169 1518 ριστικοῦ
1198 1483 1335 1519 νοήματος
1373 1484 1543 1519 ὑψηλοτέραν
1568 1485 1651 1512 αὑτοῦ
1681 1485 1751 1512 εἶναι
1785 1487 1837 1522 τὴν

1007 1535 1030 1566 c
1046 1528 1138 1561 φύσιν.

1080 1571 1183 1598 Τούτου
1208 1572 1237 1599 δὲ
1265 1571 1353 1604 οὕτως
1385 1572 1544 1607 ἔχοντος,εῐ
1570 1582 1613 1605 τις
1625 1573 1741 1609 ἀποροίη
1775 1573 1836 1606 πῶς

1045 1617 1179 1653 ἑτέρωθεν
1195 1619 1210 1653 ἡ
1232 1618 1327 1654 Γραφὴ
1341 1618 1416 1653 λέγει
1432 1619 1474 1646 ὅτι
1493 1619 1539 1646 τὸν
1557 1619 1622 1646 Θεὸν
1641 1620 1666 1646 οἱ
1693 1620 1834 1655 προφῆται

1043 1661 1124 1696 εἶδον,
1139 1665 1258 1698 κατὰτὸ,
1272 1663 1363 1692 Εἶδον
1375 1665 1428 1692 τὸν
1456 1666 1563 1699 Κύριον
1593 1666 1723 1699 Σαϐαὼθ,
1741 1667 1833 1701 καθή-

1042 1716 1136 1742 μενον
1147 1709 1196 1734 ἐπὶ
1207 1709 1316 1743 θρόνου
1335 1710 1459 1744 ὑψηλοῦ
1475 1711 1523 1737 καὶ
1535 1711 1715 1745 ἐπηρμένου,
1737 1714 1783 1737 καὶ
1799 1713 1834 1738 τὰ

1044 1753 1126 1787 ὃμοια
1141 1754 1248 1785 τούτοις
1258 1761 1265 1769 ·
1281 1754 1345 1780 ἀλλ’
1357 1755 1388 1781 οὐ
1405 1754 1479 1790 παρὰ
1493 1755 1573 1782 τοῦτο
1591 1755 1622 1781 τὸ
1635 1756 1749 1791 ἄπειρον
1763 1754 1832 1783 εἶναι

1044 1796 1091 1822 τὸν
1110 1796 1176 1823 Θεὸν
1192 1799 1356 1833 ἀναιρεῖται.
1371 1798 1441 1834 Φησὶ
1461 1798 1516 1834 γὰρ
1533 1800 1562 1826 ἐν
1579 1800 1637 1830 τοῖς
1666 1799 1833 1835 θεολογικοῖς

1045 1842 1128 1869 αὑτοῦ
1144 1843 1234 1877 λόγοις
1246 1845 1260 1870 ὁ
1273 1844 1404 1878 Θεολὸγος
1419 1844 1568 1880 Γρηγόριος
1583 1845 1649 1880 (59),
1666 1845 1731 1872 Ὀτι
1744 1848 1768 1873 εὶ
1781 1847 1831 1873 καὶ

1045 1889 1121 1924 ἔγνω
1137 1898 1181 1922 τις
1196 1890 1271 1916 Θεὸν
1283 1890 1301 1924 ἣ
1316 1890 1477 1924 ἐγνωκέναι
1486 1892 1716 1926 μεμαρτύρηται,
1725 1893 1834 1920 τοσοῦ.

1046 1943 1098 1961 τον
1117 1935 1204 1970 ἔγνω,
1223 1936 1299 1962 ὅσον
1316 1936 1413 1964 ἄλλον
1420 1935 1464 1971 μὴ
1481 1937 1513 1963 τὸ
1525 1937 1596 1964 ἶσον
1606 1937 1833 1973 ἐλλαμφθέντος

1045 1981 1179 2015 φανῆναι
1208 1982 1473 2016 φωτοειὸέστερος”
1504 1983 1554 2010 καὶ
1580 1984 1612 2010 τὸ
1639 1984 1833 2018 ὑπερϐάλλον

1045 2026 1164 2053 τέλειον
1177 2027 1323 2061 ἐνομίσθη
1335 2029 1371 2054 οὺ
1387 2028 1424 2062 τῇ
1435 2029 1572 2064 ἀληθείᾳ,
1587 2029 1625 2063 τῇ
1643 2029 1676 2056 δὲ
1690 2030 1743 2056 τοῦ
1756 2032 1834 2064 πλη-

1047 2072 1117 2099 σίου
1128 2072 1253 2107 δυνάμει
1277 2075 1571 2109 παραμετρούμενον.
1598 2075 1679 2102 Ἀλλὰ
1704 2076 1751 2102 καὶ
1780 2079 1832 2107 τας

1047 2117 1101 2144 τῶν
1123 2120 1273 2154 προφητῶν
1302 2119 1420 2154 θεωρίας
1451 2119 1636 2155 φαντάσματα
1667 2121 1697 2147 ὲν
1726 2121 1833 2153 τούτοις

1047 2164 1131 2198 λέγει,
1147 2166 1194 2191 καὶ
1211 2165 1277 2199 περὶ
1294 2166 1349 2192 τῶν
1362 2166 1515 2192 Θεαοέντων
1543 2166 1696 2198 καθολικῶς
1720 2167 1832 2202 ἐκφέρει

209 2214 235 2240 in
256 2215 358 2242 eisdem
387 2221 493 2249 spcctra
511 2220 599 2247 vocat,
621 2216 707 2250 deque
733 2217 785 2244 illis
803 2225 863 2252 quae
879 2217 911 2245 iis
927 2225 991 2245 con-

1046 2210 1088 2236 τὸν
1104 2210 1192 2244 λόγον.
1209 2211 1290 2237 οὕτω
1309 2211 1357 2237 καὶ
1371 2212 1474 2244 tanta;
1487 2211 1547 2238 εἴτε
1568 2212 1723 2246 φαντασία
1733 2220 1778 2245 τις
1793 2211 1832 2248 ἦν

208 2265 301 2294 specta
322 2264 396 2292 sunt,
414 2260 540 2287 universe
561 2261 613 2287 [οι-ι
628 2263 786 2289 sententiam
804 2271 811 2289 :
829 2263 872 2290 Ita
890 2269 913 2290 et
926 2263 992 2296 lucc,

208 2305 261 2331 sive
288 2306 411 2332 diurnum
439 2306 572 2340 quoddam
596 2307 644 2333 hoc
669 2313 810 2340 spectrum,
838 2310 901 2336 solis
930 2310 993 2336 viris

209 2352 307 2377 sanctis
322 2352 472 2385 spectabile,
494 2352 547 2378 sive
574 2352 680 2378 minime
700 2353 786 2386 fallax
809 2356 892 2381 noctis
908 2356 992 2382 visio:

208 2395 261 2421 sive
275 2396 369 2422 mentis
385 2396 519 2430 impressio
531 2396 652 2430 qua-dam
670 2402 692 2423 et
709 2397 872 2430 informatio,
885 2399 921 2425 sic
935 2407 993 2426 cum

208 2440 284 2466 rebus
308 2440 404 2474 futuris
424 2449 454 2467 ac
475 2449 534 2468 cum
550 2443 719 2476 prementibus
736 2451 840 2470 versans
854 2447 862 2470 ἶ
877 2446 929 2470 sive
949 2453 993 2470 ar-

208 2495 305 2513 canum
328 2487 459 2520 quoddam
480 2487 556 2514 aliud
579 2488 721 2522 prophetia:
740 2496 830 2522 genus,
844 2490 929 2516 dicere
949 2498 994 2516 ne-

209 2541 284 2567 queo.
321 2531 401 2559 Novit
419 2533 466 2559 hoc
494 2533 679 2567 prophetarum
705 2534 786 2566 Deus,
810 2539 834 2561 ct
857 2536 900 2569 qui
923 2537 991 2562 In‘sce

210 2578 294 2604 modis
310 2578 442 2612 aﬁluntur.
456 2578 587 2606 Ca’terum
598 2587 679 2614 neque
694 2580 730 2611 hi,
747 2580 778 2605 de
791 2581 884 2614 quibus
896 2588 991 2611 sermo,

211 2630 256 2648 nec
271 2624 400 2657 quispiam
424 2624 493 2650 alius
515 2624 629 2654 eiusdem
655 2625 756 2658 generis
783 2628 860 2659 atque
879 2625 990 2656 ordinis,

245 2710 268 2727 "
293 2711 346 2739 Isa-
366 2721 400 2746 νι,
416 2713 442 2740 1.

246 2803 301 2837 (38)
312 2801 387 2830 Orat.
403 2802 452 2831 34;

250 2839 304 2875 (δυ)
322 2839 388 2867 Ibid.

1044 2256 1180 2289 ἡμερινὴ,
1192 2258 1298 2290 μόνοις
1317 2257 1450 2290 θεωρητὴ
1490 2257 1552 2290 τοῖς
1569 2258 1676 2291 ἁγίοις,
1689 2258 1750 2284 εἴτε
1777 2267 1847 2285 νυ·-

1047 2302 1119 2333 mc
1138 2301 1276 2335 ἀψευδὴς
1295 2302 1377 2336 ὄψις,
1398 2303 1457 2328 εἴτε
1472 2303 1524 2330 τοῦ
1540 2303 1719 2338 ἡγεμονικοῦ
1737 2304 1832 2330 τύπω-

1044 2355 1093 2380 σις
1111 2348 1313 2382 συγ-γινομένη
1332 2348 1394 2381 τοῖς
1412 2350 1583 2382 μέλλουσιν
1596 2350 1636 2381 ὡς
1660 2349 1829 2382 παίοῦσιν,

1043 2393 1103 2419 εἴτε
1120 2402 1146 2420 τι
1172 2393 1249 2420 ἄλλο
1265 2394 1446 2428 προφητείας
1462 2393 1542 2426 εἶδος
1561 2395 1742 2429 ἀπόρρητον,
1774 2397 1830 2422 οὺιι

1046 2438 1105 2472 ἔχω
1121 2439 1237 2474 λέγειν·
1250 2439 1320 2466 ἀλλ’
1348 2437 1430 2465 οἶδεν
1441 2440 1457 2466 ό
1468 2439 1527 2465 τῶν
1551 2439 1713 2472 προφητῶν
1746 2441 1829 2472 Θεὸς,

1046 2484 1096 2510 καὶ
1112 2486 1138 2511 οἱ
1162 2486 1255 2512 ταῦτα
1283 2479 1502 2520 ἐνεργούμενοι.
1532 2485 1620 2518 Πλὴν
1650 2485 1720 2511 οὔτε
1746 2483 1829 2513 οὗτοι

1046 2529 1112 2563 περὶ
1128 2527 1171 2555 ὧν
1186 2532 1199 2555 o‘
1213 2531 1313 2563 .to’qoc.
1330 2532 1398 2556 οὔτε
1417 2540 1460 2563 τις
1475 2531 1569 2564 ἄλλος
1587 2529 1648 2556 τῶν
1671 2531 1745 2557 κατὰ
1761 2532 1827 2558 τού-

1045 2584 1116 2607 τους
1125 2576 1197 2609 ἔστη
1204 2576 1238 2601 ἐν
1246 2574 1431 2608 ὑποστήματι
1441 2575 1488 2601 καὶ
1498 2576 1588 2609 οὐσίᾳ
1597 2576 1670 2603 Θεοῦ
1678 2576 1745 2611 (40),
1754 2577 1828 2605 κατὰ

1046 2622 1079 2648 τὸ
1095 2620 1387 2656 τεγραμμένον,οὑδὲ
1400 2621 1473 2649 Θεοῦ
1489 2621 1585 2656 φύσιν
1601 2623 1619 2656 ἢ
1631 2620 1712 2650 εἶδεν
1722 2622 1741 2656 ἢ
1759 2622 1827 2656 ἑξη-

1085 2801 1140 2836 (40)
1158 2802 1254 2835 Ἐστη
1275 2802 1309 2828 ὲν
1333 2802 1525 2835 ὐποστήματι
1554 2802 1603 2828 καὶ
1625 2803 1716 2836 οὐσίῃ
1740 2804 1825 2831 Θεοῦ.

1049 2835 1110 2863 Bill.
1131 2838 1182 2864 hoc
1205 2838 1291 2865 solum
1311 2842 1386 2865 notat
1407 2846 1414 2864 :
1436 2836 1517 2864 Verba
1535 2844 1595 2864 sunt
1615 2835 1748 2870 Jeremriw,
1764 2849 1824 2873 cup.
