1950 3064
88 172 146 203 523

590 172 640 202 DE
661 169 875 202 PRINCIPIIS
893 169 999 199 FlDEI
1027 171 1257 202 CATHOLICKE.

1666 174 1717 205 5-26

88 233 164 258 Νοῦν
191 231 239 258 καὶ
264 231 351 265 Λόγον
379 231 525 266 ὑπάρχειν.
555 231 586 256 Et
612 230 667 265 γὰρ
697 230 749 264 πρὸ
771 230 881 256 πάντων

942 229 995 255 u‘tlit
1010 228 1115 256 Patrem
1127 231 1165 262 "’,
1188 230 1240 258 hoc
1253 236 1304 262 est,
1324 231 1373 265 Qui
1388 239 1450 260 eum
1473 232 1618 265 intellexit,
1636 234 1718 261 intel-

90 276 203 303 αἰώνων
218 278 250 303 ἐκ
266 277 314 303 τοῦ
326 277 446 312 Πατρδς,
462 277 508 303 καὶ
533 277 575 303 ὅτι
597 277 626 302 '0
648 276 778 311 ἑωρακὼς
803 275 884 305 αὑτὸν

91 321 202 357 ἑώρακε
218 322 265 349 τὸν
282 323 393 356 Πατέρα
405 332 413 338 ο
433 322 573 348 τουτέστιν
603 322 617 347 ὁ
639 323 775 356 νενοηκὼς
804 321 885 348 αὑτὸν

92 368 207 403 νενόηκε
220 368 266 394 τὸν
287 369 398 402 Πατέρα
421 367 503 403 (οὕτω
516 367 570 401 γὰρ
594 367 609 393 ὁ
629 366 712 396 αὐτὸς
731 366 885 401 ἐξηγήσατο

91 413 227 446 Θεολέγος
246 414 275 438 ἐν
290 415 346 444 τοῖς
360 413 465 447 αὐτοῖς)
476 420 483 427 ·
499 413 546 439 καὶ¹
563 421 573 437 ι
595 412 630 438 τὰ
644 411 691 438 τοῦ
703 412 886 447 γεννήσαντος

94 458 148 484 tota
164 458 211 485 καὶ
226 459 354 493 ἐξαίρετα
374 459 498 493 φυσικῶς
512 459 540 485 ἐν
554 458 628 493 αὐτῷ
655 458 713 493 ἔχει
729 468 738 484 ι
756 458 826 484 κατὰ
840 459 886 485 τὸν

94 503 174 536 ἅγιον
189 504 325 538 Κύριλλον
342 505 370 530 ὲν
385 503 505 539 δευτέρῳ
518 503 572 530 τῶν
583 503 745 539 Θησαυρῶν·
758 503 836 538 δῆλον
845 504 886 530 ὅτι

95 549 140 574 ἀεὶ
154 549 193 579 ὡς
204 550 268 584 ὅρος
283 550 352 584 πρὸς
368 550 398 576 τὸ
413 550 573 586 ὁριζόμενον
585 550 653 584 ἔχει,
685 549 734 576 καὶ
757 549 821 584 ὅρος
837 548 885 575 τοῦ

97 594 208 628 Πατρός
223 595 282 621 ἐστι
298 596 345 622 καὶ
362 595 459 629 Λόγος.

141 639 218 665 Ἐπεὶ
233 640 261 666 δὲ
274 641 287 666 ὁ
298 640 378 674 λόγος
395 640 461 675 παρ’
474 641 542 675 ἡμῖν
565 640 614 675 μὲν
631 641 816 673 ἀνυπόστατός
829 641 886 668 ἐστι

100 685 149 710 καὶ
161 685 294 719 ἀμυδρῶς
309 685 346 719 τῷ
363 685 399 720 νῷ
414 686 503 712 ἔοικεν
516 694 524 702 ο
544 686 603 712 ἐκεῖ
621 686 650 713 δὲ
679 687 886 721 συμπεπληρωσ

100 729 183 762 μένον
196 739 224 755 τι
241 731 288 757 καὶ
306 730 430 764 ὐφεστώς
444 731 518 757 ἐστιν
539 732 568 757 ὲν
581 733 614 766 τῇ
642 731 704 767 θείᾳ
730 731 812 766 φὺσῑι
838 732 886 759 καὶ

97 775 149 809 τῆς
164 775 250 808 αὐτῆς
265 775 304 809 τῷ
320 775 368 809 Νῷ
388 775 509 810 φύσεως,
533 776 694 811 ὀνομάζεται
711 777 772 809 Υἱός
787 783 795 792 ·
820 778 887 812 πρὸς

96 821 112 848 ὃ
124 821 153 848 δὲ
170 823 347 857 ἀναφέρεται,
359 823 484 849 καλεῖται
494 823 599 857 Πατήρ.
615 824 668 849 Καὶ
679 824 733 859 γὰρ
743 832 778 850 πα
783 824 807 859 ρ’
821 825 887 860 ἡμῖν

97 868 131 894 τὸ
144 868 178 894 ἐκ
193 877 266 900 τινος
282 868 313 894 ὃν
329 869 376 895 καὶ
393 869 474 902 φύσιν
487 869 535 904 τὴν
546 869 630 903 αὐτὴν
645 869 707 904 ἔχον
729 870 768 904 τῷ
782 871 828 904 ἀφ’
855 867 886 897 οὗ

99 913 249 949 προῆλθεν,
267 914 325 946 υἱὸς
349 915 515 948 ὀνομάζεται
529 916 600 942 κατὰ
612 915 643 942 τὸ
654 916 702 951 τῆς
715 917 888 951 ἀνθρωπίνης

98 959 247 992 διαλέξεως
258 959 319 991 ἔθος
331 969 339 977 ο
351 961 441 987 καίτοι
453 962 500 988 καὶ
512 962 542 988 τὺ
556 962 605 996 τῆς
621 963 791 997 πατρότητος
803 964 889 998 ὄνομα

100 1006 209 1032 ἐκεῖθεν
226 1006 326 1040 μᾶλλον
337 1007 404 1042 ἡμῖν
422 1007 549 1042 ἀφῖχθαι,
568 1008 618 1034 οὐκ
637 1008 684 1042 ἀφ’
698 1008 780 1044 ἡμῶν
794 1009 890 1043 εἰλῆφ-

98 1050 158 1082 θαι,
168 1051 350 1084 ὸ¹Δπόστολος
364 1052 449 1086 λέγει.
468 1061 479 1079 ι
494 1053 540 1086 Ἐξ
550 1049 580 1079 οὗ
593 1054 659 1088 γὰρ,
670 1063 680 1080 ι
696 1055 774 1088 φησὶ,
786 1064 795 1080 ι
815 1056 889 1082 πᾶσα

99 1097 206 1132 πατριὰ
217 1097 246 1122 ἐν
258 1097 365 1132 οὐρανῷ
375 1097 421 1125 καὶ
432 1098 478 1125 ἐπὶ
495 1099 548 1133 γῆς
564 1106 571 1114 '
591 1108 602 1125 ι
618 1095 640 1133 ᾧ
652 1099 684 1134 δὴ
698 1100 747 1127 καὶ
770 1101 785 1127 ὁ
798 1101 891 1134 Δαμα-

100 1143 204 1177 σκηνὸς
222 1142 388 1170 συντίθεται.

139 1231 204 1258 Ἔτι
221 1232 334 1267 Πνεῦμα
350 1232 416 1260 Υιοῦ
433 1242 515 1268 φησιν
534 1234 551 1267 ή
562 1233 658 1269 Γραφὴ
671 1234 702 1261 τὸ
718 1235 764 1262 τοῦ
785 1236 889 1270 [ἰατρὸς

98 1277 233 1312 Πνεῦμα·
254 1288 263 1304 ι
278 1278 471 1311 Ἐξαπέστειλε
490 1289 500 1305 ι
516 1279 570 1315 γὰρ
587 1289 597 1306 ι
616 1281 631 1307 ὁ
646 1280 712 1312 Θεὸς
725 1281 756 1307 τὸ
775 1282 889 1317 Πνεῦμα

99 1323 151 1348 τοῦ
163 1322 230 1349 Υἰοῦ
256 1324 351 1356 αὑτοῦ,
370 1333 379 1350 ›
397 1324 472 1358 λέγει
488 1333 495 1340 ·
508 1325 555 1351 καὶ
573 1325 614 1352 ὅτι
628 1326 660 1352 ἐκ
672 1326 720 1352 τοῦ
735 1327 842 1362 Πατρὸς
856 1328 890 1354 δι’

101 1367 186 1394 αὑτοῦ
197 1369 388 1404 ἐκπορεύεται.
405 1369 442 1396 οὺ
458 1370 568 1404 λέγεται
581 1371 619 1401 δὲ.
637 1371 677 1398 ὅτι
692 1372 706 1398 ὁ
720 1372 783 1404 Υἱὸς
803 1374 835 1399 ὲκ
842 1372 890 1399 τοῦ

103 1414 213 1448 Πατρὺς
224 1414 268 1440 διὰ
284 1415 331 1441 τοῦ
357 1415 516 1450 Πνεύματος
542 1417 682 1449 γεννᾶται,
710 1417 758 1443 καὶ
789 1417 829 1444 ὅτι
857 1417 891 1444 δι’

102 1460 188 1486 αὐτοῦ
221 1462 393 1496 χορηγεῖται,
419 1462 532 1494 δίδοται,
556 1462 769 1489 ἀποστέλλεται³
785 1462 826 1489 διὸ
842 1464 892 1489 καὶ

101 1505 189 1539 δοτὴρ
201 1506 284 1532 αὑτοῦ
300 1506 347 1533 καὶ
378 1507 497 1542 χορηγὸς
513 1508 562 1533 καὶ
583 1508 695 1542 ταμίας,
720 1508 760 1540 ὼς
787 1509 892 1544 Γρηγό-

105 1559 167 1583 ριος
185 1551 318 1585 Θεολόγος
331 1553 360 1579 ὲν
377 1554 410 1587 τῇ
429 1553 497 1588 πρὸς
515 1553 560 1579 τὸν
585 1554 650 1580 Υἰδν
675 1554 743 1589 εὐχῇ
771 1554 886 1589 ὕμνησε.
902 1565 925 1595 c

104 1596 161 1622 Καὶ
176 1597 230 1630 γὰρ
248 1596 328 1628 αὐτὸς
341 1598 390 1633 μὲν
405 1598 419 1624 ό
434 1598 497 1630 Υἱός
518 1607 611 1634 φησιν,
633 1609 643 1625 ι
664 1600 749 1626 Ὀταν
772 1601 800 1627 δὲ
827 1601 891 1637 ἔλθῃ

104 1642 119 1667 ὀ
136 1641 316 1676 Παράκλητος
334 1642 364 1669 ὃν
376 1642 432 1676 ἐγὼ
446 1643 548 1678 πέμψω
563 1644 640 1678 ὑμῖν,
657 1644 687 1670 τὸ
711 1645 822 1680 Πνεῦμα
842 1647 892 1682 τῆς

105 1687 248 1721 ἀληθείας,
263 1688 277 1714 ὃ
292 1689 367 1724 παρὰ
382 1689 429 1715 τοῦ
454 1689 559 1724 [ἰατρὸς
578 1690 758 1723 ἐκπορεύεται
769 1700 776 1706 ·
798 1701 807 1717 ι
824 1693 848 1719 οἱ
864 1692 892 1719 δὲ

103 1733 191 1766 ἅγιοι,
204 1733 233 1766 ἐξ
248 1729 308 1760 ὦνό
321 1735 500 1769 Δαμασκηνὸς
516 1735 545 1762 ὲν
560 1736 616 1766 τοῖς
637 1735 809 1770 Θεολογικοῖς
832 1737 890 1773 (ει)

103 1780 219 1813 γράφει,
237 1789 248 1806 ι
274 1781 440 1816 Ἐνεφύσησε
463 1781 528 1816 γὰρ,
544 1783 590 1809 καὶ
601 1780 662 1809 εἶπε
674 1785 730 1815 τοῖς
757 1784 892 1819 μαθηταῖς

104 1824 200 1856 αὑτοῦ,
235 1825 338 1852 Λάϐετε
378 1827 490 1860 Πνεῦμα
524 1827 612 1860 ἆγιον·
632 1834 634 1836 ·
657 1827 751 1863 ὥσπερ
790 1829 821 1855 ἐκ
843 1829 891 1855 τοῦ

104 1870 183 1903 ήλίηυ
201 1871 250 1904 μὲν
267 1871 285 1905 ﬁ
302 1879 331 1897 τε
345 1872 424 1902 ἀκτὶς
445 1873 492 1899 καὶ
507 1873 524 1907 ἠ
552 1873 696 1907 ἐλλαμψις.
720 1874 806 1905 Auro;
836 1873 891 1908 γάρ

103 1917 179 1942 ἐστιν
195 1917 211 1950 ἡ
226 1915 303 1951 πηγὴ
319 1917 367 1950 τῆς
391 1917 500 1949 ἀκτῖνος
515 1917 562 1944 καὶ
587 1918 636 1952 τῆς
665 1918 835 1953 ἑλλάμψεως·
847 1919 891 1945 διὰ

103 1961 130 1986 δὲ
143 1961 195 1995 τῆς
214 1961 325 1992 ἀκτῖνος
339 1963 354 1996 ἡ
368 1962 502 1996 ἔλλαμψις
533 1963 598 1996 ἡμῖν
625 1963 795 1997 μεταδίδοται
809 1972 815 1979 ·
842 1964 891 1989 καὶ

103 2007 173 2042 αὕτη
190 2007 266 2033 ἐστὶν
289 2008 305 2041 ἡ
321 2007 477 2042 φωτίζουσα
494 2009 566 2043 ἡμᾶς
584 2010 630 2035 καὶ
659 2010 828 2044 μετεχομὲνη
844 2010 890 2043 ὑφ’

103 2053 192 2087 ἡμῶν.
212 2061 221 2077 ι

138 2097 176 2123 Τὸ
193 2097 221 2123 δὲ
236 2097 349 2133 Πνεῦμα
375 2098 405 2124 τὸ
432 2098 510 2132 ἅγιον
537 2098 644 2132 λέγεται
674 2098 786 2134 Πνεῦμα
810 2099 888 2134 Θεοῦ,

105 2142 220 2177 Πνεῦμα
239 2143 356 2177 Πατρδς,
373 2143 485 2178 Πνεῦμα
503 2143 581 2177 Υῑοῡ,
611 2144 724 2179 Πνεῦμα
750 2145 889 2179 ἀληθείας,

104 2189 237 2220 αἰτιατὸν,
262 2189 439 2223 ὲκπορευτδν,
463 2190 692 2224 ἐκπορευόμενον,
717 2191 864 2226 πρόϐλημα
880 2199 887 2206 '

103 2235 151 2259 καὶ
166 2233 204 2265 ὡς
216 2235 230 2260 ὁ
242 2235 423 2268 Δαμασκηνὸς
432 2236 462 2261 ὲν
473 2236 528 2267 τοῖς
537 2236 712 2270 δογματικαῖς
725 2236 808 2262 αὑτοῦ
819 2236 886 2272 (25),

105 2279 219 2314 Πνεῦμα
246 2279 378 2314 Χριστοῦ,
408 2280 521 2315 Πνεῦμα
546 2281 663 2316 Κυρίου,
707 2281 887 2315 Δὺτοκύριος,

104 2325 218 2359 Πνεῦμα
246 2326 392 2358 υἱοθεσίας,
419 2326 559 2361 ἀληθείας,
587 2326 753 2361 ἐλευθερίας,
781 2328 886 2363 σοφίας.

104 2371 159 2396 Καὶ
182 2370 238 2405 γὰρ
263 2371 405 2404 ποιητικὺν
417 2371 519 2398 τούτων
534 2372 672 2398 ἁπάντων.
693 2371 752 2398 Ἔτι
765 2371 819 2398 ἀπὸ
833 2372 887 2399 τῶν

103 2416 252 2450 ἐνεργειῶν
285 2416 450 2450 ὀνομάζεται
477 2417 588 2452 Πνεῦμα
615 2417 744 2448 πίστεως,
774 2417 885 2452 Πνεῦμα

102 2463 269 2496 πραότητος,
288 2461 402 2497 Πνεῦμα
418 2462 502 2497 φόὸου
514 2463 593 2496 Θεοῦ,
609 2463 656 2489 καὶ
665 2462 748 2489 τᾶλλα
765 2463 830 2498 περὶ
846 2460 883 2491 ὧν

101 2509 116 2533 ὁ
127 2507 198 2537 θεῖος
214 2507 442 2543 Χρυσόστομοςὲν
456 2508 494 2543 τῷ
511 2509 576 2543 περὶ
594 2507 677 2535 αὑτοῦ
705 2507 775 2543 λόγῳ
788 2508 883 2536 διασα-

103 2553 158 2585 gnat
171 2553 237 2587 (ac).

140 2623 161 2637 "
178 2621 257 2649 Joun.
272 2630 328 2654 xlv,
342 2622 368 2650 9.
408 2622 429 2638 ¹⁹
454 2622 552 2657 Ephcs.
571 2630 612 2655 ιιι,
627 2622 672 2651 15.
711 2624 732 2639 ¹⁹
745 2623 836 2652 Galat.
852 2632 890 2658 tv,

139 2695 196 2728 (ﬁt)
213 2693 274 2721 Lib.
289 2702 309 2727 ι,
323 2703 349 2722 c.
370 2694 397 2722 8.
418 2695 445 2722 in
463 2695 526 2722 ﬁne.

139 2728 195 2763 (25)
227 2730 276 2755 Ἐν
303 2730 365 2762 τοῖς
391 2729 579 2764 aeq-parmai;
605 2729 711 2758 αὐτοῦ.
742 2729 784 2758 Sit
813 2730 883 2758 forte

102 2764 446 2800 aliudropgeramasceni,
463 2771 558 2800 pl'iklel'
567 2772 599 2793 ea
617 2773 677 2800 quae
695 2765 835 2798 habemus,
855 2766 882 2793 in

102 2807 157 2834 quo
174 2799 208 2826 de
225 2798 356 2826 Trinitate
373 2800 444 2827 serio
463 2798 597 2828 'adverSus
622 2798 762 2827 haereticos
787 2800 880 2834 dispu~

105 2833 153 2866 tet,
175 2834 213 2860 uti
226 2833 309 2861 etiam
325 2835 437 2861 scorsim
458 2839 551 2861 contra
565 2834 727 2862 Severianos
743 2839 770 2860 et
785 2833 879 2861 Mono-

105 2870 224 2896 tholitas.
243 2868 301 2896 Non
323 2874 430 2897 exstare
444 2870 523 2897 nobis
537 2870 627 2897 omnia
646 2869 816 2901 Damasceni,
836 2872 877 2897 \‘cl

904 2226 926 2253 D

936 274 1002 302 luxit
1018 275 1122 303 Patrem
1134 276 1184 311 (sic
1199 277 1272 304 enim
1291 277 1361 304 idem
1381 277 1438 312 ipse
1449 277 1595 312 Gregorius
1617 279 1717 306 ibidem

936 322 1139 355 exposuit);ac,
1157 323 1222 355 Quir
1236 323 1362 358 genitoris
1377 324 1486 358 propria
1501 329 1561 350 sunt
1579 332 1610 351 ac
1629 325 1720 359 singu-

937 367 1016 400 laria,
1032 369 1059 394 in
1074 376 1101 395 se
1125 375 1223 396 natura
1242 369 1328 401 habet,
1354 374 1384 396 ut
1413 373 1509 396 auctor
1536 375 1578 396 est
1605 370 1720 405 Cyrillus

938 412 1130 440 Tltesaurarunt
1152 414 1219 441 libro
1245 414 1386 441 secundo:
1402 415 1490 449 palam
1514 420 1566 446 est,
1583 423 1624 442 ste
1647 424 1720 443 scm-

937 467 984 494 per
996 467 1024 487 se
1037 460 1137 486 habere
1148 460 1220 486 velut
1231 460 1414 487 deﬁnitionem
1429 461 1460 487 ad
1477 461 1631 494 deﬁnitum,
1647 470 1722 490 esse-

937 512 989 539 que
1004 503 1091 531 Patris
1107 504 1293 532 deﬁnitionem
1314 513 1346 532 ac
1358 506 1490 533 rationem
1507 513 1555 534 seu
1572 506 1701 534 Verbum.
1736 503 1739 508 ’

973 632 1050 665 Quod
1066 641 1130 660 vero
1144 634 1254 660 verbum
1271 635 1341 668 apud
1359 642 1409 662 nos
1422 643 1475 662 non
1500 643 1563 663 vere
1582 644 1614 663 ac
1632 645 1678 672 per
1694 645 1724 664 se

937 680 1062 712 exsistat,
1079 687 1111 708 ac
1126 688 1188 707 cum
1205 686 1296 708 mente
1313 681 1410 708 exilem
1429 682 1561 709 duntaxat
1578 687 1660 717 atque
1672 685 1722 710 ob-

938 733 1047 753 scuram
1059 725 1266 753 similitudinem
1286 726 1386 754 habeat
1402 735 1409 753 :
1435 727 1491 754 illic
1504 732 1596 754 autem
1612 728 1721 762 plenum

938 771 1040 806 aliquid
1070 772 1106 799 sit
1132 780 1164 800 ae
1182 772 1255 806 quod
1278 779 1339 800 vere
1361 773 1387 799 in
1410 778 1506 800 natura
1531 773 1622 801 divina
1650 775 1723 809 ejus-

939 818 1056 852 demque
1080 825 1142 845 eum
1169 824 1261 846 mente
1285 823 1389 846 naturae
1414 823 1441 845 et
1462 826 1509 853 per
1537 827 1566 846 se
1597 820 1722 852 exsistat,

939 863 1026 890 Filius
1041 868 1232 903 nuncupatur;
1251 864 1332 898 idque
1355 865 1387 891 ad
1406 864 1477 899 quod
1497 865 1656 892 relationem
1675 865 1725 892 ha-

907 901 929 928 B
943 910 998 943 bet,
1013 909 1103 938 Pater.
1123 901 1189 936 Nam
1207 914 1233 936 et
1249 910 1319 944 apud
1338 917 1405 942 nos,
1419 914 1489 943 quod
1515 918 1547 938 ex
1567 911 1659 945 aliquo
1671 917 1724 943 est,

940 956 1116 990 eamdemque
1133 961 1256 983 naturam
1273 963 1335 982 cum
1346 963 1429 987 eo,ex
1444 963 1498 990 quo
1511 956 1655 990 processit,
1673 964 1723 983 na—

940 1006 1011 1029 ctutn
1029 1005 1081 1034 est,
1096 1001 1209 1028 humani
1225 1001 1359 1028 sermonis
1373 1009 1422 1028 usu
1444 1002 1515 1028 ﬁlius
1528 1002 1620 1029 vocari
1635 1002 1722 1034 solet;

941 1050 1096 1082 quanquam
1113 1048 1194 1074 etiam
1210 1048 1295 1082 patris
1317 1054 1418 1074 nomen
1440 1047 1501 1074 inde
1517 1048 1607 1081 potius
1623 1049 1656 1075 ad
1673 1055 1723 1075 nos

941 1095 1059 1125 venisse,
1073 1100 1155 1128 quam
1168 1100 1182 1120 a
1194 1094 1273 1120 nobis
1284 1098 1421 1127 sumptum
1431 1101 1501 1125 esse,
1512 1094 1722 1128 aitt‘tpostolus:

941 1139 984 1166 Ea:
996 1148 1046 1174 quo
1065 1141 1150 1166 omnis
1165 1147 1197 1167 ea;
1209 1141 1342 1167 communi
1355 1140 1435 1167 Patre
1449 1142 1569 1174 cognatio
1584 1141 1610 1167 iu
1623 1141 1686 1167 c0310
1702 1146 1725 1168 et

941 1187 969 1213 in
982 1186 1098 1218 terra“;
1111 1186 1155 1213 cui
1167 1186 1247 1220 plano
1257 1191 1284 1213 et
1293 1186 1477 1214 Damascenus
1492 1188 1652 1214 assentitnr.

979 1232 1018 1259 Ad
1038 1233 1106 1263 haec,
1121 1231 1182 1258 Filii
1205 1232 1335 1266 Spiritum
1359 1238 1438 1260 vocat
1467 1232 1607 1267 Scriptura
1636 1233 1724 1260 Patris

943 1278 1086 1312 Spiritum.
1096 1278 1140 1305 Ait
1153 1277 1224 1305 enim
1238 1277 1331 1305 :Misit
1343 1278 1410 1305 Deus
1420 1277 1549 1312 Spiritum
1559 1277 1625 1305 Filii
1638 1280 1679 1305 sui
1690 1280 1724 1306 ".

942 1323 1030 1351 Etiam
1049 1323 1150 1351 dicitur
1174 1324 1246 1358 quod
1268 1330 1300 1350 ex
1316 1323 1396 1350 Patre
1418 1331 1464 1358 per
1482 1325 1569 1358 ipsum
1598 1324 1730 1358 procedat

942 1370 1009 1404 (non
1025 1374 1114 1396 autem
1129 1369 1230 1396 dicitur
1250 1369 1321 1404 (ιιιυιι
1339 1369 1424 1396 Filius
1439 1377 1470 1396 ex
1488 1369 1564 1397 Patre
1578 1378 1625 1404 per
1637 1370 1725 1405 Spiri-

944 1421 999 1442 tum
1015 1415 1162 1449 gignatur),
1181 1415 1253 1449 quod
1272 1414 1335 1442 item
1354 1422 1404 1448 per
1424 1422 1485 1441 eum
1503 1415 1664 1449 prmbcalur,
1680 1415 1727 1442 de-

943 1464 1041 1494 turque
1056 1467 1088 1487 ac
1109 1459 1251 1491 mittatur;
1267 1467 1299 1486 ex
1315 1467 1369 1493 quo
1385 1463 1428 1486 est
1439 1479 1446 1492 ,
1468 1464 1498 1486 ut
1515 1459 1587 1487 illius
1607 1460 1686 1486 dator
1700 1465 1726 1487 et

942 1506 1162 1532 rubministrator
1175 1510 1252 1540 atque
1280 1505 1381 1532 arbiter
1407 1505 1525 1538 dicatur,
1549 1506 1726 1540 quemadmo-

942 1551 1007 1577 dum
1037 1551 1183 1585 Gregorius
1215 1550 1368 1585 Tlteolog-ts
1388 1551 1415 1578 in
1443 1552 1601 1586 precatione
1626 1551 1724 1579 Filium

943 1595 1064 1622 laudavit
1081 1603 1113 1623 ac
1124 1595 1232 1622 cecinit.
1249 1595 1314 1622 Nam
1328 1600 1354 1622 et
1372 1596 1429 1630 ipsc
1444 1596 1552 1630 quidem
1570 1597 1653 1624 Filius
1664 1597 1723 1623 ait:

943 1641 1011 1668 Cum
1029 1648 1118 1668 autent
1142 1641 1240 1668 venerit
1272 1641 1436 1674 Puraclatus,
1458 1650 1532 1676 quem
1561 1651 1606 1677 ego
1623 1643 1726 1669 mittant

942 1687 1025 1720 vobis,
1052 1686 1181 1719 Spiritum
1201 1687 1321 1713 ueritatis
1345 1688 1390 1722 qui
1415 1696 1430 1713 a
1455 1687 1536 1714 Patre
1562 1689 1679 1722 procedit
1691 1689 1726 1716 ‘°.

943 1733 1034 1761 Sancti
1053 1741 1126 1765 vero,
1142 1734 1169 1760 in
1186 1734 1285 1768 quibus
1311 1733 1496 1761 Damascenus
1513 1735 1538 1761 in
1555 1734 1726 1770 Thcologicis

942 1780 1052 1807 scribit:
1066 1778 1211 1813 [mu/ﬂavit
1232 1779 1300 1809 enim
1321 1784 1346 1805 et
1362 1779 1441 1810 dixit,
1460 1780 1577 1814 Accipite
1596 1780 1725 1815 Spiritum

943 1830 1067 1853 sanctum
1078 1827 1112 1852 “.
1125 1825 1353 1857 Quemadmodum
1365 1832 1397 1851 ea;
1409 1825 1465 1851 sole
1477 1830 1532 1852 tum
1548 1827 1649 1856 radius,
1670 1831 1725 1853 tum

942 1871 1031 1905 fulgor
1047 1871 1173 1903 procedit.
1191 1870 1240 1897 Est
1265 1871 1335 1896 enim
1359 1870 1399 1897 sol
1420 1871 1489 1897 radii
1508 1871 1609 1904 pariter
1626 1880 1656 1898 at:
1672 1872 1726 1905 ful-

941 1917 1011 1951 goris
1027 1917 1103 1950 fons:
1126 1923 1171 1948 per
1186 1917 1291 1942 radium
1304 1925 1363 1943 vero
1384 1917 1459 1943 nobis
1476 1917 1565 1950 fulgor
1581 1918 1726 1944 communi-

942 1968 1017 1987 catur
1031 1969 1040 1986 :
1058 1962 1129 1995 isque
1158 1966 1197 1987 est
1227 1970 1277 1995 quo
1296 1961 1476 1994 illustramur,
1504 1970 1535 1988 ac
1551 1962 1595 1996 qui
1611 1970 1628 1988 a
1652 1963 1726 1989 nobis

941 2006 1095 2040 percipitur.
1487 2007 1491 2008 ⁷

976 2097 1061 2124 Porro
1087 2095 1205 2130 Spiritus
1232 2101 1368 2127 sanctus.
1394 2095 1513 2131 Spiritus
1533 2097 1578 2124 Dci
1607 2097 1723 2129 dicitur,

942 2142 1060 2176 Spiritus
1077 2142 1167 2169 Patris
1181 2161 1188 2173 ,
1208 2141 1327 2176 Spiritus
1347 2141 1428 2174 Filii,
1445 2143 1565 2177 Spiritus
1590 2144 1722 2177 veritatis,

941 2188 975 2215 ab
992 2193 1105 2215 auctore
1116 2188 1262 2218 exsislens,
1281 2187 1441 2222 procedens.
1464 2189 1600 2222 processio
1616 2198 1623 2222 ;
1643 2196 1724 2224 atque

941 2238 970 2260 ut
997 2234 1180 2261 Damascenus
1203 2234 1228 2260 in
1255 2233 1419 2269 Dogmaticis
1443 2235 1500 2262 suis
1523 2235 1576 2267 ait,
1605 2235 1724 2270 Spiritus

939 2280 1057 2310 Christi.
1075 2279 1193 2314 Spiritus
1209 2279 1316 2307 Domini
1331 2300 1338 2312 ,
1354 2281 1412 2315 ipse
1437 2282 1569 2309 Dominus
1582 2303 1589 2315 ,
1606 2282 1724 2317 Spiritus

939 2326 1107 2361 adoptionis,
1122 2326 1256 2358 veritatis,
1278 2327 1408 2354 libertatis
1421 2348 1428 2361 ,
1446 2327 1595 2362 sapientue.
1614 2329 1720 2356 Etenim

939 2373 1037 2399 horum
1049 2371 1171 2399 omnium
1183 2371 1293 2399 eﬂ'ector
1306 2375 1358 2399 est.
1379 2373 1475 2400 Adhuc
1492 2381 1556 2401 vero
1574 2382 1607 2402 ex
1625 2382 1724 2409 opera-

938 2418 1060 2445 tionibus
1072 2423 1186 2444 vocatur
1202 2417 1320 2452 Spiritus
1336 2419 1396 2445 ﬂdei
1409 2438 1417 2450 ,
1446 2419 1565 2453 Spiritus
1588 2420 1719 2454 lenitatis,

939 2462 1057 2498 Spiritus
1071 2463 1177 2490 timoris
1191 2463 1248 2495 Dei,
1262 2467 1290 2490 et
1308 2463 1410 2497 reliqua
1429 2472 1490 2498 qua
1513 2465 1642 2499 explanat
1657 2466 1720 2492 bea-

940 2515 983 2536 tus
1010 2509 1243 2544 Cltrysostomus,
1271 2509 1298 2536 iu
1336 2516 1462 2537 sermone
1496 2518 1577 2545 quem
1610 2511 1643 2538 de
1674 2511 1722 2538 illo

938 2555 1060 2591 scripsit.

911 2626 937 2653 6.
976 2627 999 2642 “
1015 2626 1152 2659 Joan.xv,
1177 2625 1228 2653 Q6.
1266 2626 1288 2641 ’ί
1309 2625 1392 2653 Joan.
1418 2634 1464 2658 xx.
1492 2626 1540 2654 22.

939 2697 990 2734 hoc
1003 2703 1164 2733 argumento
1177 2703 1229 2730 est,
1242 2699 1313 2734 quod
1326 2699 1513 2734 Clirysostomi
1530 2699 1719 2727 enarrationcs

937 2732 964 2769 in
983 2733 1098 2769 Paulum
1119 2735 1152 2763 ab
1168 2735 1227 2769 ipso
1243 2732 1268 2760 iit
1281 2732 1471 2768 compendium
1490 2734 1623 2765 redactas,
1642 2735 1718 2762 card.

936 2768 1065 2804 Mazarini
1089 2768 1262 2796 Bibliotheca:
1279 2771 1411 2804 probatus
1434 2769 1530 2802 codex,
1546 2769 1606 2795 aliis
1624 2770 1719 2797 hacte-

934 2810 985 2829 nus
1001 2803 1119 2837 ignotas.
1143 2804 1234 2831 habet.

967 2838 1022 2873 (26)
1036 2838 1171 2866 εει-ιιι,οε
1190 2839 1291 2873 Spiritu
1308 2844 1409 2866 sancto.
1443 2844 1463 2866 t.
1482 2838 1513 2866 Vl
1536 2839 1635 2866 Dircaei.
