1950 3064
94 150 156 183 529

600 155 649 185 DE
670 155 886 187 PRINCIPIIS
907 156 1013 187 FIDEI
1032 158 1266 189 CATHOI.IC/E.

1688 161 1740 191 E130

94 210 216 243 νοῦντας
232 209 315 239 αὐτὸν
330 211 359 239 ὲν
376 210 514 248 πνεύματι
528 214 576 241 καὶ
589 215 706 252 ἀληθείᾳ
720 216 761 243 δεῖ
777 226 900 253 προσκυ-

959 216 1064 245 idorant
1072 225 1143 250 eum,
1156 218 1183 245 in
1197 218 1293 252 spiritu
1306 221 1330 244 et
1346 217 1457 245 ueritate
1470 221 1569 252 oportet
1583 218 1695 244 adorare
1705 219 1738 242 ’⁸.

98 256 159 282 νεῖν
173 264 180 272 ·
198 264 208 282 ι
224 256 285 283 ἀλλ’
297 256 392 293 ἕτερον
406 258 508 293 τρόπον
521 258 639 295 λέγομεν
654 259 769 297 Πνεῦμα
778 263 897 298 Πατρός.

105 300 153 333 Ὠς
170 302 226 338 γὰρ
242 302 369 337 ὑφεστὼς
386 304 435 330 καὶ
450 303 513 331 καθ’
529 305 609 333 ἑαυτὸ
628 306 720 340 ίδικῶς
739 308 800 335 τότε
821 310 898 336 νοοῦ-

102 355 166 381 μεν,
184 348 234 374 καὶ
249 348 289 380 ὡς
307 349 455 384 πρόϐλημα
481 350 552 385 πρὸς
575 351 622 379 τὸν
648 353 758 389 Πατέρα
795 355 899 389 ἀναφε-

103 392 221 427 ρόμενον
252 394 291 425 ὡς
317 394 466 429 προϐολέα.
491 395 551 436 (Καὶ
573 397 628 433 γὰρ
661 399 694 426 ὲκ
716 399 762 426 τοῦ
791 400 900 435 Πατρδς

103 438 297 473 ἐκπορεύεται.
314 439 366 467 Διά
380 440 466 468 ταῦτα
481 438 531 469 καὶ
543 443 632 470 sunt
647 443 702 471 τῶν
714 445 800 481 τριῶν
812 453 901 481 προσ-

103 482 188 509 ώπων
226 483 427 520 θεολογούμενα
467 487 643 523 προσήκοντα
676 489 718 516 δεῖ
747 490 899 526 λαμϐάνειν

106 529 376 600 τοῖςούποστατικοῖς
391 530 532 567 ίδιὼμασι,
541 533 590 560 καὶ
602 533 640 570 μὴ
655 534 726 562 κατὰ
737 535 816 563 τοῦτο
828 537 899 564 πλα-

106 582 157 600 vcta
177 583 216 600 αι.
732 578 736 583 ’

106 578 216 601 νεῖσθαι.
732 578 736 583 “

409 665 539 696 ΚΕΦΑΔ.
559 669 597 697 Δ’.

110 721 198 754 Τίνας
211 721 286 748 ποτὲ
299 722 421 761 εἰκόνας
436 724 510 761 ’περὶ
527 724 686 761 τῆςηὰγίας
703 725 828 761 Τριὰδος
846 735 901 755 πα-

333 757 514 792 ραδιδόασιν
531 757 561 787 οἱ
579 757 668 795 ἄτὶοι.

144 815 202 849 Τῆς
215 815 243 842 δὲ
259 815 342 850 ἁγίας
356 816 460 852 ταύτης
474 817 522 844 καὶ
537 818 678 853 μακαρίας
695 818 824 854 Τριάδος,
846 828 901 848 παι

954 262 1052 290 Verum
1075 263 1128 290 alio
1148 264 1229 291 modo
1247 263 1379 298 Spiritum
1396 262 1486 290 Patris
1510 263 1639 290 dicimus.
1662 261 1741 289 Tunc

950 308 1022 336 enim
1039 309 1269 337 utsubsistentem
1293 316 1324 336 ac
1339 316 1387 344 per
1399 316 1428 337 se
1439 308 1549 344 proprie
1562 308 1739 336 exsistentem

951 361 1016 381 eum
1041 354 1268 387 consideramus,
1297 358 1325 382 et
1353 355 1400 390 qui
1431 355 1506 383 velut
1533 355 1681 389 processio,
1707 354 1739 381 ad

951 400 1059 427 Patrem
1079 401 1267 435 processionis
1285 404 1427 428 auctorem
1439 421 1447 433 ,
1472 399 1619 427 referatur.
1633 399 1738 427 Etenim

951 446 1071 488 Spiritus
1085 446 1208 481 procedit
1222 453 1237 473 a
1259 446 1351 474 Patre.
1367 446 1514 481 Propterea
1537 446 1679 481 diligenter
1693 453 1741 472 cu-

951 492 1066 520 randum
1081 496 1112 519 ut
1124 499 1184 526 qum
1206 492 1233 519 in
1261 491 1348 520 tribus
1361 492 1486 527 personis
1500 497 1683 526 usurpamus,
1700 492 1742 518 di-

951 539 1014 565 vina
1030 538 1151 570 nomina.
1171 538 1237 565 talia
1269 542 1445 566 assumantur
1458 559 1466 571 ,
1489 545 1550 572 qum
1570 537 1741 573 proprietati-

911 616 914 619 ,
952 584 1004 612 bus
1019 584 1212 619 personalibus
1225 585 1391 612 conveniant
1404 604 1412 617 ,
1428 588 1456 612 et
1477 590 1510 612 ne
1524 583 1552 611 in
1574 591 1606 611 ea
1626 591 1655 611 re
1668 583 1742 611 decio

952 629 1071 664 piamur.

1252 676 1369 705 CAPUT
1394 676 1440 704 IV.

1005 733 1071 767 Quae
1082 733 1189 761 tandem
1201 734 1346 761 simulacra
1361 742 1392 760 ac
1403 733 1533 767 imagines
1547 731 1580 760 de
1591 736 1687 759 sancta

1166 769 1296 796 Trinitate
1310 769 1396 796 sancti
1407 769 1529 795 tradant.

988 827 1075 854 Porro
1088 830 1189 854 sanctae
1209 826 1290 859 hujus
1315 832 1347 853 ac
1362 825 1448 853 beata:
1470 823 1613 852 Trinitatis
1637 822 1740 850 nullum

110 862 247 897 ρὰδειγμα
262 862 311 889 καὶ
328 862 422 890 εἰκόνα
445 856 509 891 τινὰ
529 864 633 891 οἰκείαν
648 864 703 892 ἀπὸ
715 865 772 894 τῶν
793 867 901 902 ἀνθρω-

959 873 1064 908 ιιὶιιιιοᾱ
1086 880 1119 900 ex
1135 856 1262 899 humanis
1284 871 1367 899 rebus
1391 870 1546 904 exemplum
1569 876 1602 896 ac
1626 868 1742 896 simula-

108 909 198 936 πίνων
213 909 263 936 οὐκ
279 908 338 936 ἔστι
359 909 463 942 λαϐεῖν,
478 911 528 946 τῆς
542 912 613 947 ὑπὲρ
626 913 717 939 πᾶσαν
733 913 828 941 οὐσίαν
851 915 899 942 καὶ

108 954 203 981 πᾶσαν
225 954 319 990 νόησιν
347 956 523 991 ἀσυγκρίτως
559 956 847 994 ὑπερανῳκισμένηςύ
866 959 900 987 Τί

109 1001 145 1027 ἄν
158 1000 201 1036 εἴη
230 1001 408 1037 παράδειγμα
424 1002 471 1030 καὶ
488 1002 571 1030 είκὼν
593 1004 684 1031 οίκεία
708 1005 764 1032 ἀπὸ
784 1005 841 1032 τῶν
855 1006 902 1034 ἅν-

109 1047 258 1081 θρωπίνων
273 1047 479 1084 λαμϐανομένη,
494 1047 512 1076 ἃ
529 1049 562 1084 δὴ
578 1049 670 1078 πάντα
686 1051 716 1078 tv
731 1051 840 1085 γενέσει
853 1053 902 1080 καῖ

108 1091 201 1127 φθορᾷ
215 1092 264 1118 καὶ
279 1091 358 1127 ῥύσει
369 1093 416 1119 καὶ
429 1093 565 1129 μεταϐολῇ
577 1093 698 1129 διηνεκεῖ
710 1096 881 1132 καθορῶνται
892 1105 900 1131 ;

109 1136 209 1171 Ὅμως
224 1137 319 1172 ὥσπερ
333 1138 365 1164 ἐκ
381 1138 436 1164 τῶν
452 1137 515 1165 καθ’
528 1140 606 1174 ἡμᾶς
617 1140 700 1167 αὐτὸν
717 1141 901 1177 ὀνομάζομεν,

109 1182 156 1209 ινα
171 1184 211 1218 μὴ
225 1183 356 1218 ἁμέτοχοι
370 1180 447 1219 ὦμεν
458 1184 508 1219 τῆς
528 1185 612 1212 αὐτοῦ
629 1186 806 1221 ἐπιγνώσεως
823 1188 903 1225 (ὅπερ

108 1228 145 1255 δι’
160 1228 267 1262 ἄφατον
286 1229 435 1265 εὐδόκησεν
459 1230 628 1266 ἀγαθότητα,
646 1232 718 1259 κατὰ
733 1233 780 1261 τὸν
803 1235 836 1261 ὲκ
851 1236 904 1261 Δα-

110 1274 222 1309 μασκοῦ
239 1275 380 1302 θειότατον
398 1275 479 1312 [29]),
494 1277 524 1303 οὐ
540 1277 567 1304 τί
581 1278 638 1305 ἐστι
651 1278 702 1315 τὴν
717 1279 800 1314 φύσιν
819 1280 904 1308 αὐτοῦ

111 1321 282 1353 δεικνύντες,
293 1321 353 1348 ἀλλ’
365 1322 408 1349 ὅτι
424 1323 483 1349 ἐστὶ
494 1322 628 1355 τοιοῦτος·
642 1324 690 1351 τὸν
703 1325 786 1352 αὐτὸν
800 1326 905 1361 τρόπον

110 1368 145 1393 ιιι
161 1366 267 1393 τούτων
291 1367 340 1394 καὶ
356 1367 408 1403 τὴν
432 1367 582 1403 ὁμοιότητα
598 1369 716 1404 ἕλκομεν
738 1370 786 1397 καὶ
803 1371 904 1398 εἰκονί-

111 1409 200 1446 ζομεν
215 1412 308 1443 αὑτὸν,
322 1412 365 1439 ἵνα
387 1414 428 1445 είς
449 1413 575 1449 ἀμυδρὰν
590 1415 697 1442 ἔννοιαν
714 1415 837 1451 ἔλθωμεν
854 1418 905 1453 τῆς

112 1457 243 1492 ἑνότητος
269 1458 317 1485 καὶ
337 1459 387 1493 τῆς
405 1459 460 1487 τῶν
474 1460 560 1495 τριῶν
573 1460 730 1495 προσώπων
760 1462 903 1498 ἰδιότητος.

112 1504 171 1531 Καὶ
187 1503 243 1538 γὰρ
259 1504 329 1538 μετὰ
343 1505 394 1540 τῆς
405 1505 533 1540 ἑνότητος
547 1507 594 1533 καὶ
607 1506 657 1542 τὴν
666 1497 804 1542 διάκρισιν
820 1497 904 1543 ἄναγ-

113 1550 192 1576 καῖον
210 1549 366 1585 ὁμολογεῖν·
381 1550 426 1577 ῐνα
440 1551 552 1578 Μονάδα
569 1552 598 1578 ὲν
615 1552 712 1588 Τριάδι
727 1553 775 1580 καὶ
799 1554 905 1589 Τριάδα
918 1544 939 1573 c

113 1595 144 1621 tv
156 1595 261 1624 Μονάδι
283 1595 471 1632 πιστεύωμεν.

151 1733 315 1769 Βουλόμενοι
330 1733 421 1761 τοίνυν
435 1733 460 1761 οἱ
474 1733 550 1769 ἅγιοι
573 1734 621 1763 καί
635 1743 698 1763 τινα
720 1735 823 1764 διδόναι
839 1737 908 1772 ἡμῖν

114 1779 221 1812 εἰκόνα,
237 1779 308 1807 ὥστε
327 1780 378 1816 τὴν
400 1781 465 1815 μίαν
488 1782 597 1816 ἐκείνην
611 1781 659 1808 καὶ
674 1782 797 1818 ἄρρητον
809 1783 907 1810 οὐσίαν

113 1825 180 1859 τρία
204 1825 340 1861 πρόσωπα
366 1825 556 1853 ίδιοῦπόστατα
582 1826 793 1862 φαντάζεσθαι,
816 1829 830 1855 ὁ
858 1828 908 1863 μὲν

115 1871 252 1905 Θεολόγος
277 1871 428 1907 Γρηγόριος
451 1873 527 1907 λέγει
542 1873 610 1909 (50),
633 1882 643 1901 t
667 1874 824 1909 Ὀφθαλμόν
847 1884 910 1902 τινα

115 1920 166 1946 καὶ
182 1919 276 1953 πηγὴν
288 1920 336 1946 καὶ
349 1919 474 1954 ποταμὸν
483 1920 625 1955 ἐνενόησα·
645 1929 655 1946 ι
671 1921 717 1947 καὶ
735 1930 745 1946 ‹
758 1921 842 1948 Πάλιν
850 1921 909 1957 (51)

115 1964 194 1999 ἥλιον
222 1964 397 2000 ἐνεθυμήθην
418 1966 522 1993 ’ἀκτῖνα
547 1966 596 1992 καὶ
622 1965 691 2000 φῶς.
712 1975 721 1991 ι
750 1966 805 1993 Καὶ
827 1966 909 1993 πάλιν

116 2010 212 2045 φησιν,
237 2019 247 2036 t
265 2011 373 2046 Ὠσπερ
389 2011 444 2046 γὰρ
468 2011 498 2038 αἱ
524 2011 573 2038 τοῦ
590 2011 680 2046 φωτὸς
707 2012 819 2043 ἀκττνες
842 2011 911 2046 ἀμέ-

118 2065 211 2091 ριστον
227 2055 338 2091 ἔχουσαι
350 2056 421 2084 κατὰ
440 2057 522 2092 φύσιν
535 2056 585 2092 τὴν
600 2057 670 2093 πρὸς
686 2057 791 2092 ἄλληλα
804 2057 909 2093 σχέσιν,

118 2100 183 2128 οὔτε
196 2101 244 2128 τοῦ
259 2101 349 2136 φωτὸς
362 2102 538 2138 χωρίζονται,
555 2101 618 2129 οὔτε
634 2101 761 2138 ἀλλήλων
787 2102 910 2137 ἀποτέμ-

118 2155 222 2179 νονται,
240 2147 289 2174 καὶ
305 2147 403 2182 μέχρις
420 2147 501 2183 ἡμῶν
516 2147 566 2183 τὴν
579 2147 662 2184 χάριν
676 2147 723 2175 τοῦ
739 2147 829 2183 φωτὸς
841 2148 911 2174 ἀπο-

120 2192 288 2220 στέλλουσιν·
304 2193 349 2219 τδν
364 2193 446 2220 αὑτὸν
460 2192 562 2228 τρόπον
580 2193 628 2221 καὶ
643 2194 658 2220 δ
672 2194 769 2229 Σωτὴρ
783 2194 797 2220 ό
812 2194 912 2229 ήμέτε-
927 2207 950 2235 ι)

121 2247 170 2274 ρος
188 2239 281 2266 καὶτὸ
299 2238 414 2275 Πνεῦμα
426 2240 456 2266 τὺ
467 2239 559 2274 ἅγιον,
573 2240 590 2274 ὴ
606 2240 718 2275 δίδυμος
736 2239 784 2267 τοῦ
803 2240 912 2275 Πατρὸς

119 2285 213 2318 ἀκτὶς,
227 2286 276 2312 καὶ
291 2286 389 2321 μέχρις
400 2285 481 2321 ἡμῶν
494 2286 661 2313 διακονεῖται
676 2286 728 2321 τῆς
740 2286 869 2321 ἀληθείας
882 2286 913 2313 τὸ

121 2331 181 2365 φῶς
198 2331 247 2358 καὶ
259 2331 298 2366 τῷ
311 2331 401 2367 Πατρὶ
410 2331 591 2366 συνήνωται.»
607 2332 663 2367 Καὶ
672 2332 753 2360 πάλιν
765 2332 834 2367 (52),
849 2341 858 2357 ι
869 2332 914 2364 Ὠς

121 2377 176 2413 γὰρ
192 2378 242 2404 οὐκ
257 2377 316 2404 ἔστι
328 2377 433 2412 μεταξὺ
448 2376 494 2404 νοῦ
507 2378 556 2404 καὶ
571 2377 749 2413 ἐνθυμήσεως
763 2378 810 2405 καὶ
824 2377 915 2413 ψυχῆς

121 2423 258 2459 διαίρεσιν
277 2423 457 2458 ἐπινοηθῆναι
473 2432 535 2451 τινα
555 2423 604 2451 καὶ
619 2425 708 2458 τομήν
719 2433 725 2439 -
751 2423 840 2455 οὕτως
852 2423 914 2450 οὐδὲ

122 2471 169 2499 τοῦ
195 2472 274 2506 ἁγίου
302 2472 464 2508 Πνεύματος
489 2472 537 2499 καὶ
562 2471 609 2498 τοῦ
632 2472 766 2507 ,Σωτῆρος
792 2472 841 2499 καὶ
865 2471 914 2498 τοῦ

123 2517 231 2551 Πατρδς
257 2517 288 2543 ὲν
311 2518 390 2553 μέσῳ
409 2516 498 2553 τομὴν
527 2516 545 2553 ἢ
570 2517 706 2552 διαίρεσιν
734 2516 914 2551 ἐπινοηθῆναι

124 2571 201 2589 ποτε·
220 2572 229 2589 ι
247 2563 295 2590 καὶ
310 2563 393 2591 πάλιν
409 2563 479 2598 (55),
505 2572 515 2589 ι
528 2563 692 2598 ’Δμέριστος
711 2564 741 2590 ὲν
763 2563 914 2598 μεριστάς,

124 2609 148 2635 εἰ
164 2608 205 2636 δεῖ
219 2609 362 2644 συντόμως
380 2610 481 2644 εἰπεῖν,
497 2608 632 2646 ἠθεότης,
650 2609 699 2637 καὶ
713 2606 770 2636 οἷον
785 2609 814 2636 έν
827 2607 915 2645 ήλίοις

160 2697 184 2713 ⁸⁵
198 2695 276 2724 Joan.
289 2703 328 2728 tv.
342 2695 389 2724 25.

162 2791 220 2826 (εει)
235 2790 295 2826 μιν.
310 2797 333 2826 1,
348 2797 372 2818 c.
389 2791 434 2818 ιδ.

162 2825 220 2859 ('50)
233 2825 308 2853 Orat.
326 2825 371 2852 37.

163 2861 219 2896 (51)
235 2860 312 2888 Orat.
333 2860 376 2888 45.

951 925 1028 946 crum
1044 914 1082 945 illi
1098 916 1239 952 proprium
1256 916 1320 944 licet
1335 923 1487 946 assumere,
1507 921 1571 942 cum
1585 914 1642 946 illa.
1656 920 1740 948 supra

951 971 1060 992 omnem
1080 963 1226 990 essentiam
1257 968 1423 996 omnemque
1447 961 1546 989 mentis
1573 960 1740 995 cogitatum,

951 1010 1020 1038 citra
1036 1016 1145 1037 onmem
1158 1007 1392 1042 comparationem
1406 1006 1486 1041 longe
1502 1006 1631 1033 emineat.
1648 1003 1742 1038 Quod-

952 1062 1016 1082 nam
1037 1061 1102 1082 vero
1116 1061 1150 1081 ex
1171 1053 1299 1081 humanis
1315 1052 1396 1080 rebus
1422 1055 1562 1086 sumptum
1585 1050 1741 1085 exemplum

953 1108 986 1128 ac
1011 1099 1188 1128 simulacrum
1205 1099 1347 1133 proprium
1372 1097 1499 1130 exsistat,
1517 1104 1578 1132 quae
1592 1103 1687 1123 omnes
1713 1095 1742 1122 in

951 1145 1009 1182 iugi
1025 1149 1086 1172 ortu
1100 1149 1128 1172 et
1146 1144 1270 1176 interitu,
1283 1143 1448 1179 deﬂuxuque
1462 1151 1495 1171 ac
1510 1143 1664 1170 mutatione
1676 1148 1741 1168 con-

955 1191 1106 1226 spiciantur
1115 1191 1128 1217 ?
1142 1190 1219 1218 Sicut
1231 1193 1321 1217 tamen
1334 1196 1368 1217 ex
1383 1189 1417 1217 iis
1428 1196 1489 1223 qua:
1500 1196 1533 1216 ex
1549 1189 1668 1215 humano
1680 1190 1744 1214 sunt

954 1244 1006 1264 usu
1020 1235 1206 1267 nominamus,
1230 1242 1264 1262 ne
1280 1234 1340 1268 ejus
1366 1233 1476 1269 penitus
1500 1236 1627 1267 expertes
1649 1231 1744 1266 cogni-

955 1281 1038 1309 tionis
1051 1281 1137 1308 simus
1155 1280 1247 1314 (quod
1273 1280 1310 1307 ita
1335 1278 1454 1306 voluisse
1470 1285 1503 1305 ex
1526 1277 1647 1305 bonitate
1670 1275 1743 1303 nulla

955 1326 1102 1354 verborum
1117 1325 1144 1352 vi
1155 1324 1318 1358 explicabili,
1333 1324 1517 1350 Damascenus
1528 1322 1630 1354 docet),
1642 1327 1696 1348 non
1713 1323 1744 1347 ut

955 1372 1014 1407 eius
1031 1376 1168 1402 naturam,
1183 1369 1250 1404 quid
1265 1369 1311 1402 sit,
1328 1368 1517 1400 ostendamus,
1543 1367 1589 1396 sed
1608 1371 1638 1394 ut
1654 1365 1744 1401 qualis

956 1416 1065 1444 tandem
1093 1416 1138 1448 sit,
1164 1415 1352 1445 eshibeamus.
1376 1414 1471 1442 eodem
1496 1414 1578 1441 etiam
1603 1411 1684 1439 moJo
1709 1417 1744 1437 ex

957 1462 1056 1490 iisdem
1078 1461 1286 1490 similitudinem
1307 1460 1456 1490 trahimus.
1479 1458 1622 1494 ipsamque
1645 1463 1746 1491 reprae-

957 1512 1109 1540 senlamus,
1128 1512 1157 1534 ut
1175 1506 1209 1534 ad
1224 1506 1368 1534 obscuram
1391 1504 1505 1532 unitatis
1526 1511 1558 1530 ac
1581 1502 1663 1530 trium
1683 1507 1746 1536 per-

956 1560 1084 1581 sonarum
1100 1552 1275 1587 proprietatis
1290 1549 1495 1585 intelligentiam
1516 1548 1672 1576 veniamus.
1684 1545 1746 1572 Etc-

957 1600 1014 1627 Iﬁm
1037 1605 1150 1626 necesse
1175 1601 1217 1625 est
1245 1600 1275 1624 ut
1300 1603 1363 1624 cum
1390 1595 1514 1626 unitate,
1539 1591 1744 1620 distinctionem

957 1651 1069 1679 quoque
1093 1643 1292 1675 conﬂteamur;
1317 1648 1372 1676 quo
1395 1640 1524 1668 nimirum
1552 1638 1690 1666 Unitalem
1717 1635 1746 1663 in

958 1690 1100 1722 Trinitate,
1123 1693 1150 1716 et
1165 1687 1326 1715 Trinitatem
1343 1687 1370 1714 in
1388 1686 1496 1714 Unitate
1509 1683 1665 1712 credamus.

995 1736 1062 1764 Cum
1081 1735 1173 1769 itaque
1194 1741 1227 1761 eo
1244 1732 1338 1760 animo
1357 1731 1446 1759 sancti
1460 1733 1554 1758 essent
1565 1747 1573 1760 ,
1589 1732 1620 1756 ιιι
1636 1725 1746 1761 aliquod

959 1782 1040 1810 nobis
1057 1780 1237 1809 simulacrum
1257 1778 1405 1809 traderent,
1417 1782 1473 1810 quo
1485 1781 1566 1801 unam
1578 1772 1652 1800 illam
1666 1777 1748 1806 atque

959 1834 1088 1855 arcanam
1097 1824 1258 1856 essentiam,
1268 1827 1323 1851 tres
1331 1821 1466 1850 Personas
1478 1827 1542 1848 vere
1552 1827 1584 1847 ac
1592 1826 1640 1854 per
1652 1825 1682 1846 se
1693 1818 1750 1845 sin-

960 1874 1037 1910 gulas
1062 1872 1227 1900 exsistentes
1253 1868 1345 1896 animo
1357 1866 1575 1902 conciperemus,
1601 1863 1749 1899 Gregorius

960 1909 1071 1955 quidem
1086 1917 1245 1951 Theologus
1257 1915 1297 1943 sic
1310 1914 1414 1950 profert
1427 1921 1435 1941 :
1451 1921 1461 1938 ι
1474 1911 1588 1940 Oculum
1602 1909 1749 1945 quemdam

960 1972 988 1994 et
1005 1965 1107 1993 fontem
1119 1971 1151 1991 ac
1161 1963 1272 1990 [luvium
1285 1960 1353 1988 mihi
1363 1958 1505 1995 proposui.
1523 1967 1532 1983 ι
1547 1957 1604 1984 Ac:
1619 1965 1629 1982 ι
1643 1955 1749 1982 Rursus

962 2012 1047 2040 solem
1057 2015 1084 2038 et
1100 2009 1206 2037 radium
1219 2011 1247 2036 et
1260 2008 1350 2034 lucem
1362 2005 1489 2040 cogitavi.
1505 2013 1514 2030 ›
1529 2004 1568 2030 Ac
1580 2009 1677 2030 rursus
1691 2001 1728 2028 ait
1740 2010 1748 2028 :

965 2067 975 2083 ι
991 2053 1228 2089 Quemadmodum
1248 2051 1321 2079 enim
1338 2050 1408 2078 lucis
1427 2049 1506 2081 radii,
1523 2055 1587 2075 eum
1604 2046 1748 2074 indivisam

963 2102 1034 2129 inter
1048 2108 1078 2128 se
1100 2097 1254 2126 naturalem
1268 2094 1499 2123 necessitudincm
1526 2092 1654 2124 habeant,
1670 2097 1720 2118 nec
1735 2097 1751 2117 a

964 2148 1025 2175 luce
1040 2146 1235 2181 sejunguntur,
1257 2149 1307 2169 nec
1320 2141 1355 2168 ab
1378 2139 1494 2167 invicem
1511 2138 1695 2168 dissecantur,
1725 2140 1752 2163 et

965 2193 998 2220 ad
1019 2199 1070 2220 nos
1094 2198 1182 2226 usque
1210 2188 1281 2216 lucis
1307 2193 1409 2214 munus
1435 2184 1644 2212 transmittunt:
1665 2181 1707 2210 sic
1726 2185 1755 2208 ct

966 2239 1092 2266 Salvator
1105 2225 1198 2264 noster
1213 2241 1246 2262 ac
1258 2233 1378 2268 Spiritus
1395 2235 1505 2258 sanctus
1522 2229 1533 2263 (
1546 2227 1635 2256 Patris
1650 2225 1753 2262 gemel-

964 2286 1006 2313 lus
1022 2282 1151 2319 splendor
1164 2288 1197 2308 ac
1210 2277 1326 2313 radius)
1344 2282 1371 2305 et
1383 2277 1417 2305 ad
1433 2283 1483 2303 nos
1497 2281 1584 2309 usque
1598 2273 1754 2301 ministrant

963 2318 1085 2359 veritatis
1110 2329 1214 2359 lumen,
1238 2325 1376 2358 iidemque
1402 2322 1478 2350 Patri
1496 2320 1564 2348 uniti
1587 2323 1662 2347 sunt.
1678 2327 1688 2344 ι
1714 2318 1754 2345 Ac

963 2383 1083 2404 rursus:
1104 2384 1114 2400 ι
1129 2370 1366 2406 Quemadmodum
1391 2368 1465 2396 enim
1487 2367 1545 2394 tieri
1573 2373 1627 2393 non
1655 2368 1754 2399 potest,

968 2428 998 2450 ut
1016 2422 1087 2448 inter
1100 2423 1217 2447 mentem
1235 2421 1263 2445 et
1278 2415 1470 2451 cogitationem
1494 2413 1672 2446 animumque
1686 2410 1757 2437 diri-

969 2468 1010 2495 sio
1024 2465 1079 2493 ulla
1093 2472 1125 2492 ac
1140 2463 1268 2491 dissectio
1294 2460 1471 2495 intelligatur,
1508 2459 1548 2485 sic
1573 2463 1663 2489 neque
1690 2455 1752 2489 Spi-

968 2512 1037 2538 ritus
1066 2509 1154 2538 sancti
1181 2515 1214 2535 ac
1239 2506 1388 2534 Salvatoris
1412 2504 1556 2538 Patrisque
1583 2502 1670 2530 media
1699 2501 1754 2528 ulla

969 2564 1090 2593 unquam
1105 2555 1232 2583 dissectio
1245 2561 1278 2581 ac
1291 2552 1392 2580 divisio
1407 2550 1595 2578 intercessisse
1611 2547 1754 2583 cogitanda

969 2609 1021 2633 est.
1037 2612 1047 2630 ι
1064 2605 1103 2631 Ac
1123 2607 1242 2630 rursus:
1259 2609 1268 2626 ι
1290 2598 1433 2628 lndividua
1450 2597 1477 2625 in
1496 2596 1615 2625 (lividuis
1627 2596 1637 2630 (
1651 2600 1681 2623 ut
1698 2601 1755 2622 uno

1008 2785 1054 2819 (52
1081 2784 1158 2812 Orat.
1172 2783 1218 2810 45.

1008 2785 1064 2855 (55)
1080 2821 1154 2848 Orat.
1167 2818 1218 2847 5'1.

1007 2818 1064 2854 (55)
1080 2821 1154 2848 Orat.
1167 2818 1221 2847 5L
