1950 3064
224 146 273 180 531

855 156 1053 188 MANUELIS
1070 159 1222 189 CALEC/E

1801 162 1852 194 5'32

226 204 308 238 verbo
330 205 442 242 dicam)
467 206 579 241 Deitas;
607 215 640 236 ac
662 209 737 237 velut
758 210 786 237 in
805 211 892 240 tribus
909 213 996 240 solibu

1064 215 1153 250 τρισὶν
1167 216 1290 252 ἀλλήλων
1307 216 1459 252 ἐχομένοις,
1485 216 1535 251 μία
1551 216 1598 243 τοῦ
1616 217 1705 251 φωτὸς
1731 216 1849 253 σύγκρα-

223 249 295 277 inter
309 258 339 279 se
354 252 568 286 cohaarentibus,
584 261 639 282 una
650 254 719 283 lucis
734 257 889 285 commistio
904 263 930 286 et
942 266 1009 286 con-

223 298 394 331 temperatio.
411 308 421 324 ι

258 342 399 377 Nyssenus
417 352 527 380 quoque
550 347 575 373 in
596 346 728 376 Oratione
743 349 776 376 de
789 349 892 384 Spiritu
915 356 1010 379 sancto

220 387 353 416 adversus
375 390 586 421 Macedonianos
616 395 674 421 ait:
698 404 708 422 ι
723 395 751 422 In
777 396 876 430 quibus
894 404 924 424 ea
949 405 1010 432 quae

220 434 254 461 ad
273 436 374 462 bonum
398 443 514 472 spectat,
535 441 674 474 operatio,
702 441 769 469 nihil
793 442 885 471 minus
907 447 954 470 aut
967 444 1010 471 die

220 489 331 508 versum
350 482 442 515 habet,
456 486 594 520 quomodo
610 487 710 515 rationi
722 494 935 517 consentaneum
953 494 1007 524 est,

215 531 250 553 rut
264 527 309 561 qui
323 529 430 556 numeri
448 531 554 558 ratione
579 533 647 560 ordo
660 537 712 566 est,
730 534 845 562 minoris
866 536 1007 570 cujusdam

220 574 397 609 perfectionis
410 578 531 606 naturali
546 579 717 612 diversitate,
735 581 843 616 signum
863 590 923 610 esse
936 583 980 610 exi
991 597 1004 604 -

218 621 368 649 stimetur?
385 623 461 651 Velut
478 625 501 651 si
518 625 579 660 quis
599 626 626 652 in
648 626 736 654 tribus
762 627 868 655 facibus
890 627 1006 656 divisam

221 667 394 700 conspiciens
416 669 566 703 ﬂammam,
581 678 635 705 qua
650 671 811 699 diffunditur
825 681 871 707 per
888 674 1006 701 medium

219 713 404 740 summitatem
417 716 622 748 accendentem,
637 717 737 745 deinde
749 724 863 751 asserat,
876 719 1006 753 majorem

218 758 245 783 iu
272 758 363 791 priore
388 758 494 787 flamma
512 768 573 789 esse
597 762 727 796 calorem,
752 764 777 790 in
804 765 927 799 sequenti
942 773 1007 792 vero

217 801 375 831 inferiorem
389 812 460 838 esse,
477 807 631 842 minorique
643 811 799 843 prmstantia
817 810 1004 838 diversitatem

217 847 320 875 habere
334 859 341 882 ;
358 851 466 878 tertiam
483 852 610 888 denique,
626 862 677 883 nec
692 855 749 890 ipsa
759 856 816 891 jam
830 856 900 891 ignis
915 857 1006 891 appel-

216 892 318 921 latione
347 896 485 929 gaudere,
515 899 565 926 etsi
590 901 701 933 perinde
721 901 816 928 ardeat
844 902 1005 937 luceatque,
1024 892 1044 919 Β

218 946 249 965 ac
264 947 325 974 quae
344 948 408 969 sunt
426 942 496 977 Ignis
510 944 601 971 omnia
615 945 722 972 efﬁciat.
739 956 749 972 ι

252 984 417 1014 Sanctorum
440 995 506 1015 vero
530 989 577 1016 alii
599 990 702 1018 fontem
728 995 755 1019 et
788 992 901 1020 fluvium
928 994 1006 1028 palu-

215 1031 332 1066 demque
354 1032 459 1065 dixere,
489 1033 634 1070 ignemque
656 1036 835 1064 et-llammam
859 1043 885 1065 et
906 1039 1005 1068 lucem.

216 1075 331 1104 Divinus
347 1085 459 1112 qttoque
479 1079 609 1114 Cyrillus,
635 1081 752 1109 radicem
778 1086 807 1110 et
824 1091 928 1118 ramum
947 1084 1005 1112 fru-

215 1127 347 1158 ctumque
362 1125 480 1159 accepit.
499 1125 661 1162 Rursusque
677 1128 703 1155 in
721 1128 918 1156 Thetaurorum
935 1130 1005 1157 libro

214 1169 254 1196 sic
274 1170 311 1196 ait
327 1178 334 1196 :
356 1179 365 1195 ι
381 1170 427 1197 Ait
450 1171 577 1199 Christus
592 1181 654 1201 cum
676 1173 780 1202 Judzeis
797 1175 958 1210 disputans:
974 1177 1003 1204 Si

214 1219 304 1242 autent
320 1216 346 1242 in
368 1216 453 1250 digito
470 1217 517 1245 Dei
538 1218 776 1254 ejiciodaemonia,
799 1221 923 1255 profecto
945 1230 1005 1257 per-

212 1261 287 1287 venit
302 1262 329 1288 in
347 1269 395 1290 vos
412 1271 526 1298 regnum
542 1265 588 1292 Dei
604 1266 637 1292 *'.
657 1265 775 1300 Digitum
797 1267 849 1294 hoc
874 1267 933 1294 loco
946 1267 1004 1302 Spi-

212 1305 293 1332 ritum
309 1312 435 1336 sanctum
450 1314 539 1342 vocat,
555 1310 601 1344 qui
621 1319 654 1338 ex
671 1311 765 1338 divina
780 1311 934 1340 substantia
959 1320 1004 1340 vc-

212 1349 253 1377 lut
268 1356 424 1386 enascatur,
443 1361 532 1388 exque
545 1355 590 1381 illa
608 1360 703 1382 natura
725 1357 855 1390 pendeat,
872 1357 943 1384 haud
959 1365 1003 1385 se-

212 1404 261 1422 rus
281 1404 313 1425 ac
329 1398 430 1432 digitus
447 1407 480 1427 ex
498 1408 579 1427 manu
599 1401 730 1428 humana.
747 1402 854 1429 Etenim
873 1404 918 1431 Dei
938 1404 1000 1431 hra-

210 1442 303 1469 chium
320 1448 401 1478 atque
426 1445 563 1472 dexteram
584 1446 683 1474 Filium
701 1453 799 1476 vocant
809 1449 909 1477 divinae
925 1449 1000 1478 Seri-

213 1491 311 1520 pturae,
327 1489 485 1522 cujusmodi
501 1495 543 1518 est
556 1492 623 1518 ἱΙΙιιιΙ
637 1501 644 1520 ;
662 1492 782 1521 Salvavit
810 1503 872 1522 eum
889 1497 1000 1524 dextera

209 1531 279 1564 ejus,
294 1538 322 1560 et
338 1533 479 1562 brachium
495 1542 619 1564 sanctum
635 1538 694 1573 ejus
713 1539 747 1566 ".
767 1540 797 1567 Et
812 1548 920 1575 rursus,
948 1541 1000 1568 Do-
1014 1555 1035 1584 ε

168 1589 174 1594 ·
210 1576 296 1610 mine,
320 1578 460 1606 excelsum
478 1581 622 1608 brachium
648 1587 737 1615 tuum,
753 1590 780 1611 et
794 1592 848 1612 non
865 1592 999 1620 cognove-

210 1623 286 1651 runt,
300 1626 498 1655 cognoscentes
515 1630 606 1652 autem
630 1624 834 1654 confundenlut‘
845 1628 879 1655 ".
895 1628 998 1661 Quem-

209 1665 356 1694 admodum
381 1667 463 1703 igitur
491 1669 635 1698 brachium
668 1678 767 1700 natura
804 1675 853 1701 toti
890 1678 997 1711 corpori

207 1716 367 1739 consertum
386 1716 439 1745 est,
463 1718 562 1741 cuncta
577 1722 694 1750 operatus
716 1725 886 1754 quaecunque
904 1722 997 1749 animo

207 1755 327 1789 libuerit.
358 1759 540 1794 perungitque
554 1767 587 1787 ex
611 1769 688 1790 more
702 1771 762 1790 eam
789 1764 818 1791 in
841 1773 896 1792 rem
918 1771 997 1795 utens

206 1801 311 1835 digito:
332 1803 370 1830 sic
394 1803 441 1831 Dei
455 1805 565 1839 quidem
581 1805 698 1835 Verbum
713 1816 748 1836 ex
771 1809 831 1844 ipso
845 1816 874 1838 et
894 1812 921 1839 in
938 1813 996 1847 ipso

207 1851 305 1874 natura
321 1852 457 1882 aptatum,
475 1855 504 1877 ut
523 1851 564 1878 sic
577 1851 679 1885 dicam,
700 1853 881 1891 innatumque
904 1858 995 1885 consi-

204 1893 336 1922 deramus
348 1902 357 1926 ;
373 1894 407 1922 ad
422 1894 524 1923 Filium
541 1905 606 1925 vero
620 1902 720 1926 natura
734 1907 766 1928 ac
780 1902 965 1930 essentialiter
979 1911 994 1931 a

204 1937 286 1964 Patre
311 1939 511 1974 pertingentem
539 1941 686 1976 Spiritum,
709 1951 759 1978 per
784 1953 864 1980 quem
889 1955 994 1982 ungens

204 1983 306 2015 omnia,
322 1986 469 2013 sanctitate
482 1986 592 2015 imbuit.
613 1988 672 2016 Non
688 1997 755 2024 ergo
768 1995 914 2020 extraneas
929 1994 995 2021 alie-

203 2035 311 2064 nusque
328 2030 434 2058 videtur
451 2038 465 2058 a
489 2032 588 2065 divivaj
606 2034 761 2063 substantia
789 2036 910 2072 Spiritus
931 2047 994 2066 san-

201 2082 274 2109 ctus,
287 2076 334 2104 scd
346 2084 378 2104 ex
395 2077 451 2112 ipsa
468 2083 496 2106 et
516 2079 544 2106 in
559 2079 617 2114 ipsa
632 2082 813 2111 naturaliter:
828 2084 901 2112 haud
912 2093 993 2113 secus

202 2129 234 2148 ac
249 2122 351 2157 digitus
367 2123 395 2151 in
417 2132 502 2152 manu
517 2126 555 2153 illi
580 2134 737 2162 congeneus
759 2134 821 2163 est;
841 2138 873 2159 ac
897 2140 992 2161 rursus

202 2176 300 2196 manus
311 2170 339 2197 in
352 2178 477 2206 corpore,
490 2173 559 2200 nihil
602 2175 737 2203 diversam
754 2176 788 2204 ab
811 2186 844 2206 eo
862 2178 992 2207 substan-

203 2215 269 2241 tiam
289 2214 402 2243 habens.
418 2226 428 2243 ι
448 2217 508 2244 Alio
522 2223 613 2246 autem
635 2220 695 2248 loco
709 2221 780 2249 idem
799 2223 905 2251 Patrem
932 2226 979 2260 qui
1009 2233 1030 2259 ι)

200 2259 261 2285 dem
289 2267 379 2287 rosam
393 2262 517 2296 stirpem,
534 2263 631 2291 Filium
649 2272 714 2293 vero
727 2266 833 2300 ﬂorem,
860 2259 992 2303 Spiritum

201 2309 328 2332 sanctum
342 2307 455 2334 odorem
473 2310 653 2344 nuncupavit".
682 2313 687 2316 '

236 2392 344 2421 Rursus
359 2396 447 2423 sancti
465 2403 583 2426 mentem
602 2404 725 2428 nostram
742 2409 952 2440 sermonemque
967 2410 992 2433 el

200 2437 327 2472 spiritqu
342 2442 468 2476 exemplo
480 2449 638 2477 assumunt,
651 2453 704 2480 qua
718 2447 824 2475 ratione
839 2448 865 2475 in
881 2437 990 2478 [nomine

159 2518 161 2520 η
199 2488 265 2509 sunt
285 2485 330 2518 qui
348 2485 420 2514 inter
436 2495 479 2515 res
495 2493 603 2516 creatas
619 2491 762 2519 nobilitate
778 2499 900 2527 prastat,
917 2504 987 2530 qua-

199 2533 279 2557 tenus
300 2531 334 2558 atl
353 2532 399 2560 Dei
417 2533 564 2569 imaginem
591 2535 642 2563 fuit
664 2537 803 2566 conditus.
820 2539 919 2568 Verum
937 2542 988 2570 hoc

198 2583 308 2610 quoque
321 2578 401 2613 longe
412 2579 505 2607 deficit
521 2588 536 2608 a
551 2582 674 2610 veritate.
692 2583 798 2612 Etenim
823 2593 915 2614 sermo
939 2596 989 2615 ηο-

197 2628 252 2650 ster
261 2631 292 2651 ex
303 2623 446 2659 disciplina
457 2627 607 2659 accedit,ac
615 2636 680 2656 voce
689 2630 837 2663 profertttr:
849 2631 988 2668 ferturque

195 2669 222 2696 in
238 2677 299 2696 aera
315 2689 323 2701 ,
336 2677 369 2698 ac
384 2678 431 2706 per
448 2679 540 2700 aeretu
553 2672 633 2702 fusus
648 2675 799 2710 dissipatur
814 2685 902 2712 neque
917 2687 980 2707 vero

1066 269 1118 293 σις.
1134 270 1144 287 ι

1100 351 1155 378 Καὶ
1170 351 1184 377 ό
1197 351 1318 386 Νύσσης,
1336 352 1365 378 ἐν
1386 350 1426 386 τῷ
1448 350 1513 386 περὶ
1533 351 1580 378 τοῦ
1596 351 1675 387 ἁγίου
1689 353 1853 389 Πνεῦματοε

1065 396 1134 422 κατὰ
1158 396 1369 424 Μακεδονιανῶν
1398 396 1493 430 φησὶν,
1518 396 1598 432 (Ἐφ’
1623 393 1660 426 ὧν
1685 399 1701 434 ἡ
1725 399 1796 426 κατὰ
1820 401 1853 427 τὸ

1063 442 1167 476 ἀγαθὸν
1181 442 1306 478 ἐνέργεια
1322 443 1452 477 οὐδεμίαν
1469 450 1620 473 ελαττωσιν
1637 445 1654 481 ἢ
1670 446 1855 481 παραλλαγὴν

1063 488 1130 522 ἔχει,
1145 488 1203 520 πῶς
1217 489 1291 516 ἐστιν
1304 488 1416 523 εὔλογον
1429 491 1484 525 τὴν
1494 491 1565 518 κατὰ
1581 491 1627 519 τὸν
1643 491 1759 526 ἀριθμὸν
1773 491 1854 524 τάξιν

1063 534 1240 567 ὲλαττώσεώς
1277 544 1353 567 τινος
1376 536 1424 570 τῆς
1454 538 1524 564 κατὰ
1553 537 1634 572 φύσιν
1669 537 1855 572 παραλλαγῆς

1062 580 1166 607 οἴεσθαι
1184 581 1297 615 σημεῖον
1319 579 1390 608 εἶναι
1403 590 1414 614 ',
1426 581 1521 618 ὥσπερ
1536 582 1570 610 ἂν
1585 583 1612 609 εί
1627 591 1670 615 τις
1684 582 1763 618 τρισὶ
1778 583 1854 617 λαμ-

1063 627 1130 653 πάσι
1143 627 1312 662 διῃρημένην
1329 627 1437 662 βλέπων
1459 628 1510 663 τὴν
1534 629 1632 663 φλόγα,
1655 631 1686 656 ὲκ
1703 629 1856 661 διαδόσεως

1061 673 1105 699 διὰ
1120 674 1167 700 τοῦ
1183 674 1266 708 μέσου
1293 674 1325 701 τὸ
1352 675 1437 709 ἄκρον
1464 674 1614 709 ἐξάψασαν,
1644 675 1739 702 ἔπειτα
1765 685 1856 702 κατα-

1062 718 1190 752 σκευάζει
1205 719 1363 751 πλεονάζειν
1375 721 1406 755 τῇ
1419 720 1514 756 πρώτῃ
1530 721 1607 755 φλογὶ
1622 722 1671 756 τὴν
1682 721 1854 755 θερμασίαν

1060 766 1093 800 τῇ
1105 764 1134 791 δὲ
1153 765 1252 800 ἐφεξῆς
1272 765 1484 800 ὑποϐεϐηκέναι,
1509 767 1558 793 καὶ
1589 767 1658 801 πρὸς
1685 767 1716 793 τὸ
1739 768 1856 794 ἔλαττον

1060 810 1132 844 ἔχειν
1145 810 1194 846 τὴν
1211 811 1403 846 παραλλαγήν
1423 811 1473 845 τὴν
1489 812 1517 838 δὲ
1533 812 1630 847 τρίτην
1651 813 1718 847 μηδὲ
1734 813 1790 847 πῦρ
1808 813 1854 840 ἐτι

1060 855 1198 890 λέγεσθαι,
1223 856 1275 883 κᾶν
1293 855 1493 891 παραπλησίως
1519 858 1597 894 καίῃ,
1615 857 1664 884 καὶ
1689 859 1784 894 φαίνπ.
1804 859 1855 886 καὶ

1059 901 1148 929 πάντα
1165 902 1200 928 τὰ
1214 901 1261 928 τοῦ
1275 903 1361 938 πυρὸς
1376 902 1539 938 ἐργάζηται.
1560 912 1571 929 ι

1095 990 1187 1017 Ἄλλοι
1213 991 1243 1017 δὲ
1269 992 1323 1017 τῶν
1348 991 1434 1026 ἁγίων
1458 992 1552 1027 πηγὴν
1577 993 1625 1019 καὶ
1649 993 1773 1028 ποταμὸν
1796 994 1849 1020 καὶ

1056 1036 1155 1072 λίμνην
1169 1037 1308 1072 εἰρήκασι·
1332 1037 1381 1064 καὶ
1397 1037 1453 1072 πῦρ
1467 1040 1514 1065 καὶ
1529 1038 1618 1072 φλόγα
1639 1040 1686 1065 καὶ
1702 1039 1772 1073 φῶς.
1791 1040 1849 1066 Καὶ

1056 1083 1070 1109 ὀ
1093 1083 1165 1114 θεῖος
1210 1083 1357 1118 Κύριλλος.
1377 1083 1455 1119 ῥίζαν
1479 1084 1526 1110 καὶ
1548 1084 1645 1111 κλάδον
1669 1085 1717 1112 καὶ
1738 1088 1855 1120 καρπον

1055 1129 1145 1157 ἔλαϐε.
1159 1129 1215 1155 Καὶ
1228 1130 1256 1156 ὲν
1267 1130 1299 1164 τῇ
1319 1129 1403 1164 βίϐλῳ
1420 1130 1502 1156 πάλιν
1519 1131 1575 1156 τῶν
1597 1130 1750 1167 Θησαυρῶν
1775 1132 1851 1158 οὕτω

1055 1174 1130 1207 λέγει
1142 1181 1148 1188 ·
1167 1182 1177 1198 ι
1196 1173 1265 1208 Φησί
1282 1182 1335 1200 που
1350 1174 1468 1207 Χριστὸς
1490 1175 1628 1207 Ἰουδαίοις
1640 1176 1848 1211 διαλεγόμενος,

1054 1219 1086 1246 Εἰ
1102 1219 1131 1246 δὲ
1147 1220 1177 1246 ὲν
1189 1219 1314 1254 δακτύλῳ
1330 1219 1399 1246 Θεοῦ
1423 1219 1548 1247 ἐκϐάλλω
1573 1221 1608 1248 τὰ
1630 1221 1771 1256 δαιμόνια,
1789 1222 1847 1256 ἆρι

1053 1264 1172 1298 ἔφθασεν
1189 1264 1232 1298 ἐφ’
1249 1264 1322 1299 ὑμᾶς
1347 1265 1364 1300 ὴ
1382 1263 1507 1300 βασιλεία
1525 1265 1572 1292 ⁸τοῦ
1600 1266 1682 1293 Θεοῦ.
1708 1267 1849 1294 Δάκτυλον

1052 1302 1147 1337 ἑνθᾶδε
1162 1309 1231 1344 φησὶ
1255 1309 1285 1336 τδ
1306 1309 1422 1345 Πνεῦμα
1438 1311 1469 1337 rb
1481 1310 1570 1344 ἅγιον,
1590 1313 1693 1347 τρόπον
1709 1312 1772 1339 τινὰ
1795 1312 1848 1346 τῆς

1053 1355 1128 1387 θείας
1147 1356 1243 1387 οὐσίας
1269 1356 1446 1390 δκπεφυκὸς,
1473 1357 1522 1383 καὶ
1548 1358 1672 1392 φυσικῶς
1698 1358 1785 1392 αὐτῆς
1800 1359 1849 1384 ὲκ-

1052 1401 1240 1436 κρεμάμενον,
1257 1400 1351 1437 ὥσπερ
1364 1402 1412 1428 καὶ
1434 1402 1449 1428 ὁ
1464 1402 1598 1435 δάκτυλος
1612 1404 1645 1431 ἐκ
1669 1404 1719 1440 τῆς
1738 1404 1848 1440 ἀνθρω-

1053 1447 1133 1482 πίνης
1157 1448 1259 1483 χειρός.
1286 1448 1424 1484 Βραχίονα
1446 1449 1497 1485 μὲν
1523 1450 1577 1485 γὰρ
1606 1450 1653 1477 καὶ
1677 1451 1771 1484 δεξιὰν
1794 1451 1845 1478 τοῦ

1051 1493 1120 1520 Θεοῦ
1136 1493 1183 1519 τὸν
1199 1493 1264 1519 Υίὸν
1288 1494 1474 1522 ἀποκαλοῦσιν
1485 1495 1514 1522 αί
1536 1495 1607 1522 θεῖαι
1631 1497 1752 1532 Γραφαὶ,
1771 1497 1845 1524 κατὰ

1051 1539 1094 1570 τδ,
1112 1539 1235 1566 Ἔσωσεν
1248 1539 1330 1567 αὐτὸν
1346 1541 1362 1574 ἡ
1384 1540 1460 1573 δεξιὰ
1482 1541 1577 1574 αὑτοῦ,
1593 1543 1641 1568 καὶ
1654 1543 1668 1568 ό
1681 1542 1805 1577 βραχίων
1830 1543 1845 1568 ό

1052 1584 1132 1618 ἅγιος
1145 1584 1241 1611 αὑτοῦ·
1258 1585 1305 1611 καὶ
1329 1585 1422 1620 πάλιν,
1442 1585 1541 1621 Κύριε,
1559 1587 1662 1622 ὑψηλός
1683 1596 1732 1613 σου
1747 1589 1761 1614 ό
1774 1587 1845 1623 βρα-

1052 1629 1129 1666 χίων,
1142 1630 1191 1657 καὶ
1205 1630 1256 1657 οὐκ
1270 1630 1381 1666 ᾔδεισαν
1392 1639 1399 1646 ·
1424 1631 1536 1666 γνόντες
1554 1632 1582 1658 δὲ
1598 1633 1842 1668 αίσχυνθήσονταιρ

1052 1675 1158 1710 Ὥσπερ
1171 1673 1219 1702 οὖν
1232 1676 1246 1702 ό
1262 1675 1383 1711 βραχίων
1405 1677 1530 1711 φυσικῶς
1543 1678 1712 1713 ἐνήρμοσται
1727 1678 1766 1713 τῷ
1788 1679 1843 1714 ὅλῳ

1051 1719 1169 1755 σώματι,
1187 1720 1277 1747 πάντα
1299 1721 1419 1756 ἐνεργῶν
1446 1721 1502 1748 ὅσα
1520 1722 1554 1749 ἂν
1581 1722 1645 1758 δόξῃ
1672 1724 1706 1758 τῇ
1724 1723 1841 1759 διανοίᾳ,

1050 1763 1196 1797 καταχρίει
1212 1763 1240 1790 δὲ
1259 1764 1383 1799 συνήθως
1405 1765 1444 1799 τῷ
1463 1765 1591 1801 δακτύλῳ
1613 1767 1683 1802 πρὸς
1700 1768 1781 1795 τοῦτο
1796 1777 1844 1795 κε-

1049 1809 1194 1843 χρημένος
1209 1808 1280 1836 οὕτω
1306 1810 1352 1836 τὸν
1374 1810 1425 1844 μὲν
1448 1811 1495 1838 τοῦ
1510 1811 1579 1838 Θεοῦ
1602 1812 1688 1847 Λόγον
1709 1813 1740 1845 ἐξ
1757 1814 1843 1842 αὐτοῦ

1049 1856 1096 1880 καὶ
1111 1854 1141 1881 ὲν
1157 1855 1232 1891 αὐτῷ
1248 1856 1371 1890 φυσικῶς
1397 1857 1584 1892 ἡρμοσμένον,
1604 1858 1639 1885 i'v'
1650 1858 1737 1891 οὕτως
1758 1859 1839 1893 εἴπω,

1048 1900 1097 1926 καὶ
1111 1901 1290 1935 ἐμπεφυκότα
1303 1900 1481 1937 λογιζόμεθα·
1498 1904 1527 1931 ὲν
1541 1904 1571 1931 δὲ
1589 1904 1629 1938 τῷ
1642 1904 1700 1939 Υίῷ
1716 1905 1842 1938 φυσικῶς

1048 1945 1096 1972 καὶ
1115 1945 1251 1978 οὐσιωδῶς
1275 1947 1368 1982 διῆκον
1387 1948 1463 1984 παρὰ
1484 1950 1593 1984 Πατρὸς
1617 1951 1647 1976 τὸ
1664 1951 1786 1985 Πνεῦμα,
1806 1952 1842 1978 δι’

1047 1988 1078 2018 οὗ
1094 1991 1130 2018 τὰ
1149 1991 1241 2018 πάντα
1255 1993 1342 2028 χρίων
1357 1994 1478 2028 ἁγιάζει.
1494 1995 1602 2022 Οὐκοῦν
1624 1996 1675 2022 οὐκ
1695 1996 1838 2032 ἀλλότριον

1047 2036 1108 2063 οὐδὲ
1132 2036 1338 2073 ἀπεξενωμένον
1361 2039 1411 2074 τῆς
1435 2039 1511 2072 θείας
1541 2041 1637 2073 οὐσίας
1655 2042 1782 2075 φαίνεται
1804 2042 1836 2070 τὸ

1048 2080 1160 2116 Πνεῦμα
1172 2082 1204 2108 τὸ
1217 2083 1304 2116 ἅγιον,
1317 2083 1376 2110 ἀλλ’
1386 2085 1415 2111 ἐν
1430 2085 1499 2120 αὐτῇ
1528 2086 1578 2112 καὶ
1602 2087 1631 2118 ἐξ
1653 2087 1738 2122 αὐτῆς
1754 2096 1836 2122 φυσι-

1047 2127 1114 2159 κῶς,
1129 2126 1223 2163 ὥσπερ
1238 2127 1286 2155 οὖν
1313 2129 1360 2156 καὶ
1373 2131 1387 2157 ὁ
1402 2131 1449 2158 τοῦ
1466 2132 1593 2165 σώματος
1614 2133 1746 2165 δάκτυλος
1760 2135 1790 2159 ὲν
1805 2136 1839 2169 τῇ
1874 2138 1877 2140 “

1045 2171 1119 2206 χειρὶ
1137 2173 1262 2208 ὑμοφυὴς
1276 2173 1314 2201 ὢν
1328 2176 1410 2211 αὑτῇ²
1428 2176 1504 2212 καὶή
1525 2177 1586 2212 χεὶρ
1600 2177 1730 2205 αῦ.πάλιν
1750 2179 1779 2205 ἐν
1798 2180 1839 2216 τῷ

1047 2218 1164 2252 σώματι,
1178 2219 1226 2254 οὺχ
1241 2220 1413 2256 ἑτεροούσιος
1436 2223 1507 2258 πρὸς
1529 2223 1596 2250 αὐτὸ
1621 2224 1808 2259 τυγχάνουσα.
1825 2235 1835 2252 ι

1053 2264 1186 2299 ’Λλλαχοῦ
1201 2265 1229 2291 δὲ
1254 2266 1269 2292 ὁ
1296 2266 1379 2298 αὐτὸς
1392 2268 1440 2295 τὸν
1457 2269 1508 2303 μὲν
1524 2269 1637 2306 Πατέρα
1653 2270 1740 2305 ῥόδον,
1755 2271 1839 2303 ἄνθος

1045 2309 1073 2336 δὲ
1087 2309 1134 2336 τὸν
1148 2309 1224 2343 Υίὺν,
1239 2311 1288 2338 καὶ
1311 2312 1342 2338 τδ
1359 2313 1473 2349 Πνεῦμα
1502 2314 1532 2341 τὺ
1554 2314 1633 2349 ἅγιον
1650 2315 1740 2351 ὀσμὴν
1765 2316 1838 2343 ἀπε-

1046 2355 1159 2383 κάλεσε.

1085 2402 1171 2429 Πάλιν
1186 2403 1210 2430 οί
1224 2403 1299 2438 ἆγιοι
1322 2404 1368 2432 τὸν
1391 2405 1526 2441 ἡμέτερον
1541 2407 1605 2434 νοῦν
1630 2408 1677 2435 καὶ
1693 2408 1773 2443 λόγον
1788 2411 1837 2437 καὶ

1046 2448 1155 2484 πνεῦμα
1168 2449 1349 2484 λαμϐάνουσι.
1371 2452 1467 2479 καθότι
1488 2453 1544 2480 ἀπὸ
1557 2453 1605 2480 τοῦ
1622 2455 1703 2489 λόγου
1724 2455 1836 2490 ἀνθρώ-

1045 2502 1098 2519 που
1113 2494 1311 2530 λαμὸάνονται,
1328 2497 1358 2529 ὃς
1374 2498 1429 2525 τῶν
1443 2499 1533 2527 ἄλλων
1555 2501 1712 2536 κτισμάτων
1732 2501 1835 2536 τιμιώ-

1043 2542 1122 2575 τερος
1135 2543 1206 2576 ἔστι,
1216 2544 1333 2572 καθόσον
1350 2546 1411 2572 κατ’
1427 2547 1521 2575 εἰκόνα
1536 2548 1603 2575 Θεοῦ
1617 2550 1741 2585 ἐκτίσθη.
1757 2551 1831 2578 Πολὺ

1043 2587 1071 2613 δὲ
1086 2587 1135 2614 καὶ
1149 2588 1228 2615 τοῦτο
1239 2589 1302 2624 ’τῆς
1318 2590 1448 2626 ἀληθείας
1473 2593 1577 2621 ἀποδεῖ.
1606 2595 1661 2622 Καὶ
1680 2595 1735 2631 γὰρ
1748 2596 1763 2622 ό
1781 2596 1834 2631 μὲν

1042 2632 1179 2667 ἡμέτερος
1203 2634 1282 2668 λόγος
1305 2636 1338 2663 ἐκ
1359 2637 1507 2673 μαθήσεως
1525 2640 1705 2674 προσγίνεται
1728 2641 1776 2668 καὶ
1788 2641 1833 2669 διίι

1041 2679 1133 2714 φωνῆς
1148 2680 1328 2716 προφέρεται,
1353 2683 1401 2710 καὶ
1417 2683 1456 2718 τῷ
1471 2684 1535 2720 ἀέρι
1550 2686 1702 2721 ἐποχεῖται,
1719 2687 1766 2714 καὶ
1790 2678 1832 2720 είς

195 2717 314 2750 exsistit,
327 2725 359 2745 ac
375 2725 464 2754 neque
476 2727 584 2754 semper
592 2726 645 2754 cst,
656 2729 707 2756 neq
713 2730 747 2749 uc
760 2723 830 2751 idem
839 2731 872 2751 ac
883 2726 985 2753 mentis

1055 2723 1110 2759 τέρα
1127 2726 1318 2760 σκεδάννυται,
1336 2728 1384 2755 καὶ
1397 2729 1588 2762 ἀνυπόστατός
1607 2732 1679 2764 ἐστι,
1695 2732 1744 2759 καὶ
1767 2732 1832 2760 οὒτε

193 2765 345 2792 substantia
356 2770 409 2799 est,
431 2767 479 2794 sed
506 2766 603 2795 exilem
617 2769 761 2803 quamdam
788 2776 827 2800 at;
837 2769 983 2798 obscuram

1058 2769 1082 2795 ει
1095 2771 1180 2805 ἐστιν,
1196 2771 1258 2799 οὔτε
1270 2773 1284 2800 ὁ
1296 2773 1377 2806 αὑτός
1392 2775 1450 2803 ἐστι
1465 2777 1498 2812 τῇ
1513 2776 1563 2804 τοῦ
1580 2777 1628 2805 νοῦ
1643 2778 1740 2814 οὐσίᾳ·
1758 2779 1834 2814 ἀμυ-

229 2855 250 2870 ¹¹
280 2856 346 2885 an.
364 2864 400 2890 ιι,
419 2858 462 2887 20.
505 2860 526 2875 ¹⁶
555 2860 722 2895 Psal.xcvu,
753 2861 778 2888 l.
819 2862 840 2878 ³⁷
866 2861 920 2890 Ιδιι.
953 2870 1028 2897 uw,
1056 2861 1098 2890 ll.
