1950 3064
115 195 170 225 533

609 195 658 224 DE
679 194 893 224 PRINClPllS
915 194 1023 224 FIDEI
1043 193 1281 224 CATHOLlC/E.

1676 181 1679 183 λ
1691 189 1742 221 sat

112 251 182 286 δρᾶν
199 250 226 276 δὲ
243 250 294 286 τὴν
317 249 460 276 κοινωνίαν
475 250 530 284 ἔχει
548 250 616 286 πρὶς
640 252 686 277 τὸν
719 251 792 284 νοῦν,
809 251 904 277 καθότι

963 259 1022 278 cum
1036 254 1128 279 tuente
1139 249 1361 277 communionem
1380 248 1471 279 habet.
1484 255 1515 275 ea
1525 247 1629 275 scilicet
1637 247 1742 274 ratione

113 297 144 323 τὸ
158 296 258 331 νοηθὲν
276 295 351 330 αὺτῷ
365 295 535 329 ἐξαγγέλλει,
552 297 599 322 καὶ
615 297 654 326 εἰς
666 296 819 330 τούμφανὲς
827 295 900 330 ἄγει,

113 341 162 368 καὶ
187 340 315 375 σημαίνει
329 340 375 367 τὸν
390 340 464 367 ἔνδον
479 340 563 374 λόγον
582 341 676 372 amas;
699 341 740 372 τίς
764 341 848 367 ἐστιν.
873 341 901 366 '0

113 387 142 412 δὲ
157 386 205 413 τοῦ
220 385 287 412 Θεοῦ
302 385 389 419 Λόγος
402 385 586 417 ὲνυπόστατός
599 386 669 418 ἐστι,
687 386 734 412 καὶ
752 386 795 412 ἀεὶ
808 385 882 412 εστιν
894 394 900 400 ·

114 431 144 456 οὐ
163 431 219 466 γὰρ
235 429 268 465 ἣν
283 438 348 457 ποτε
365 430 433 462 Θεὸς
454 431 542 465 Λόγον
560 432 610 457 οὔκ
626 431 708 466 ἕχωψ
725 431 772 457 καὶ
791 432 903 466 ἐνεργὸς

117 475 166 500 καὶ
190 474 395 508 παντοδύναμος
423 475 472 502 καὶ
496 475 610 506 τέλειος,
629 476 643 501 ὁ
669 475 752 506 αὐτὸς
770 476 808 502 ὢν
832 478 902 502 κατὰ

117 519 206 545 πάντα
232 518 272 553 τῷ
296 519 326 550 ιε
343 516 375 546 οῦ
394 520 452 545 ἐστι
476 520 612 551 συναϊδιος
632 520 679 546 καὶ
691 520 835 555 ὀμοούσιος
855 522 903 547 καὶ

116 565 279 599 ἀχώριστος,
298 565 344 591 καὶ
361 566 558 599 άνεκςροίτητος
572 565 667 592 αὑτοῦ·
681 568 711 593 οὐ
725 567 797 594 κατά
810 575 838 593 τι
855 567 904 602 μὲν

117 609 227 641 ἐοικὼς,
257 609 327 636 κατά
358 618 384 636 τι
412 610 440 636 δὲ
463 610 611 642 ἀπιοικώς.
646 611 783 643 Ὡσαύτως
808 612 904 638 καὶτὸ

118 654 242 688 Πνεῦμα·
258 655 289 680 τὸ
306 655 356 688 μὲν
371 655 506 690 ἡμέτερόν
530 656 589 682 ἐστι
609 656 678 690 πνοὴ
704 657 903 689 ἀνυπόστατος,

118 699 218 729 ἔξωθεν
232 699 342 726 ἀπὸτοῦ
354 700 435 734 ἀέρος
450 700 595 736 ἑλκομένη,
607 702 654 728 καὶ
670 701 808 733 instituti),-
822 702 905 737 ἄλλης

118 743 147 770 ὃν
173 744 268 775 οὐσίας
284 745 361 779 παρὰ
376 746 424 779 τὴν
440 744 487 771 τοῦ
502 745 638 780 ἡμετέρου
664 746 710 772 νοῦ
725 754 732 761 ·
752 746 781 772 τὸ
805 746 833 772 δὲ
858 746 905 772 τοῦ

118 788 187 815 Θεοῦ
210 789 289 822 ἇγιον
307 789 420 824 Πνεῦμα
446 790 573 824 ὑφεστὼς
595 791 641 816 καὶ
657 791 840 818 ὲνυπόστατον
858 792 905 818 καὶ

118 834 175 867 ζῶν
194 835 240 860 καὶ¹
256 834 368 866 τέλειον,
381 834 476 869 ὥσπερ
490 836 537 861 καὶ
563 837 577 861 ὁ
593 836 666 867 Υἱδς,
685 836 808 870 ἐνεργὸν,
825 837 906 863 αὺτο-

118 879 240 914 κὶνητον,
254 880 429 914 δημιουργὸν,
447 880 594 916 σύνδρομον
607 881 670 916 ἔχον
684 883 717 916 τῇ
732 881 841 916 θελήσει
857 882 906 918 τὴν

119 928 236 961 δύναμιν
249 937 257 944 ’
281 929 306 954 εί
324 929 372 955 καὶ
392 929 459 963 πρὸς
478 929 527 963 τὴν
551 929 663 963 πρώτην
684 929 785 961 αἰτίαν,
812 929 907 964 ὥσπερ

119 973 154 1000 τὰ
170 973 217 999 τοῦ
235 973 404 1007 Μονογενοῦς
424 974 544 1005 ἅπαντα,
574 974 646 1000 οὕτω
676 974 708 1009 δὴ
728 975 774 1000 καὶ
802 975 836 1001 τὰ
861 975 907 1001 τοῦ

121 1017 279 1052 Πνεύματος
294 1019 501 1053 ἀναπέμπεται,
515 1019 585 1046 κατὰ
596 1019 642 1045 τὸν
659 1018 790 1052 Θεολόγον
804 1019 909 1054 Γρηγὸ-

121 1071 190 1097 ριον.
206 1064 264 1090 Μία
280 1063 335 1099 γὰρ
348 1063 439 1096 οὐσία,
456 1064 503 1091 καὶ
516 1064 564 1099 μία
579 1064 696 1099 δύναμις
706 1065 825 1100 Πατρδς,
839 1066 905 1092 Υίοῦ

119 1111 168 1137 καὶ
189 1110 268 1143 ἁγίου
281 1110 449 1143 Πνεύματος,
466 1110 536 1145 μήτε
553 1110 717 1145 ἀρξάμενον,
745 1111 816 1145 μήτε
837 1119 909 1137 παυ-

108 1155 248 1189 .σόμενον,
266 1157 298 1182 ἐκ
324 1156 371 1182 τοῦ
394 1155 462 1181 Θεοῦ
493 1155 548 1181 τῶν
572 1155 641 1182 ὅλων
656 1156 706 1190 τὴν
724 1156 814 1182 αἰτίαν
827 1156 888 1191 ἔχον
901 1164 908 1172 ·

110 1202 318 1235 ,ἀνεκφοίτητον
337 1201 440 1236 Πατρὸς
457 1202 504 1228 ml
519 1202 595 1228 Υίοῦ.
613 1202 651 1228 Οὐ
666 1202 720 1236 γὰρ
744 1202 851 1228 ὲνὲλιπε
870 1202 909 1237 τῷ

119 1246 211 1281 [Ia-:91
227 1247 322 1280 Λόγος,
338 1246 400 1274 οὔτε
414 1247 452 1282 τῷ
467 1247 545 1282 Λόγῳ
558 1247 682 1282 Πνεῦμα,
701 1247 772 1274 κατὰ
787 1247 837 1282 τὴν
855 1248 909 1274 τῶν

119 1291 209 1325 ἁγίων
225 1292 401 1319 διδασκαλίαν
418 1301 425 1308 ·
443 1294 508 1326 περὶ
523 1291 560 1320 ὧν
576 1294 590 1319 ὁ
609 1293 680 1324 θεῖος
692 1293 774 1320 Δαϐὶδ
788 1293 908 1328 ψάλλων,

108 1345 134 1366 ,ι
146 1337 176 1363 '0
189 1337 276 1370 Λόγος
305 1345 363 1370 σου,
378 1337 477 1373 Κύριε,
494 1339 534 1369 εἰς
546 1338 592 1365 τὸν
607 1338 692 1366 αίῶνα
709 1339 795 1374 μένει.
812 1348 822 1365 ι
841 1340 908 1372 Καὶ,

123 1390 134 1407 t
153 1382 200 1416 Τῷ
218 1382 298 1416 Λόγῳ
316 1383 420 1417 Κυρίου
442 1383 468 1409 οι
488 1383 598 1418 οὐρανοὶ
621 1384 839 1419 ἐστερεώθησαν,
863 1386 910 1412 καὶ

120 1427 163 1462 τῷ
183 1428 325 1462 Πνεῦματι
349 1429 397 1455 τοῦ
419 1430 553 1464 στόματος
569 1430 653 1456 αὐτοῦ
673 1431 748 1457 πᾶσα
763 1432 779 1466 ἡ
795 1431 910 1466 δύναμις

120 1473 223 1501 αὐτῶν.
242 1483 252 1499 ι
269 1474 335 1506 Καὶ,
350 1482 359 1500 t
372 1474 581 1506 Ἐξαποστελεῖς
602 1476 633 1502 τὸ
658 1475 770 1510 Πνεῦμα
789 1484 847 1508 σου,
863 1477 910 1503 καὶ

952 298 1024 332 quod
1048 296 1148 324 utentis
1171 299 1335 330 conceptum
1357 294 1492 326 enuntiat,
1515 293 1696 328 producitque
1713 292 1740 319 in

953 344 1091 378 publicum
1108 363 1115 376 ,
1132 350 1163 370 ac
1186 342 1277 377 qualis
1302 342 1337 369 sit
1361 341 1475 368 interior
1495 340 1635 375 animique
1652 346 1744 367 sermo

953 389 1098 424 signiﬁcat.
1114 388 1148 415 At
1164 387 1209 415 Dei
1227 387 1323 415 Sermo
1338 395 1401 415 vere
1417 387 1474 421 ipse
1489 386 1605 419 exsistit,
1620 393 1652 413 ac
1669 393 1744 412 sem-

954 441 1001 468 per
1013 438 1064 461 est.
1086 433 1144 460 Non
1160 432 1233 459 enirn
1259 432 1310 459 fuit
1327 439 1457 466 unquam,
1481 439 1545 458 cum
1571 430 1626 457 Deo
1644 430 1743 457 Sermo

954 479 1061 505 deesset
1074 486 1080 504 :
1095 477 1243 511 eﬂicaxque
1257 481 1284 504 et
1297 476 1472 510 omnipotens
1488 479 1515 502 ct
1535 474 1674 510 perfectus
1688 479 1743 507 est,

954 523 1079 557 idemque
1092 522 1204 550 omnino
1218 529 1280 548 eum
1296 529 1328 548 eo
1353 529 1385 548 ex
1398 529 1452 554 quo
1465 524 1517 552 est,
1542 521 1580 547 illi
1591 525 1746 548 coaeternus

954 574 982 596 et
1006 568 1259 600 eonsubstantialis,
1285 576 1299 594 ει
1324 576 1378 602 quo
1408 568 1515 602 sejuugi
1543 572 1626 602 alque
1650 566 1744 593 divelli

954 615 1027 642 nulla
1051 615 1155 642 ratione
1175 618 1282 649 potest;
1303 623 1356 641 non
1384 614 1482 648 partim
1499 614 1610 648 quidem
1632 613 1744 644 similisI

956 661 1052 694 partim
1067 668 1132 687 vero
1146 668 1160 686 a
1176 660 1355 687 similitudine
1370 660 1531 687 abhorrens.
1552 659 1668 686 Perinde
1680 666 1748 693 quo-

955 714 1008 740 que
1030 706 1168 740 Spiritus:
1194 710 1289 733 noster
1311 705 1420 740 quidem
1434 706 1515 732 ﬂatus
1540 709 1583 732 est
1604 712 1660 732 nou
1682 711 1747 732 vere

955 752 1101 783 exsisteus,
1115 759 1196 786 quem
1210 751 1244 778 ab
1257 759 1319 778 aere
1330 751 1450 779 exterius
1459 750 1605 782 trahimus,
1614 750 1742 777 diversa:-

957 804 1009 831 que
1025 804 1138 831 prorsus
1149 804 1164 823 a
1178 802 1272 824 tuente
1285 802 1381 824 nostra
1394 797 1555 825 substantia:
1567 802 1619 823 est.
1634 796 1669 823 At
1683 795 1750 831 Spi-

957 843 1025 869 ritus
1051 843 1095 869 Dei
1121 848 1234 870 sanctus
1246 863 1253 874 ,
1271 851 1335 870 vere
1357 843 1414 877 ipse
1431 850 1462 870 ac
1479 850 1529 877 per
1555 850 1583 869 se
1598 842 1747 873 exsistens,

958 892 984 914 et
1009 888 1101 915 vivens
1120 892 1147 914 et
1164 887 1303 922 perlectus
1328 894 1381 919 est,
1400 888 1470 914 haud
1499 895 1580 915 secus
1594 895 1626 914 ac
1649 886 1748 917 Filius.

959 932 1063 963 ellicnx,
1080 941 1094 958 a
1111 940 1140 960 se
1152 933 1271 964 mobilis,
1288 938 1407 965 creator,
1419 933 1497 968 cujus
1509 932 1646 959 voluntati
1658 938 1750 958 comes

961 982 1083 1012 potestas
1106 978 1141 1004 sit
1155 978 1286 1011 (tametsi
1308 977 1341 1004 ad
1359 978 1477 1012 primum
1503 982 1657 1010 auctorem,
1675 977 1751 1004 velut

960 1024 1041 1049 etiam
1059 1022 1197 1057 Uuigeniti
1214 1022 1319 1054 omnia,
1337 1030 1397 1056 qua:
1414 1026 1479 1050 sunt
1496 1022 1614 1057 Spiritus
1630 1022 1751 1048 referan-

960 1072 1014 1099 tur,
1036 1073 1065 1094 ut
1079 1071 1175 1094 auctor
1190 1071 1232 1094 est
1248 1066 1399 1101 Gregorius
1414 1066 1584 1101 Theologus.
1601 1065 1660 1093 Una
1676 1065 1749 1092 enim

960 1113 1089 1146 essentia,
1105 1119 1213 1146 unaque
1226 1115 1347 1146 potestas
1363 1111 1453 1138 Patris
1467 1116 1493 1138 et
1509 1110 1572 1138 Filii
1588 1115 1615 1138 et
1630 1110 1751 1145 Spiritus

961 1158 1078 1191 sancti),
1097 1157 1143 1192 qui
1157 1165 1246 1191 neque
1263 1157 1387 1191 coeperit,
1411 1163 1461 1184 nec
1487 1157 1523 1184 sit
1542 1156 1681 1184 desiturul
1701 1163 1752 1183 un-

960 1211 1041 1238 quam
1064 1211 1096 1230 ex
1117 1203 1307 1230 universorum
1323 1203 1376 1229 Deo
1403 1206 1432 1228 ut
1448 1206 1559 1228 auctore
1578 1202 1682 1228 habens
1697 1200 1754 1228 ori-

961 1249 1050 1284 ginem
1064 1257 1071 1276 :
1088 1248 1161 1284 quia
1173 1248 1254 1275 Patre
1267 1252 1293 1276 et
1307 1247 1375 1275 Filio
1387 1247 1518 1275 excedere
1534 1251 1669 1281 nequeat;
1683 1253 1754 1272 nun-

961 1301 1041 1327 quam
1061 1293 1132 1320 enim
1156 1292 1252 1319 Sermo
1272 1291 1370 1319 defecit
1394 1291 1522 1323 Patrem,
1542 1298 1629 1325 neque
1653 1290 1751 1318 Filium

962 1338 1093 1373 Spiritus,
1118 1338 1156 1365 uti
1183 1342 1340 1365 sanctorum
1369 1336 1493 1364 doctrina
1520 1341 1581 1368 est;
1609 1335 1642 1363 de
1653 1335 1753 1371 quibus

961 1385 1052 1419 psallit
1075 1385 1172 1411 beatus
1189 1382 1272 1410 David
1287 1392 1294 1410 :
1309 1392 1319 1408 ι
1333 1381 1452 1410 Verbum
1476 1386 1565 1414 tuum,
1583 1381 1707 1414 Domine,
1721 1380 1749 1408 in

960 1435 1090 1456 mteruum
1109 1431 1251 1463 permanet
1269 1427 1303 1453 ⁸³.
1321 1436 1330 1452 ι
1358 1425 1400 1458 Et,
1421 1435 1430 1452 ι
1448 1425 1536 1454 Verbo
1558 1425 1665 1452 Dotuiui
1689 1425 1752 1452 emli

961 1474 1060 1501 ﬁrmati
1080 1477 1153 1506 stitit,
1174 1477 1201 1500 et
1220 1472 1322 1508 Spiritu
1339 1472 1395 1499 oris
1412 1471 1471 1506 ejus
1490 1469 1581 1498 omnis
1601 1470 1688 1497 virtus
1696 1477 1752 1497 eo—

122 1519 328 1553 κτισθήσονται.
348 1528 358 1545 ι
388 1520 444 1547 Καὶ
470 1521 484 1546 ὁ
515 1520 588 1552 Ἰὼϐ,
614 1529 624 1546 ‹
643 1521 756 1556 Πνεῦμα
783 1521 854 1549 θεῖον
879 1523 909 1549 τὸ

963 1527 1021 1547 rum
1030 1519 1064 1547 ⁸⁸.
1077 1529 1086 1545 ι
1105 1520 1149 1551 Et,
1166 1528 1175 1545 ι
1191 1519 1289 1546 Emitte
1314 1517 1446 1552 Spiritum
1474 1520 1551 1543 tuum
1577 1521 1604 1543 et
1619 1515 1754 1543 creaban-

123 1565 244 1600 ποιῆσάν
258 1574 292 1600 με
308 1573 316 1581 ⁶
346 1567 416 1603 πνοὴ
431 1567 459 1593 δὲ
479 1567 704 1603 Παντοκράτορος
720 1569 910 1603 ὴδιδάσκουσά

124 1620 170 1647 με.
195 1621 206 1638 ι

159 1659 244 1685 (ὶῠδὶν
271 1656 319 1686 οὗν
343 1659 443 1686 οἰκεῖον
469 1659 508 1694 τῷ
535 1659 607 1695 λόγῳ
635 1661 683 1687 καὶ
709 1660 748 1695 τῷ
774 1660 911 1694 πνεύματι

124 1704 217 1739 ἡμῶν,
233 1705 280 1732 καὶ
295 1704 336 1740 τῷ
351 1705 430 1741 Λόγῳ
445 1706 492 1733 καὶ
504 1705 644 1740 Πνεύματι.
658 1705 706 1732 τοῦ
721 1706 801 1733 Θεοῦ.
826 1706 853 1732 Ἀ
859 1715 912 1740 μυ-

122 1750 192 1786 δρὰν
217 1750 246 1777 δέ
268 1759 330 1778 τινα
354 1750 401 1777 καὶ
427 1751 598 1786 λεπτοτάτην
624 1751 749 1778 εἰκασίαν
776 1751 831 1778 ἀπὸ
857 1752 912 1777 τῶν

123 1796 256 1824 τοιούτων
282 1796 329 1823 ἐπὶ
356 1795 403 1823 τοῦ
427 1797 496 1823 Θεοῦ
521 1797 571 1831 τῆς
590 1797 706 1832 Τριάδος
723 1797 912 1832 λαμϐάνομεν,

123 1842 281 1875 δεικνύντες
294 1843 336 1869 ὅτι
353 1843 398 1870 καὶ
423 1843 471 1869 ἐπὶ
484 1843 540 1870 τῶν
565 1843 627 1870 καθ’
644 1843 719 1878 ἡμᾶς
739 1842 913 1877 εὑρίσκονταί

123 1896 188 1915 τινα
199 1890 229 1915 iv
241 1888 349 1923 ἑκάστῳ
365 1888 469 1916 τούτων
484 1889 549 1924 τρία
565 1888 742 1924 θεωρούμενα
762 1887 912 1924 ἁχώριστα,

125 1933 173 1960 καὶ
186 1933 238 1960 οὒκ
262 1933 476 1969 ἁποτετμημένα
491 1934 626 1970 ἀλλήλων,
644 1933 676 1960 ἓν
692 1934 758 1960 ὄντα
781 1933 852 1961 κατὰ
865 1933 915 1968 τὴν

125 1978 234 2011 οὐσίαν,
249 1978 297 2005 καὶ
310 1979 348 2010 ὡς
360 1979 420 2006 ὅλον
435 1987 462 2006 τι
477 1979 542 2006 ὃντά
555 1987 564 1996 ο
589 1979 732 2014 διαφοραῖς
746 1979 775 2005 δέ
792 1987 848 2005 τισι
867 1978 915 2013 μό-

127 2033 188 2056 ναις
201 2024 326 2059 ἀλλήλων
342 2024 548 2059 διακρινόμεναν
564 2024 619 2051 τῶν
633 2024 718 2060 τριῶν
733 2024 850 2051 ἕκαστον
865 2025 916 2050 οὐκ

126 2069 157 2097 δν
171 2070 242 2096 κατὰ
256 2070 308 2105 τὴν
322 2070 442 2105 ἰδιότητα
453 2070 484 2097 τὸ
499 2070 566 2096 αὐτὸ
580 2070 635 2097 τῶν
651 2070 754 2097 λοιπῶν
769 2071 894 2106 ἐκατέρῳ
907 2077 914 2085 ⁸

127 2116 224 2151 ὥσπερ
239 2117 253 2142 ό
266 2115 318 2150 τῆς
340 2117 433 2151 πηγῆς
447 2115 588 2150 ὀφθαλμὸς
602 2116 652 2142 οὐκ
668 2115 727 2142 ἐστι
745 2117 832 2151 πηγὴ,
853 2115 916 2142 οὔτε

129 2162 262 2197 ποταμός·
278 2161 342 2188 οὔτε
358 2162 375 2196 ὴ
393 2162 470 2197 πηγὴ
486 2162 627 2197 ὀφθαλμὸς
641 2161 658 2196 ἢ
675 2162 798 2196 ποταμός
808 2169 815 2177 ·
831 2160 889 2188 οὗθ’
901 2161 916 2188 ὁ

128 2207 251 2240 ποταμὺς
266 2207 404 2242 ὀφθαλμὸς
419 2207 437 2243 ἢ
454 2207 543 2243 πηγή.
559 2207 616 2235 Καὶ
635 2206 718 2234 πάλιν
732 2207 779 2233 ἐπὶ
795 2207 846 2241 τῆς
862 2214 917 2241 πη-

129 2254 192 2288 γῆς,
207 2253 313 2280 καὶτοῦ
329 2252 454 2288 ποταμοῦ
471 2254 519 2279 καὶ
534 2252 584 2286 τῆς
600 2252 709 2287 λίμνης’
725 2251 782 2278 οὔθ’
804 2252 820 2286 ἡ
839 2252 916 2286 πηγὴ

131 2299 256 2333 ποταμός
279 2301 353 2326 ιστιν
369 2299 386 2334 ἢ
413 2298 494 2333 λίμνη
509 2306 516 2314 ·
534 2297 591 2324 οὔθ’
609 2299 623 2325 ὸ
650 2297 771 2332 ποταμὸς
792 2297 868 2332 πηγὴ
899 2296 916 2332 ἧ

131 2345 225 2380 λίμνη·
251 2344 308 2371 οὗθ’
325 2346 342 2379 ἡ
355 2344 436 2380 λίμνη
451 2343 525 2379 πηγὴ
544 2344 560 2379 ἦ
583 2343 716 2378 ποταμός·
735 2342 824 2369 καίτοι
845 2344 917 2369 κατὰ

130 2391 179 2426 τὴν
194 2391 290 2418 οὐσίαν
305 2391 334 2417 ἓν
348 2390 433 2417 ὄντων
445 2399 452 2406 ·
471 2389 543 2425 ὕδωρ
570 2390 623 2424 γάρ
638 2390 703 2417 εισι.
727 2389 782 2416 Καὶ
807 2388 888 2415 πάλιν
904 2389 918 2415 ὁ

133 2436 196 2468 νοῦς
209 2436 272 2463 οὔτε
287 2436 366 2470 λόγος
381 2436 457 2462 ἐστὶν
474 2435 490 2471 ἢ
509 2435 630 2470 πνεῦμα’
654 2434 716 2462 οὒτε
729 2435 743 2460 ό
758 2435 836 2469 λόγος
853 2434 916 2466 νοῦς

134 2483 291 2519 ἢπνεῦμα·
307 2483 370 2510 οὔτε
397 2483 428 2510 τδ
455 2482 563 2517 πνεῦμα
587 2482 667 2515 λόγος
692 2481 709 2517 ἢ
731 2481 809 2513 νοῦς·
828 2481 917 2508 καίτοι

134 2528 238 2555 τούτων
252 2529 288 2560 ὡς
304 2529 365 2556 ὅλον
382 2537 410 2556 τι
429 2526 500 2555 εἶναι
516 2527 668 2555 δοκούντων
691 2528 738 2554 καὶ
756 2527 917 2561 ἀχωρίστων

135 2572 268 2607 ἀλλήλων,
285 2572 301 2606 ἢ
318 2572 365 2598 καὶ
390 2571 548 2606 διαφέρουσι
565 2572 599 2606 τῇ
623 2570 704 2606 οὐσία
716 2579 722 2586 ·
738 2569 776 2601 ὡς
804 2569 861 2605 ἔχει
887 2571 918 2596 τὸ

133 2619 182 2645 τοῦ
199 2618 275 2653 ἡλίου
291 2617 339 2644 καὶ
355 2616 410 2643 τῶν
424 2615 542 2644 ἀκτίνων
568 2616 615 2643 καὶ
640 2616 687 2642 τοῦ
706 2615 805 2650 φωτὸς,
827 2615 918 2642 ὡσαύ-

134 2673 188 2696 τως
204 2665 252 2691 καὶ
265 2664 312 2691 hi.
326 2663 381 2690 τῶν
395 2663 483 2691 ἄλλων
496 2661 741 2698 παραδειγμάτων.

178 2793 257 2821 Ἀλλὰ
273 2793 370 2827 ταῦτα,
386 2794 511 2828 καθάπερ
525 2793 650 2828 εἴπομεν,
668 2793 693 2820 οἱ
718 2793 792 2828 ἆγιοι
810 2792 919 2828 λαμσά-

961 1569 1005 1591 tur
1016 1564 1049 1590 “.
1071 1573 1080 1590 ι
1099 1563 1149 1591 Job
1163 1571 1283 1598 quoque,
1300 1571 1309 1588 t
1325 1561 1445 1597 Spiritus
1460 1561 1571 1588 divinus
1586 1560 1633 1595 qui
1653 1559 1756 1587 creavit

962 1618 1024 1643 me;
1041 1609 1121 1637 ﬂatus
1134 1617 1201 1637 vero
1216 1607 1418 1643 Omnipotentis
1431 1607 1479 1642 qui
1493 1607 1572 1634 docet
1585 1613 1629 1633 tne
1640 1605 1672 1632 “.
1689 1614 1699 1631 ι

997 1655 1068 1682 Nihil
1089 1655 1181 1690 itaque
1197 1655 1282 1682 verbo
1297 1659 1391 1682 nostro
1407 1653 1474 1688 (SPII
1490 1652 1609 1680 sermoni
1625 1652 1634 1682 )
1652 1658 1685 1678 ac
1700 1651 1755 1685 spi-

963 1701 1026 1729 ritui
1041 1701 1180 1735 proprium
1197 1707 1260 1727 cum
1290 1699 1336 1727 Dei
1350 1698 1442 1726 Verbo
1456 1705 1487 1725 ac
1500 1698 1604 1733 Spiritu
1617 1704 1625 1724 :
1640 1697 1687 1724 sed
1704 1697 1756 1723 ob-

963 1754 1071 1774 scuram
1086 1745 1225 1781 quandam
1243 1752 1274 1772 ac
1289 1743 1479 1773 tenuissimam
1493 1750 1525 1770 ex
1539 1742 1674 1777 ejusmodi
1690 1749 1754 1769 con-

963 1793 1096 1828 jecturam
1121 1793 1147 1819 in
1164 1792 1229 1824 Deo,
1247 1791 1293 1826 qui
1308 1790 1430 1817 Trinitas
1444 1794 1497 1822 est,
1512 1789 1703 1821 assumimus;
1724 1794 1758 1815 ac

965 1838 1134 1865 ostendimus
1148 1837 1229 1864 etiam
1249 1837 1282 1863 iu’
1292 1836 1420 1863 humanis
1438 1842 1469 1862 ac
1485 1835 1567 1862 rebus
1584 1834 1687 1862 creatis
1707 1841 1757 1861 ex-

965 1888 1038 1910 stare
1050 1882 1186 1916 que-dam,
1199 1881 1225 1907 in
1241 1881 1342 1916 quibus
1363 1881 1479 1915 singulis
1495 1880 1547 1908 tria
1565 1880 1756 1915 inseparabilia

965 1927 1183 1957 considerantur,
1201 1934 1250 1953 nec
1267 1927 1302 1954 ab
1317 1926 1433 1954 invicem
1450 1926 1551 1959 divisa,
1567 1934 1630 1961 qua:
1643 1926 1697 1960 (ad
1712 1933 1757 1953 es-

965 1973 1080 2000 sentiam
1092 1972 1164 2006 quod
1181 1972 1295 2006 spectat)
1309 1979 1395 1998 unum
1410 1971 1546 1999 exsistant
1560 1979 1593 1998 ac
1609 1972 1691 1998 totius
1706 1978 1757 1998 cu-

963 2017 1072 2052 jusdam
1097 2016 1230 2044 rationem
1257 2016 1393 2049 habeant;
1423 2016 1568 2051 solumque
1595 2016 1757 2044 diﬂ'ercntiis

967 2062 1129 2097 quibusdaut
1147 2062 1218 2088 inter
1240 2068 1270 2088 se
1291 2062 1408 2088 discreta
1424 2061 1595 2092 consistant;
1620 2068 1683 2088 cum
1700 2061 1759 2088 sitt-

967 2110 1028 2143 gula
1046 2114 1160 2142 quaeque
1180 2106 1376 2141 proprietatum
1401 2107 1517 2138 ratione,
1541 2114 1595 2133 non
1615 2107 1667 2134 hoc
1684 2107 1756 2142 quod

967 2153 1102 2187 reliquum
1128 2151 1271 2178 exsistant.
1294 2151 1376 2178 Velut
1391 2151 1474 2178 fontis
1499 2151 1609 2182 oculus.
1637 2158 1692 2178 non
1716 2156 1759 2178 est

929 2185 951 2216 (ἶ
968 2185 1039 2230 fons,
1058 2204 1145 2232 neque
1167 2196 1264 2224 ﬂuvius
1279 2205 1286 2223 :
1304 2204 1392 2231 neque
1414 2196 1475 2224 l‘ons
1498 2197 1595 2223 oculus
1609 2201 1659 2228 est,
1676 2201 1758 2224 autve

968 2243 1088 2276 ﬂuvius;
1115 2250 1202 2277 neque
1218 2241 1317 2269 ﬂuvius
1330 2242 1427 2269 oculus
1440 2246 1482 2269 est
1498 2247 1545 2268 aut
1558 2242 1629 2270 fons.
1646 2243 1684 2270 Ac
1698 2250 1759 2269 rur-

968 2297 1016 2318 sus
1029 2289 1056 2316 in
1073 2289 1147 2316 fonte
1163 2293 1191 2316 et
1207 2289 1264 2315 rivo
1280 2293 1307 2315 et
1323 2288 1394 2319 lacu,
1423 2295 1511 2321 neque
1526 2287 1588 2314 fons
1615 2287 1691 2315 rivus
1705 2292 1757 2320 est,

969 2341 1017 2364 aut
1032 2336 1108 2363 lacus
1120 2356 1128 2367 ,
1146 2342 1233 2370 neque
1249 2334 1323 2361 rivus
1340 2333 1401 2361 fons
1418 2338 1470 2365 est,
1490 2337 1537 2360 aut
1554 2333 1642 2365 lacus,
1670 2340 1758 2367 neque

967 2384 1054 2416 lacus,
1080 2382 1142 2410 fons
1162 2387 1210 2409 aut
1234 2382 1325 2414 rivus;
1354 2379 1462 2408 tametsi
1488 2387 1571 2407 unum
1592 2379 1648 2407 sint
1662 2387 1760 2407 secun-

970 2430 1034 2457 dum
1061 2427 1223 2460 essentiam,
1253 2426 1352 2462 quippe
1378 2433 1440 2461 quas
1454 2433 1526 2461 aqua
1552 2425 1695 2453 exsistant.
1719 2426 1758 2453 Ac

970 2481 1067 2502 rursus
1088 2481 1177 2504 mens,
1194 2480 1281 2508 neque
1303 2479 1392 2499 sermo
1407 2475 1449 2499 est
1464 2478 1551 2502 neque
1567 2471 1689 2506 spiritus,
1707 2478 1759 2498 nec

971 2527 1074 2552 sermo,
1084 2527 1162 2548 mens
1177 2523 1225 2547 aut
1237 2519 1350 2554 spiritus
1360 2523 1418 2551 est;
1434 2525 1522 2553 neque
1534 2519 1657 2553 spiritus,
1668 2526 1759 2546 sermo

972 2570 1018 2593 aut
1043 2573 1137 2593 mens:
1157 2572 1314 2600 quanquam
1340 2564 1398 2592 haec
1413 2564 1487 2591 velut
1509 2567 1596 2591 totum
1621 2563 1758 2598 quoddam

973 2619 1034 2640 esse
1050 2611 1207 2644 videantur,
1228 2615 1256 2638 et
1278 2610 1312 2637 ah
1337 2609 1454 2637 invicem
1479 2608 1672 2644 insepat-sbilia
1693 2609 1758 2640 sitit,

973 2656 1081 2684 tametsi
1109 2655 1226 2684 essentia
1249 2655 1463 2690 distinguantur,
1493 2655 1532 2682 uti
1558 2662 1589 2682 se
1612 2662 1655 2682 res
1676 2655 1758 2682 etiam

973 2701 1055 2729 habet
1065 2701 1092 2729 in
1103 2701 1160 2730 sole
1170 2706 1197 2729 et
1211 2701 1296 2730 radiis
1310 2705 1339 2729 et
1350 2702 1425 2729 luce:
1443 2708 1475 2728 ac
1489 2700 1616 2729 similiter
1629 2699 1710 2729 etiam
1729 2701 1757 2728 in

973 2745 1087 2781 reliquis
1099 2745 1242 2780 exemplis.

1009 2792 1071 2820 Haec
1087 2793 1236 2826 enimvero,
1250 2792 1287 2819 uti
1302 2785 1478 2827 dicebamus,
1496 2792 1584 2821 sancti
1599 2796 1759 2822 assumunt,

173 2881 199 2897 ἰ
211 2880 283 2909 Psal.
300 2887 394 2914 mut,
409 2880 453 2908 89.
491 2880 513 2896 ¹⁹
526 2879 597 2908 Psal.
613 2887 699 2914 um,
714 2879 741 2907 6.
780 2879 801 2896 '°
827 2877 900 2907 Psal.
927 2885 985 2912 ctu,
1003 2878 1047 2906 50.
1089 2879 1109 2895 -"
1127 2878 1189 2906 iob.
1208 2885 1307 2911 ιιιιιιιι,
1325 2878 1352 2906 4.
