1950 3064
213 143 248 175 35

823 149 1022 180 MANUELIS
1042 149 1197 180 CALECIE

1767 147 1821 180 536

194 206 224 229 ut
238 209 288 229 nos
312 208 420 237 quoque
445 203 578 239 tantisper
605 204 667 232 inde
682 212 715 232 eo
737 207 932 241 provehamnr,
950 211 980 233 nt.

1037 214 1134 238 λουσιν,
1144 207 1188 233 ἵνα
1202 206 1249 234 καὶ
1263 206 1345 241 ἡμεῖς
1360 205 1479 242 μετρίως
1489 206 1522 233 ὲκ
1537 205 1641 234 τούτων
1657 207 1698 238 εἰς
1713 206 1822 235 ἔννοιαν

194 254 325 281 personas
338 247 365 274 in
379 247 433 274 Deo
449 247 522 282 ipsas
535 249 645 284 proprie
662 258 694 278 ac
709 257 756 285 per
771 258 801 278 se
816 251 977 283 subsistere,

193 293 406 328 proprietatibus
422 293 710 328 incommunicabiles,
737 304 770 324 ac
793 297 865 324 inter
885 305 916 324 se
934 298 979 324 in-

193 337 369 371 scparabiles,
387 337 594 373 intelligamus;
609 343 692 374 utque
713 341 778 368 item
800 348 863 369 cum
880 341 978 369 inlide-

191 383 259 415 Iium
274 383 408 418 quispiam
431 385 613 419 accusaverit,
628 375 685 414 Cur
707 395 791 414 unum
817 388 901 415 Deum
928 388 979 415 tria

192 429 318 457 dicamus
333 437 365 457 ac
377 430 427 458 tria
441 439 537 464 unum,
554 433 690 464 possimus
705 434 786 461 etiam
799 435 932 470 exemplis
945 443 980 462 ex

193 475 313 502 humano
331 483 382 503 usu
395 476 487 510 petitis
501 477 567 504 huic
592 477 637 505 tali
657 485 688 506 0s
703 479 859 511 occludere,
884 485 978 508 osten-

191 521 286 547 d-‘ntes
299 528 333 548 ne
346 520 373 548 in
391 521 471 549 rebus
491 522 558 556 ipsis
574 522 645 550 istud
660 523 767 557 deesse,
780 525 904 559 quamvis
919 533 979 552 om-

191 567 259 594 nino
272 566 400 594 deﬁciant
418 574 451 594 ac
464 574 544 601 quam
562 568 721 603 longissime
736 569 828 597 absint
844 571 882 598 ab.
893 578 936 602 eo,
950 575 981 598 ut

192 618 247 639 tum
264 612 392 641 unionem
411 617 469 640 tum
483 613 699 648 distinctionem,
719 622 780 649 quae
801 615 886 643 est-in
910 615 981 642 divi-

190 658 244 690 nis,
259 659 326 686 satis
341 659 500 686 exhibeant.
515 659 659 693 Quomodo
676 661 748 688 enim
763 668 825 696 qnze
836 668 912 688 serva
927 661 981 688 sint

192 708 274 739 atque
291 705 418 738 subdita,
439 705 554 733 Domino
578 714 609 734 ac
642 712 774 734 creaturae
788 707 923 740 Creatori,
942 708 982 735 vi-

190 750 249 778 deri
266 752 372 785 possint
388 750 601 788 perfectionibus
612 752 711 787 paria?
734 752 836 780 Idcirco
855 761 909 781 non
924 761 982 781 om-

192 804 240 823 nes
260 797 440 832 proprietates
452 805 546 825 earum
560 805 665 831 rerum,
684 805 752 834 quas
766 800 891 834 exempla
911 807 980 827 enu-

190 843 324 870 merando
339 843 493 877 attulimus,
508 843 535 871 in
549 843 605 872 Deo
628 845 814 879 assumimus;
830 845 877 873 sed
894 854 981 881 quatt-

191 892 248 914 tum
261 887 288 914 in
302 888 342 915 eis
355 892 407 922 est,
421 889 493 924 quod
506 889 734 917 necessitudinem
747 897 809 917 cum
821 898 856 918 eo
870 891 978 924 habeat,

193 933 267 967 quod
278 934 317 962 sic
329 934 402 962 velut
415 934 563 962 simulacro
573 942 606 962 ac
617 935 737 969 imagine
749 940 979 971 repraesentatur:

193 979 233 1007 sic
250 979 391 1011 nimiru‘m.
409 984 438 1007 ut
457 988 489 1008 ex
507 981 562 1008 alio
580 981 652 1015 quod
668 981 748 1009 Pater
762 986 789 1010 et
804 981 889 1010 Filius
907 983 981 1010 inse-

193 1026 328 1062 parabiles
345 1026 418 1059 sint;
437 1034 471 1054 ex
485 1026 551 1059 alio.
572 1027 644 1062 quod
663 1026 762 1054 divinm
777 1036 900 1063 personat
916 1036 982 1056 con-
999 1024 1014 1034 ”

192 1072 387 1100 substantiales
403 1077 485 1107 atque
499 1072 663 1108 coniunctas,
680 1073 852 1109 habeantque
864 1074 937 1102 inter
951 1082 981 1102 se

191 1117 326 1150 ordinem,
352 1125 384 1145 ac
400 1125 454 1145 una
473 1126 568 1146 earum
593 1119 714 1153 potentia
735 1119 771 1146 sit
792 1123 819 1146 et
841 1120 980 1154 operatio:

193 1163 322 1199 aliudque
337 1171 369 1191 ex
384 1164 439 1191 alio
455 1164 628 1198 habeamus;
648 1164 792 1192 intervalla
806 1172 872 1192 vero
887 1169 915 1193 et
932 1165 981 1193 dc-

192 1209 326 1237 l'luxiones
340 1217 372 1236 ac
385 1210 603 1245 compositiones
623 1210 821 1245 transitusque.
839 1218 871 1238 ac
889 1211 911 1239 si
928 1219 983 1246 qua

192 1255 296 1290 reliqua
319 1259 418 1282 nostra:
435 1255 595 1290 indigentiae
616 1260 692 1288 sunt,
716 1256 750 1283 iis
768 1256 877 1283 demum
900 1257 982 1284 rebus

191 1308 254 1336 quae
270 1301 399 1328 oriuntur
413 1305 441 1329 et
459 1301 597 1329 intereunt
621 1301 819 1337 projiciamus;
844 1303 883 1330 uti
899 1302 982 1330 etiam

194 1348 234 1376 ait
254 1347 403 1383 Gregorius
419 1348 594 1383 Tlteologus:
610 1357 620 1374 ι
632 1347 704 1375 Nihil
722 1352 764 1376 est
786 1348 812 1376 in
827 1356 881 1384 quo
904 1357 983 1376 mens

193 1403 254 1422 mea
269 1395 382 1430 gradum
399 1395 481 1429 (igere
500 1398 592 1430 queat,
609 1395 685 1428 dum,
702 1395 776 1430 quod
792 1395 938 1431 imaginor,
955 1396 982 1423 in

194 1441 326 1476 exemplis
335 1441 479 1470 considero
492 1451 499 1469 :
510 1442 561 1470 nisi
576 1442 646 1469 l'orte
653 1442 716 1477 quis
725 1450 756 1470 ea
765 1443 848 1470 animi
859 1443 984 1478 aequitate

194 1487 242 1518 sit,
251 1490 282 1514 ut
293 1494 354 1515 cum
366 1495 450 1515 unum
465 1487 530 1522 quid
543 1495 575 1515 ex
587 1489 726 1523 proposita
742 1488 860 1523 imagine
873 1496 985 1524 accepe-

1031 252 1154 287 ἓλθωμεν
1169 252 1217 279 τοῦ
1239 252 1431 279 ἰδιοῡπόστατα
1448 250 1521 279 εἶναι
1545 252 1580 280 τὰ
1603 252 1633 279 ἒν
1660 254 1694 287 τῇ
1723 253 1824 288 Τριάδι

1031 298 1090 325 θεῖα
1107 298 1253 333 πρόσωπα,
1268 299 1330 329 ταῖς
1345 298 1476 333 ίδιότησιν
1493 298 1668 333 ἀκοινώνητα
1686 299 1735 325 καὶ
1748 299 1825 334 ἀχώ-

1032 353 1112 379 ριστα
1127 344 1263 379 ἀλλήλων·
1281 344 1329 370 καὶ
1342 344 1385 370 ἶνα
1402 344 1468 371 ὅταν
1484 352 1527 376 τις
1551 344 1605 370 τῶν
1618 344 1742 371 ἀπίστων
1755 345 1825 379 ήμτν

1031 390 1148 426 ἐγκαλῇ,
1167 391 1225 422 πῶς
1240 391 1286 417 τὸν
1303 391 1352 417 ἕνα
1366 389 1434 417 Θεὸν
1445 388 1509 424 τρία
1521 389 1637 425 λέγομεν
1650 389 1697 416 καὶ
1708 388 1743 416 τὰ
1757 388 1825 424 τρία.

1031 438 1070 469 ἓν,
1085 437 1194 472 ἔχωμεν
1211 435 1257 462 καὶ
1285 435 1340 463 ἀπὸ
1363 435 1419 462 τῶν
1446 435 1509 462 καθ’
1524 435 1599 469 ἡμᾶς
1623 434 1669 461 τὸν
1698 433 1824 460 τοιοῦτον

1032 482 1232 517 ἐπιστομίζειν,
1245 481 1398 513 δεικνύντες
1409 481 1451 508 ὅτι
1459 480 1519 507 οὐδι
1530 480 1558 506 ὲν
1570 481 1625 511 τοῖς
1632 479 1707 507 οῦσιν
1723 480 1826 506 ἄπεστι

1031 530 1120 562 τοῦτο,
1142 529 1166 555 εί
1188 529 1236 554 καὶ
1251 529 1429 555 παντάπασιν
1453 527 1603 554 ἀποδέουσι
1617 525 1665 552 καὶ
1679 525 1826 552 λείπονται

1032 576 1101 611 πρὸς
1113 575 1144 602 τὺ
1157 575 1244 607 δεῖξαι
1262 574 1312 608 τὴν
1335 574 1383 601 ἐπὶ
1406 573 1475 600 Θεοῦ
1489 573 1589 599 ἕνωσίν
1604 581 1635 599 τε
1653 572 1701 599 καὶ
1714 571 1828 606 διάκρι-

1033 630 1086 648 σιν.
1099 621 1162 650 Πῶς
1177 621 1231 656 γὰρ
1246 620 1281 656 τὰ
1295 618 1376 645 δοῦλα
1395 619 1443 645 καὶ
1465 617 1612 653 ὑποχείρια
1632 616 1670 652 τῷ
1686 616 1828 652 Δεσπότῃ,

1032 669 1081 693 καὶ
1104 665 1143 700 τῷ
1157 664 1319 700 δημιουργῷ
1344 664 1378 690 τά
1396 663 1632 698 δημιουργήματα
1656 662 1829 697 φανήσονται

1032 712 1093 743 ταῖς
1105 711 1273 744 τελειότησιν
1299 709 1364 741 ῐσα;
1382 708 1432 734 Διὰ
1447 708 1526 735 τοῦτο
1541 708 1573 734 οὐ
1593 708 1682 734 πάντα
1697 707 1732 734 τὰ
1750 706 1828 734 ἰδιώ-

1033 765 1107 790 ματα
1133 756 1188 783 τῶν
1211 755 1400 791 προτεθέντων
1417 754 1595 788 λαμϐάνομεν
1614 754 1661 780 ἐπὶ
1678 752 1726 779 τοῦ
1741 752 1828 785 Θεοῦ,

1033 802 1092 830 ἀλλ’
1107 803 1170 829 ὅσον
1187 802 1236 837 μὲν
1258 801 1331 828 ἐστιν
1347 801 1376 828 ἐν
1398 801 1504 831 τούτοις
1531 799 1688 833 οἰκειότητα
1710 797 1781 834 πρὸς
1795 797 1830 824 τδ

1033 848 1235 882 είκονιζόμενον
1258 846 1331 882 ἔχον,
1349 845 1537 881 λαμϐάνομεν·
1558 844 1606 872 ἀπ’
1620 844 1700 871 ἄλλου
1719 843 1770 878 μὲν
1794 842 1829 869 rb

1033 894 1186 930 ἀχώριστον
1200 892 1306 928 Πατρδς
1326 893 1374 920 καὶ
1388 891 1464 923 Υίοῦ.
1481 891 1530 918 ἀπ’
1543 890 1625 918 ἄλλου
1642 889 1670 916 δὲ
1684 889 1714 916 τὸ
1727 888 1830 923 ὁμοού-

1035 950 1093 968 σιον
1116 940 1163 967 καὶ
1186 939 1217 966 τὺ
1233 938 1421 974 συνημμένον,
1449 938 1495 964 καὶ
1513 938 1544 964 τδ
1566 937 1616 972 τῆς
1631 936 1702 970 πρδς
1720 935 1828 970 ἄλληλα

1034 986 1137 1018 τάξεως
1149 985 1203 1011 τῶν
1217 983 1299 1011 θείων
1316 983 1483 1018 προσώπων.
1498 982 1545 1009 καὶ
1559 981 1610 1017 τὴν
1627 981 1693 1015 μίαν
1708 979 1828 1014 δύναμιν

1034 1032 1083 1059 καὶ
1101 1031 1243 1065 ἐνέργειαν
1254 1037 1261 1044 ·
1278 1029 1324 1056 καὶ
1346 1028 1411 1056 ἄλλο
1434 1028 1464 1062 ἐξ
1480 1027 1561 1055 ἄλλου
1575 1036 1583 1044 ·
1609 1027 1785 1061 διαστήματα
1799 1025 1830 1052 δὲ

1035 1077 1083 1104 καὶ
1111 1076 1218 1112 ρτεύσεις
1247 1076 1295 1102 καὶ
1324 1074 1465 1106 συνθέσεις
1488 1074 1536 1100 καὶ
1566 1072 1749 1108 μεταϐάσεις,
1779 1071 1831 1100 καὶ

1034 1123 1118 1151 τᾶλλα
1132 1123 1181 1149 ὅσα
1194 1122 1245 1156 τῆς
1258 1121 1319 1147 καθ’
1334 1121 1408 1156 ἡμᾶς
1420 1120 1525 1151 ἐνδείας
1538 1120 1608 1151 εἰσὶ,
1624 1119 1681 1150 τοῖς
1698 1118 1728 1145 ὲν
1750 1117 1832 1152 γενέ-

1036 1181 1077 1199 σει
1093 1171 1142 1198 καὶ
1159 1170 1250 1206 φθορᾷ
1264 1169 1483 1206 άποῤῥίπτομεν,
1500 1168 1572 1195 καθά
1586 1175 1654 1202 φησι
1670 1167 1718 1193 καὶ
1732 1166 1746 1192 ὸ
1759 1165 1830 1192 Θεο-

1035 1219 1113 1252 λόγος
1140 1217 1292 1252 Γρηγόριος
1308 1215 1376 1251 (Si),
1396 1225 1405 1242 ι
1422 1216 1485 1242 Ὅτι
1503 1214 1581 1242 οὐδέν
1597 1214 1673 1240 ἔστιν
1686 1213 1700 1239 ὅ
1716 1220 1762 1247 μοι
1778 1211 1830 1246 τὴν

1035 1264 1157 1291 διάνοιαν
1188 1263 1296 1298 ἵστησιν
1311 1263 1358 1288 ἐπὶ
1373 1261 1427 1289 τῶν
1445 1261 1656 1296 ὑποδειγμάτων
1674 1258 1825 1294 θεωροῦντι

1035 1310 1067 1338 τὸ
1080 1309 1296 1345 φανταζόμενον·
1311 1308 1382 1342 πλὴν
1394 1307 1420 1334 εί
1429 1316 1472 1339 τις
1484 1307 1514 1334 ἓν
1527 1315 1554 1333 τι
1562 1305 1655 1333 λαϐὼν
1667 1305 1716 1332 ὑπ’
1727 1305 1833 1338 εὐγνω-

1039 1355 1170 1390 μοσύνης,
1185 1355 1220 1381 τὰ
1233 1353 1315 1381 λοιπὰ
1331 1353 1446 1388 ῥίψειεν.
1466 1361 1476 1378 t
1493 1353 1548 1379 Καὶ
1564 1351 1619 1386 γὰρ
1632 1350 1680 1378 καὶ
1694 1349 1725 1377 τδ
1739 1347 1833 1384 παρά-

1036 1402 1137 1436 δειγμα
1165 1399 1304 1434 πανταχοῦ
1321 1398 1395 1425 κατά
1420 1407 1447 1425 τι
1475 1397 1524 1432 μὲν
1550 1396 1679 1432 ἀνόμοιόν
1707 1396 1766 1421 ἐστι
1790 1392 1832 1428 τῷ

1038 1446 1244 1481 εῑκονιζομένῳ,
1261 1444 1333 1472 κατά
1348 1453 1375 1471 τι
1396 1444 1425 1471 δὲ
1449 1443 1554 1478 ὅμοιον.
1571 1442 1603 1468 El
1621 1441 1671 1477 μὲν
1686 1440 1742 1475 γὰρ
1758 1439 1833 1481 κατά

1039 1493 1130 1521 πάντα
1141 1479 1294 1528 ὁμοιοῦται,
1308 1490 1359 1518 οὐκ
1382 1489 1440 1516 ἔστι
1463 1488 1643 1524 παράδειγμα
1662 1485 1779 1517 ἐκείνου,
1799 1479 1832 1511 οῦ

194 1533 242 1566 rit,
265 1533 368 1567 reliqua
384 1532 521 1569 projiciat.
537 1542 547 1559 ι
562 1532 631 1560 Nam
656 1538 684 1561 et
706 1535 861 1569 exemplum
886 1535 984 1569 ubique

1041 1540 1133 1575 ἄκρως
1148 1537 1302 1573 ὁμοιοῦται,
1316 1537 1364 1564 καὶ¹
1374 1535 1472 1564 ταυτόν
1485 1535 1543 1561 ἐστι
1557 1533 1657 1568 πάντη·
1671 1532 1696 1558 εί
1708 1530 1737 1558 δὲ
1750 1530 1834 1558 πάλιν

195 1579 296 1614 partim
310 1578 445 1606 dissimile
460 1583 502 1606 est
524 1578 563 1606 rei
580 1586 661 1614 quam
686 1584 875 1614 repraesentat,
887 1581 985 1616 partim

196 1623 236 1650 illi
253 1623 351 1651 simile.
367 1623 396 1651 Si
410 1623 484 1651 enim
507 1624 535 1651 in
556 1624 684 1653 omnibus
703 1625 792 1652 simile
803 1630 855 1658 est,
869 1634 919 1654 non
931 1627 986 1662 iam

195 1669 350 1704 exemplum
379 1675 421 1698 est
450 1670 510 1705 ejus
534 1670 586 1703 rei,
618 1669 698 1705 cujus
717 1678 852 1698 summam
878 1672 988 1707 printert

195 1716 413 1748 similitudinem,
424 1717 470 1744 sed
493 1717 563 1744 idem
574 1724 687 1752 prorsus
704 1725 737 1744 ac
747 1717 792 1744 i!la
802 1722 854 1745 est.
867 1718 914 1745 Sin
924 1726 988 1746 vero

197 1769 294 1789 rursus
307 1762 334 1789 in
349 1763 424 1790 nullo
443 1762 522 1790 habet
536 1762 757 1796 similitudinem,
773 1771 807 1791 ne
822 1764 863 1791 sic
877 1765 988 1799 quidem

196 1808 352 1843 exemplum
372 1816 404 1836 ac
427 1809 517 1844 imago
537 1808 657 1836 futurum
681 1814 734 1837 est.
759 1809 816 1837 Usu
836 1810 910 1837 enim
937 1811 988 1837 hu-

197 1860 290 1885 mano,
307 1854 461 1888 exemplum
487 1853 698 1882 similitudinem
725 1854 882 1889 quamdam,
908 1855 991 1890 idque

198 1906 231 1926 ex
247 1903 335 1933 parte,
349 1907 411 1926 cum
427 1906 460 1927 eo
473 1899 547 1935 quod
563 1899 684 1934 imagine
697 1904 923 1935 repraesentetur,
940 1901 989 1928 ha-

1038 1586 1068 1612 ὲν
1081 1585 1170 1612 οὐδενὶ
1186 1583 1236 1619 τὴν
1251 1582 1398 1618 ὁμοιότητα
1414 1580 1482 1616 ἔχει,
1497 1579 1551 1607 οὐδ’
1566 1578 1638 1605 οὕτω
1654 1577 1834 1612 παράδειγμα

1040 1629 1089 1657 καὶ
1106 1629 1190 1657 εἰκὼν
1206 1629 1296 1656 ἔσται.
1320 1627 1357 1654 Τὸ
1372 1627 1427 1662 γὰρ
1451 1625 1630 1661 παράδειγμα
1646 1622 1694 1650 καὶ
1717 1622 1735 1656 ἡ
1749 1621 1835 1648 εἰκὼν

1040 1675 1087 1701 ἐπὶ
1109 1674 1164 1701 τῶν
1177 1674 1239 1701 καθ’
1252 1674 1329 1709 ἡμᾶς
1343 1671 1476 1707 ὁμοίωσίν
1491 1679 1554 1698 τινα
1567 1668 1638 1697 κατά
1656 1677 1684 1695 τι
1698 1666 1747 1694 τοῦ
1761 1667 1836 1694 εἰκο-

1038 1720 1182 1755 νιζομένου
1212 1719 1337 1755 βούλεται
1353 1718 1438 1753 ἔχειν.
1460 1717 1520 1752 Ἐφ’
1534 1716 1615 1752 ἡμῶν
1632 1715 1724 1750 μέντοι
1736 1712 1834 1744 οὕτως·

1038 1767 1086 1792 ἐπὶ
1097 1766 1125 1793 δὲ
1138 1766 1194 1793 τῶν
1207 1766 1288 1792 θείων
1303 1764 1462 1800 προσώπων
1476 1764 1490 1790 ὁ
1505 1762 1569 1794 Υἱὸς
1581 1759 1663 1788 εἰκὼν
1674 1759 1721 1786 τοῦ
1729 1758 1837 1794 Πατρδς

1039 1811 1188 1847 λεγόμενος
1202 1810 1274 1838 κατὰ
1288 1811 1380 1837 πάντα
1391 1811 1405 1837 ὁ
1421 1808 1504 1840 αὐτός
1518 1809 1593 1835 ἐστιν
1609 1806 1695 1841 αὐτῷ,
1706 1805 1736 1839 ἐξ
1751 1804 1836 1832 αὑτοῦ

1039 1857 1077 1884 ὢν
1096 1856 1235 1888 οὐσιωδῶς
1266 1857 1315 1884 καὶ
1331 1855 1537 1887 ἔνυποστάτως,
1554 1853 1604 1880 καὶ
1620 1852 1717 1888 uappa»
1731 1850 1837 1882 παντδς

1041 1902 1262 1938 συμϐεϐηκότος.

197 1944 253 1971 hct.
273 1944 319 1971 Sic
345 1949 435 1971 tamen
459 1944 486 1972 in
503 1944 591 1972 ‘nobis
609 1952 641 1972 ac
655 1952 704 1980 pro
722 1945 841 1973 humano
857 1953 929 1979 usu;
954 1946 980 1973 in
1002 1947 1102 1976 divinis
1128 1953 1219 1975 autem
1244 1948 1381 1983 personis,
1409 1946 1509 1980 Filius,
1537 1946 1585 1981 qni
1624 1944 1714 1972 Patris
1745 1943 1838 1977 imago

199 1991 319 2024 :‘icatur,
337 1999 386 2026 per
414 1991 507 2019 omnia
533 1991 570 2018 illi
590 1991 689 2019 similis
715 1996 767 2026 est,
788 1992 834 2027 qui
865 2000 898 2020 ex
927 1992 973 2020 illo
992 1993 1216 2028 substantialiter,
1242 2001 1360 2029 veraque
1385 2000 1419 2021 ac
1442 2000 1490 2028 per
1515 1999 1544 2021 se
1564 1991 1738 2021 cxsistentia.
1760 1988 1838 2017 omni

199 2039 294 2073 procul
307 2044 412 2067 semoto
426 2039 577 2072 accidente,
594 2040 641 2068 sit.

236 2087 354 2115 Sanctus
369 2090 460 2114 autem
475 2085 655 2122 Augustinus,
676 2094 757 2121 quem
769 2091 797 2115 et
813 2091 910 2122 quarta
934 2092 987 2115 ter-

1080 2086 1113 2114 Ὀ
1129 2086 1157 2113 δὲ
1176 2086 1254 2121 ἅγιος
1267 2085 1459 2120 Αὐγουστῖνος,
1473 2083 1503 2111 δν
1525 2084 1542 2119 ἡ
1554 2083 1576 2110 δ’
1597 2081 1645 2119 [γ’]
1659 2081 1767 2112 σύνοδος
1783 2079 1834 2107 καὶ

200 2134 237 2161 tia
250 2133 370 2170 synodus
388 2133 669 2168 pmcellentissimum
687 2133 815 2162 Ecclesiae
827 2134 984 2170 magistrum

1040 2133 1200 2161 διδάσκαλον
1218 2131 1386 2167 ἑξοχώτατον
1409 2131 1460 2166 τῆς
1483 2129 1649 2165 Ἐκκλησίας
1668 2127 1835 2162 προσεῖπεν,

201 2179 357 2214 appellavit,
384 2186 438 2206 non
454 2186 609 2207 sermonem
622 2179 669 2214 qni
680 2186 728 2206 ore
739 2179 888 2214 profertur,
902 2180 929 2207 in
944 2179 984 2206 di-

1040 2182 1070 2207 οὑ
1086 2181 1132 2207 τὸν
1149 2178 1318 2216 προφορικδν
1330 2178 1410 2212 λόγον
1425 2178 1465 2210 είς
1478 2176 1571 2203 εἰκόνα
1587 2175 1635 2202 τοῦ
1651 2174 1725 2201 θείου
1745 2172 1838 2206 Λόγου

200 2226 256 2253 vini
272 2226 353 2253 Vcrbi
372 2225 517 2259 imaginem
537 2225 663 2255 assumit,
679 2226 725 2252 sed
742 2225 789 2260 qui
806 2226 880 2252 intus
894 2226 984 2253 animo

1040 2224 1187 2260 λαμϐάνει,
1210 2223 1279 2251 ἀλλά
1310 2223 1356 2250 τὸν
1388 2223 1417 2249 ἐν
1443 2223 1477 2257 τῇ
1504 2221 1578 2256 ψυχῇ
1602 2218 1765 2246 ἐνδιάθετον*
1784 2216 1834 2243 καὶ

201 2273 338 2308 repositus
349 2276 411 2304 est;
427 2271 544 2305 hincque
557 2271 625 2298 adeo
641 2270 773 2305 Spiritum
789 2276 928 2304 sanctum,
945 2272 984 2299 di-

1042 2270 1197 2302 ἀκολούθως
1212 2269 1243 2296 τδ
1256 2268 1369 2303 Πνεῦμα
1382 2268 1412 2295 τὺ
1423 2267 1501 2301 ἅγιον
1518 2265 1630 2300 ἀγάπην
1645 2262 1724 2290 καλεῖ
1735 2270 1745 2278 '
1770 2261 1837 2308 ﬁle

202 2306 346 2346 lectionem
359 2321 457 2349 vocat;
470 2324 540 2351 ψιω,
553 2316 609 2344 sive
620 2315 741 2348 dilectio,
753 2316 811 2345 sive
822 2324 910 2350 amor,
926 2325 984 2352 pro-

1043 2317 1060 2353 ἢ
1078 2316 1203 2352 ἁγάπηῆ
1219 2316 1234 2342 ὸ
1245 2315 1317 2351 ἔρως
1329 2315 1378 2350 τῆς
1393 2313 1507 2348 λογικῆς
1522 2311 1632 2346 φύσεως
1651 2309 1753 2344 ἰδιότης
1766 2306 1838 2353 ἐστι..

202 2364 303 2398 prietas
318 2367 359 2390 est
374 2367 478 2388 naturae
492 2360 593 2388 utentis
604 2361 718 2388 ratione.
729 2361 809 2389 Omni
819 2361 892 2389 enim
906 2363 990 2390 menti

187 2429 190 2434 .
203 2414 301 2436 natura
315 2407 447 2442 competit
465 2407 614 2434 voluntatis
627 2407 678 2440 vis,
696 2411 723 2434 et
736 2411 766 2435 ut
781 2407 856 2435 velit.
871 2407 990 2436 inclina-

203 2454 240 2481 tio
251 2453 324 2481 enim
341 2460 374 2481 ac
387 2452 496 2488 pondus
507 2452 534 2479 in
550 2452 576 2480 id
591 2452 662 2487 quod
677 2452 818 2487 proprium
834 2458 877 2481 est
892 2461 991 2481 secun-

202 2500 267 2526 dum
286 2503 424 2532 naturam,
444 2498 573 2526 omnibus
598 2497 679 2526 rebus
695 2498 786 2526 inest:
804 2506 899 2526 verum
912 2499 940 2526 in
957 2499 991 2528 iis

202 2553 264 2580 qua:
278 2552 361 2573 sensu
377 2549 481 2578 carent,
495 2543 560 2571 illud
578 2544 666 2578 ipsum
681 2543 834 2571 secundum
850 2549 990 2577 naturam,

203 2591 344 2618 inclinatio
360 2595 476 2619 vocatur
492 2597 525 2616 ac
549 2589 678 2624 pondus;
696 2589 850 2623 cujusmodi
868 2589 894 2616 in
920 2594 992 2616 terra

201 2643 254 2670 est,
280 2637 352 2672 quod
378 2637 406 2664 in
431 2635 549 2663 medium
575 2635 762 2669 propendeat;
787 2634 814 2661 in
832 2635 895 2670 igne
917 2642 992 2669 vero,

204 2691 316 2712 sursum
330 2684 431 2711 tendat.
445 2682 475 2710 In
490 2682 524 2710 iis
542 2689 607 2709 vero
619 2689 680 2716 quae
695 2688 777 2708 sensu
793 2680 905 2716 praedita
917 2686 991 2714 sunt,

204 2731 265 2766 ejus
286 2730 415 2766 appetitio
429 2728 500 2764 quod
521 2731 563 2755 est
577 2727 718 2762 proprium
734 2731 761 2753 ct
777 2734 812 2754 ex
827 2731 936 2754 natura.
963 2726 991 2754 In

1044 2350 1131 2389 ῐΪαντὶ
1222 2350 1267 2396 νῷγ
1278 2359 1359 2395 φύσει
1373 2359 1504 2394 πρόσεστι
1520 2357 1569 2383 καὶ
1583 2357 1601 2391 ἠ
1614 2354 1724 2390 θέλησις
1743 2352 1793 2378 καὶ
1807 2350 1840 2377 τὸ

1047 2407 1147 2434 θέλειν.
1160 2407 1194 2434 Ἦ
1207 2406 1261 2441 γὰρ
1275 2406 1322 2432 ἐπὶ
1339 2406 1368 2431 τὸ
1385 2405 1486 2430 οἰκεῖον
1499 2402 1570 2429 κατὰ
1586 2400 1669 2435 φύσιν
1683 2398 1755 2434 ῥοπὴ
1767 2397 1837 2424 πᾶσι

1047 2452 1203 2487 πρόσεστιν·
1222 2450 1281 2479 ἀλλ’
1296 2452 1325 2477 ὲν
1344 2450 1395 2485 μὲν
1409 2450 1467 2480 τοῖς
1479 2447 1658 2482 ἀναισθήτοις
1677 2443 1744 2471 αὺτδ
1757 2442 1838 2469 τοῦτο

1046 2499 1118 2525 κατὰ
1132 2498 1213 2533 φύσιν
1227 2497 1353 2524 καλεῖται
1376 2496 1459 2531 ῥοπὴ,
1474 2491 1531 2521 οἷον
1544 2493 1596 2529 γῆς
1618 2492 1667 2527 μὲν
1684 2490 1732 2516 ἐπὶ
1742 2489 1774 2515 τὺ
1789 2487 1840 2523 μέ-

1048 2553 1104 2576 σον.
1125 2543 1213 2578 πυρὸς
1227 2543 1255 2570 δὲ
1276 2542 1322 2569 ἐπὶ
1333 2541 1365 2568 τὸ
1380 2541 1448 2568 ἄνω*
1463 2541 1492 2566 ὲν
1504 2539 1533 2566 δὲ
1546 2539 1604 2569 τοῖς
1619 2537 1727 2572 ἔχουσιν
1741 2533 1839 2569 αἴσθηη

1047 2598 1091 2616 σιν
1106 2589 1196 2625 δρεξις
1216 2588 1263 2616 τοῦ
1288 2588 1390 2614 οἰκείου
1411 2586 1459 2613 καὶ
1474 2584 1545 2612 κατὰ
1568 2583 1660 2618 φύσιν·
1680 2583 1710 2629 ὲν
1726 2580 1757 2629 δε
1781 2579 1839 2629 τοῖς

1047 2637 1150 2670 νοεροῖς
1166 2635 1212 2662 καὶ
1222 2634 1342 2669 λογικοῖς
1356 2633 1467 2668 θέλησις
1482 2631 1500 2667 ἢ
1519 2629 1626 2664 ἀγάπη,
1647 2626 1717 2663 μετὰ
1728 2625 1778 2660 τὴν
1791 2625 1839 2670 τοῦ

1046 2668 1127 2715 λόγου
1146 2680 1268 2716 κρίσινῆ
1290 2679 1447 2714 στέργουσα
1471 2676 1520 2703 καὶ
1533 2673 1670 2710 ἀγαπῶσα
1696 2671 1727 2698 τὸ
1743 2668 1837 2704 κριθὲν

1048 2727 1162 2762 ἀγαθὸν,
1179 2726 1196 2762 ἦ
1211 2725 1369 2752 τούναντίον
1388 2723 1538 2758 φεύγουσα.

203 2762 239 2806 iis
255 2762 583 2812 autentqttmintelliguut
598 2782 631 2802 ac
642 2772 746 2801 ratione
756 2777 881 2808 utuntur,
915 2773 1044 2801 voluntas
1080 2781 1128 2801 seu
1151 2773 1280 2805 dilectio;
1296 2779 1358 2806 qua:
1394 2773 1457 2805 post
1486 2767 1601 2796 rationis
1621 2764 1767 2802 judicium,
1793 2762 1836 2788 vel

203 2826 384 2861 avnplxtatnr
397 2833 428 2852 ac
440 2824 543 2858 diligat,
564 2822 636 2858 quod
647 2821 751 2857 judicio
772 2821 874 2849 bonum
887 2821 1031 2856 probatum
1046 2825 1102 2853 est,
1121 2820 1160 2848 vel
1176 2818 1344 2849 contrarium
1363 2819 1484 2852 respuat.

242 2882 296 2921 (Si)
316 2883 390 2913 0.ut.
406 2884 451 2911 57.
