1950 3064
119 151 176 184 ἔθτ

617 158 666 188 DE
685 157 899 189 PRINCIPIIS
920 158 1025 189 FlDEl
1045 161 1275 194 CATHOLICE.

1687 164 1741 196 538

153 207 265 242 Ταύτην
288 207 379 234 τοίνυν
403 209 453 244 τὴν
477 209 608 246 ἀγάπην,
634 212 684 246 τὴν
710 213 765 240 τῶν
790 212 910 246 λογικῶν

997 217 1073 244 Hanc
1091 217 1183 252 itaque
1204 216 1389 249 dilectionem,
1404 224 1465 252 quae
1479 217 1612 246 utentium
1637 218 1740 244 ratione

121 253 254 289 ἰδιότητα,
270 254 355 288 φησὶν
369 252 439 281 εἶναι
468 256 515 282 καὶ
539 257 568 283 ἐν
597 256 636 292 τῷ
661 257 724 292 θείῳ
747 258 804 292 Νῷ.
821 258 907 284 Πόθεν

120 300 177 335 γὰρ
195 299 311 326 ἄλλοθεν
326 297 361 334 ἦν
377 299 411 327 ἂν
426 300 455 327 ὲν
470 301 537 335 ἡμῖν
547 302 579 328 τὸ
595 302 698 336 ἀγαθὸν
713 303 760 329 καὶ
773 303 788 337 ἡ
806 303 909 329 τελειό-

121 346 240 384 τηςκμὴ
259 345 366 372 ικεῖθεν
381 346 484 381 ἥκοντα
502 347 581 382 ἡμῖν,
598 347 627 374 ὲν
639 344 661 381 ᾧ
673 348 748 375 πᾶσα
769 348 908 383 τελειότης

123 391 218 422 ἁπλῶς
233 391 437 428 ὑπεριδρυμένη
455 393 575 426 νοεῖται;
603 394 683 420 Κατὰ
696 394 750 430 γὰρ
765 394 810 421 τὸν
836 394 909 421 θεῖον

124 438 264 465 Διονύσιον
292 439 362 474 (35),
390 439 419 466 αί
447 440 477 466 ὲν
501 441 558 472 τοῖς
583 441 716 473 αἰτιατοτς
740 442 910 477 τελειότητες

123 483 216 518 πολλῷ
230 483 366 519 πρότερόν
382 484 452 511 είσιν
464 485 494 512 ὲν
510 487 568 518 τοῖς
582 486 692 518 αίτίοις.
711 487 772 514 Τῶν
789 488 839 521 μὲν
855 488 910 523 γὰρ

125 527 154 553 ὲν
169 529 236 563 ήμῖν
250 529 345 555 κακῶν
366 529 577 565 (ἔλαττωμάτων
591 531 665 564 λέγω
682 531 731 557 καὶ
752 531 909 567 ἐλλείψεων)

125 573 240 608 οὐδεμία
253 573 329 609 χώρα
343 575 382 610 τῷ
393 575 463 610 Θεῷ,
480 576 535 603 τῶν
559 576 588 603 δὲ
603 577 632 604 ὲν
648 578 716 612 ἡμῖν
732 577 911 612 τελειοτήτων

125 620 174 646 καὶ
192 620 274 647 πάνυ.
288 620 392 648 Αὐτίκα
408 621 422 648 6
445 623 495 657 τῆς
523 622 621 656 σοφίας
634 623 750 658 ὁρισμὸς
779 632 789 649 ι
808 623 911 657 γνῶσις

126 666 207 693 θείων
225 667 272 693 καὶ
286 666 468 702 ἀνθρωπίνων
487 669 657 703 πραγμάτων
668 669 770 697 ἐστίν.)
791 669 834 696 Ἐν
843 670 911 705 ἡμῖν

127 713 179 748 μιν
192 722 234 740 τοι
246 713 349 745 ἀτελῶς
365 714 413 741 καὶ
426 715 620 750 μεταϐατικῶς
635 716 652 750 ἠ
669 715 751 750 σοφία
766 716 910 752 θεωρεῖται

126 759 200 786 κατὰ
213 760 262 795 τὴν
279 761 393 795 δύναμιν
406 759 453 787 τοῦ
468 762 603 796 ἡμετέρου
620 761 679 788 νοῦ·
694 762 749 788 ἀπὸ
763 762 818 797 γὰρ
833 761 911 788 τοῦδε

127 806 175 832 hri.
187 806 247 832 τόδε
263 806 361 840 χωρῶν
385 806 588 840 μεταϐατικῶς,
601 808 650 834 καὶ
665 807 715 834 οὐκ
737 807 846 843 ἀθρόον,
867 807 912 834 διὰ

126 849 182 875 τῶν
204 845 365 885 προτάσεων
382 851 429 877 ἐπὶ
452 851 482 877 τὸ
500 852 689 887 συμπέρασμα
706 853 828 888 καταντᾷ
843 860 849 868 ·
874 851 913 888 τῷ

125 895 156 922 δι
169 896 229 930 Θεῷ
246 897 277 923 τὸ
295 897 345 932 μὲν
359 896 460 930 γνῶσιν
480 895 551 925 εἶναι
568 898 649 926 θείων
663 899 711 925 καὶ
734 899 914 934 ἀνθρωπίνων

128 942 303 976 πραγμάτων
328 943 407 970 τοῦτο
427 943 476 977 τῆς
500 943 598 978 σοφίας
624 943 801 979 ἀνατίθεμεν,
824 944 915 978 πολλῷ

131 986 226 1020 μεῖζον
250 988 298 1014 καὶ
314 987 550 1023 ὑπεροχικώτερον
565 989 613 1016 καὶ
633 989 797 1025 τελεώτερον
811 996 819 1004 ·
836 990 871 1016 τὰ
885 989 914 1016 δὲ

130 1030 160 1057 ἑν
173 1032 241 1066 ἡμῖν
253 1033 287 1067 τῇ
301 1033 383 1067 σοφίᾳ
399 1041 430 1059 συ
435 1033 581 1068 μὸαίνοντα
596 1034 818 1071 ἅπορῤίπτομεν.

166 1161 275 1197 Ὠσπερ
289 1160 337 1188 οὖν
353 1160 432 1194 αὖθις
456 1163 470 1189 ὁ
492 1163 559 1196 Θεὸς
574 1164 654 1191 οὐσία
670 1165 717 1192 καὶ
732 1164 790 1191 ἔστι
808 1165 857 1192 καὶ
871 1164 915 1192 λέ-

129 1215 211 1242 γεται
220 1214 230 1224 ⁸
245 1207 357 1242 λέγεται
374 1208 403 1235 δὲ
418 1209 465 1236 καὶ
477 1209 492 1235 6
505 1209 660 1245 ἄνθρωπος,
672 1212 720 1237 καὶ
735 1211 850 1238 ἕκαστον
862 1211 916 1238 τῶν

129 1253 193 1280 καθ’
216 1253 300 1280 ἑαυτὸ
320 1253 500 1288 ὑφεστώτων·
522 1255 571 1281 καὶ
591 1255 659 1290 ὅπερ
678 1256 729 1290 μὲν
753 1256 803 1291 τῆς
819 1257 917 1288 οὐσίας

130 1298 178 1324 καὶ
192 1297 240 1325 τοῦ
252 1298 315 1326 καθ’
331 1299 414 1326 ἑαυτὸ
426 1299 595 1335 τελειότητος
603 1300 694 1336 ἔχεται
703 1301 793 1337 (τοῦτο
801 1302 829 1329 δέ
842 1302 917 1329 ἐστιν

129 1343 145 1370 6
159 1344 224 1379 ὄρος
237 1344 335 1379 αὐτῆς,
351 1345 380 1376 ὂς
397 1345 455 1372 ιστι
479 1345 598 1381 πρᾶγμα
619 1346 815 1382 αὒθύπαρκτον
833 1347 917 1383 μηδε-

131 1389 177 1420 νὸς
193 1389 289 1424 ἑτέρου
305 1390 376 1425 πρὸς
405 1389 536 1418 σύστασιν
562 1391 700 1427 δεόμενον)
727 1392 806 1419 τοῦτο
824 1393 916 1420 τοίνυν

130 1435 298 1470 ἀνατίθεμιν
317 1435 355 1470 τῷ
370 1435 456 1468 δντως
475 1436 532 1464 δντι
546 1436 625 1473 Θεῷ·
648 1437 679 1464 τὸ
695 1438 724 1465 δὲ
746 1438 798 1465 ὑπὸ
819 1439 916 1474 χρόνον

131 1478 203 1507 εἶναι
216 1482 262 1508 καὶ
275 1481 418 1509 ἀλλοίωσιν
433 1483 479 1509 καὶ
492 1483 607 1519 φθορὰν,
618 1484 691 1518 ἅπερ
706 1484 757 1519 τῆς
770 1484 800 1511 ἐν
811 1485 916 1518 γενέσει

959 263 1110 297 proprietas
1126 262 1244 295 exsistit,
1252 263 1279 290 in
1289 262 1379 290 divina
1389 270 1497 298 quoque
1511 262 1599 290 Mente
1607 263 1739 290 exsistere

958 308 1035 335 dicit.
1051 307 1127 336 Unde
1144 308 1215 336 enim
1233 308 1342 336 aliunde
1358 313 1431 336 esset
1449 309 1477 335 in
1493 309 1572 336 nobis
1589 308 1689 336 bonum
1706 316 1739 335 ac

959 353 1100 388 perfectio,
1116 353 1169 381 nisi
1188 353 1223 381 ad
1240 361 1290 381 nos
1301 361 1333 381 ex
1348 354 1394 381 illo
1407 353 1523 385 veniret,
1538 353 1565 381 in
1580 360 1636 388 quo
1647 355 1738 381 omnis

958 397 1089 433 perfectio
1101 398 1263 434 simpliciter
1271 399 1424 433 eximieque
1434 398 1594 432 intelligitur
1603 398 1740 426 residere?

960 442 996 470 Ut
1015 443 1086 470 enim
1102 448 1198 471 auctor
1218 448 1260 471 est
1278 444 1386 471 divinus
1407 443 1562 479 Dionysius,
1577 450 1638 477 qua:
1651 443 1678 470 in
1697 442 1739 470 el-

960 487 1039 515 l'ectis
1063 487 1242 522 perfectiones
1260 494 1332 520 sunt,
1346 484 1426 524 longe
1451 489 1528 523 prius
1552 488 1687 516 exsistunt
1710 488 1737 514 in

960 532 1061 559 causis.
1076 531 1206 560 Malorum
1230 534 1338 568 quidem
1353 542 1413 568 quae
1427 539 1490 561 sunt
1508 533 1536 560 in
1554 533 1632 561 nobis
1645 532 1741 568 (tiel'e-

961 584 1053 606 ctuum
1068 579 1172 607 scilicet
1185 587 1218 606 ac
1227 579 1364 615 vitiorum)
1376 579 1403 606 iu
1417 579 1474 606 Deo
1488 579 1578 606 nullus
1589 583 1630 606 est
1643 578 1720 605 locus
1732 587 1740 605 :

960 624 1157 660 perfectionum
1183 633 1248 652 vero
1273 625 1296 653 si
1321 633 1382 660 quae
1408 625 1488 652 nobis
1512 627 1682 659 competunt,
1699 623 1741 650 vel

962 670 1089 698 maxime.
1102 670 1235 698 Nimirum
1247 671 1391 705 Sapientiae
1404 670 1528 697 deﬁnitio
1538 674 1590 700 est,
1609 679 1618 695 ι
1634 669 1744 696 Divina-

962 723 1023 742 rum
1042 717 1275 750 ltumanarumque
1294 723 1382 743 rerum
1394 716 1539 750 cognitio.»
1549 714 1611 742 Haec
1621 722 1702 749 porro
1715 714 1742 741 in

962 761 1041 788 nobis
1051 760 1208 795 imperfecte
1217 764 1317 788 etcum
1326 761 1450 788 discursu
1463 764 1591 794 motuque
1605 768 1636 786 ex
1648 767 1703 787 uno
1715 759 1742 786 in

963 806 1046 839 aliud,
1063 813 1112 840 pro
1127 805 1226 834 mentis
1239 811 1342 833 nostra;
1357 806 1494 837 facultate,
1508 805 1685 840 conspicitur.
1702 804 1744 831 Ab

929 871 950 899 Β
965 851 1016 879 hoc
1025 852 1097 879 cnim
1115 851 1147 879 ad
1164 851 1229 878 illud
1242 851 1404 886 proceditac
1416 851 1525 883 transit,
1537 859 1589 878 nec
1602 850 1743 878 confestim

964 905 1012 932 per
1026 897 1179 932 praemissas
1190 898 1223 924 ad
1235 897 1435 925 conclusionem
1447 897 1564 927 devenit.
1578 896 1631 924 Deo
1643 901 1745 929 autem.

965 943 996 970 ad
1010 943 1169 977 sapientiam
1182 943 1254 977 quod
1268 942 1375 975 attinet,
1392 950 1476 970 unum
1496 943 1548 970 ltcc
1569 942 1744 973 ascribimus,

964 988 1035 1022 quod
1044 994 1085 1016 est
1096 989 1250 1016 divinarum
1262 989 1499 1023 humanarumque
1512 995 1602 1015 rerum
1615 987 1746 1022 cognitio,

964 1035 1045 1070 longe
1071 1042 1138 1062 sane
1167 1034 1253 1069 magis
1278 1034 1510 1068 excellentiusque
1535 1041 1565 1061 ac
1579 1033 1747 1068 perfectius;

960 1086 1025 1114 ‘qua‘,
1035 1087 1099 1107 vero
1115 1079 1141 1106 in
1167 1079 1246 1107 nobis
1267 1079 1407 1114 sapientiae.
1421 1078 1559 1110 accidunt,
1579 1078 1637 1105 haec
1663 1078 1748 1118 proii-

964 1125 1062 1152 citntts.
1087 1159 1090 1162 Ι

999 1171 1231 1204 Quemadmodum
1244 1171 1325 1206 igitur
1337 1179 1432 1199 rursus
1445 1171 1516 1199 Deus
1527 1175 1554 1199 et
1568 1174 1608 1198 cst
1620 1170 1748 1198 substan-

967 1218 1004 1244 tia
1023 1222 1050 1244 et
1060 1220 1251 1251 nuncupatur;
1271 1219 1443 1250 nuncupatur
1465 1223 1530 1244 vero
1555 1215 1635 1243 etiam
1653 1215 1748 1248 homo.

965 1269 997 1290 ac
1011 1261 1142 1297 quidquid
1157 1262 1183 1289 in
1200 1262 1280 1290 rebus
1293 1269 1339 1296 per
1356 1269 1385 1289 se
1399 1261 1535 1289 exsistens
1549 1265 1600 1288 est.
1611 1259 1748 1295 Quidquid

966 1314 1032 1335 vero
1049 1306 1221 1338 substantiae,
1235 1313 1267 1333 ac
1281 1306 1341 1340 ejus
1355 1306 1426 1340 quod
1445 1309 1488 1333 est
1503 1312 1550 1340 per
1559 1312 1588 1332 se
1607 1312 1678 1336 esse,
1687 1311 1749 1339 per-

967 1351 1092 1380 lectionis
1107 1355 1148 1379 est
1165 1351 1237 1386 (qua:
1254 1351 1385 1378 nimirum
1404 1350 1460 1384 ipsa
1483 1350 1542 1384 ejus
1557 1350 1682 1377 deﬁnitio
1696 1354 1748 1382 est,

967 1406 1010 1426 res
1022 1397 1127 1426 scilicet
1138 1405 1186 1432 per
1197 1404 1227 1424 se
1236 1397 1383 1429 exsistens,
1395 1404 1455 1431 qua:
1470 1400 1499 1423 ut
1516 1395 1659 1428 consistat,
1674 1395 1750 1422 nullo

966 1448 1096 1480 praeterea
1118 1443 1217 1479 egeat).
1235 1442 1287 1470 hoc
1307 1442 1401 1476 utique
1417 1442 1454 1474 ei,
1475 1441 1522 1476 qui
1537 1448 1600 1468 vere
1626 1445 1678 1473 est,
1695 1440 1750 1468 Deo

966 1491 1124 1519 tribuimus.
1136 1490 1214 1524 Quod
1227 1495 1270 1518 est
1283 1497 1348 1517 vero
1360 1489 1508 1516 obnoxium
1521 1496 1581 1516 esse
1596 1488 1711 1523 tempori
1723 1493 1752 1516 et

133 1528 184 1554 καὶ
199 1528 289 1563 φθορᾷ
313 1527 379 1564 ὕλης
396 1528 565 1556 καθεστᾶσιν
594 1529 661 1562 ίόια,
682 1530 821 1562 παντελῶς
847 1529 915 1556 Θεοῦ

969 1536 1113 1565 mutationi
1129 1541 1157 1564 et
1171 1535 1351 1570 corruptioni,
1377 1542 1438 1570 quae
1454 1539 1518 1562 sunt
1541 1534 1651 1569 propria
1666 1538 1752 1562 mate-

131 1574 324 1610 ἁφαιροῦμεν·
340 1575 472 1606 ὡσαύτως
488 1575 536 1602 καὶ
551 1576 597 1602 ἐπὶ
614 1576 782 1611 άγαθότητος
796 1576 852 1612 ἔχει
868 1575 917 1604 καὶ

133 1620 322 1655 δικαιοσύνης,
335 1621 382 1647 καὶ
398 1620 454 1647 τῶν
473 1621 572 1650 ἄλλων.

172 1708 205 1735 Et
216 1709 245 1735 δὲ
260 1708 339 1736 τοῦτο
351 1708 425 1743 λέγει
440 1719 482 1742 τις
495 1710 546 1737 οὐκ
559 1710 648 1746 ὀρθῶς
663 1711 748 1748 ἔχειν,
762 1712 855 1740 λοιπὸν
865 1713 916 1749 ἁρ-

133 1754 245 1787 μόσειεν
261 1753 294 1781 ἂν
319 1755 390 1782 κατά
409 1755 456 1782 τὸν
486 1756 591 1784 ἐκείνου
610 1757 690 1792 λόγον
716 1758 787 1794 μήτε
810 1758 916 1792 οὐσίαν,

134 1801 204 1835 μήτε
223 1801 316 1835 σοφὸν,
333 1801 403 1836 μήτε
415 1801 516 1836 ἀγαθὸν
529 1801 620 1837 λέγειν
633 1801 765 1831 alvu-Iov
777 1804 854 1837 Θεὸν,
872 1804 916 1831 ἵνα

135 1847 174 1882 μὴ
191 1846 312 1881 δόξωμεν
335 1848 396 1879 ταῖς
423 1848 610 1884 ἀνθρωπίναις
627 1849 675 1875 τὸν
692 1849 759 1876 Θεὸν
777 1858 917 1885 προσηγο-

134 1892 209 1926 ρίαις
224 1893 308 1928 τιμᾷν
317 1900 324 1908 ο
339 1893 408 1928 ὅπερ
421 1892 534 1920 ἄτοπον.
547 1894 643 1922 Καίτοι
657 1894 756 1930 ἀληθὲς
767 1896 866 1928 εἰπεῖν,
880 1896 918 1927 ὡς

133 1938 276 1973 ελέγομιν,
292 1939 334 1965 ὅτι
349 1939 363 1965 6
379 1938 445 1970 Θεὸς
466 1938 528 1966 οὒτε
553 1939 614 1974 φῶς
640 1940 713 1966 ἔστιν
736 1939 798 1966 οὔτε
820 1940 918 1972 σκότος

134 1984 203 2020 (36),
221 1985 283 2012 οὔτε
298 1985 346 2018 νὺξ
361 1984 424 2012 οὔτε
451 1986 552 2020 ἡμέρα,
569 1986 632 2013 οὕτε
647 1987 708 2013 τόδε
722 1987 739 2022 ἢ
756 1987 816 2014 τόδε
826 1994 834 2002 ·
859 1987 920 2014 ἀλλ’

133 2031 183 2065 οὐχ
197 2030 236 2062 ὡς
248 2030 278 2057 τὸ
296 2030 411 2066 μηδαμῆ
429 2032 563 2066 μηδαμῶς
579 2031 619 2064 ὃν,
636 2031 694 2058 ἀλλ’
717 2032 759 2059 ὅτι
785 2033 836 2060 οὐκ
858 2033 918 2060 ἔστι

135 2075 260 2102 τοιοῦτον
273 2073 330 2103 οἷον
347 2076 429 2111 ἡμεϊς
454 2077 526 2103 κατὰ
549 2076 694 2112 διαφόρους
718 2078 842 2110 ἐπινοίας
864 2079 920 2106 ἀπὸ

135 2121 319 2157 διαφερόντων
326 2122 466 2157 ὀνομάτων
478 2123 656 2158 ὑπονοοῦμεν,
665 2122 800 2159 ἀλλ’ὑπὲρ
810 2125 919 2152 ἅπαντα

135 2166 171 2192 τὰ
186 2166 251 2194 δντα
266 2166 438 2202 ἁσυγκρίτως
453 2166 494 2194 δν.

171 2299 250 2328 Κατὰ
264 2299 311 2327 τὸν
325 2299 409 2328 αὐτὸν
424 2300 516 2327 τοίνυν
529 2301 640 2337 τρόπον,
658 2303 674 2337 ἡ
696 2302 791 2337 ἀγάπη
809 2302 921 2337 λέγεται

137 2347 187 2382 μὶν
204 2347 251 2374 ἐπὶ
264 2346 344 2378 Θεοῦ,
361 2347 472 2381 λέγεται
488 2348 516 2374 δὲ
536 2349 584 2375 καὶ
597 2349 639 2383 ἐφ’
657 2349 737 2383 ἡμῶν
751 2349 811 2376 κατ’
829 2350 922 2377 εἰκόνα

135 2393 253 2420 ἐκείνου.
277 2392 347 2419 Ἀλλ’
358 2393 439 2428 ἡμῶν
455 2393 504 2428 μὲν
518 2394 615 2420 ἄπεστι
631 2394 763 2426 πολλάκις
778 2395 878 2427 ικεῖνο,
888 2391 919 2422 οὗ

136 2437 169 2464 ἂν
183 2438 370 2473 ἐρασθείημεν
383 2446 390 2454 ·
417 2439 550 2471 πολλάκις
566 2440 593 2466 δὲ
614 2441 661 2467 καὶ
677 2440 780 2474 φαῦλος
795 2440 865 2475 ἔρως
889 2441 919 2467 ὲν

136 2482 203 2516 ἡμῖν
220 2482 338 2516 γίνεται,
356 2483 451 2518 φαύλῳ
467 2484 656 2519 προαγόμενος
669 2484 740 2519 λόγῳ
751 2492 758 2500 ·
770 2484 809 2519 τῷ
822 2485 850 2511 δὲ
861 2484 920 2520 Θεῷ

134 2527 212 2554 οὐδὲν
225 2528 330 2562 ἀγαθὸν
346 2529 473 2561 ἄπεστιν,
486 2526 517 2556 οὗ
533 2529 566 2556 ἂν
580 2529 710 2566 ἐρασθείη
727 2538 734 2546 ³
753 2531 848 2566 διόπερ
867 2531 921 2557 οὐδ’

134 2574 228 2607 Esset;
247 2573 291 2599 ἐπ’
303 2574 377 2608 αὐτῷ
392 2574 503 2608 λέγεται
515 2582 523 2590 ⁸
549 2575 607 2602 ἀλλ’
621 2575 718 2611 ὥσπερ
731 2576 813 2608 αὐτὸς
828 2577 919 2612 ἑαυτῷ

135 2618 194 2645 ἐστι
207 2619 311 2654 νοητὸν,
324 2619 384 2651 ὤςό
397 2620 578 2654 Δαμασκηνὸς
589 2621 686 2656 φησὶν,
700 2629 711 2647 ι
735 2621 765 2648 '0
782 2621 848 2654 Θεὸς
860 2622 919 2648 νοεῖ

135 2664 230 2691 ἑαυτὸν
246 2665 278 2691 εκ
287 2665 337 2699 τῆς
355 2665 492 2700 μακαρίας
505 2666 599 2698 οὐσίας
619 2666 714 2693 αὑτοῦ·
738 2676 748 2693 ι
764 2667 798 2703 ῆν
810 2668 843 2702 δὴ
856 2669 919 2703 νόη-

136 2718 178 2736 σιν
194 2710 241 2736 καὶ
258 2711 272 2736 6
284 2710 416 2744 Θεολόγος
443 2711 594 2746 Γρηγόριος
620 2712 817 2747 αἰνιττόμενος,
835 2722 844 2739 ι
867 2715 919 2741 Κι-

138 2755 241 2782 νιῖσθαι
264 2765 273 2781 ι
291 2755 366 2790 λέγει
381 2765 391 2782 ι
410 2757 506 2784 ἑαυτὸν
519 2759 552 2793 τῇ
569 2758 667 2786 ἑαυτοῦ
683 2758 796 2795 θεωρίᾳ·
814 2768 823 2786 ι
842 2760 888 2787 καὶ
902 2761 917 2787 6

177 2846 232 2881 (35)
247 2846 281 2875 De
296 2847 376 2876 divin.
390 2857 460 2877 nom.
478 2856 502 2877 ε.
518 2848 545 2877 9.
561 2849 574 2885 §
590 2849 617 2878 θ.

971 1583 1029 1614 τίω.
1043 1590 1103 1617 qute
1121 1582 1178 1617 ipsa
1195 1586 1272 1609 ortus
1289 1589 1321 1608 ac
1337 1580 1464 1608 interitus
1476 1580 1692 1607 \‘icissitudittcm
1710 1580 1752 1608 af-

971 1629 1051 1661 ferat,
1065 1627 1178 1655 omnino
1192 1635 1207 1654 a
1227 1626 1281 1654 Deo
1298 1633 1481 1654 removentes.
1499 1625 1656 1660 Eodemque
1670 1626 1752 1654 modo

971 1683 1001 1703 se
1010 1682 1053 1702 res
1064 1674 1092 1701 in
1103 1673 1223 1701 bonitate
1238 1678 1264 1700 et
1273 1672 1377 1707 iustitia
1386 1679 1418 1699 ae
1430 1671 1544 1707 reliquis
1559 1671 1651 1699 habet.

1010 1719 1058 1746 Sin
1074 1725 1138 1745 vero
1157 1717 1218 1752 quis
1235 1716 1262 1743 id
1278 1717 1351 1751 quod
1371 1716 1490 1744 dicimus
1516 1716 1662 1751 improbet,
1678 1723 1710 1744 ac
1725 1724 1755 1744 sc

972 1767 1046 1791 recte
1061 1761 1159 1788 habere
1182 1764 1272 1795 neget,
1291 1760 1370 1795 plane
1386 1767 1419 1787 ex
1441 1759 1502 1795 ejus
1527 1760 1662 1788 sententia
1687 1767 1755 1788 con-

972 1809 1061 1841 gruat.
1076 1808 1106 1832 ut
1117 1804 1242 1832 dicamus
1255 1803 1340 1830 Deum
1355 1810 1442 1838 neque
1456 1803 1652 1836 substantiam,
1669 1812 1757 1839 neque

972 1850 1134 1885 sapientem,
1147 1856 1234 1884 neque
1251 1849 1352 1876 bonum
1367 1855 1428 1876 esse
1442 1857 1449 1881 ;
1465 1855 1498 1876 ne
1509 1849 1615 1876 scilicet
1629 1849 1757 1877 humanis

973 1894 1200 1930 appellationibus
1223 1893 1365 1920 videamur
1384 1894 1473 1928 ipsum
1502 1893 1660 1925 honorare;
1681 1893 1755 1929 quod

972 1940 1122 1968 absurdum
1152 1944 1204 1967 est.
1219 1938 1380 1974 Quanquam
1410 1938 1483 1966 istud
1508 1938 1601 1966 verum
1617 1938 1693 1966 dictu
1714 1944 1757 1967 est

973 1985 1057 2022 (quod
1069 1991 1165 2019 nempe
1181 1977 1349 2019 dicebamus)
1366 1984 1450 2012 Deum
1463 1991 1550 2019 neque
1560 1983 1649 2011 lucem
1666 1991 1755 2019 neque

973 2032 1098 2058 tenebras
1112 2037 1194 2064 esse;
1214 2037 1264 2058 nec
1283 2033 1390 2057 noctem
1417 2037 1467 2057 nec
1484 2029 1568 2062 diem,
1594 2037 1684 2065 neque
1703 2030 1757 2058 hoc

973 2075 1085 2108 illudve,
1108 2082 1163 2102 non
1183 2074 1256 2102 velut
1271 2074 1297 2102 id
1320 2074 1392 2110 quod
1409 2082 1546 2109 nusquam
1575 2082 1688 2110 prorsus
1703 2079 1756 2106 est,

974 2119 1022 2149 sed
1035 2120 1101 2156 quia
1115 2128 1168 2148 non
1184 2119 1319 2154 ejusmodi
1334 2123 1386 2152 est,
1403 2120 1483 2154 quale
1501 2126 1549 2147 nos
1563 2127 1611 2154 per
1636 2120 1756 2157 diversos

974 2169 1123 2200 conceptus
1140 2173 1174 2193 ex
1191 2164 1308 2192 diversis
1331 2164 1490 2192 nominibus
1514 2169 1605 2192 mente
1625 2164 1756 2192 informa-

974 2217 1035 2238 mus
1050 2217 1082 2237 ac
1096 2209 1286 2245 intelligimus;
1302 2209 1348 2236 sed
1374 2216 1456 2244 supra
1470 2217 1551 2237 omne
1569 2209 1700 2245 quidquid
1716 2215 1758 2238 est

970 2257 1038 2285 citra
1050 2263 1158 2284 omnem
1170 2255 1401 2291 comparationem
1418 2255 1529 2284 eminet.

1004 2301 1107 2330 Eodem
1127 2301 1219 2337 itaque
1244 2301 1326 2329 modo
1356 2301 1456 2329 dicitur
1471 2301 1581 2336 quidem
1604 2303 1630 2330 in
1647 2302 1702 2330 Deo
1717 2302 1758 2330 di-

970 2347 1061 2380 lectio,
1079 2347 1180 2375 dicitur
1194 2354 1258 2375 vero
1271 2352 1299 2375 et
1315 2347 1343 2375 in
1367 2347 1446 2375 nobis
1464 2348 1496 2375 ad
1521 2348 1580 2383 ejus
1599 2348 1755 2384 imaginem.

969 2394 1070 2422 Verum
1092 2393 1170 2421 abest
1191 2393 1353 2428 plerumque
1368 2400 1383 2420 a
1397 2393 1478 2421 nobis
1498 2393 1536 2426 id,
1566 2393 1646 2428 cujus
1663 2401 1757 2422 amore

968 2439 1118 2473 allicimur;
1148 2446 1198 2467 nec
1214 2446 1278 2466 raro
1298 2439 1379 2466 etiam
1396 2439 1424 2466 in
1441 2439 1519 2467 nobis
1547 2446 1648 2474 pravus
1665 2447 1754 2471 amor,

969 2492 1053 2521 prava
1080 2484 1164 2512 animi
1195 2485 1302 2512 ratione
1328 2489 1450 2519 parente,
1474 2484 1571 2512 oritur.
1592 2485 1645 2512 Deo
1665 2489 1756 2512 autent

970 2531 1076 2559 nullum
1091 2531 1170 2559 abest
1194 2531 1309 2564 bonum,
1321 2531 1505 2566 quodcunque
1515 2531 1647 2558 amaverit
1660 2540 1668 2565 ;
1687 2531 1759 2558 unde

973 2585 1025 2605 nec
1034 2577 1182 2613 cupiditas,
1205 2585 1254 2605 seu
1271 2577 1448 2610 desiderium,
1463 2577 1496 2604 de
1511 2577 1558 2604 illo
1574 2576 1693 2610 dicitur;
1708 2577 1757 2604 sed

973 2623 1045 2651 sicut
1058 2624 1116 2658 ipse
1130 2623 1181 2651 sibi
1193 2627 1236 2651 est
1250 2622 1324 2658 quod
1340 2622 1509 2658 intelligitur,
1523 2625 1553 2649 ut
1563 2622 1602 2649 ait
1615 2622 1758 2650 Damasce-

973 2676 1042 2695 nus:
1066 2668 1153 2694 (Deus
1168 2668 1226 2702 ipse
1239 2667 1356 2702 seipsutn
1375 2676 1408 2695 ex
1420 2667 1498 2695 beata
1519 2667 1638 2695 essentia
1652 2674 1700 2694 sua
1715 2666 1758 2694 in-

973 2714 1089 2749 telligit;
1106 2723 1116 2739 ι
1131 2721 1212 2748 quatn
1228 2713 1313 2747 ipsam
1330 2713 1543 2742 intcllectionem
1563 2713 1679 2740 innuens
1694 2712 1759 2740 Gre-

970 2760 1065 2796 gorius
1075 2759 1231 2794 Tlieologus
1244 2779 1252 2793 ,
1269 2759 1387 2788 «Μονοτὶ
1401 2767 1464 2789 eum
1476 2760 1515 2788 ait
1535 2760 1562 2788 in
1577 2759 1679 2795 seipse,
1692 2767 1759 2787 eon-

1003 2849 1059 2885 (56)
1073 2849 1196 2886 Demyst.
1214 2847 1302 2877 ΤΙιεοΙ.
1315 2856 1330 2877 c
1360 2849 1384 2876 l.
