1950 3064
205 132 259 164 539

833 134 1032 165 MANUELIS
1043 135 1196 165 CALEC/E

1783 136 1852 166 εεο

204 187 409 222 ιθπιρΙοῑῐοιιθς»
422 186 531 214 divinus
545 193 652 221 quoque
665 186 822 223 Dionysius.
833 197 842 213 ι
856 188 902 216 Sic
916 189 980 216 enin

1041 188 1113 220 θεῖος
1128 188 1278 220 Διονύσιος,
1298 198 1307 214 ι
1329 188 1407 215 Οὕτω
1423 189 1476 224 γὰρ
1498 188 1531 216 ἂν
1547 188 1679 224 οεώμενοι
1695 190 1849 225 σεφθείη-

203 234 326 260 videntes
343 233 509 260 coluerimus
535 231 638 260 fontem
658 234 719 260 vita)
744 234 866 268 seipsum
893 234 987 262 effutt-

203 278 320 308 dentem,
344 277 426 311 inque
437 278 526 311 seipse
539 279 744 309 consistentem.
757 287 893 313 unamque
903 288 988 314 quan-

203 324 263 350 dam
279 324 426 357 potentiam
450 324 613 358 simplicem,
631 332 645 352 a
660 332 689 352 se
705 325 840 358 mobilem,
857 333 872 352 a
890 333 919 353 se
930 326 985 353 em-

203 376 306 400 carem,
319 376 348 396 se
364 376 418 396 non
432 369 623 402 deserentem;
646 367 849 398 sed‘srientiam
864 371 987 398 scientiis

202 413 331 441 omnibus
343 414 522 445 eminentem,
537 422 698 450 semperque
707 415 794 449 ipsam
811 424 857 450 per
869 417 986 450 seipsam

201 465 262 485 sese
287 462 473 486 contuentem.
491 468 500 484 ι
521 458 568 486 Vel
588 460 682 491 etiam,
703 460 742 487 uti
768 460 874 488 beatum
894 461 986 490 Hiero—

201 505 294 531 tlteum
317 505 422 532 inducit
446 505 498 531 hoc
514 506 602 540 ipsum
619 506 764 536 dicentem.
786 511 868 541 atque
887 509 987 536 adden-

201 553 275 575 tem:
297 549 362 581 «Qui
381 557 414 577 ex
433 550 522 584 seipse
548 555 573 577 et
589 559 637 585 per
656 552 776 586 seipsum
803 561 834 580 ac
853 553 879 580 in
896 555 986 587 seipso

200 595 272 622 velut
294 597 481 630 eonvolv‘atur,
512 606 673 633 semperque
700 599 726 626 in
743 600 862 635 seipsum
888 602 984 629 eodem

199 641 281 668 modo
292 647 440 670 vertatur.»

236 688 468 720 Quemadmodum
481 692 562 726 igitur
577 693 635 728 ipse
649 693 700 721 sibi
713 701 756 721 res
771 698 812 721 est
827 701 888 728 qum
903 694 986 721 intcl-

199 735 307 769 ligatur,
324 737 363 762 sic
377 741 403 763 et
416 737 468 763 sibi
485 746 528 765 res
537 743 578 765 est
593 747 653 772 qua:
672 745 787 766 ametur.
804 740 984 774 Quandoqui-

199 783 259 808 dem
272 782 344 809 enim
359 783 479 810 Joannes
493 784 665 817 Evangelista
684 787 729 813 Dei
744 787 844 814 Filium
862 792 903 814 ter
918 787 984 814 Ver—

199 828 263 854 bum
291 829 436 862 appellnrit
460 830 505 861 ";
536 829 655 858 Verbum
686 836 776 858 autem
805 831 923 859 refertur
949 833 981 859 ad

1042 245 1092 272 μεν
1108 237 1199 271 πηγὴν
1214 236 1286 270 ζωῆς
1303 236 1403 271 ἑαυτὴν
1426 236 1561 272 χεομένην
1586 237 1634 263 καὶ
1659 237 1702 271 ἐφ’
1723 237 1848 272 ἑαυτῆς

1039 283 1163 310 ἑστῶσαν
1178 283 1304 318 ὁρῶντες,
1319 283 1365 309 καὶ
1378 284 1442 317 μίαν
1456 283 1516 310 τινά
1527 291 1594 317 φησι
1606 284 1721 318 δύναμιν
1735 284 1844 318 ἁπλῆν

1040 329 1228 364 αὐτοκίνητον,
1244 329 1454 364 αὒτενὲργητον,
1471 329 1573 362 ἑαυτὴν
1588 328 1638 355 οὐκ
1659 329 1843 355 ἀπολεῖπου-

1039 382 1105 402 σαν·
1127 375 1197 401 ἀλλὰ
1224 375 1325 409 γνῶσιν
1349 375 1445 401 πασῶν
1469 375 1660 409 ὑπερέχουσαν
1682 376 1839 408 γνῶσεων,

1037 421 1086 447 καὶ
1100 421 1143 447 ἀεὶ
1160 421 1193 446 δι’
1208 420 1308 453 ἑαυτῆς
1325 420 1475 455 θεωμένην·
1500 429 1509 446 ι
1529 421 1544 453 ῆ
1561 421 1620 450 καὶ.
1633 420 1671 451 ὡς
1689 421 1735 446 τὸν
1751 420 1839 446 οεῖον

1037 466 1157 500 παράγει
1177 466 1307 499 Ἰερόθεον
1321 466 1375 500 (57)
1389 465 1419 492 τὺ
1435 466 1500 492 αὐτο
1513 466 1651 499 φάσκοντα
1668 466 1716 492 xxi.
1734 474 1837 499 προσ-

1037 512 1156 542 τιοέντα,
1172 520 1183 537 ι
1213 511 1258 541 Ἐξ
1292 512 1392 544 ἑαυτῆς
1409 511 1443 538 δι’
1460 512 1560 546 ἑαυτῆς
1581 513 1628 538 καὶ
1653 512 1695 546 ἐφ’
1720 511 1840 546 ἑαυτῆς

1036 557 1255 589 ἀνακυκλοῦσαν,
1271 557 1318 583 καὶ
1335 557 1375 588 εις
1390 557 1489 593 ἑαυτὴν
1504 557 1547 584 ἀεὶ
1560 557 1666 590 ταυτῶς
1681 557 1836 584 ἀνελιττο-

1037 603 1132 637 μένην.
1152 611 1161 628 ι

1071 694 1176 728 ’Ὠσπερ
1191 693 1280 719 τοίνυν
1296 693 1386 728 ἐαυτῷ
1402 693 1460 720 ἐστι
1474 692 1582 728 νοητὸν,
1597 693 1725 720 οὕτωκαὶ
1739 692 1836 725 αὐτὸς

1035 739 1124 773 ἑαυτῷ
1141 739 1215 765 ἐστιν
1241 738 1366 771 ὲραστόν.
1399 739 1476 764 Ἐπεὶ
1500 738 1552 771 γὰρ
1576 738 1590 764 6
1616 739 1836 773 Εὐαγγελιστὴς

1041 785 1168 819 Ἰωάννης
1182 784 1302 818 τρισσῶς
1318 784 1364 810 τὸν
1380 784 1428 810 τοῦ
1445 783 1514 810 Θεοῦ
1532 785 1597 811 Υἱὸν
1618 784 1711 821 Αόγον
1735 783 1833 818 εἶπεν,

1034 832 1047 857 6
1061 831 1088 857 δὲ
1106 831 1192 863 Λόγος
1207 830 1276 863 πρὸς
1295 829 1341 856 τὸν
1356 830 1419 856 νοῦν
1444 832 1634 866 ἀναφέρεται·
1651 831 1706 858 τῶν
1722 831 1780 864 γὰρ
1802 832 1834 857 ὲν

199 877 315 900 mentem
330 882 336 905 ;
356 879 398 901 est
415 875 486 901 enim
502 883 531 902 ex
549 876 582 903 iis
597 885 656 910 quae
669 877 830 904 relationem
844 878 945 905 habent
956 883 980 905 cl

1036 877 1129 911 σχέσει
1143 876 1202 903 ἐστὶ
1220 876 1267 902 καὶ
1289 875 1357 910 πρός
1376 885 1401 902 τι
1416 885 1424 893 ο
1453 877 1501 904 καὶ
1521 876 1607 910 Λόγος
1633 876 1745 910 λέγεται
1777 877 1832 903 καὶ

198 919 303 946 suntad
318 920 441 954 aliquid;
458 920 575 948 Verbum
596 931 712 957 namque
724 923 769 951 Dei
787 923 888 951 dicitur
902 928 983 958 atque

198 970 250 992 (εει.
268 965 368 993 Omnes
385 967 458 993 enim
473 966 516 993 Dei
534 966 654 995 Verbum
683 969 855 996 concorditer
884 969 981 997 Filium

198 1011 347 1044 credimus,
359 1014 568 1048 necessarioque
584 1016 615 1041 all
634 1015 709 1042 illurn
724 1022 909 1050 comparatur,
924 1023 984 1044 tan-

198 1065 279 1090 quam
301 1057 416 1085 Verbum
436 1059 468 1085 ad
486 1065 614 1091 mentem.
635 1061 734 1095 illeque
751 1062 784 1088 ad
798 1062 908 1094 Filium,
924 1067 984 1090 tan-

197 1111 278 1136 quam
305 1111 380 1131 mens
403 1105 436 1131 ad
470 1105 596 1133 Verbum.
624 1106 681 1133 Non
698 1108 770 1134 enim
799 1109 909 1135 nomina
926 1109 983 1135 haec

197 1148 283 1182 (luens
296 1157 328 1177 ac
343 1149 474 1184 Verbum)
487 1158 519 1178 ex
536 1151 654 1178 humano
667 1160 716 1180 usu
731 1158 884 1188 assumpta.
899 1155 980 1182 etiam

196 1194 223 1220 in
241 1195 324 1221 Deum
351 1196 481 1223 translata
500 1202 575 1228 sunt,
595 1197 669 1224 velut
688 1199 846 1232 margarita.
883 1207 980 1234 agnus,

195 1240 247 1270 sol,
264 1240 369 1274 aliaque
383 1240 514 1273 ejusmodi
531 1242 540 1277 (
555 1249 614 1276 quae
629 1243 688 1276 ipsa
711 1251 773 1270 vere
788 1248 815 1271 et
830 1245 981 1272 secundum

194 1286 339 1312 essentiam
356 1294 432 1313 suam
444 1289 514 1321 apud
531 1296 580 1315 nos
593 1293 711 1320 evstcnt,
728 1298 759 1317 ac
777 1290 894 1325 quadam
909 1291 982 1319 simi-

195 1331 310 1358 litudine
327 1333 409 1359 etiam
434 1334 617 1367 praedicentur
632 1335 665 1362 de
684 1335 760 1371 Deo),
779 1337 826 1364 sed
853 1338 982 1365 substan-

195 1377 295 1403 tialiler
308 1379 472 1412 proprieque
484 1386 516 1405 ae
529 1380 712 1413 excellenter;
728 1389 761 1408 ac
775 1382 815 1409 vel
831 1383 854 1410 si
876 1382 980 1410 nullum

195 1421 222 1448 in
238 1421 395 1449 hominibus
420 1423 532 1450 verbum
551 1428 670 1451 exstaret
683 1429 729 1451 aut
746 1434 833 1458 mens,
860 1427 981 1461 quiuimo

195 1467 246 1492 etsi
263 1467 288 1493 in
308 1467 406 1494 creatis
429 1476 463 1495 ne
481 1469 522 1495 vel
541 1478 624 1497 unum
642 1471 877 1506 essetiutelligens
893 1480 924 1499 ac
937 1481 979 1500 ra-

194 1513 277 1540 tionis
295 1513 423 1541 facultate
448 1514 592 1547 praditum
610 1516 669 1549 (seu
691 1517 837 1552 sermonis)
852 1525 884 1545 ex
901 1518 980 1553 cujus

194 1559 376 1586 similitudine
405 1559 523 1587 Verbum
554 1562 688 1589 nominari
713 1563 823 1590 deberet
840 1573 848 1590 :
864 1564 978 1591 verbum
994 1550 1014 1576 ϐ

193 1605 267 1631 enim
282 1609 386 1632 naturae
402 1606 578 1641 inlclligentis
594 1608 725 1641 perfectio
741 1613 792 1635 est.
810 1609 879 1642 Quia
897 1610 979 1645 igitur

194 1658 257 1676 vera
270 1651 296 1677 in
318 1651 372 1678 Deo
398 1659 474 1678 metts
502 1657 553 1684 est.
572 1652 690 1680 Verbum
706 1654 787 1681 etiam
806 1663 900 1682 verum
926 1660 979 1687 est.

193 1695 328 1730 longeque
346 1697 400 1724 illic
427 1698 502 1731 prius
526 1699 767 1733 excellentiusque,
786 1701 866 1726 modo
883 1700 979 1728 dunta-

194 1745 239 1767 xat
251 1748 342 1768 veram
360 1742 388 1769 in
407 1742 460 1769 Deo
477 1748 594 1770 mentem
608 1752 759 1779 verumque
776 1745 894 1773 Verbum
912 1754 977 1773 con~

195 1787 339 1820 flleamur;
359 1788 431 1822 qttod
447 1789 565 1817 maxime
580 1790 766 1817 necessarium
781 1795 832 1822 est,
849 1796 930 1826 atque
946 1792 978 1820 iis

192 1841 253 1864 qua:
266 1833 430 1870 intelligunt.
449 1840 568 1870 suntque
592 1837 701 1871 praedita
720 1837 848 1865 facultate
861 1838 976 1865 rationis

192 1886 223 1905 ac
239 1879 383 1910 sermonis.
413 1886 507 1908 natura
522 1889 624 1911 comes.
644 1882 762 1917 ltuicque
779 1888 908 1917 praeterea
926 1891 972 1910 nc-

1035 923 1155 950 ἔστιντοῦ
1166 923 1234 950 Θεοῦ
1249 932 1257 940 ·
1271 924 1357 958 Λόγον
1373 923 1426 958 γὰρ
1439 923 1486 950 τοῦ
1500 923 1568 949 Θεοῦ
1585 922 1684 954 πάντες
1695 923 1742 949 τὸν
1758 922 1831 949 Υἱδν

1034 969 1192 1003 όμοφρὸνως
1217 969 1394 1004 πιστεύομεν,
1411 969 1458 995 καὶ
1473 968 1630 1002 ἀναγκαίως
1646 968 1830 1002 παραϐάλλε-

1033 1022 1077 1039 ται
1105 1013 1174 1047 πρὸς
1198 1014 1313 1046 ἐκεῖνον,
1338 1014 1377 1044 ὡς
1401 1014 1480 1047 λόγος
1508 1013 1576 1048 πρὸς
1596 1013 1670 1044 νοῦν,
1693 1013 1829 1044 κάκεῖνος

1034 1059 1100 1094 πρὸς
1115 1060 1161 1086 τὸν
1177 1060 1253 1092 Υἱδν,
1269 1059 1306 1091 ὡς
1321 1060 1385 1091 νοῦς
1398 1060 1467 1094 προς
1480 1059 1569 1093 λόγον.
1582 1060 1619 1086 Οὐ
1630 1059 1685 1094 γὰρ
1700 1060 1756 1086 ἀπὸ
1768 1059 1828 1087 τῶν

1034 1105 1095 1132 καθ’
1110 1107 1183 1140 ἡμᾶς
1193 1106 1241 1132 καὶ
1256 1106 1302 1132 ἐπὶ
1313 1105 1382 1132 Θεοῦ
1398 1105 1526 1140 εἴληπται
1541 1105 1576 1132 τὰ
1589 1105 1710 1140 ὀνόματα
1720 1105 1825 1138 ταῦτα,

1033 1152 1096 1184 νοῦς
1111 1152 1158 1178 καὶ
1180 1152 1271 1186 λόγος,
1293 1151 1387 1187 ὥσπερ
1415 1151 1587 1187 μαργαρίτης
1603 1152 1650 1178 καὶ
1667 1152 1753 1187 ἀμνὸς
1777 1153 1828 1179 καὶ

1032 1196 1118 1231 ἥλιος,
1130 1196 1176 1223 καὶ
1201 1196 1269 1223 ἄλλα
1286 1196 1400 1223 τοιαῦτα
1415 1196 1536 1231 (ἀληθῶς
1552 1196 1602 1230 μὲν
1618 1196 1665 1222 καὶ
1682 1197 1754 1223 κατὰ
1773 1197 1826 1230 τὴν

1036 1241 1104 1267 ἰδίαν
1119 1241 1214 1268 οὺσίαν
1232 1241 1299 1275 παρ’
1320 1241 1386 1276 ἡμῖν
1402 1240 1590 1274 εὑρισκόμενα
1601 1248 1608 1255 ·
1628 1242 1701 1267 κατά
1715 1250 1780 1268 τινα
1795 1241 1825 1268 δὲ

1032 1286 1181 1322 ὁμοιότητα
1197 1287 1427 1322 κατηγορο-ἇμενα
1445 1287 1493 1313 καὶ
1506 1286 1598 1320 Θεοῦ),
1613 1286 1671 1312 ἀλλ’
1684 1287 1825 1319 οὑσιωῗῶς

1033 1335 1080 1362 καὶ
1102 1335 1205 1370 κυρίως
1230 1335 1276 1361 καλ⁴
1300 1334 1490 1369 ὑπεροχικῶς·
1518 1335 1566 1361 καὶ
1582 1335 1606 1360 εἰ
1634 1334 1730 1368 μηδεὶς
1743 1331 1778 1368 ἦν
1793 1335 1825 1360 ἐν

1032 1380 1186 1415 ἀνθρώποις
1200 1380 1280 1413 λόγος
1294 1379 1309 1414 ἢ
1327 1379 1405 1412 νοῦς,
1434 1380 1535 1414 μᾶλλον
1547 1379 1576 1406 δὲ
1592 1381 1638 1406 καὶ
1655 1381 1678 1406 εἰ
1695 1380 1780 1414 μηδὲν
1795 1388 1823 1407 τι

1032 1426 1126 1461 νοερὸν
1144 1425 1192 1452 καὶ
1208 1425 1318 1458 λογικὸν
1341 1422 1376 1459 ἦν
1402 1425 1432 1451 ἔν
1456 1425 1511 1456 τοῖς
1535 1424 1695 1459 κτίσμασιν,
1711 1423 1742 1450 οὗ
1759 1425 1823 1452 καθ’

1032 1470 1179 1505 όμοιότητα
1195 1470 1247 1496 ἔδει
1261 1470 1341 1504 λόγον
1354 1469 1559 1505 ὀνομασθῆναι·
1573 1471 1587 1496 ό
1603 1469 1658 1504 γὰρ
1675 1470 1755 1504 λόγος
1771 1472 1821 1505 τῆς

1032 1517 1129 1551 νοερᾶς
1144 1516 1253 1550 φύσεως
1274 1517 1333 1543 ἐστὶ
1345 1516 1494 1551 τελειότης.
1517 1515 1594 1542 Ἐπεὶ
1612 1516 1702 1542 τοίνυν
1715 1516 1820 1551 ἀληθής

1032 1564 1105 1589 ἐστιν
1118 1563 1176 1588 ἐκεῖ
1191 1562 1252 1593 νοῦς
1271 1562 1318 1588 καὶ
1333 1561 1437 1596 ἀληθής
1453 1562 1511 1588 ἔστι
1527 1561 1607 1595 λόγος
1617 1569 1624 1577 ·
1640 1562 1732 1596 πολλῷ
1754 1562 1820 1597 πρό-

1031 1617 1110 1643 τερον
1124 1609 1171 1635 καὶ
1182 1608 1419 1643 ὑπεροχικώτερον
1430 1608 1497 1639 ἐκεῖ,
1512 1607 1545 1634 ἂν
1562 1607 1642 1641 μόνον
1655 1606 1743 1641 ἀληθῆ
1756 1607 1820 1633 νοῦν

1032 1653 1079 1679 καὶ
1094 1653 1184 1688 ἀληθῆ
1206 1653 1285 1687 λόγον
1309 1652 1488 1688 ὁμολογῶμεν
1504 1651 1550 1678 ἐπὶ
1564 1651 1642 1683 Θεοῦ,
1658 1651 1672 1677 ὃ
1685 1651 1741 1677 τῶν
1754 1652 1819 1679 ἀνα-

1032 1697 1202 1733 γκαιοτάτων
1229 1698 1300 1729 ἐστὶ,
1318 1697 1367 1724 καὶ
1390 1698 1421 1723 τὸ
1441 1697 1513 1724 κατὰ
1540 1697 1622 1732 φύσιν
1646 1698 1702 1728 τοῖς
1716 1699 1817 1732 νοερᾶς

1030 1745 1077 1772 καὶ
1092 1745 1224 1780 λογικοῖςτ
1236 1744 1388 1779 ὲπόμενον’
1407 1745 1445 1779 τῷ
1469 1744 1491 1771 δ’
1518 1744 1558 1772 ἔτι
1583 1745 1599 1780 ὴ
1626 1744 1721 1778 ἀγάπη
1740 1744 1788 1770 καὶ
1803 1746 1817 1771 ό

1030 1791 1101 1827 ἔρως
1115 1792 1274 1826 ἀναγκαίως
1293 1791 1445 1819 ἀκολουθεῖ.
1463 1791 1565 1818 Τούτου
1582 1791 1635 1825 γὰρ
1659 1791 1816 1825 ἀναιρεθέν-

1031 1846 1087 1869 τος,
1106 1838 1259 1872 ἀναιρεῖται
1278 1837 1324 1864 καὶ
1347 1838 1363 1872 ή
1386 1837 1497 1872 Θέλησις
1513 1837 1562 1864 καὶ
1575 1836 1607 1863 τὸ
1623 1836 1722 1868 θέλειν,
1738 1836 1752 1862 ὃ
1766 1836 1814 1870 τῆς

1025 1883 1137 1918 λογικῆς
1154 1883 1212 1909 ἐστι
1227 1883 1335 1917 φύσεως
1352 1883 1429 1911 ἴδιον.

191 1925 310 1951 cessario
324 1926 379 1959 ipsa
398 1934 490 1953 comes
499 1927 607 1954 dilectio
631 1935 663 1955 ac
677 1936 754 1955 amor
769 1932 819 1956 est.
836 1928 891 1956 Hoc
902 1929 973 1956 enim
995 1929 1116 1962 sublato,
1143 1929 1249 1956 tollitur
1264 1933 1292 1957 et
1305 1929 1432 1957 voluntas
1449 1936 1482 1956 ac
1496 1927 1578 1960 velle,
1614 1935 1675 1963 qua:
1715 1932 1814 1954 natura:

191 1973 292 2000 utentis
307 1974 412 2001 ratione
424 1982 455 2002 ac
475 1982 602 2003 sermone
617 1977 769 2010 proprietas
779 1981 833 2004 est.

227 2021 463 2054 Quemadmodum
489 2022 572 2058 igitur
589 2023 661 2052 Deus
678 2024 736 2058 ipsa
759 2023 811 2051 sibi
837 2024 975 2058 obiectum

191 2075 222 2093 ac
236 2067 306 2100 quod
319 2067 480 2102 intelligitur
493 2072 545 2100 est,
562 2076 649 2103 eaque
667 2069 771 2096 ratione
783 2069 900 2096 Verbum
915 2077 978 2104 pro-

190 2113 264 2139 dut-it
280 2112 330 2138 sibi
356 2112 455 2143 simile,
472 2113 511 2139 uti
528 2115 610 2140 etiatu
638 2122 715 2140 mens
738 2118 830 2141 nostra
849 2114 976 2149 (exempli

190 2155 283 2188 causa)
297 2155 360 2182 dum
376 2156 501 2191 intelligit
514 2157 628 2190 aliquid,
645 2165 677 2184 ex
694 2158 783 2192 scipsa
807 2158 919 2185 verbum
936 2158 977 2193 gi-

190 2202 248 2235 gnit
265 2202 336 2228 illius
348 2200 384 2227 rei
402 2209 483 2235 quam
494 2201 629 2236 intelligit,
643 2206 705 2235 puta
722 2202 798 2234 solis,
819 2210 867 2230 seu
883 2203 976 2237 cujus—

191 2247 251 2271 dam
262 2245 373 2273 alterius
399 2247 450 2278 rei,
468 2245 637 2279 vcrbumque
649 2246 714 2273 illud
731 2247 766 2281 (id
780 2251 831 2279 est,
846 2247 976 2283 definitio)

191 2290 214 2317 ci
235 2291 274 2317 rei
298 2298 358 2324 qua:
379 2290 549 2323 intelligitur,
574 2291 662 2317 simile
688 2296 738 2324 est,
767 2299 875 2319 omnem
905 2293 979 2320 illius

191 2337 309 2370 speciem
324 2336 438 2369 habens,
459 2340 568 2371 exet-pta
588 2337 717 2365 duntaxat
733 2339 856 2370 materia.
873 2339 899 2366 in
918 2340 980 2373 qui‘

192 2382 242 2409 lus
262 2381 442 2416 intelligibile,
461 2382 598 2417 quidpiam
617 2390 708 2410 rerum
727 2385 903 2411 matoria‘lium
926 2390 976 2412 est.

191 2429 257 2453 Cum
287 2428 378 2462 itaque
401 2428 470 2456 Deus
493 2429 549 2463 ipse
578 2429 628 2456 sibi
649 2430 683 2457 sit
712 2430 892 2465 intelligibile,
920 2432 978 2466 ipse

192 2473 313 2506 scipsum
335 2473 473 2508 intelligit.
503 2474 585 2506 inque
617 2475 689 2502 hunc
712 2475 823 2502 modum
855 2476 978 2512 intelligit

191 2524 289 2546 cuncta
305 2519 368 2551 alia.
381 2527 413 2547 eo
427 2520 499 2555 quod
512 2520 569 2555 ipse
586 2528 676 2548 rerutn
693 2527 789 2549 auctor
807 2523 852 2554 sit,
868 2531 977 2550 earum-

191 2572 245 2599 que
258 2565 379 2592 rationes
396 2571 458 2592 ante
474 2566 565 2592 omnia
587 2567 685 2593 szrcula
710 2567 826 2595 indivise
850 2568 978 2603 nullaque

192 2610 391 2644 compositione
431 2611 588 2645 przeltabeat
614 2618 646 2638 ac
671 2612 893 2645 comprehendat.
919 2612 976 2639 Non

189 2655 261 2686 enim
281 2663 324 2683 res
336 2656 458 2691 singulas
473 2656 661 2692 intelligendo,
674 2658 786 2685 verbum
804 2658 926 2692 producit
937 2659 976 2686 eis

198 2749 202 2752 '
226 2745 250 2762 ³³
265 2745 345 2773 Joan.
369 2754 387 2777 ι.
402 2747 427 2773 l.

227 2837 281 2869 (37)
300 2837 364 2872 Cap.
378 2839 393 2866 ιι
414 2837 449 2865 De
464 2837 546 2865 divin.
562 2845 645 2868 nom.,
662 2835 676 2871 §
696 2835 738 2862 Η.

1068 2023 1175 2057 Ὠσπερ
1188 2021 1278 2048 τοίνυν
1295 2021 1309 2047 6
1322 2020 1389 2051 Θεὸς
1413 2019 1496 2051 αὐτὸς
1518 2018 1608 2054 ἑαυτῷ
1623 2019 1682 2046 ἐστι
1705 2019 1810 2055 νοητόν⁸

1030 2069 1124 2103 νοητὸν
1136 2067 1164 2094 δὲ
1176 2067 1213 2093 ὢν
1225 2066 1304 2097 αὐτὸς
1321 2065 1420 2100 ἐαυτῷ,
1434 2065 1528 2100 ὅμοιον
1545 2063 1635 2099 ἑαυτῷ
1648 2064 1735 2098 Λόγον
1750 2073 1813 2099 προ-

1031 2114 1093 2148 άγει
1107 2121 1115 2130 ⁸
1134 2112 1206 2140 καθὰ
1220 2113 1266 2138 καὶ
1281 2113 1294 2138 6
1310 2111 1443 2146 ἡμέτερος
1458 2110 1531 2142 νοῦς,
1554 2110 1812 2145 παραδειγματικῶς

1031 2160 1128 2191 εἰπεῖν,
1142 2159 1205 2185 ὅταν
1217 2167 1242 2185 τι
1256 2159 1314 2192 νοῇ,
1326 2157 1405 2190 λόγον
1419 2155 1465 2191 ἀφ’
1477 2155 1574 2182 ἑαυτοῦ
1588 2156 1670 2191 γεννᾷ
1683 2156 1730 2182 τοῦ
1743 2165 1811 2183 νοου·

1033 2203 1114 2237 μένου
1139 2203 1256 2235 ἐκεινου,
1280 2202 1355 2238 ἡλίου
1375 2201 1457 2234 τυχὸν
1480 2201 1496 2236 ἢ
1522 2201 1602 2227 ἄλλου
1624 2200 1706 2232 τινός.
1732 2201 1783 2227 Καὶ
1798 2201 1812 2228 6

990 2233 1017 2262 θ
1030 2233 1108 2282 λόγος
1121 2248 1234 2278 ἐκεῖνος,
1250 2233 1335 2282 ἤγουν
1350 2247 1363 2272 6
1376 2233 1500 2281 ὁρισμὸς,
1514 2245 1607 2280 ὅμοιός
1624 2245 1698 2272 ἐστιν
1718 2244 1810 2281 ἐκεινῳ

1028 2291 1066 2324 τῷ
1078 2291 1176 2325 νοητῷ,
1191 2291 1245 2316 πᾶν
1257 2289 1360 2316 ἐκείνου
1372 2289 1402 2315 τδ
1414 2286 1483 2319 εἶδος
1498 2289 1567 2322 ἔχων
1583 2287 1649 2314 ἄνευ
1677 2288 1726 2321 τῆς
1738 2287 1808 2321 ὕλης,

1029 2336 1056 2362 εἴ
1068 2345 1094 2362 τι
1108 2336 1163 2363 τῶν
1182 2335 1283 2362 ὲνύλων
1309 2334 1351 2370 εἴη
1381 2335 1411 2360 τὸ
1430 2332 1575 2368 νοούμενον
1602 2333 1809 2366 ἑκεῖνο.Νοητὸν

1028 2381 1056 2407 δὲ
1071 2381 1108 2407 ὢν
1124 2381 1202 2412 αὐτὸς
1227 2380 1328 2415 ἐαυτῷ,
1351 2379 1434 2410 αὐτὸς
1457 2378 1555 2406 ἑαυτὸν
1582 2379 1649 2411 νοεῖ,
1673 2378 1721 2405 καὶ
1744 2377 1807 2406 οὕτω

1026 2427 1112 2454 τᾶλλα.
1134 2427 1223 2453 πάντα
1241 2427 1313 2453 νοεῖ’
1327 2426 1388 2452 ἐπεὶ
1413 2425 1495 2457 αὑτός
1518 2426 1592 2451 ἐστιν
1614 2425 1630 2460 ή
1654 2425 1710 2451 τῶν
1729 2424 1806 2451 ὄντων

1030 2473 1104 2501 αἰτία
1121 2473 1247 2504 καὶτοὺς
1273 2472 1370 2506 λόγους
1398 2471 1488 2498 αὐτῶν
1513 2471 1687 2506 προαιωνῐως
1703 2471 1807 2505 ἅμερῶς

1028 2520 1076 2546 καὶ
1092 2518 1248 2550 ἀσυνθέτως
1264 2519 1376 2554 προέχει
1390 2517 1437 2544 καὶ
1458 2516 1630 2552 συνείληφεν.
1652 2516 1689 2544 οὐ
1713 2515 1765 2551 γὰρ
1776 2515 1805 2551 δὴ

1028 2567 1061 2592 τὰ
1070 2565 1130 2592 καθ’
1143 2564 1258 2591 ἕκαστον
1269 2564 1348 2597 νοῶν,
1360 2565 1454 2599 ὅμοιον
1466 2563 1582 2595 ἐκείνοις
1592 2562 1671 2596 λόγον
1685 2561 1804 2597 προάγειο

1027 2609 1060 2646 ἦν
1077 2611 1132 2647 γὰρ
1143 2611 1176 2638 ἂν
1194 2610 1268 2646 αὐτῷ
1292 2611 1341 2646 τῆς
1365 2609 1493 2645 γνώσεως
1505 2609 1580 2636 αῐτια
1594 2609 1628 2635 τὰ
1649 2609 1803 2644 πράγματα.

1027 2657 1113 2685 Τοῦτο
1127 2657 1181 2693 γὰρ
1199 2657 1250 2692 τῆς
1273 2657 1410 2693 ἡμετέρας
1431 2655 1539 2692 φύσεως
1554 2655 1603 2691 τῆς
1616 2654 1734 2687 ὑστέρας
1756 2654 1804 2680 τῶν
