1950 3064
153 117 205 149 5H

787 116 985 148 MANUELIS
1003 116 1154 146 CALECAE

1732 114 1814 145 {.48

153 182 196 204 ter
207 183 240 203 ac
250 183 389 208 vocamur,
403 175 460 204 sive
472 177 499 204 in
511 183 626 213 corpore
637 183 791 210 versamur,
807 176 866 204 sive
879 184 945 204 non.

1009 177 1073 203 ἷνδον
1089 177 1170 211 λόγου
1183 176 1244 203 ἐστὶ
1262 175 1441 211 σημαντικός,
1457 176 1503 202 καὶ
1515 174 1670 211 ὁμωνύμως
1690 175 1814 207 ἐκεὶν‹;›

154 221 234 254 Quod
261 229 325 249 vero
347 222 386 250 sic
410 226 484 249 extra
514 224 627 251 verbum
651 223 722 255 lluit,
744 223 884 250 interioris
907 222 944 249 si-

153 275 237 301 gnum
264 273 316 301 est,
341 267 503 302 diversaque
528 268 564 295 ab
589 268 636 296 illo
658 268 763 297 ratione
777 268 872 296 eodem
886 268 945 303 ipso

155 313 268 345 nomine
295 317 432 340 censetur.
459 313 600 348 Siquidem
627 314 700 342 cnim
726 322 759 341 ex
787 314 869 342 verbo
899 314 946 341 illo

154 359 294 395 prolatitio
308 360 455 388 rationales
473 365 499 388 et
511 361 544 387 ad
557 361 604 387 Dei
617 360 763 395 imaginem
779 360 944 393 diceremur,

155 404 292 438 reliquum
320 404 389 432 foret
418 413 506 440 neque
539 406 652 433 omnino
683 406 845 439 rationales,
859 413 946 441 neque

155 450 190 476 ad
211 449 257 477 Dei
283 450 427 485 imaginem
444 451 586 483 dicendos,
601 458 662 478 cum
677 456 739 486 post
754 456 869 478 mortem
888 458 948 477 ver-

156 494 221 522 bum
242 495 315 530 quod
338 502 385 522 ore
413 496 550 530 profertur
570 497 683 524 minime
710 496 829 524 habituri
841 503 947 529 Sumus,

157 547 208 568 nec
221 548 330 568 aereum
349 542 432 569 istum
445 542 570 576 spiritum
585 542 736 569 trahemus.

195 585 315 614 Verbum
336 587 430 622 itaque
443 587 558 615 interius
584 589 650 615 citra
678 595 786 614 omnem
805 594 946 622 compara-

158 634 259 665 tionem
275 633 393 661 nobilius
409 637 452 661 est
470 641 478 660 :
505 633 584 661 decet
597 641 662 661 vero
678 639 707 661 ut
723 634 756 660 ab
768 634 802 661 iis
818 640 879 668 quae
899 640 949 659 no-

158 680 258 707 biliora
273 683 336 707 sunt
348 687 380 707 ac
395 679 633 713 convcnicntiora,
653 679 809 706 divinorum
823 679 951 706 similitu-

159 725 239 753 dines
269 725 413 752 ducamus.
445 725 485 752 Ac
516 725 625 760 quidem
654 732 714 759 quas
738 724 786 752 alii
812 724 942 757 ail'erunt,

160 771 295 799 duntaxat
305 770 394 806 imago
411 774 475 798 sunt
498 777 579 805 :qttte
592 777 657 798 vero
673 770 855 805 Augustinus,
867 770 949 797 etiarn

160 823 286 850 magnam
299 816 506 844 similitudinem
521 816 640 844 habent:
658 821 686 844 ut
703 821 729 843 ct
744 816 861 844 inﬁdelis
885 815 949 843 inde

161 861 194 888 ad
207 846 421 896 intelligentiam
452 861 595 888 Trinitatis
618 861 802 895 provehatur:
822 861 869 895 qui
901 867 951 888 nec
966 846 987 875 Β

161 907 258 934 audire
270 914 331 941 qua:
345 911 410 934 sunt
422 907 521 934 divina:
533 907 683 942 Scriptura
704 907 856 939 sustineat,
873 906 952 933 dum-

161 952 243 980 modo
257 952 342 986 probo
357 952 450 979 animo
465 952 512 983 sit,
524 953 684 988 pollensque
702 952 821 985 ingenio,
838 956 953 979 conten-

162 998 230 1025 tioni
246 998 360 1024 minime
379 997 500 1026 studeat.
522 997 676 1026 Admodum
693 998 765 1025 enim
780 998 862 1033 cogit,
888 1005 951 1025 cum

160 1049 290 1079 praeterea
309 1043 389 1070 etiam
404 1043 558 1071 consentiat
572 1043 670 1071 divinm
683 1043 841 1078 Scriptura.
865 1043 952 1076 Quin-

160 1089 217 1117 imo
242 1097 276 1116 ex
301 1089 346 1116 illa
375 1089 548 1124 potissitnum
578 1089 659 1117 habet
685 1090 860 1124 probationes
886 1099 892 1116 :
918 1097 952 1117 ac

161 1135 204 1161 cui
219 1133 340 1166 libuerit,
359 1133 417 1168 ejus
442 1135 480 1161 rei
497 1135 666 1167 testimonia,
683 1135 710 1162 in
727 1135 761 1162 iis
777 1135 854 1163 libris
876 1142 947 1169 quos

161 1180 273 1214 scripsit
306 1180 403 1207 beatus
438 1180 609 1215 Augustinus
635 1181 669 1208 de
698 1180 846 1215 Trinitate,
875 1182 950 1209 inve-

160 1226 242 1253 nerit.

195 1271 341 1298 Enimvero
367 1271 487 1306 quandiu
516 1271 578 1306 quis
610 1271 728 1299 Verbum
763 1271 861 1299 Filium
889 1279 950 1300 esse

160 1316 276 1343 inliciari
293 1324 346 1343 non
361 1317 474 1351 poterit,
489 1317 511 1344 is
525 1325 612 1352 neque
629 1318 737 1345 Patrem
755 1325 819 1346 vere
832 1318 950 1345 Mentem

161 1362 251 1390 dicere
263 1362 414 1389 recusabit:
428 1369 483 1389 non
493 1362 583 1396 quatis
596 1363 667 1396 apud
684 1371 734 1390 nos
746 1370 823 1391 mens
831 1368 884 1396 est,
895 1363 951 1390 sive

161 1407 294 1442 angelica,
319 1408 366 1435 sed
388 1408 480 1434 divina
504 1413 534 1435 et
555 1407 674 1442 inﬁnita,
696 1416 728 1435 ac
747 1416 808 1444 qua
823 1409 950 1437 omnibus

161 1452 302 1480 mentibus
316 1452 422 1480 infinite
435 1453 564 1486 emineat,
581 1453 661 1488 cujus
677 1459 766 1482 tamen
797 1463 876 1483 metts
897 1455 949 1482 hu-

997 222 1116 256 λέγεται.
1138 223 1169 248 El
1182 222 1236 257 γὰρ
1253 222 1308 248 ἀπὸ
1322 221 1370 248 τοῦ
1388 221 1558 256 προφορικοῦ
1571 221 1651 256 λόγου
1672 221 1801 254 λογικοὶ

997 269 1044 295 καὶ
1059 262 1122 294 κατ⁶
1134 268 1229 294 εἰκόνα
1248 268 1296 294 τοῦ
1314 268 1383 294 Θεοῦ
1401 267 1564 303 ἑλεγόμεθα,
1579 268 1704 294 ἐλείπετο
1719 267 1812 293 πάν⁴

996 322 1051 345 τως
1069 314 1138 348 μήτε
1165 314 1292 348 λογικοῦς
1321 314 1397 348 ἡμᾶς
1428 312 1498 340 εῖναι
1528 313 1598 347 μήτε
1620 312 1681 339 κατ’
1695 312 1812 338 εἰκόνα

997 359 1066 386 Θεοῦ
1080 359 1221 393 λέγεσθαι,
1239 360 1283 386 ὅτε
1301 359 1372 394 μετὰ
1403 359 1519 386 θάνατον
1547 359 1592 385 τὸν
1621 358 1812 393 προφορικῦν

998 405 1076 439 λόγον
1091 406 1217 440 οὐδαμῶς
1231 406 1340 440 ἕξομεν,
1359 404 1420 431 οὐδὲ
1436 405 1468 432 τὸ
1482 404 1610 439 ἐναέριον
1625 404 1706 430 τοῦτο
1719 411 1809 430 σπα-

999 451 1103 487 σόμεθα
1113 451 1235 486 πνεῦμα.

1037 585 1121 612 Ὥστε
1141 584 1155 610 0
1175 584 1249 611 ἔνδον
1268 584 1357 617 λόγος,
1377 583 1425 611 τοῦ
1452 583 1533 615 ὲκτδς
1558 583 1734 618 ἀσυγγρίτως
1748 591 1803 610 τι-

1002 631 1148 666 μιώτερος·
1167 630 1222 657 ἀπὸ
1240 630 1268 657 δὲ
1284 630 1339 656 τῶν
1356 631 1528 665 τιμιωτέρων
1547 629 1593 656 καὶ
1618 629 1804 664 οἰκειοτέρων

1000 676 1146 712 ὀφείλομεν
1162 676 1195 703 τὰ
1209 677 1268 702 θεῖα
1284 676 1440 708 εἰκονίζειν.
1463 676 1516 702 Καὶ
1531 674 1565 702 τὰ
1582 675 1631 709 μὲν
1648 675 1723 709 παρὰ
1737 674 1800 700 τῶν

1001 723 1100 755 ἄλλων,
1124 722 1207 749 εἰκὼν
1240 722 1320 757 μόνον
1335 732 1342 739 ·
1360 723 1394 749 τὰ
1420 721 1449 749 δὲ
1468 721 1515 748 τοῦ
1529 720 1712 754 Αὖγουστίνου
1742 720 1795 746 καὶ

1002 769 1103 804 πολλὴν
1115 768 1165 804 τὴν
1176 769 1322 803 ὁμοιότητα
1338 767 1393 803 ἔχει
1405 776 1413 784 υ
1426 767 1496 794 ὥστε
1521 767 1569 793 καὶ
1594 766 1641 793 τὸν
1675 765 1799 793 ἄπιστον

1003 815 1043 845 εἰς
1056 814 1160 840 ἔννοιαν
1177 813 1325 848 ἀναχθῆναι
1334 813 1385 846 τῆς
1399 813 1481 847 ἁγίας
1495 812 1610 847 Τριάδος
1633 814 1665 838 ὲκ
1680 811 1796 844 τούτου,

1002 859 1037 886 τὰ
1053 860 1084 885 ὲκ
1103 858 1154 893 τῆς
1180 858 1256 890 θείας
1278 858 1392 893 Γραφῆς
1419 858 1480 884 οὐδὲ
1499 857 1615 884 ἀκοῦσαι
1645 856 1798 891 καταδεχό-

1005 913 1095 938 μενον,
1112 904 1192 939 μόνον
1208 905 1233 932 εἰ
1249 903 1300 938 τὴν
1315 903 1528 938 εὐγνωμοσύνην
1555 903 1612 938 ἔχει
1642 903 1705 936 μεθ’
1729 903 1796 929 ἑαυ-

1003 951 1060 982 τοῦ,
1094 950 1142 976 καὶ
1153 949 1217 976 νοῦν
1240 949 1320 984 ἔχων,
1337 949 1375 984 μὴ
1417 948 1582 982 φιλονεικεῖν
1620 949 1792 983 προαιροῖτο.

1002 996 1108 1032 Πολλὴν
1127 996 1182 1031 γὰρ
1200 995 1249 1031 τὴν
1264 995 1388 1031 ἀνάγκην
1402 995 1535 1028 ἐπάγεται
1549 995 1618 1029 μετὰ
1629 996 1676 1022 καὶ
1695 995 1742 1022 τοῦ
1758 996 1793 1031 τῇ

1003 1042 1064 1076 θείᾳ
1079 1042 1175 1076 Γραφῇ
1192 1042 1362 1076 συμφωνεῖν.
1376 1040 1485 1068 Μᾶλλον
1503 1040 1532 1067 δὲ
1547 1040 1651 1067 ἐκεῖθεν
1663 1041 1719 1075 ἔχει
1742 1040 1794 1071 τὰς

1003 1087 1160 1120 ἀποδείξεις
1174 1094 1181 1101 ·
1196 1086 1245 1113 καὶ
1264 1087 1311 1118 τὰς
1330 1087 1395 1121 περὶ
1407 1086 1505 1113 τούτου
1527 1086 1679 1122 μαρτυρίας
1690 1088 1704 1112 0
1729 1085 1794 1120 βου-

1005 1134 1118 1169 λόμενος
1135 1134 1247 1169 εὑρήσει
1261 1134 1365 1168 σαφῶς,
1378 1134 1513 1168 ἀναγνοὺς
1527 1134 1560 1160 τὰ
1576 1135 1640 1169 περὶ
1659 1133 1754 1159 τούτου
1765 1134 1795 1159 ὲν

1004 1180 1044 1215 τῷ
1055 1180 1119 1215 περὶ
1144 1180 1260 1215 Τριάδος
1286 1179 1381 1214 βιϐλίῳ
1397 1179 1436 1214 τῷ
1467 1179 1595 1215 μακαρίῳ
1619 1178 1796 1213 Αὺγουστίνῳ

1006 1226 1252 1261 συγγεγραμμένα.

1040 1273 1077 1300 Οὐ
1096 1272 1150 1308 μὴν
1176 1271 1235 1299 ἀλλ’
1264 1271 1317 1304 ἕως
1329 1271 1362 1298 ἂν
1390 1271 1427 1306 μὴ
1449 1271 1561 1305 δύνηταί
1584 1279 1627 1301 τις
1654 1270 1797 1305 ἀρνεῖσθαι

1003 1322 1088 1353 Λόγον
1102 1317 1173 1346 εἶναι
1186 1318 1231 1345 τὸν
1244 1318 1321 1351 Υἰὺν,
1336 1317 1396 1344 οὐδὲ
1410 1318 1456 1344 τὸν
1469 1317 1577 1352 Πατέρα
1592 1318 1797 1352 παραιτήσεται

1003 1365 1094 1397 λέγειν
1112 1364 1221 1399 ἀληθῶς
1244 1361 1315 1390 εἶναι
1329 1363 1400 1389 Νοῦν
1410 1371 1417 1379 ·
1430 1363 1479 1397 οὐχ
1507 1360 1563 1388 οἷον
1573 1363 1619 1389 τὸν
1632 1363 1697 1396 παρ’
1716 1363 1795 1397 ἡμῖν,

1003 1412 1078 1447 ἦτον
1092 1409 1328 1444 ἁγγελικδν,ἀλλὰ
1359 1410 1429 1436 θεῖον
1459 1409 1506 1435 καὶ
1531 1403 1701 1444 ἄπειρονκαὶ
1725 1410 1798 1436 πάν-

1004 1467 1058 1484 των
1074 1458 1142 1483 νόων
1157 1456 1280 1490 ἀπείρως
1301 1455 1482 1491 ἐξῃρημένον,
1498 1455 1673 1489 παράδειγμα
1705 1456 1798 1488 μέντοι

163 1508 243 1528 mana
267 1499 420 1533 exemplum
437 1506 469 1526 ac
491 1499 582 1533 imago
605 1500 731 1534 quaedam
749 1501 873 1528 exsiSIat.
904 1502 951 1529 llis

1009 1503 1053 1530 τοῦ
1070 1502 1255 1538 ἀνθρωπίνου,
1278 1502 1324 1528 καὶ
1338 1501 1433 1528 τοῦτον
1445 1501 1540 1527 εἰκόνα
1558 1501 1674 1528 ἐκείνου.
1686 1501 1799 1534 Τούτοις

126 1558 129 1559 ν
162 1552 332 1580 consequens
344 1544 383 1576 fit,
393 1549 422 1572 ut
434 1549 461 1572 et
469 1544 640 1573 dilectionem
652 1547 809 1574 necessario
823 1554 955 1581 ponamus

163 1591 190 1619 in
210 1591 275 1618 Deo.
292 1590 341 1618 Est
356 1591 429 1618 enim
445 1591 502 1618 hth
514 1591 648 1619 utentium
661 1592 768 1619 ratione
792 1593 954 1627 proprietas,

164 1638 203 1665 uti
219 1637 323 1664 dictum
347 1641 398 1664 est.
417 1636 470 1664 Sed
486 1642 514 1664 et
527 1637 605 1665 verbi
637 1645 672 1665 ex
698 1643 790 1666 mente
819 1640 957 1674 processio

163 1683 266 1711 clarius
282 1682 439 1710 manifestat
454 1690 515 1710 eam
530 1684 748 1718 processionem,
765 1684 871 1712 idcirco
884 1685 956 1720 quod

163 1729 223 1757 sine
244 1728 374 1763 passione
403 1735 435 1755 ac
461 1729 583 1756 materiae
607 1736 706 1763 expers
725 1730 853 1762 exsistat,
872 1737 953 1764 quam

163 1774 281 1802 carnalis
295 1774 353 1801 haec
371 1773 523 1809 generatio.
547 1774 681 1802 Similiter
706 1782 816 1810 quoque
832 1775 958 1803 dilectio-

165 1819 209 1847 nis
224 1827 257 1847 εκ
272 1820 413 1847 voluntate
428 1820 582 1854 processio,
606 1820 778 1848 manifestior
796 1821 887 1856 imago
914 1827 957 1849 est

165 1864 350 1900 processionis
364 1864 484 1899 Spiritus
498 1865 587 1892 sancti
607 1873 641 1893 ex
660 1866 724 1899 Deo,
751 1873 832 1901 quam
859 1873 959 1901 corpo-

167 1910 233 1937 ralis
251 1910 308 1937 haIc
329 1910 448 1944 Spiritus
475 1910 630 1945 processio.
658 1911 843 1944 Quamobrem
874 1919 959 1947 penes

166 1956 291 1983 animum
320 1955 455 1983 sumendo
475 1955 635 1990 imaginem,
653 1957 862 1984 convenientitts
888 1957 954 1984 divi-

168 2009 230 2028 nam
261 2005 379 2028 mentem
396 1999 574 2036 Verbumque
588 2009 619 2029 ac
643 2001 815 2029 dilectionem
843 2002 960 2037 appella-

170 2046 280 2079 bimus,
306 2053 389 2080 quam
404 2053 419 2072 a
443 2053 559 2081 corpore
585 2048 779 2082 nuncupanda,
799 2048 906 2075 Patrem
933 2052 960 2074 et

169 2091 270 2119 Filium
283 2097 311 2118 et
334 2091 479 2127 Spiritum.
508 2091 590 2124 Quia.
605 2096 696 2120 tamen
721 2093 748 2120 in
769 2093 824 2121 Deo
839 2092 960 2120 Verbum

171 2145 234 2165 vere
249 2137 385 2165 exsistens
398 2142 440 2166 est
455 2143 482 2165 et
497 2138 648 2172 perfectum
664 2139 777 2173 parique
795 2139 959 2171 substantia.

1006 1550 1036 1576 δὲ
1067 1548 1161 1576 ἕπεται
1192 1548 1240 1575 καὶ
1258 1549 1397 1583 ’Δγάπην
1427 1548 1585 1581 ἀναγκαίως
1612 1547 1716 1574 τιθέναι
1747 1548 1798 1574 ἐπὶ

1007 1594 1075 1621 Θεοῦ
1088 1604 1094 1610 ι
1112 1594 1193 1621 τοῦτο
1208 1593 1263 1628 γὰρ
1279 1594 1332 1619 τῶν
1349 1593 1465 1626 λογικῶν
1482 1592 1591 1626 ἰδιότης,
1617 1592 1655 1624 ὡς
1678 1592 1797 1627 εἴρηται.

1014 1640 1094 1667 Ἀλλὰ
1108 1640 1155 1667 καὶ
1172 1641 1188 1675 ἡ
1204 1639 1321 1674 πρόοδος
1336 1638 1384 1665 τοῦ
1399 1639 1480 1672 λόγου
1504 1638 1535 1664 ὲκ
1546 1637 1592 1664 τοῦ
1608 1637 1655 1664 νοῦ
1682 1638 1799 1673 ἐναργέ-

1009 1695 1107 1721 στερον
1119 1687 1243 1720 ἐκφαίνει
1261 1686 1313 1721 τὴν
1330 1685 1443 1719 πρόοδον
1453 1685 1562 1719 ἐκείνην
1579 1683 1623 1710 διὰ
1636 1685 1666 1709 τὸ
1692 1684 1799 1716 ἀπαθὲς

1009 1733 1055 1759 καὶ
1068 1733 1149 1759 ᾰῡλον
1165 1732 1181 1767 ἢ
1201 1731 1271 1766 αῦτη
1288 1732 1304 1767 ἡ
1318 1731 1435 1765 σαρκικὴ
1449 1731 1585 1765 γέννησις.
1615 1729 1733 1764 Ὁμοίως
1750 1730 1800 1757 καὶ

1008 1779 1024 1812 ἡ
1043 1778 1093 1812 τῆς
1104 1778 1217 1812 ἀγάπης
1247 1778 1279 1803 ὲκ
1310 1777 1360 1811 τῆς
1378 1776 1515 1811 θελήσεως
1547 1775 1660 1810 πρόοδος
1677 1776 1798 1809 ἐμφανε-

1010 1823 1094 1857 στέρα
1112 1824 1186 1849 ἐστὶν
1200 1823 1282 1849 εἰκὼν
1304 1823 1354 1857 τῆς
1371 1822 1425 1848 ἀπὸ
1444 1821 1491 1847 τοῦ
1521 1820 1589 1847 Θεοῦ
1615 1821 1730 1855 προόδου
1748 1821 1797 1847 τοῦ

1009 1870 1088 1903 ἁγίου
1104 1869 1274 1904 Πνεύματος,
1288 1869 1303 1902 ἦ
1321 1867 1390 1903 αὕτη
1408 1868 1424 1902 ή
1439 1867 1486 1893 τοῦ
1501 1867 1660 1901 σωματικοῦ
1675 1866 1799 1900 πνεύμα-

1009 1923 1054 1946 τος
1072 1913 1197 1949 πρόοδος.
1215 1913 1296 1939 Ὥστε
1309 1912 1363 1940 ἀπὸ
1381 1913 1430 1947 τῆς
1443 1912 1533 1947 ψυχῆς
1549 1912 1599 1946 τὴν
1615 1912 1706 1938 εἰκόνα
1730 1911 1802 1946 λαμ-

1011 1959 1152 1992 6άνοντες,
1169 1958 1341 1993 οἰκειοτέρως
1359 1958 1551 1993 προσεροῦμεν
1576 1958 1700 1984 τὸνθεῖον
1726 1957 1801 1984 Νοῦν

1011 2005 1056 2031 καὶ
1066 2004 1153 2038 Λόγον
1169 2004 1216 2030 καὶ
1229 2003 1355 2038 Ἀγάπην
1367 2003 1384 2040 ἦ
1397 2002 1451 2029 ἀπὸ
1470 2003 1517 2030 τοῦ
1547 2002 1672 2037 σώματος
1687 2002 1802 2037 Πατέρα

1010 2049 1058 2076 καὶ
1071 2049 1136 2076 Υἰὸν
1166 2049 1215 2076 καὶ
1242 2049 1357 2083 Πνεῦμα
1384 2048 1466 2076 αὺτδν
1493 2048 1681 2083 ὀνομάζοντες.
1706 2049 1801 2082 Ὅμως

1011 2095 1072 2122 ἐπεὶ
1086 2096 1100 2122 0
1112 2095 1198 2129 Λόγος
1211 2096 1270 2121 ἐκεῖ
1286 2094 1412 2129 ὑφεστὼς
1427 2096 1484 2121 ἐστι
1502 2096 1550 2122 καὶ
1566 2095 1668 2126 τέλειος
1679 2094 1726 2120 καὶ
1742 2095 1801 2126 ἰσος

1018 2140 1067 2176 τὴν
1080 2141 1173 2167 οὐσίαν
1190 2141 1240 2176 τῷ,
1252 2140 1300 2174 ἀφ’
1321 2138 1351 2167 οὗ
1368 2140 1517 2175 προῆλθεν,
1545 2140 1608 2172 Υἱὸς
1624 2139 1801 2174 ὀνομάζεται,
1839 2132 1845 2138 ’

170 2184 207 2216 ei,
224 2192 256 2211 ex
276 2192 330 2218 quo
347 2184 491 2218 processit,
515 2183 601 2211 Filius
623 2190 808 2220 nuncupatur,
833 2191 954 2213 consuett

1017 2186 1088 2213 κατὰ
1101 2186 1132 2213 τὺ
1145 2187 1196 2222 τῆς
1212 2186 1382 2222 αἰθρωπίνης
1392 2185 1537 2219 ὃιαλέξεως
1547 2186 1618 2217 ἔθος.
1632 2186 1678 2212 Διὸ
1703 2187 1751 2211 καὶ
1776 2186 1802 2211 οἰ

172 2231 252 2258 nobis
283 2230 412 2266 loquendi
438 2237 550 2264 genere.
578 2230 712 2262 Quocirca
739 2232 821 2258 etiam
859 2232 965 2267 antiqui

171 2277 283 2312 pietatis
295 2276 429 2311 magistri,
442 2283 475 2304 ac
492 2276 663 2310 potissimum
675 2284 789 2312 magnus
801 2278 967 2307 Athanasius

173 2323 201 2351 in
228 2324 275 2356 iis.
292 2331 353 2358 quae
378 2323 512 2351 adversus
524 2323 620 2350 Arium
634 2324 754 2359 scripsit,
770 2332 818 2352 eos
832 2325 880 2360 qui
892 2326 966 2353 dice-

173 2373 235 2395 rent
249 2375 311 2395 esse
324 2367 424 2395 Filium
440 2375 472 2395 ac
486 2366 620 2402 Spiritum
642 2367 724 2396 Patre
740 2370 917 2404 posteriores,
936 2371 962 2397 in

174 2421 236 2441 cam
254 2413 400 2447 adigebant
424 2414 633 2447 absurditatem.
650 2423 683 2444 ac
697 2416 719 2443 si
749 2416 831 2443 Deum
863 2418 963 2445 utentis

175 2463 316 2494 expertem
342 2467 374 2487 ac
387 2460 538 2488 voluntatis
555 2467 718 2489 assererent.
745 2461 802 2489 lloc
829 2463 902 2490 enim
922 2463 960 2489 illi

174 2505 322 2533 absurdius
352 2506 505 2538 ducebant,
539 2515 620 2542 quant
636 2508 659 2535 si
694 2508 797 2543 absque
830 2508 900 2536 Filio
930 2516 962 2536 ac

175 2549 278 2586 Spiritu
289 2551 420 2578 dicerent.
432 2551 499 2578 Nam
513 2551 564 2580 hoc
576 2560 686 2588 quoque
701 2553 789 2580 cuivis
803 2553 964 2581 substantiae

175 2597 348 2625 immateriali
369 2598 513 2626 tribuetur.
531 2598 631 2634 Liquet
650 2599 734 2634 igitur
754 2600 963 2627 convenientius

175 2642 267 2670 vocati
281 2642 365 2669 Deum
380 2648 497 2671 mentem
511 2651 543 2672 ac
555 2644 733 2677 voluntatem,
751 2652 839 2679 quam.
856 2644 961 2672 Patrem

176 2695 209 2716 ac
232 2687 412 2723 Spiratoretn.
450 2688 536 2717 Porro
567 2698 680 2718 summae
707 2698 763 2717 rem
787 2690 961 2718 absurditatis

176 2733 326 2767 habebant,
342 2733 437 2762 inferri
450 2734 534 2763 Deum
550 2740 641 2764 mente
652 2743 746 2764 carere
763 2743 795 2763 ac
809 2735 957 2768 voluntate,

191 2830 194 2833 ‘
215 2825 270 2861 (4‘2)
284 2825 359 2854 Orat.
370 2825 388 2852 2
401 2825 499 2854 Contra
515 2827 608 2854 Arian.
621 2833 646 2860 p.
660 2825 723 2853 532.

1015 2234 1124 2268 ἀρχαῖοι
1142 2232 1194 2267 τῆς
1216 2232 1358 2263 εὐσεϐείας
1379 2231 1545 2262 διδάσκαλοι,
1571 2233 1618 2258 καὶ
1648 2231 1764 2266 μάλιστα
1788 2231 1803 2257 0

1016 2277 1104 2312 μέγας
1135 2277 1294 2308 Ἀθανάσιος
1308 2277 1338 2303 ὲν
1363 2277 1421 2308 τοῖς
1440 2277 1512 2304 κατὰ
1536 2276 1640 2311 ’Δρείου
1661 2276 1802 2309 (42),τοῦ;

1015 2323 1144 2356 λέγοντας
1158 2322 1261 2358 ὕστερα
1273 2321 1322 2349 τοῦ
1334 2323 1439 2358 Πατρὺς
1454 2323 1499 2349 τδν
1509 2322 1572 2349 Υίδν
1585 2322 1631 2349 καὶ
1644 2321 1675 2348 τὺ
1689 2321 1802 2356 Πνεῦμα

1015 2368 1056 2399 εἰς
1072 2367 1150 2394 τοῦτο
1164 2367 1271 2401 ἀπῆγον
1291 2367 1322 2393 τὸ
1351 2367 1462 2399 ἄτοπον,
1487 2367 1583 2401 ὥσπερ
1612 2367 1645 2394 ἂν
1661 2367 1686 2393 εί
1708 2366 1803 2399 ἔλεγον

1014 2414 1096 2439 ἄνουν
1113 2412 1162 2439 καὶ
1175 2411 1258 2447 ἀθελῆ
1272 2413 1318 2439 τὸν
1331 2412 1410 2439 Θεόν.
1424 2412 1509 2439 Τοῦτο
1519 2412 1574 2447 γὰρ
1590 2411 1674 2439 αὐτοῦ
1690 2411 1802 2439 ἀτοπώ-

1013 2466 1091 2493 τερον
1103 2458 1255 2492 τιθεμένοις
1269 2457 1356 2485 ὲδόκει
1373 2457 1505 2492 ἢᾶπαιδα
1528 2459 1574 2484 καὶ
1600 2458 1714 2484 ἄπνουν.
1744 2456 1801 2481 Καὶ

1015 2505 1068 2537 γὰρ
1087 2503 1166 2529 τοῦτο
1182 2503 1230 2529 καὶ
1249 2503 1352 2538 ἑκάστῃ
1367 2503 1420 2528 τῶν
1433 2502 1524 2528 ἁΰλων
1541 2502 1640 2528 οὐσιῶν
1654 2510 1804 2536 συγχωρη-

1015 2549 1137 2583 θήσεται.
1152 2548 1232 2575 Ὥστε
1248 2547 1336 2582 δῆλον,
1357 2548 1395 2578 ὡς
1407 2547 1508 2582 μᾶλλον
1522 2547 1638 2582 ἁρμόσει
1656 2547 1730 2574 Νοῦν
1755 2550 1804 2575 καὶ

1017 2594 1132 2628 Θέληοιν
1151 2595 1196 2620 τὸν
1223 2593 1289 2620 Θεὸν
1315 2593 1435 2628 λέγεινῆ
1461 2593 1572 2628 Πατέρα
1593 2593 1639 2620 καὶ
1671 2593 1801 2620 Πνέοντα.

1023 2640 1126 2666 Ἐδόκει
1136 2640 1165 2666 δὲ
1180 2640 1274 2671 αὐτοῖς
1285 2639 1461 2666 ἀτοπώτατον
1472 2639 1553 2666 ἄνουν
1584 2640 1631 2666 καὶ
1657 2639 1740 2674 ἀθελῆ
1756 2640 1802 2666 τὸν

1017 2686 1082 2713 Θεὸν
1096 2686 1260 2720 συνάγεσθαι
1276 2687 1330 2713 ἀπὸ
1341 2686 1388 2712 τοῦ
1402 2685 1505 2712 τιθέναι
1521 2685 1568 2712 τοῦ
1581 2685 1687 2720 Πατρὸς
1702 2685 1803 2720 ὕστερα

1015 2734 1060 2760 τὸν
1076 2733 1138 2760 Υἰδν
1150 2734 1197 2760 καὶ
1213 2733 1244 2760 τὸ
1262 2732 1375 2767 Πνεῦμα
1387 2740 1394 2747 ·
1410 2732 1470 2758 ἐπεὶ
1486 2732 1500 2758 0
1511 2731 1574 2763 νοῦς
1590 2732 1637 2758 καὶ
1652 2731 1731 2766 λόγον
1746 2732 1804 2767 ἔχει
