1950 3064
221 126 270 160 551

834 124 1031 156 MANUELIS
1050 126 1204 157 CALEC/B

1794 125 1849 157 552

219 185 319 211 cuncta
348 181 511 217 recipientes
539 187 571 208 ac
590 179 771 208 custodientes
786 180 860 208 velut
886 179 1007 215 Spiritus

1068 190 1122 213 ρους
1151 182 1200 208 καὶ
1227 180 1413 215 φυλάττοντας
1436 181 1474 213 ὼς
1489 180 1538 208 τοῦ
1556 180 1713 215 Πνεύματος
1741 187 1849 213 φιυνας,

221 235 314 260 voces,
343 227 384 255 sic
411 234 500 262 operae
525 226 641 260 pretium
664 233 799 260 exponere
825 230 960 261 satagant,
976 229 1007 252 ut

221 278 250 302 et
261 273 494 301 communissimis
511 272 544 300 de
558 271 613 300 Deo
626 271 850 306 conceptionibus
865 275 892 298 et
906 270 1008 305 princi—

222 319 276 354 piis
289 318 361 350 tidei,
378 325 430 345 nec
445 324 500 344 non
524 320 682 344 sanctorum
701 315 869 344 multitudini
884 322 1004 343 consen-

225 365 315 391 tiant:
342 363 382 391 sic
408 368 512 395 tamen,
542 362 606 389 dum
621 369 715 389 eorum
733 361 810 388 nobis
827 361 1007 388 sanctimonia

225 409 298 437 nulla
326 409 481 443 suspicione
505 408 620 435 laboret.
637 406 715 440 Quod
738 407 793 434 illis
803 413 942 434 servemus
957 414 1006 434 ne-

224 463 300 484 cesse
321 459 378 489 est;
408 462 461 482 non
489 454 530 482 sic
546 459 651 486 nostro,
680 458 836 481 sanctorum
859 453 1008 480 sententias

223 501 372 535 verbaque,
392 506 554 534 usurpamus
574 497 700 530 consilio,
720 502 749 525 ut
765 497 833 525 alios
853 498 915 525 aliis
932 504 1009 524 com-

224 546 332 574 mittere
347 545 499 578 videamur,
516 552 548 572 ac
561 544 633 571 velut
646 543 694 578 qui
709 551 738 571 se
753 549 849 571 mutuo
873 547 1007 574 evertant,

222 591 365 619 inducere.
384 590 443 618 Non
462 591 534 621 enim
559 596 667 624 aequum
694 594 745 622 est,
767 593 797 616 ut
815 588 867 616 sibi
893 588 1007 616 invicem

223 637 360 666 adversari
377 637 577 664 existimentur.
594 635 622 662 Id
637 635 709 662 enim
733 642 783 661 nec
800 634 834 662 iis
850 635 1008 662 hominibus

225 686 293 713 satis
307 688 450 718 congruat,
467 681 566 716 quibus
580 680 712 714 tantisper
727 680 841 706 rationis
857 679 903 706 lux
926 678 1008 706 aﬂul-

223 735 299 767 gest;
316 733 420 756 tantum
444 727 521 754 abest
536 731 565 753 ut
583 725 697 758 sanctis,
722 725 769 759 qui
786 730 890 752 motore
905 723 1008 760 Spiritu

223 781 322 803 cuncta
338 778 524 810 exposuerunt
546 783 553 801 :
574 780 628 808 qtto
652 773 758 800 scilicet
784 773 919 805 homines,
948 772 1003 799 illis

224 826 352 855 tanquam
373 820 479 855 pietatis
495 818 631 853 magistris
643 818 765 845 animum
785 817 959 849 adhibentes,
974 823 1007 844 ac

225 873 276 901 per
287 873 334 893 eos
351 864 494 892 veritatem
510 863 713 895 naneiscentcs,
729 863 756 891 in
770 863 843 890 hunc
855 862 965 890 modum
982 862 1009 888 in

223 911 334 939 Christo
353 915 537 938 necterentur.

261 957 300 984 De
314 957 356 984 his
367 956 447 991 igitur
459 963 520 991 quae
534 956 637 984 sanctis
650 955 722 983 dicta
734 959 810 986 sunt,
824 954 861 981 ita
886 953 1009 981 sentien-

226 1003 304 1034 dum,
322 1002 423 1036 talique
436 1002 462 1029 in
479 1001 607 1029 omnibus
621 1001 751 1028 utendum
768 999 860 1034 regula
874 1005 935 1041 ‘est.
960 998 1009 1026 Sin

225 1047 458 1082 minus,praastat,
485 1051 516 1074 ut
541 1047 663 1074 dicamus
689 1053 739 1073 nos
772 1052 826 1071 non
855 1044 1007 1078 intelligere

225 1101 322 1122 eorum
339 1100 400 1127 quae
419 1092 548 1120 dicuntur
562 1091 706 1119 sententis
718 1091 786 1121 vim,
798 1097 880 1124 quam
908 1097 1010 1117 conve-

226 1139 334 1166 nientes
348 1145 438 1173 exque
449 1139 555 1165 ratione
565 1137 598 1165 de
613 1137 669 1164 Deo
680 1135 831 1163 sententias
844 1139 1009 1168 evertamns,

225 1190 265 1212 uti
276 1185 314 1212 ait
329 1192 442 1219 magnus
458 1183 587 1211 Basilius.
603 1183 653 1210 Hic
663 1187 753 1209 autem
771 1188 920 1216 possumus
933 1180 1009 1208 dice-

225 1237 266 1262 re,
283 1234 403 1262 sanctos,
423 1229 573 1256 secundum
585 1228 708 1255 diversos
720 1231 859 1261 respectus
875 1226 945 1252 idem
958 1225 1010 1252 alia

226 1279 306 1310 atque
315 1275 367 1302 alia
384 1275 490 1302 ratione
500 1273 650 1301 declarare.
665 1273 732 1300 Nam
752 1271 836 1299 Filius
849 1271 959 1306 quidem
977 1277 1011 1297 ex

226 1321 306 1349 Patre
319 1325 371 1354 est,
390 1325 516 1355 tanquam
534 1319 644 1347 verbum
671 1326 704 1346 ex
731 1323 832 1345 mente.
858 1316 1012 1344 Secundum

229 1367 300 1394 hanc
315 1366 562 1394 considerationem
580 1365 661 1392 etiam
677 1363 846 1391 voluntatem
861 1370 893 1390 ex
914 1362 1011 1389 volun-

226 1416 282 1439 tate
291 1411 426 1443 dixerunt,
440 1410 669 1445 quemadmodum
683 1409 721 1436 ait
747 1407 895 1443 Gregorius
924 1406 1013 1434 Theo-

228 1456 305 1492 logns
321 1452 432 1484 :‘iPatri
449 1455 600 1491 generatio,
614 1453 744 1489 gignendi
758 1453 886 1481 voluntas
908 1456 961 1484 est,
980 1458 1012 1479 ac

227 1502 356 1530 voluntas
381 1509 412 1529 ex
433 1500 581 1528 voluntate.
600 1509 609 1526 ι
628 1499 783 1527 Secundum
811 1506 891 1534 quem
916 1499 1011 1533 utique

229 1547 353 1580 modum,
368 1546 465 1574 Filium
482 1546 643 1580 sapientiam
654 1553 687 1573 ex
716 1545 852 1579 sapientia
875 1545 1013 1579 dixerunt,

232 1601 265 1621 ac
276 1593 405 1620 virtutem
416 1600 448 1620 ex
459 1592 568 1620 virtute.
579 1592 712 1619 Caeterum
730 1590 852 1626 Spiritus
863 1595 973 1619 sanctus
981 1598 1014 1619 ex

231 1638 312 1666 Patre
325 1642 377 1671 est,
395 1637 467 1664 velut
482 1637 590 1665 dilectio
606 1644 621 1664 a
635 1636 775 1664 voluntate
789 1644 797 1664 :
814 1635 917 1664 idcirco
933 1636 1014 1664 etiam

232 1682 360 1711 distincta
376 1681 514 1717 processio
536 1687 586 1708 est.
601 1680 733 1708 Creatura
744 1688 820 1714 vero,
835 1685 964 1715 tanquam
983 1681 1017 1708 ab

232 1736 288 1756 una
302 1728 451 1761 voluntate,
466 1735 481 1754 a
496 1726 578 1754 Patre
591 1731 633 1754 est
645 1731 672 1754 et
685 1726 754 1754 Filio
772 1730 800 1754 et
824 1726 925 1762 Spiritu
941 1722 1017 1754 san-

231 1779 288 1802 cto.
305 1773 364 1802 Una
395 1773 467 1801 enim
478 1778 520 1801 est
548 1774 631 1801 trium
654 1780 844 1808 personarum,
872 1772 944 1808 quod
955 1772 1020 1800 atti-

235 1825 281 1848 net
296 1820 331 1847 ad
355 1825 494 1847 creaturas
512 1839 520 1853 ,
537 1819 671 1847 voluntas.

268 1874 298 1902 id
330 1883 394 1902 vero
410 1880 464 1908 est,
480 1874 552 1910 quod
568 1878 595 1902 et
622 1874 719 1903 beatus
747 1874 882 1904 Maximus
908 1875 956 1908 ait,
990 1874 1018 1902 in

233 1921 417 1956 disputatione
433 1927 494 1948 eum
510 1921 651 1948 Anomceo.
664 1920 731 1948 Nam
745 1928 807 1949 cum
823 1921 867 1948 ille
893 1921 1018 1954 dixisset,

237 1965 280 1994 cSi
296 1965 368 1994 Deus
385 1965 446 1993 aliis
459 1964 556 2001 gignit,
574 1970 656 2000 atque
675 1966 736 1994 aliis
759 1967 863 2000 condit,
883 1967 1020 2002 composi-

1062 226 1134 253 οὕτω
1149 226 1286 262 προσῆκον
1295 227 1445 262 ἐπιχειρεῖν
1460 226 1629 262 ἐξηγεῖσθαι,
1643 226 1713 252 ὥστε
1729 226 1775 252 καὶ
1786 226 1851 256 ταῖς

1062 271 1129 306 περὶ
1141 271 1211 298 Θεοῦ
1223 273 1394 304 κοινοτάταις
1407 272 1524 303 ἐννοίαις
1539 273 1585 299 καὶ
1595 272 1656 303 ταῖς
1668 272 1717 306 τῆς
1729 271 1851 302 πίστεως

1062 318 1171 353 ἀρχαῖς,
1185 318 1233 344 καὶ
1249 317 1287 353 τῷ
1299 318 1397 354 πλήθει
1410 319 1465 345 τῶν
1474 318 1561 352 ἀγίων
1576 318 1731 353 συμφωνεῖν
1740 326 1746 333 ·
1766 317 1851 352 μόνον

1066 365 1093 390 εἰ
1105 365 1170 399 περὶ
1181 364 1230 398 τῆς
1246 364 1358 391 ἐκείνων
1374 363 1529 398 ἁγιωσύνης
1541 363 1709 398 ἀμφιϐολίαν
1718 362 1853 397 οὐδεμίαν

1062 409 1174 444 ιχομεν.
1186 409 1274 445 Ὅπερ
1289 410 1436 443 ἀναγκαῖον
1447 409 1564 441 ικείνοις
1578 409 1732 444 τηρεῑσθαι,
1745 408 1793 435 καὶ
1809 408 1852 443 μὴ

1062 455 1107 482 διὰ
1123 454 1172 490 τὴν
1187 455 1292 481 ἑαυτῶν
1313 454 1440 490 βούλησιν
1449 454 1520 482 οὕτω
1533 455 1568 481 τὰ
1581 455 1634 482 τῶν
1651 453 1738 489 ἁγίων
1746 453 1854 489 ἐκλαμ-

1069 501 1213 534 ϐάνοντας,
1243 502 1281 533 ὡς
1306 502 1393 528 ποιεῖν
1423 501 1546 532 ἐκείνους
1569 501 1696 536 ἀλλήλοις
1717 499 1854 535 πολεμεῖν

1063 547 1165 579 δοκεῖν,
1179 547 1227 574 καὶ
1239 546 1285 581 ὑφ’
1307 547 1412 573 ἑαυτῶν
1432 546 1646 581 ἀνατρέπεσθαι.
1669 546 1707 573 Οὺ
1728 546 1785 580 γὰρ
1815 545 1855 572 ἂν

1063 594 1178 625 είκότως
1188 592 1342 628 νομίζοιντο
1368 592 1532 624 ἑαυτοτςγκαὶ
1552 591 1679 627 ἀλλήλοις
1709 592 1856 618 ἐναντιοῦ-

1066 638 1129 665 σθαι
1138 645 1147 654 ο
1162 638 1240 665 τοῦτο
1253 638 1307 672 γὰρ
1318 638 1377 664 οὐδὲ
1387 639 1443 669 τοῖς
1457 637 1582 664 ὁπωσοῦν
1600 637 1720 670 λογικοῖς
1733 636 1788 664 τῶν
1801 637 1854 664 ἀν-

1064 683 1183 718 θρώπων
1199 683 1326 718 ἁρμόζει,
1348 684 1428 718 μήτοι
1448 691 1480 716 γε
1492 683 1524 717 δὴ
1533 685 1590 714 τοῖς
1603 683 1703 717 ἁγίοις,
1715 682 1740 709 οι
1759 683 1855 710 πάντα

1067 729 1191 760 ἐξέθεντο
1208 729 1261 756 ὑπὸ
1273 728 1320 755 τοῦ
1331 728 1411 762 ἀγίου
1423 728 1578 762 κινούμενοι
1591 728 1748 764 Πνεύματος
1759 736 1766 743 ·
1778 728 1855 755 ὥστε

1063 775 1170 806 τούτοις
1187 774 1224 806 ὡς
1238 773 1409 804 διδασκάλοις
1425 773 1566 804 εὐσεόείας
1593 773 1658 804 τοὺς
1687 773 1856 808 ἀνθρώπους

1065 821 1261 856 προσέχοντας,
1274 819 1321 846 καὶ
1334 819 1369 846 δι’
1386 819 1475 847 αὐτῶν
1492 819 1542 853 τῆς
1554 819 1683 854 ἀληθείας
1699 820 1855 854 ὲπιτυγχάο

1063 874 1170 898 νοντας,
1187 865 1259 892 οὕτω
1276 865 1466 900 συνημμένους
1479 865 1508 891 ὲν
1526 864 1564 899 τῷ
1578 864 1688 899 Χριστῷ
1714 864 1854 898 γίνεσθαι.

1100 955 1167 990 Περὶ
1188 955 1239 990 μὲν
1261 952 1308 981 οὖν
1322 953 1378 980 τῶν
1403 953 1572 992 τοῖςάγίοις
1598 953 1751 987 εἰρημένων
1778 953 1855 979 οὕτω

1064 1001 1118 1037 χρὴ
1131 1001 1242 1035 γνώμης
1259 1000 1340 1035 ἐχειν,
1355 1000 1402 1026 καὶ
1416 999 1529 1034 τοιούτῳ
1544 999 1662 1034 χρῆσθαι
1675 999 1721 1025 ἐπὶ
1740 999 1855 1026 πάντων

1065 1049 1168 1076 κανόνι.
1182 1048 1213 1075 Ei
1226 1047 1254 1074 δὲ
1273 1047 1320 1082 μὴ,
1336 1047 1446 1081 ἄμεινον
1458 1047 1548 1080 λέγειν
1561 1045 1611 1081 τὴν
1626 1045 1680 1072 τῶν
1695 1045 1855 1081 λεγομένων

1067 1094 1105 1129 μὴ
1122 1093 1243 1120 συνιέναι
1267 1092 1387 1119 διάνοιαν
1405 1091 1422 1126 ἢ
1447 1091 1611 1126 ἀνατρέπειν
1623 1090 1673 1122 τάς
1693 1089 1854 1124 ἀξιολόγους

1065 1139 1130 1174 περὶ
1146 1138 1215 1165 Θεοῦ
1235 1137 1397 1173 ὑπολήψεις,
1415 1136 1452 1169 ὡς
1473 1138 1488 1164 ό
1510 1136 1597 1171 μέγας
1620 1135 1672 1170 εφη
1698 1136 1854 1164 Βασίλειος.

1070 1184 1207 1212 Ἐνταῦθα
1223 1184 1251 1211 δὲ
1264 1184 1322 1210 ἐστι
1335 1183 1440 1220 λέγειν,
1452 1183 1490 1215 ὡς
1503 1182 1534 1209 τὸ
1545 1182 1611 1210 αὐτὸ
1621 1182 1693 1208 κατὰ
1705 1182 1854 1217 διαφόρους

1065 1230 1228 1266 ἀποϐλέψεις
1240 1229 1328 1260 ἄλλως
1342 1229 1390 1256 καὶ
1400 1228 1489 1260 ἄλλως
1503 1229 1527 1255 ol
1539 1227 1615 1261 ἀγιοι
1627 1227 1802 1254 ἀποδιδόασιν
1811 1235 1820 1244 ο
1838 1229 1853 1254 ὁ

1067 1277 1118 1313 μὲν
1137 1277 1192 1311 γὰρ
1207 1275 1271 1306 Υἱὸς
1289 1275 1322 1301 ἐκ
1340 1274 1387 1301 τοῦ
1410 1270 1517 1310 Πατρός
1538 1274 1622 1306 ἐστιν,
1645 1273 1683 1304 ὡς
1707 1272 1796 1307 Λόγος
1818 1272 1852 1299 ἐκ

1067 1322 1134 1350 Νοῦ.
1155 1321 1234 1349 Κατὰ
1254 1321 1333 1348 τοῦτο
1352 1320 1399 1348 καὶ
1417 1320 1529 1355 θέλησιν
1551 1321 1583 1347 ἐκ
1606 1320 1740 1354 θελήσεως
1760 1317 1852 1353 εἷπον,

1066 1368 1104 1400 ὡς
1115 1369 1129 1395 ό
1143 1367 1272 1401 Θεολόγος
1285 1366 1435 1401 Γρηγόριος
1443 1366 1528 1400 λέγει,
1539 1375 1549 1391 ι
1563 1365 1607 1401 Τῷ
1618 1366 1706 1401 Πατρὶ
1721 1365 1852 1400 γέννησίς

1066 1413 1141 1440 ἔστιν
1155 1413 1171 1448 ἡ
1187 1412 1234 1439 τοῦ
1253 1412 1351 1447 γεννᾷν
1364 1411 1484 1446 θέλησις,
1498 1412 1544 1437 καὶ
1562 1410 1688 1446 βούλησις
1702 1411 1733 1436 ἐκ
1753 1410 1855 1445 βουλή-

1068 1468 1138 1491 σεως
1148 1467 1157 1475 ⁸
1170 1458 1232 1486 καθ’
1244 1457 1274 1484 ὃν
1296 1457 1329 1493 δὴ
1342 1457 1442 1491 τρόπον
1456 1455 1532 1484 εἷπον
1542 1456 1638 1491 σοφίαν
1649 1457 1680 1483 ὲκ
1694 1455 1792 1490 σοφίας
1805 1456 1855 1482 τὸν

1067 1505 1142 1538 Υῑδν,
1157 1505 1205 1532 καὶ
1217 1503 1332 1539 δύναμιν
1348 1504 1380 1529 ὲκ
1391 1502 1544 1537 δυνάμεως.
1554 1502 1591 1529 Τὸ
1604 1502 1632 1528 δι
1646 1501 1723 1536 ἀγιον
1738 1501 1854 1537 Πνεῦμα

1066 1553 1099 1578 ὲκ
1118 1551 1165 1578 τοῦ
1193 1550 1301 1585 Πατρός
1320 1549 1406 1583 ἔστιν,
1423 1549 1461 1581 ὼς
1480 1548 1536 1575 ἀπὸ
1551 1548 1686 1583 θελήσεως
1708 1549 1725 1584 ἡ
1743 1548 1853 1582 ἀγάπη.

1067 1596 1117 1624 Διά
1132 1596 1212 1624 τοῦτο
1236 1595 1292 1631 γάρ
1314 1596 1373 1622 ἐστι
1393 1596 1441 1621 καὶ
1467 1595 1581 1629 πρόοδος
1595 1594 1734 1629 διάφορος.
1766 1593 1799 1621 Ἦ
1824 1594 1854 1620 δὲ

1067 1643 1168 1677 κτίσις,
1184 1643 1222 1674 ὡς
1236 1642 1290 1669 ἀπὺ
1307 1642 1371 1676 μιᾶς
1388 1641 1540 1676 βουλήσεως
1552 1640 1721 1675 τοῦ¹Πατρδς
1741 1639 1790 1667 καὶ
1803 1639 1854 1667 τοῦ

1068 1689 1136 1716 Υίοῦ
1155 1688 1202 1716 καὶ
1217 1689 1264 1715 τοῦ
1276 1689 1356 1722 ἁγίου
1371 1687 1530 1722 Πνεύματος
1543 1695 1550 1703 ”
1572 1687 1621 1722 μία
1632 1687 1686 1722 γὰρ
1699 1687 1754 1715 τῶν
1769 1687 1856 1724 τριῶν

1067 1736 1114 1763 ἐπὶ
1126 1736 1180 1764 τῶν
1195 1736 1352 1771 κτισμάτων
1365 1736 1382 1772 ἡ
1397 1735 1516 1770 θέλησις.

1104 1870 1189 1897 τοῦτο
1204 1869 1233 1896 δέ
1248 1869 1334 1899 ἔστιν,
1354 1869 1422 1903 ὅπερ
1441 1867 1488 1894 καὶ
1505 1867 1519 1893 ό
1539 1866 1611 1898 θεῖος
1631 1865 1757 1900 Μάξιμος
1771 1865 1801 1891 ιν
1816 1864 1852 1899 τῇ

1070 1915 1139 1950 πρὸς
1160 1913 1299 1950 ’Δνόμοιον
1325 1912 1443 1945 διαλέξει
1467 1912 1549 1946 φησίν
1567 1910 1631 1946 (ιθ).
1661 1909 1779 1936 Ἐκείνου
1797 1908 1854 1944 γὰρ

1070 1961 1202 1992 εἰπόντος,
1235 1969 1244 1986 ι
1276 1959 1306 1986 El
1331 1958 1421 1990 ἀλλοις
1443 1959 1457 1985 ό
1483 1957 1548 1988 Θεὸς
1571 1953 1737 1992 γεννᾷ,“καὶ
1762 1955 1857 1988 ἄλλοις

236 2016 281 2040 tus
295 2016 337 2040 est
350 2020 358 2046 ;
373 2021 382 2038 ι
395 1999 553 2046 respondet,
567 2020 577 2037 ι
587 1999 645 2038 Non
656 2012 719 2039 dico
730 2012 791 2040 aliis
803 2012 921 2048 gignere,
939 1999 1013 2048 atqui

1071 2005 1170 2038 κτίζει,
1187 2004 1314 2035 σύνθετός
1337 2004 1428 2029 ἐστιν·
1450 2011 1460 2028 ι
1478 2002 1669 2038 ἀποκρίνεται,
1695 2009 1706 2027 ι
1726 1999 1765 2028 οὐ
1782 2000 1856 2035 λέγω

235 2057 296 2085 aliis
311 2058 440 2091 condere,
469 2058 618 2091 sed,aliter
641 2057 763 2094 gignere,
790 2045 1013 2086 aliter-conderet

1071 2051 1162 2083 ἄλλοις
1190 2050 1284 2085 γεννᾷ,
1315 2049 1363 2076 καὶ
1390 2048 1481 2079 ἄλλοις
1509 2047 1614 2079 κτίζει·
1643 2046 1723 2079 ἀλλὰ,
1750 2045 1858 2077 ’Δλλως

236 2103 372 2131 Caeterum
384 2103 493 2131 divinus
506 2091 702 2139 δρὶιίιυείιιιιὶ
713 2104 749 2132 sit
768 2111 784 2131 a
811 2103 890 2131 Patre
913 2103 1013 2132 diiectit

1071 2097 1164 2132 γεννᾷ,
1179 2096 1227 2123 καὶ
1239 2095 1326 2127 ἄλλως
1341 2094 1438 2126 κτίζει.
1456 2103 1465 2120 ι
1479 2093 1515 2120 Τὸ
1531 2093 1626 2128 μέντοι
1643 2092 1715 2119 θιῖον
1731 2091 1858 2127 Πνεῦμα,

234 2154 263 2176 et
279 2149 408 2179 charitas.
433 2149 563 2184 peculiari
590 2138 708 2184 quodam
741 2149 822 2177 modo
841 2149 949 2177 dicitur.
974 2150 1013 2177 Esi

1071 2143 1109 2176 ὡς
1141 2142 1250 2176 ’Δγάπη
1273 2141 1348 2176 παρά
1370 2140 1418 2167 τοῦ
1444 2139 1550 2175 Πατρδς
1571 2138 1611 2172 ὃν,
1635 2138 1779 2171 ἰδιαίτερόν
1793 2145 1857 2164 τινα

238 2195 311 2222 enim
326 2195 434 2223 dilectio
449 2203 482 2223 ac
499 2195 620 2223 eharitas
629 2203 727 2223 nomen
736 2195 895 2223 relationem
908 2195 1010 2223 habens

1073 2188 1183 2223 λέγεται
1202 2187 1314 2224 τρόπον.
1335 2185 1514 2220 ’Δναφορικὺν
1529 2185 1583 2219 γάρ
1598 2186 1673 2211 ἔστιν
1688 2184 1705 2219 ἡ
1726 2183 1834 2218 ’Δγάπη
1846 2191 1856 2200 ο

241 2240 313 2268 unde
343 2245 370 2267 et
403 2248 520 2275 persona
537 2245 588 2268 est.
599 2240 658 2268 Non
669 2241 741 2268 enim
759 2241 828 2268 sicut
843 2241 959 2274 bonitas,
977 2244 1024 2268 aut

239 2285 280 2313 vis
294 2290 392 2314 tenens
407 2287 499 2314 omnia
511 2294 544 2314 ac
562 2294 740 2319 conservans,
775 2292 825 2315 aut
851 2287 1022 2322 providentia

240 2340 302 2366 qua:
315 2333 472 2360 relationem
487 2332 587 2360 habent
603 2332 637 2360 ad
655 2337 820 2365 creaturam,
836 2340 887 2360 nee
908 2337 972 2360 sunt
996 2332 1023 2360 in

241 2377 300 2412 ipso
319 2378 388 2411 Deo;
404 2379 450 2406 sed
464 2378 505 2406 sic
524 2383 565 2405 est
580 2378 689 2405 dilectio
702 2386 734 2406 ac
749 2377 962 2413 charitas,qnod
978 2385 1023 2405 re-

240 2423 294 2450 late
308 2425 440 2458 procedit.
453 2424 492 2452 Ac
507 2423 578 2451 sicut
595 2425 706 2451 verbum
724 2431 757 2451 ex
774 2429 865 2451 mente
879 2424 962 2450 relate
980 2423 1022 2450 di-

238 2469 309 2496 citur
325 2478 333 2502 ;
347 2476 513 2504 quamquam
527 2469 636 2497 verbum
654 2477 701 2497 seu
717 2476 807 2496 sermo
819 2469 853 2496 de
882 2473 939 2496 toto
970 2468 1023 2496 Deo

241 2515 426 2553 communiter
435 2521 462 2542 et
473 2515 597 2543 absolute
612 2515 719 2543 dicatur
738 2514 838 2542 :etiam
853 2514 965 2542 dilectio
993 2521 1024 2542 ac

241 2562 360 2589 charitas
390 2561 502 2589 dicitur.
520 2571 530 2587 ι
554 2561 624 2588 Dens
655 2561 740 2594 enim,
771 2561 876 2595 inquit,
907 2559 1025 2586 charitas

240 2613 282 2636 est
292 2608 325 2635 “.
349 2618 358 2634 ι
377 2607 488 2642 Proprie
503 2612 592 2635 tamen
608 2614 640 2635 ae
650 2606 746 2639 relate,
764 2606 877 2633 alterum
887 2605 921 2632 de
945 2604 1025 2632 Patre

239 2653 352 2686 dicitur,
365 2660 461 2688 nempe
471 2660 566 2686 mens;
580 2652 694 2679 alterum
708 2652 741 2679 de
749 2651 830 2685 Filio,
840 2650 944 2679 scilicet
956 2650 1023 2678 Ver-

281 2744 303 2760 ”
318 2743 327 2771 I
341 2743 422 2772 Joan.
439 2751 476 2776 ιν,
490 2743 518 2770 5.

279 2835 335 2872 (ιθ)
352 2833 420 2862 Dial.
438 2834 509 2870 tqui
524 2839 550 2862 et
563 2832 714 2861 Athanasio
732 2831 872 2859 tribuitur.

1074 2235 1115 2262 διδ
1126 2234 1173 2261 καὶ
1186 2232 1332 2269 πρόσωπόν
1348 2233 1432 2259 ἐστιν.
1447 2231 1485 2258 Οὐ
1499 2231 1554 2266 γὰρ
1567 2231 1662 2264 ὥσπερ
1677 2231 1693 2265 ὴ
1706 2229 1858 2264 ἀγαθότης,

1073 2281 1090 2316 ἢ
1102 2281 1118 2315 ή
1131 2278 1362 2313 παντοκρατορία,
1376 2277 1392 2313 ἢ
1410 2277 1427 2312 ἡ
1448 2277 1573 2312 πρόνοια,
1590 2276 1609 2303 ὃ.
1622 2276 1690 2311 πρὸς
1707 2275 1757 2310 τὴν
1767 2275 1860 2302 κτίσιν

1071 2325 1121 2361 τὴν
1137 2324 1277 2359 ἀναφορὰν
1292 2324 1394 2358 ἔχουσι,
1406 2323 1513 2349 καὶούκ
1525 2321 1569 2348 ἐπ’
1582 2320 1666 2349 αὐτοῦ
1675 2328 1684 2336 ⁸
1700 2320 1757 2347 ἀλλ’
1770 2320 1859 2351 οὕτως

1072 2371 1147 2397 ἐστὶν
1169 2369 1276 2404 ’Δγάπη
1298 2369 1329 2395 τὸ
1350 2368 1570 2403 ἐκπορευόμενον
1589 2366 1783 2401 ἀναφορικῶς·
1811 2369 1860 2392 καὶ

1073 2416 1167 2451 ὥσπερ
1182 2417 1195 2442 ὁ
1209 2415 1288 2449 λόγος
1314 2415 1347 2441 ὲκ
1360 2413 1407 2440 νοῦ
1433 2414 1608 2448 ἀναιρορικῶς
1631 2413 1752 2445 λέγεται,
1767 2411 1860 2438 καίτοι

1072 2462 1120 2490 τοῦ
1147 2462 1209 2489 ὅλου
1238 2460 1307 2487 Θεοῦ
1335 2459 1435 2491 κοινῶς
1461 2460 1508 2485 καὶ
1538 2458 1747 2492 ἀπολελυμένως
1776 2457 1859 2489 λόγου

1073 2509 1220 2543 λεγομένου
1240 2507 1287 2533 καὶ
1304 2505 1368 2533 νοῦ·
1390 2506 1436 2531 καὶ
1465 2504 1574 2538 ’Δγάπη
1599 2503 1628 2530 δὲ
1650 2504 1770 2537 λέγεται.
1797 2511 1807 2528 ι
1830 2503 1859 2528 '0

1074 2554 1129 2590 γὰρ
1144 2554 1222 2586 Θεὸς,
1245 2562 1255 2579 ›
1280 2551 1373 2588 φησὶν,
1397 2560 1407 2577 ι
1433 2551 1539 2584 ’Δγάπη
1556 2549 1640 2576 ἐστίν.
1664 2558 1674 2575 ›
1699 2548 1769 2575 Ἀλλ’
1784 2548 1861 2581 ὅμως

1076 2601 1149 2632 ῑδίως
1164 2600 1211 2627 καὶ
1226 2597 1401 2634 ἀναφορικῶς
1411 2597 1442 2623 τὸ
1457 2596 1507 2631 μὶν
1520 2595 1565 2622 ἐπὶ
1579 2595 1625 2621 τοῦ
1639 2593 1744 2629 Πατρδς
1757 2595 1859 2625 κεῖται,

1074 2647 1105 2675 ἰδ
1130 2646 1213 2679 Νοῦς,
1236 2645 1267 2672 τδ
1281 2644 1310 2671 δὲ
1336 2643 1421 2678 Λόγος
1436 2642 1482 2669 ἐπὶ
1503 2641 1551 2668 τοῦ
1568 2639 1645 2668 Υίοῦο
1660 2640 1677 2676 ἡ
1691 2639 1720 2667 δὲ
1739 2639 1859 2674 ’Δγάπηι
