1950 3070
202 182 236 211 59
243 180 254 212 1

826 179 1024 211 ΜΑΝΙΙΕΙᾹΞ
1043 181 1197 212 (ιΑιΕοΑζ

1766 179 1826 209 5‘32

204 241 368 270 decertans,
390 237 516 272 victoque
531 236 701 269 adversario,
728 237 787 269 ipse
814 244 921 271 semper
949 237 981 264 ina

1039 236 1095 269 λον,
1113 239 1142 265 ἐν
1157 236 1245 264 οὐδενὶ
1270 236 1298 264 δὲ
1324 237 1460 273 ἡττηθεὶς,
1483 237 1531 264 καὶ
1547 236 1632 263 πολλὰ
1659 235 1753 262 παθὼν
1770 235 1826 262 ὅσα

203 286 293 312 vietus
309 290 498 318 perseverans,
514 283 654 317 multaque
670 289 778 317 passus,
800 290 916 316 quorum
936 291 985 311 nos

203 336 314 356 eramus
330 329 379 360 rei,
411 333 440 354 ut
460 328 506 362 qui
533 327 641 362 propria
668 328 806 355 voluntate
822 335 855 356 ac
871 328 988 357 consilio

203 379 356 407 peccantes,
373 374 454 400 alieni
485 381 501 400 a
520 372 574 400 Deo
599 373 663 400 facti
688 381 821 405 eramus,
847 379 987 408 postremo

203 426 327 447 mortuus
341 424 423 453 atque
438 419 560 453 sepultus
571 439 578 451 ,
595 418 669 446 illius
693 420 794 453 potitus
811 423 872 452 est,
889 419 934 454 qui
952 420 987 448 ob

203 470 356 501 peccatum,
374 466 525 492 humanum
542 472 627 497 genus
644 465 758 499 imperio
771 466 985 499 mancipaverat,

201 518 288 546 eoque
303 511 495 541 condemnato,
517 509 552 536 ab
565 510 638 536 illius
656 517 706 536 nos
729 509 829 536 exciuit
844 511 986 542 servitute,

201 565 254 591 qua
270 564 351 584 cruce
367 556 476 582 firm-tus
489 560 529 582 est
543 563 575 582 ac
602 559 699 582 morte.
716 555 745 582 Si
760 555 832 582 cnitn
855 555 889 582 ob
905 555 985 589 primi

200 602 265 629 Adae
281 602 402 636 culpam,
420 602 493 638 vani
511 601 599 628 labent
617 601 762 636 quamdam
779 601 812 627 ad
830 608 879 628 nos
898 608 986 633 usque

199 646 338 679 dili‘usam,
358 646 449 672 divina
477 646 612 672 sententia
647 647 674 672 in
702 652 753 672 nos
783 645 864 672 latam
889 646 986 672 mortis

202 697 310 726 poenam
325 691 492 717 incurrimus
503 690 523 705 ³⁵
538 699 544 716 :
561 690 700 724 quomodo
718 698 770 716 nnn
799 690 889 724 potius
900 711 907 719 .
925 689 985 717 Filii

203 738 248 763 Dei
264 740 351 763 morte
362 735 594 770 justiiicabimur,
611 736 670 770 ejus
694 736 817 766 scilicet,
840 736 886 770 qui
914 739 986 763 vetc-

200 790 257 809 rcm
270 782 356 809 Adam
372 782 430 808 sine
445 785 558 815 peccato
581 783 731 816 aSsttmpsil
743 802 750 814 ,
768 790 799 809 ac
823 789 912 808 novus
928 781 986 816 ipse

200 829 286 855 Adam
308 827 417 855 exsistit
446 828 480 854 “.
511 827 671 862 Siquidem,
698 832 727 853 ut
754 828 791 854 ait
816 827 984 862 Apo~tolusz

203 885 212 900 ι
234 874 441 901 Damnationem
470 873 576 908 peccati
605 873 686 900 solvit
702 873 728 899 in
755 880 840 900 carne
858 880 908 899 sua
922 873 954 904 ",
973 882 982 898 ι

1039 284 1112 318 ἡμᾶς
1123 283 1176 310 ἔδει
1192 283 1288 310 παθεῖν
1301 284 1338 315 ὼς
1351 283 1439 318 οίκεία
1457 283 1553 319 γνώμῃ
1574 282 1747 318 ἁμαρτόντας
1772 283 1826 308 καὶ

1037 329 1267 363 ἀλλοτριωθέντας
1282 329 1361 362 Θεοῦ,
1384 329 1462 359 τέλος
1485 328 1630 355 ἀποθανὼν
1646 329 1692 354 καὶ
1711 328 1825 361 ταφεὶς,

1037 374 1172 410 ὑπερέσχε
1187 374 1235 400 τοῦ
1250 374 1295 400 διὰ
1305 374 1354 408 τὴν
1371 374 1508 408 ἁμαρτίαν
1519 375 1568 408 τῆς
1582 373 1755 407 ἀνθρωπίνης
1767 373 1825 406 φῦ-

1037 428 1106 451 σεως
1135 419 1416 453 κατεξουσιάσαντος·
1445 420 1490 445 καὶ
1517 418 1703 450 καταδικάσας
1726 418 1822 449 αὑτὸν,

1036 465 1225 500 ἠλευθέρωσεν
1241 465 1313 499 ἡμᾶς
1329 464 1381 499 τῆς
1400 464 1521 495 δουλείας
1537 465 1654 496 ἐκείνου,
1668 464 1706 498 τῷ
1722 463 1824 489 ἑαυτοῦ

1037 510 1147 546 σταυρῷ
1174 519 1202 537 τε
1228 510 1330 545 καὶτῷ
1345 509 1463 545 θανάτῳ.
1483 509 1513 536 Εί
1528 509 1581 544 γὰρ
1597 509 1639 535 διὰ
1659 509 1709 542 τὴν
1729 509 1825 542 ἀμαρ-

1035 556 1096 582 τίαν
1109 556 1156 583 τοῦ
1173 555 1281 590 πρώτου
1299 556 1395 590 Ἀδὰμ,
1409 555 1534 590 καθάπερ
1545 555 1605 581 τινὰ
1620 555 1708 589 λύμην
1723 555 1826 589 μέχρις

1036 601 1116 637 ὴμῶν
1131 602 1309 633 διαδοθεῖσαν,
1323 602 1502 636 ὑπεπὲσαμεν
1514 601 1552 636 τῷ
1566 601 1673 635 θανάτῳ
1689 608 1825 634 κατακρ-

1037 648 1140 681 θέντες,
1157 650 1215 680 πῶς
1233 649 1263 675 οὺ
1283 649 1383 684 μᾶλλον
1399 648 1638 683 δικαιωοησόμεθα
1654 648 1698 675 διὰ
1712 649 1759 674 τοῦ
1773 648 1824 674 θα-

1037 694 1117 721 νάτου
1135 694 1184 721 τοῦ
1203 695 1268 722 Υίοῦ
1287 695 1334 722 τοῦ
1352 695 1431 728 Θεοῦ,
1448 695 1496 722 τοῦ
1522 696 1567 722 τὴν
1595 696 1711 722 παλαιὸν
1733 696 1824 730 Ἀδὰμ.

1036 741 1237 776 ἀναμαρτήτως
1263 741 1442 773 ἀναλαῦόντος
1460 743 1508 768 καὶ
1527 742 1587 768 νέου
1609 742 1692 776 Ἀδὰμ
1713 751 1764 777 χρη
1778 751 1824 767 ληα-

1035 786 1181 819 τίσαντος;
1205 786 1357 822 Ἐπείπερ,
1374 787 1388 813 ὃ
1413 795 1480 823 φησι
1497 787 1614 820 Παῦλος,
1640 796 1649 813 ι
1671 787 1708 814 Τὸ
1735 787 1822 813 κατά-

1036 841 1125 867 κριμα
1143 832 1192 866 τῆς
1220 832 1357 867 ἁμαρτίας
1375 832 1469 859 ἔλυσεν
1493 833 1523 858 ἐν
1546 835 1578 868 τῇ
1594 834 1676 868 σαρκὶ
1691 832 1785 863 αὐτοῦ,
1809 841 1818 856 ι

1036 878 1082 904 τεῦ
1099 877 1216 905 θανάτου
1238 878 1455 910 θανατωθέντος.
1471 878 1526 905 Καὶ
1545 879 1569 904 εί
1584 878 1627 905 διὰ
1642 878 1688 904 τὸν
1706 878 1822 904 παλαιὸν

199 922 363 955 interempto
381 924 504 954 peccato.
531 920 571 946 Ae
595 919 617 945 si
647 923 757 952 propter
770 923 889 945 veterem
907 918 981 945 illum

1035 925 1139 950 ἐκεῖνον
1157 923 1249 958 ὲλθροὶ
1263 923 1311 950 καὶ
1323 924 1474 951 ἀποστάται
1489 923 1663 958 γεγενήμεθα
1679 922 1725 949 τοῦ
1739 921 1820 954 Θεοῦ,

201 967 303 994 inimici
316 971 342 993 et
357 973 372 993 a
387 965 442 992 Dco
455 965 612 992 desertores
632 964 694 990 facti
713 972 809 992 sumus
824 985 831 997 ,
848 965 984 999 quomodo

200 1020 254 1040 non
281 1019 329 1046 per
354 1013 444 1046 ipsum
462 1012 543 1037 etiam
560 1010 777 1043 admovebimur,
793 1010 919 1044 interque
935 1011 980 1037 Dei

200 1058 370 1086 necessarios
381 1065 413 1084 ac
427 1057 532 1084 amicos
545 1055 755 1091 cooptaliiiitur?

235 1104 363 1131 Diabolus
386 1110 504 1136 namque
523 1109 537 1128 a
557 1101 602 1129 Dei
635 1102 720 1137 gloria
749 1102 902 1137 prolapsus,
930 1109 984 1137 qua

199 1150 326 1185 superbia
343 1150 368 1176 in
381 1156 443 1176 eum
457 1148 544 1174 elatus
558 1152 610 1179 est,
618 1147 701 1174 anitni
717 1152 832 1174 mortetn
847 1147 960 1174 incurrit
974 1156 982 1176 :

200 1198 335 1232 siquidem
353 1204 367 1224 a
403 1195 457 1222 Dro
489 1194 626 1227 recedere,
668 1193 719 1220 boc
749 1193 833 1221 animi
867 1198 983 1221 mortem

199 1243 344 1271 deﬁniunt.
359 1241 488 1276 Corporis
503 1248 568 1268 vero
594 1244 722 1273 mortctn,
750 1239 776 1266 in
805 1247 839 1267 eo
865 1240 982 1274 positam

199 1289 271 1324 quod
289 1289 397 1315 animus
413 1296 427 1314 a
443 1294 558 1321 corpore
571 1290 724 1320 separetur,
752 1293 805 1313 non
829 1286 922 1318 subiit,
951 1294 984 1314 eo

199 1336 271 1371 quod
286 1341 384 1368 expers
397 1333 518 1368 corporis
533 1336 601 1360 erat.
619 1331 678 1359 Non
692 1331 782 1359 ferens
810 1337 901 1359 autem
925 1333 983 1367 pri-

190 1389 246 1408 ,ore
261 1388 289 1407 se
303 1381 406 1407 honore
426 1379 574 1410 excidisse,
592 1378 785 1411 hominemque
802 1378 847 1404 Dei
864 1377 979 1413 gloriam

199 1430 376 1453 consecutum
391 1432 462 1457 esse,
481 1423 578 1450 invidit
593 1423 672 1450 nobis
687 1423 761 1458 qttod
788 1422 844 1449 Dco
871 1422 983 1457 propin-

200 1471 246 1506 qui
263 1471 326 1498 iacti
347 1477 467 1501 eramus,
483 1469 611 1502 velutque
637 1469 744 1502 objecta
775 1475 836 1494 esca
862 1468 982 1502 capiens,

201 1526 215 1545 ο
237 1517 283 1544 Dei
315 1515 451 1544 mandatis
476 1515 619 1546 abstraxit,
648 1519 729 1549 atque
754 1513 858 1548 peccati
883 1521 982 1541 noxam

200 1563 310 1590 invexit.
328 1561 373 1589 Sic
399 1560 493 1595 itaque
511 1560 646 1594 duplicent
674 1559 754 1586 nobis
777 1564 890 1586 mortem
919 1567 982 1586 con-

199 1609 299 1641 scivit;
315 1608 428 1641 primam
445 1607 566 1642 quidem,
582 1606 678 1637 anitni,
697 1610 810 1640 tumque
827 1605 908 1632 etiam
921 1613 982 1632 cor-

200 1655 284 1690 p0ris,
302 1654 381 1688 cujus
405 1660 438 1680 ex
462 1652 581 1687 peccatis
606 1651 707 1678 indicra
734 1651 813 1678 nobis
837 1652 984 1679 necessitas

199 1701 248 1726 init
266 1708 272 1725 :
289 1709 298 1724 ι
317 1698 429 1725 Mortem
443 1697 528 1729 enim,
548 1696 647 1730 inquit,
669 1697 740 1723 Deus
755 1705 808 1723 non
829 1696 904 1729 fecit,
934 1705 984 1724 nec

196 1745 348 1772 delectatur
365 1743 390 1770 in
403 1742 554 1778 perditione
569 1741 708 1768 hominum
719 1741 752 1767 ".
765 1749 774 1766 ι
791 1740 896 1767 Etenim
910 1748 983 1768 mors

198 1791 299 1825 peccati
315 1789 455 1816 damnatio
469 1793 512 1815 cst
524 1788 557 1814 ".
587 1787 692 1814 Idcirco
709 1787 792 1813 etiam
824 1786 911 1817 nobis,
929 1786 978 1820 qui

198 1836 314 1863 mortale
325 1842 424 1869 corpus
439 1833 528 1860 induti
541 1840 647 1865 sutnus,
670 1831 782 1859 inducta
812 1835 865 1859 est.
901 1831 981 1859 Medii

196 1882 267 1909 enirn
285 1881 406 1908 mortalis
419 1879 502 1907 sortis
519 1887 550 1906 ac
570 1878 733 1905 immortalis
746 1885 761 1904 a
786 1877 842 1906 Deo
870 1877 980 1905 formati

197 1928 344 1957 fueramus,
367 1930 396 1952 ut
412 1925 545 1960 siquidem
563 1923 588 1950 in
600 1924 672 1951 bono
687 1931 720 1950 ac
739 1923 857 1951 honesto
882 1931 978 1958 perse-

196 1981 364 2003 vcrarcnius,
396 1971 627 1997 immortalitatem
659 1977 909 2004 consequeremur;
937 1968 980 1997 sin

195 2025 285 2046 autem
304 2019 402 2045 malum
419 2017 605 2052 diliget-emus,
629 2021 742 2042 tnortem
770 2015 978 2043 sustineremus.

194 2066 245 2099 Qui
261 2065 331 2091 enim
350 2064 427 2090 liberi
439 2062 544 2090 arbitrii
563 2062 667 2090 conditi
681 2062 778 2093 simus,
797 2061 901 2088 nullam
929 2069 978 2088 ex-

195 2112 282 2138 terius
303 2115 330 2136 ut
353 2110 395 2137 vel
424 2110 551 2136 virtutem
578 2109 787 2143 amplectamur,
814 2107 856 2134 vcl
883 2107 978 2135 vitium

181 2164 349 2191 sequamur,
367 2155 556 2182 necessitatem
570 2154 712 2181 habemus.
732 2151 809 2180 Unde
827 2158 854 2180 et
882 2153 978 2180 merito

193 2203 267 2237 digni
285 2201 460 2230 damnatione
474 2207 505 2227 ac
516 2199 644 2226 laudibus
669 2206 785 2226 sumus:
807 2199 908 2234 quippe
931 2199 976 2234 qui

1036 971 1094 1000 πῶς
1114 970 1144 996 οὗ
1171 970 1206 996 δι’
1220 970 1302 996 αὐτὸν
1316 970 1363 997 καὶ
1380 969 1632 1005 προσαχθησόμεθα
1647 968 1696 995 καὶ
1711 968 1819 994 οίκειω-

1035 1016 1174 1051 θησόμεθα
1189 1015 1227 1052 τῷ
1240 1015 1299 1051 θεῷ
1313 1024 1321 1048 ;

1070 1108 1124 1134 Καὶ
1154 1106 1208 1143 γὰρ
1234 1108 1248 1134 ὁ
1264 1107 1314 1142 μὲν
1343 1106 1465 1138 διάϐολος
1492 1108 1542 1140 τῆς
1568 1106 1615 1133 τοῦ
1643 1105 1711 1133 Θεοῦ
1739 1106 1819 1142 δόξης

1034 1153 1221 1184 ὲκπεπτωκὼς
1236 1153 1279 1179 διὰ
1300 1152 1350 1188 τὴν
1377 1152 1566 1188 ὑπερηφανίαν
1591 1152 1685 1186 αὑτοῦ,
1704 1151 1819 1187 ψυχικὸν

1035 1200 1165 1234 ὑπέμεινε
1187 1199 1300 1226 θάνατον
1315 1207 1322 1214 ·
1340 1198 1402 1225 ἐπεὶ
1421 1198 1451 1224 τὸ
1471 1197 1624 1233 ἀποστῆναι
1646 1197 1724 1229 Θεοῦ,
1741 1198 1819 1224 τοῦτο

1034 1245 1149 1280 ψυχικὸν
1163 1244 1301 1280 ὁρίζονται
1326 1243 1457 1270 θάνατον’
1475 1243 1631 1278 σωματικὸν
1647 1243 1675 1270 δὲ
1692 1243 1818 1275 θάνατον,

1034 1291 1063 1321 ὃς
1081 1291 1139 1316 ἐστι
1152 1289 1202 1323 τῆς
1220 1289 1310 1324 ψυχῆς
1324 1288 1379 1315 ἀπὸ
1402 1288 1449 1314 τοῦ
1464 1287 1591 1323 σώματος
1606 1287 1755 1323 χωρισμὸς,
1769 1288 1817 1313 οὐκ

1035 1334 1146 1366 ἔπαθεν,
1166 1334 1281 1368 ἐπείπερ
1295 1333 1439 1368 ἀσώματος
1453 1331 1498 1369 ἦν.
1519 1333 1555 1359 Ob
1570 1333 1660 1368 φέρων
1676 1333 1703 1359 δὲ
1720 1332 1816 1358 ἑαυτὸν

1034 1380 1101 1416 όρᾷν
1125 1380 1175 1415 τῆς
1204 1380 1340 1415 προτέρας
1367 1379 1566 1406 ἐκπεπτωκότα
1594 1378 1688 1413 τιμῆς,
1717 1378 1762 1404 τὸν
1789 1379 1816 1404 δὲ

1034 1424 1178 1459 ἄνθρωπον
1193 1424 1242 1458 τῆς
1260 1425 1306 1450 τοῦ
1321 1423 1388 1450 Θεοῦ
1405 1424 1485 1460 δόξης
1496 1424 1656 1460 ἠξιωμένον,
1670 1424 1818 1459 ἐφθόνησεν

1033 1472 1100 1506 ἡμῖν
1123 1471 1173 1506 τῆς
1192 1471 1267 1506 παρὰ
1284 1470 1321 1504 τῷ
1338 1470 1397 1506 Θεῷ
1415 1471 1605 1506 πλησιότητος,
1622 1471 1669 1497 καὶ
1688 1470 1818 1501 δελεάσας

1034 1518 1182 1551 ἀφείλκυσε
1206 1517 1260 1543 τῶν
1277 1516 1324 1543 τοῦ
1352 1515 1420 1542 Θεοῦ
1448 1517 1677 1552 προσταγμάτων,
1695 1517 1742 1543 καὶ
1768 1517 1817 1551 τὴν

1035 1563 1172 1598 ἁμαρτίαν
1203 1563 1372 1597 εἰσήνεγκεν.
1403 1561 1481 1588 Οὕτω
1497 1562 1586 1589 τοίνυν
1612 1561 1722 1589 διπλοῦν
1751 1563 1817 1597 ἡμῖν

1034 1609 1144 1644 ἐποίησε
1170 1608 1284 1635 θάνατον
1299 1616 1305 1623 ·
1330 1607 1438 1643 πρῶτον
1463 1608 1513 1643 μὲν
1539 1608 1584 1634 τὸν
1610 1606 1816 1644 ψυχικόνεεῇα

1034 1655 1083 1681 καὶ
1105 1655 1151 1681 τὸν
1176 1655 1345 1689 σωματικὸν,
1360 1654 1405 1681 τὸν
1421 1655 1476 1685 τοῖς
1503 1654 1699 1688 ἁμαρτήμασιν
1716 1654 1818 1687 ἐπαγόι

1034 1709 1124 1734 μενον.
1140 1710 1149 1726 ι
1167 1699 1286 1727 Θάνατον
1302 1698 1368 1735 γὰρ,
1389 1711 1398 1725 ι
1417 1700 1511 1735 φησὶν,
1528 1709 1537 1725 ι
1551 1701 1565 1726 ὁ
1580 1699 1645 1730 Θεδς
1658 1700 1708 1726 οὑκ
1725 1701 1817 1734 ὲποὶη·

1033 1754 1090 1776 σεν,
1119 1745 1179 1772 οὐδὲ
1206 1746 1337 1781 τέρπεται
1362 1746 1405 1772 ἐπ’
1433 1745 1558 1780 ἀπωλείᾳ.
1585 1744 1706 1777 ζώντων,
1726 1754 1735 1770 ι
1761 1746 1816 1772 Καὶ

1033 1791 1088 1827 γὰρ
1116 1792 1131 1817 6
1154 1791 1268 1823 θάνατος
1285 1791 1424 1827 ἁμαρτίας
1440 1792 1500 1818 ἐστὶ
1526 1791 1672 1826 καταδίκη.
1698 1792 1744 1817 Arb
1770 1793 1816 1818 καὶ

1032 1838 1098 1873 ἡμῖν
1124 1838 1221 1872 θνητὸν
1249 1839 1328 1873 σῶμα
1353 1838 1557 1873 περικειμένοις
1585 1838 1713 1872 ἐπήγετο.
1730 1837 1815 1864 Μέσοι

1032 1884 1085 1919 γὰρ
1110 1883 1272 1919 θνητότητος
1290 1884 1338 1910 καὶ
1359 1883 1508 1915 ἀθανασίας
1526 1883 1711 1918 ὲπὶάσθημεν,
1736 1883 1768 1910 ἵν’
1791 1884 1815 1909 εἰ

1032 1929 1081 1963 μὲν
1103 1929 1134 1956 ἑν
1156 1929 1195 1964 τῷ
1217 1929 1292 1963 καλῴ
1315 1929 1499 1964 διαμένοιμεν,
1515 1928 1666 1955 ἀθανασίαν
1687 1928 1814 1963 κληρονο-

1032 1975 1165 2010 μήσωμεν
1179 1983 1185 1989 ·
1203 1976 1228 2001 εί
1252 1975 1280 2001 δὲ
1296 1975 1328 2001 τὸ
1352 1974 1437 2001 κακὸν
1454 1974 1646 2008 ἀγαπήσομεν,
1669 1973 1714 1999 τὸν
1731 1973 1813 2000 θάνα-

1029 2028 1075 2046 τον
1096 2019 1286 2054 ὑπομένωμεν.
1304 2019 1478 2051 Αὑτεξούσιοι
1501 2021 1555 2054 γὰρ
1570 2019 1725 2052 γεγονότες,
1739 2018 1814 2044 οὐδε-

1031 2065 1096 2100 μίαν
1111 2065 1165 2091 ἀπδ
1180 2065 1234 2091 τῶν
1251 2064 1350 2097 ἔξωθεν
1365 2064 1380 2099 ἦ
1396 2065 1465 2099 πρὸς
1478 2064 1578 2099 ἀρετὴν
1593 2064 1608 2099 ἦ
1628 2064 1696 2097 πρὸς
1713 2063 1813 2090 κακίαν

1029 2110 1151 2146 ἀνάγκην
1179 2110 1286 2145 ἔχομεν.
1313 2110 1394 2136 Ὅθεν
1422 2111 1469 2136 καὶ
1491 2109 1602 2140 δικαίως
1632 2109 1702 2141 ἄξιοι
1727 2118 1810 2136 κατα-

1029 2156 1106 2191 δίκης
1125 2157 1171 2183 καὶ
1190 2157 1312 2183 ἐπαίνων
1325 2156 1419 2190 ἐσμὲν,
1437 2157 1484 2182 ἅτε
1501 2156 1549 2190 τὴν
1567 2156 1655 2190 ἀρχὴν
1671 2155 1721 2190 τῆς
1737 2156 1813 2190 κινή-

1030 2210 1099 2233 σεως
1124 2202 1230 2228 οἴκοθεν
1256 2202 1436 2236 κεκτημένοι,
1465 2202 1529 2228 ὅταν
1558 2209 1584 2227 τι
1614 2199 1811 2236 προαιρώμεθα

193 2254 284 2276 mutus
298 2246 475 2282 principium,
492 2252 554 2271 cum
572 2244 673 2279 aliquid
689 2251 768 2279 agere
799 2245 975 2276 voluerimus,
993 2244 1015 2274 D
1030 2248 1170 2282 πράττειν,

191 2302 224 2322 ex
240 2294 318 2321 nobis
345 2293 504 2318 habeamus.

229 2341 274 2367 Dei
299 2340 389 2373 itaque
415 2337 499 2364 Filius
521 2335 608 2363 iactus
635 2335 728 2367 homo,
756 2335 840 2362 animi
867 2335 976 2370 quidem

191 2393 307 2415 mortem
327 2393 380 2411 non
395 2383 535 2410 sustinuit.
550 2381 693 2415 Quomodo
709 2381 794 2414 enim,
811 2381 856 2416 qui
866 2389 898 2408 ex
916 2381 976 2408 Vir-

191 2434 253 2469 gine
269 2436 349 2458 natus
362 2434 434 2456 esset
452 2437 458 2455 :
472 2428 498 2456 ei
513 2428 539 2455 in
554 2429 634 2462 cujus
651 2436 699 2455 ore
718 2436 769 2454 non
787 2433 830 2455 est
844 2429 974 2456 inventus

190 2471 270 2506 dolus
285 2477 329 2503 "?
365 2475 469 2502 Idcirco
486 2482 536 2501 nec
549 2474 671 2508 corporis
683 2474 790 2508 quidem
816 2474 896 2502 morti
926 2474 975 2501 ub-

190 2523 289 2552 noxius
305 2527 375 2553 erat,
392 2528 446 2555 qua
465 2519 570 2547 ratione
582 2521 616 2546 ab
630 2519 703 2546 omni
720 2520 867 2546 immunem
897 2520 974 2555 culpa

191 2569 275 2596 vitam
291 2568 457 2594 traduxerat.
473 2564 590 2600 Operam
606 2570 696 2591 tamen
733 2566 891 2592 conferente
916 2567 975 2592 dia-

190 2615 252 2644 bolo
280 2622 327 2649 per
361 2613 482 2640 deicidas
507 2611 616 2638 .lndinos
647 2615 744 2646 sponte
769 2619 828 2638 eam
857 2613 976 2647 suscepit

189 2667 299 2699 propter
323 2669 384 2688 nos.
404 2659 471 2686 Mori
499 2659 570 2685 enim
591 2662 717 2692 \potet'al
757 2657 830 2691 quod
856 2662 973 2684 Veterem

188 2709 320 2738 Adatnuut
341 2707 473 2734 induerat.
492 2704 524 2731 Et
540 2704 602 2738 quia
616 2709 644 2730 ut
657 2709 811 2730 moreretur
840 2703 866 2729 in
890 2711 972 2731 causa

189 2762 242 2781 non
257 2754 308 2780 fuit
322 2756 463 2788 peccatum
489 2751 614 2786 originis,
641 2757 720 2776 suum
749 2756 843 2776 rursus
875 2757 974 2784 corpus

187 2801 298 2834 recepit.

223 2861 246 2875 "
264 2859 340 2888 iiom.
358 2868 385 2894 ν,
406 2860 445 2888 l5.
484 2859 506 2875 "
519 2859 526 2885 Ι
541 2858 604 2885 Cor.
626 2864 669 2887 μ’,
689 2855 732 2882 45.

187 2903 215 2924 tt.
228 2895 272 2922 25.

772 2856 794 2872 ³⁸
812 2856 910 2884 Ιέυίιυδ.
940 2864 967 2890 ιι,
991 2856 1033 2884 Η.

1069 2338 1098 2364 '0
1121 2339 1211 2365 τοίνυν
1238 2338 1302 2369 Υἱὸς
1324 2337 1371 2364 τοῦ
1389 2337 1457 2364 Θεοῦ
1487 2337 1632 2372 γενόμενος
1657 2336 1810 2372 ἄνθρωπος,

1026 2385 1143 2419 ψυχικὸν
1166 2385 1215 2419 μὲν
1231 2384 1281 2411 οὐκ
1304 2383 1452 2410 ἐπεπόνθει
1475 2383 1600 2411 θάνατον.
1626 2383 1688 2415 Πῶς
1701 2384 1766 2419 γὰρ,
1783 2384 1811 2414 ὃς

1026 2433 1057 2457 ὲκ
1075 2430 1212 2466 Παρθένου
1237 2430 1410 2464 γεγέννηται,
1430 2429 1491 2455 οὐδὲ
1508 2429 1606 2464 εὑρέθη
1622 2429 1697 2460 δόλος
1722 2430 1750 2455 ἐν
1773 2430 1811 2464 τῷ

1030 2478 1145 2510 στόματι
1174 2475 1276 2507 uirtuti;
1308 2475 1355 2500 Διὰ
1385 2469 1464 2500 τοῦτὸ
1490 2474 1550 2500 οὐδὲ
1579 2474 1624 2500 τὸν
1656 2474 1810 2508 σωματικὸν

1029 2522 1176 2549 ἀποθανεῖν
1211 2521 1321 2555 ὤφειλε,
1356 2520 1450 2548 καθότι
1481 2521 1673 2556 ἀναμάρτητος
1707 2520 1810 2547 διεϐίω.

1030 2566 1195 2602 Ὅμως-τοῦ
1225 2566 1347 2593 διαϐόλου
1366 2567 1584 2601 συνεργήσαντος
1609 2565 1659 2592 διὰ
1671 2565 1725 2591 τῶν
1751 2565 1810 2590 Oso-

1029 2614 1131 2639 κτόνων
1149 2612 1294 2643 Ἰουδαίων,
1317 2611 1387 2638 ἑκὼν
1408 2612 1490 2638 αὐτὸν
1509 2611 1656 2644 ὑπεδέξατο
1671 2610 1710 2637 δι’
1727 2611 1810 2645 ἡμᾶς.

1034 2658 1192 2685 ’Λποθανεῐν
1218 2657 1273 2691 γὰρ
1292 2657 1415 2688 ἐδύνατο,
1438 2657 1484 2682 τὸν
1499 2656 1614 2682 παλαιὸν
1634 2655 1719 2689 Ἀδὰμ
1739 2656 1812 2681 ἔνδυ-

1029 2706 1155 2738 σέιμενος.
1192 2703 1247 2729 Καὶ
1287 2703 1403 2738 ἐπείπερ
1438 2702 1488 2729 οὐκ
1525 2702 1645 2729 ἀπέθανε
1683 2701 1729 2727 διὰ
1762 2701 1811 2736 τὴν

1028 2750 1196 2785 προγονικὴν
1227 2750 1383 2784 ἁμαρτίαν,
1421 2749 1503 2775 πάλιν
1538 2749 1568 2774 τὸ
1601 2747 1698 2775 ἑαυτοῦ
1732 2747 1811 2782 σῶμα

1027 2796 1156 2823 ἀνείλετο.

1074 2856 1094 2871 ³⁷
1111 2857 1174 2890 Snp.
1191 2864 1208 2888 t,
1231 2856 1274 2882 15.
1331 2853 1373 2881 ³⁵1
1405 2854 1466 2881 Cor.
1485 2860 1529 2885 xv,
1548 2853 1591 2880 56.
1648 2852 1671 2869 "
1697 2852 1706 2879 1
1736 2850 1808 2879 Petr.

1331 2853 1373 2881 ‘5!
1405 2854 1466 2881 Cor.
1485 2860 1529 2885 xv,
1548 2853 1591 2880 56.
