  <div class='ocr_page' id='page_1' title='image "/cluster/home/n/w/nwhite01/storage/ocr_20150623/152/njp.32101077773206/317.png"; bbox 0 0 1950 3070; ppageno 0'>
   <div class='ocr_carea' id='block_1_1' title="bbox 203 115 256 147">
    <p class='ocr_par' dir='ltr' id='par_1_1' title="bbox 203 115 256 147">
     <span class='ocr_line' id='line_1_1' title="bbox 203 115 256 147; baseline 0 0"><span class='ocrx_word' id='word_1_1' title='bbox 203 115 256 147; x_wconf 76' lang='grc'>607</span> 
     </span>
    </p>
   </div>
   <div class='ocr_carea' id='block_1_2' title="bbox 825 111 1206 144">
    <p class='ocr_par' dir='ltr' id='par_1_2' title="bbox 825 111 1206 144">
     <span class='ocr_line' id='line_1_2' title="bbox 825 111 1206 144; baseline 0.008 -3"><span class='ocrx_word' id='word_1_2' title='bbox 825 112 852 141; x_wconf 87' lang='grc' dir='ltr'>Μ</span> <span class='ocrx_word' id='word_1_3' title='bbox 861 111 1022 142; x_wconf 57' lang='lat' dir='ltr'><strong>ANUELIS</strong></span> <span class='ocrx_word' id='word_1_4' title='bbox 1042 111 1206 144; x_wconf 45' lang='lat' dir='ltr'><strong>CALECAE.</strong></span> 
     </span>
    </p>
   </div>
   <div class='ocr_carea' id='block_1_3' title="bbox 1797 113 1870 146">
    <p class='ocr_par' dir='ltr' id='par_1_3' title="bbox 1797 113 1870 146">
     <span class='ocr_line' id='line_1_3' title="bbox 1797 113 1870 146; baseline 0 0"><span class='ocrx_word' id='word_1_5' title='bbox 1797 113 1870 146; x_wconf 82' lang='lat'><strong>608</strong></span> 
     </span>
    </p>
   </div>
   <div class='ocr_carea' id='block_1_4' title="bbox 205 169 997 209">
    <p class='ocr_par' dir='ltr' id='par_1_4' title="bbox 205 171 993 209">
     <span class='ocr_line' id='line_1_4' title="bbox 205 171 993 209; baseline -0.004 -8"><span class='ocrx_word' id='word_1_6' title='bbox 205 173 296 201; x_wconf 79' lang='lat' dir='ltr'><strong>sa-culi</strong></span> <span class='ocrx_word' id='word_1_7' title='bbox 331 172 517 201; x_wconf 41' lang='lat' dir='ltr'><strong>variis&#39;cutis</strong></span> <span class='ocrx_word' id='word_1_8' title='bbox 549 172 722 203; x_wconf 86' lang='lat' dir='ltr'><strong>distrahitur.</strong></span> <span class='ocrx_word' id='word_1_9' title='bbox 752 179 820 205; x_wconf 67' lang='grc' dir='ltr'><strong>(μηδ</strong></span> <span class='ocrx_word' id='word_1_10' title='bbox 847 171 993 209; x_wconf 65' lang='lat' dir='ltr'><strong>dicebam,</strong></span> 
     </span>
    </p>
   </div>
   <div class='ocr_carea' id='block_1_5' title="bbox 1053 169 1867 209">
    <p class='ocr_par' dir='ltr' id='par_1_5' title="bbox 1053 171 1867 207">
     <span class='ocr_line' id='line_1_5' title="bbox 1053 171 1867 207; baseline 0.002 -10"><span class='ocrx_word' id='word_1_11' title='bbox 1053 171 1206 205; x_wconf 71' lang='grc' dir='ltr'>μετανοίας,</span> <span class='ocrx_word' id='word_1_12' title='bbox 1221 171 1259 203; x_wconf 84' lang='grc' dir='ltr'>ὡς</span> <span class='ocrx_word' id='word_1_13' title='bbox 1282 172 1407 206; x_wconf 72' lang='grc' dir='ltr'>εἴπομεν,</span> <span class='ocrx_word' id='word_1_14' title='bbox 1433 171 1473 198; x_wconf 82' lang='grc' dir='ltr'>δετ</span> <span class='ocrx_word' id='word_1_15' title='bbox 1492 171 1655 207; x_wconf 74' lang='grc' dir='ltr'><strong>θεραπεύειν</strong></span> <span class='ocrx_word' id='word_1_16' title='bbox 1668 180 1675 188; x_wconf 74' lang='grc' dir='ltr'><strong>ι</strong></span> <span class='ocrx_word' id='word_1_17' title='bbox 1693 171 1757 198; x_wconf 75' lang='grc' dir='ltr'>ἐπεὶ</span> <span class='ocrx_word' id='word_1_18' title='bbox 1793 172 1829 199; x_wconf 78' lang='grc' dir='ltr'><strong>δὲ</strong></span> <span class='ocrx_word' id='word_1_19' title='bbox 1850 174 1867 199; x_wconf 79' lang='grc' dir='ltr'>ὁ</span> 
     </span>
    </p>
   </div>
   <div class='ocr_carea' id='block_1_6' title="bbox 204 217 993 255">
    <p class='ocr_par' dir='ltr' id='par_1_6' title="bbox 204 217 993 255">
     <span class='ocr_line' id='line_1_6' title="bbox 204 217 993 255; baseline -0.004 -8"><span class='ocrx_word' id='word_1_20' title='bbox 204 219 391 255; x_wconf 61' lang='grc' dir='ltr'>πει-ξιιιιιίηεε,</span> <span class='ocrx_word' id='word_1_21' title='bbox 407 219 434 246; x_wconf 88' lang='lat' dir='ltr'><strong>in</strong></span> <span class='ocrx_word' id='word_1_22' title='bbox 450 218 542 254; x_wconf 88' lang='lat' dir='ltr'><strong>seipso</strong></span> <span class='ocrx_word' id='word_1_23' title='bbox 568 219 685 253; x_wconf 81' lang='lat' dir='ltr'><strong>perfecte</strong></span> <span class='ocrx_word' id='word_1_24' title='bbox 702 226 755 245; x_wconf 92' lang='lat' dir='ltr'><strong>non</strong></span> <span class='ocrx_word' id='word_1_25' title='bbox 777 222 876 251; x_wconf 84' lang='lat' dir='ltr'><strong>sanat,</strong></span> <span class='ocrx_word' id='word_1_26' title='bbox 895 217 993 244; x_wconf 87' lang='lat' dir='ltr'><strong>Sacra-</strong></span> 
     </span>
    </p>
   </div>
   <div class='ocr_carea' id='block_1_7' title="bbox 206 263 995 297">
    <p class='ocr_par' dir='ltr' id='par_1_7' title="bbox 206 263 995 297">
     <span class='ocr_line' id='line_1_7' title="bbox 206 263 995 297; baseline -0.003 -6"><span class='ocrx_word' id='word_1_27' title='bbox 206 271 327 292; x_wconf 86' lang='lat' dir='ltr'><strong>mentum</strong></span> <span class='ocrx_word' id='word_1_28' title='bbox 343 265 396 292; x_wconf 83' lang='lat' dir='ltr'><strong>hoc</strong></span> <span class='ocrx_word' id='word_1_29' title='bbox 417 265 450 291; x_wconf 91' lang='lat' dir='ltr'><strong>ad</strong></span> <span class='ocrx_word' id='word_1_30' title='bbox 477 264 594 291; x_wconf 83' lang='lat' dir='ltr'><strong>salutem</strong></span> <span class='ocrx_word' id='word_1_31' title='bbox 620 264 723 291; x_wconf 88' lang='lat' dir='ltr'><strong>homini</strong></span> <span class='ocrx_word' id='word_1_32' title='bbox 744 263 838 291; x_wconf 82' lang='lat' dir='ltr'><strong>datum</strong></span> <span class='ocrx_word' id='word_1_33' title='bbox 856 267 913 295; x_wconf 85' lang='lat' dir='ltr'><strong>est;</strong></span> <span class='ocrx_word' id='word_1_34' title='bbox 941 269 995 297; x_wconf 88' lang='lat' dir='ltr'><strong>quo</strong></span> 
     </span>
    </p>
   </div>
   <div class='ocr_carea' id='block_1_8' title="bbox 206 308 996 345">
    <p class='ocr_par' dir='ltr' id='par_1_8' title="bbox 206 308 996 345">
     <span class='ocr_line' id='line_1_8' title="bbox 206 308 996 345; baseline -0.003 -9"><span class='ocrx_word' id='word_1_35' title='bbox 206 311 334 337; x_wconf 84' lang='lat' dir='ltr'><strong>nimirum</strong></span> <span class='ocrx_word' id='word_1_36' title='bbox 356 310 414 345; x_wconf 86' lang='lat' dir='ltr'><strong>ejus</strong></span> <span class='ocrx_word' id='word_1_37' title='bbox 430 310 608 344; x_wconf 77' lang='lat' dir='ltr'><strong>susceptione</strong></span> <span class='ocrx_word' id='word_1_38' title='bbox 625 309 651 336; x_wconf 92' lang='lat' dir='ltr'><strong>id</strong></span> <span class='ocrx_word' id='word_1_39' title='bbox 673 309 804 344; x_wconf 87' lang='lat' dir='ltr'><strong>impleat.</strong></span> <span class='ocrx_word' id='word_1_40' title='bbox 819 309 892 344; x_wconf 91' lang='lat' dir='ltr'><strong>quod</strong></span> <span class='ocrx_word' id='word_1_41' title='bbox 910 308 942 335; x_wconf 88' lang='lat' dir='ltr'><strong>ad</strong></span> <span class='ocrx_word' id='word_1_42' title='bbox 962 308 996 335; x_wconf 93' lang='lat' dir='ltr'><strong>il-</strong></span> 
     </span>
    </p>
   </div>
   <div class='ocr_carea' id='block_1_9' title="bbox 205 355 996 390">
    <p class='ocr_par' dir='ltr' id='par_1_9' title="bbox 205 355 996 390">
     <span class='ocr_line' id='line_1_9' title="bbox 205 355 996 390; baseline 0 -8"><span class='ocrx_word' id='word_1_43' title='bbox 205 356 258 383; x_wconf 86' lang='lat' dir='ltr'><strong>lius</strong></span> <span class='ocrx_word' id='word_1_44' title='bbox 276 356 425 383; x_wconf 71' lang='lat' dir='ltr'><strong>eurationh</strong></span> <span class='ocrx_word' id='word_1_45' title='bbox 439 375 447 388; x_wconf 88' lang='lat'><strong>,</strong></span> <span class='ocrx_word' id='word_1_46' title='bbox 472 363 554 390; x_wconf 85' lang='lat' dir='ltr'><strong>quam</strong></span> <span class='ocrx_word' id='word_1_47' title='bbox 577 359 688 390; x_wconf 76' lang='lat' dir='ltr'><strong>prmstat</strong></span> <span class='ocrx_word' id='word_1_48' title='bbox 714 355 886 390; x_wconf 80' lang='lat' dir='ltr'><strong>poenitentia.</strong></span> <span class='ocrx_word' id='word_1_49' title='bbox 907 355 996 390; x_wconf 82' lang='lat' dir='ltr'><strong>perle-</strong></span> 
     </span>
    </p>
   </div>
   <div class='ocr_carea' id='block_1_10' title="bbox 206 400 996 436">
    <p class='ocr_par' dir='ltr' id='par_1_10' title="bbox 206 400 996 436">
     <span class='ocr_line' id='line_1_10' title="bbox 206 400 996 436; baseline 0.003 -9"><span class='ocrx_word' id='word_1_50' title='bbox 206 401 323 427; x_wconf 71' lang='lat' dir='ltr'><strong>ctionent</strong></span> <span class='ocrx_word' id='word_1_51' title='bbox 342 400 559 433; x_wconf 78' lang='lat' dir='ltr'><strong>desiderabatur,</strong></span> <span class='ocrx_word' id='word_1_52' title='bbox 577 401 692 436; x_wconf 80' lang='lat' dir='ltr'><strong>ejusque</strong></span> <span class='ocrx_word' id='word_1_53' title='bbox 712 401 899 429; x_wconf 83' lang='lat' dir='ltr'><strong>damnationis</strong></span> <span class='ocrx_word' id='word_1_54' title='bbox 920 406 996 429; x_wconf 80' lang='lat' dir='ltr'><strong>reatu</strong></span> 
     </span>
    </p>
   </div>
   <div class='ocr_carea' id='block_1_11' title="bbox 205 446 997 481">
    <p class='ocr_par' dir='ltr' id='par_1_11' title="bbox 205 446 997 481">
     <span class='ocr_line' id='line_1_11' title="bbox 205 446 997 481; baseline 0.003 -9"><span class='ocrx_word' id='word_1_55' title='bbox 205 446 347 478; x_wconf 86' lang='lat' dir='ltr'><strong>liberetur,</strong></span> <span class='ocrx_word' id='word_1_56' title='bbox 364 446 409 473; x_wconf 86' lang='lat' dir='ltr'><strong>cui</strong></span> <span class='ocrx_word' id='word_1_57' title='bbox 426 446 528 473; x_wconf 87' lang='lat' dir='ltr'><strong>idcirco</strong></span> <span class='ocrx_word' id='word_1_58' title='bbox 547 446 684 473; x_wconf 78' lang='lat' dir='ltr'><strong>obnoxius</strong></span> <span class='ocrx_word' id='word_1_59' title='bbox 704 449 744 473; x_wconf 88' lang='lat' dir='ltr'><strong>est</strong></span> <span class='ocrx_word' id='word_1_60' title='bbox 756 466 763 477; x_wconf 89' lang='grc'><strong>,</strong></span> <span class='ocrx_word' id='word_1_61' title='bbox 780 447 843 481; x_wconf 90' lang='lat' dir='ltr'><strong>qttia</strong></span> <span class='ocrx_word' id='word_1_62' title='bbox 860 448 997 481; x_wconf 64' lang='lat' dir='ltr'><strong>paeniten-</strong></span> 
     </span>
    </p>
   </div>
   <div class='ocr_carea' id='block_1_12' title="bbox 207 492 997 527">
    <p class='ocr_par' dir='ltr' id='par_1_12' title="bbox 207 492 997 527">
     <span class='ocr_line' id='line_1_12' title="bbox 207 492 997 527; baseline 0.003 -9"><span class='ocrx_word' id='word_1_63' title='bbox 207 492 250 519; x_wconf 85' lang='lat' dir='ltr'><strong>tiae</strong></span> <span class='ocrx_word' id='word_1_64' title='bbox 264 499 397 519; x_wconf 88' lang='lat' dir='ltr'><strong>canouem</strong></span> <span class='ocrx_word' id='word_1_65' title='bbox 420 499 475 519; x_wconf 89' lang='lat' dir='ltr'><strong>non</strong></span> <span class='ocrx_word' id='word_1_66' title='bbox 491 492 614 527; x_wconf 81' lang='lat' dir='ltr'><strong>peregit;</strong></span> <span class='ocrx_word' id='word_1_67' title='bbox 634 496 663 518; x_wconf 91' lang='lat' dir='ltr'><strong>ut</strong></span> <span class='ocrx_word' id='word_1_68' title='bbox 687 492 794 519; x_wconf 80' lang='lat' dir='ltr'><strong>scilicet</strong></span> <span class='ocrx_word' id='word_1_69' title='bbox 818 492 887 519; x_wconf 91' lang='lat' dir='ltr'><strong>nihil</strong></span> <span class='ocrx_word' id='word_1_70' title='bbox 913 493 939 519; x_wconf 96' lang='lat' dir='ltr'><strong>in</strong></span> <span class='ocrx_word' id='word_1_71' title='bbox 964 500 997 520; x_wconf 92' lang='lat' dir='ltr'><strong>eo</strong></span> 
     </span>
    </p>
   </div>
   <div class='ocr_carea' id='block_1_13' title="bbox 207 538 996 574">
    <p class='ocr_par' dir='ltr' id='par_1_13' title="bbox 207 538 996 574">
     <span class='ocr_line' id='line_1_13' title="bbox 207 538 996 574; baseline 0.003 -10"><span class='ocrx_word' id='word_1_72' title='bbox 207 538 345 565; x_wconf 84' lang='lat' dir='ltr'><strong>residuum</strong></span> <span class='ocrx_word' id='word_1_73' title='bbox 359 538 404 569; x_wconf 76' lang='lat' dir='ltr'><strong>sit,</strong></span> <span class='ocrx_word' id='word_1_74' title='bbox 415 545 469 572; x_wconf 90' lang='lat' dir='ltr'><strong>quo</strong></span> <span class='ocrx_word' id='word_1_75' title='bbox 481 538 591 565; x_wconf 90' lang='lat' dir='ltr'><strong>animus</strong></span> <span class='ocrx_word' id='word_1_76' title='bbox 602 538 737 565; x_wconf 58' lang='lat' dir='ltr'><strong>excedens</strong></span> <span class='ocrx_word' id='word_1_77' title='bbox 751 538 869 565; x_wconf 83' lang='lat' dir='ltr'><strong>futuram</strong></span> <span class='ocrx_word' id='word_1_78' title='bbox 882 539 996 574; x_wconf 76' lang='lat' dir='ltr'><strong>gloriam</strong></span> 
     </span>
    </p>
   </div>
   <div class='ocr_carea' id='block_1_14' title="bbox 207 584 529 619">
    <p class='ocr_par' dir='ltr' id='par_1_14' title="bbox 207 584 529 619">
     <span class='ocr_line' id='line_1_14' title="bbox 207 584 529 619; baseline 0 -8"><span class='ocrx_word' id='word_1_79' title='bbox 207 585 337 619; x_wconf 89' lang='lat' dir='ltr'><strong>consequi</strong></span> <span class='ocrx_word' id='word_1_80' title='bbox 355 584 529 618; x_wconf 77' lang='lat' dir='ltr'><strong>impediatur.</strong></span> 
     </span>
    </p>
   </div>
   <div class='ocr_carea' id='block_1_15' title="bbox 244 673 998 708">
    <p class='ocr_par' dir='ltr' id='par_1_15' title="bbox 244 673 998 708">
     <span class='ocr_line' id='line_1_15' title="bbox 244 673 998 708; baseline 0.004 -8"><span class='ocrx_word' id='word_1_81' title='bbox 244 675 377 700; x_wconf 62' lang='lat' dir='ltr'><strong>Praeterea</strong></span> <span class='ocrx_word' id='word_1_82' title='bbox 391 673 524 708; x_wconf 85' lang='lat' dir='ltr'><strong>contingit</strong></span> <span class='ocrx_word' id='word_1_83' title='bbox 534 681 583 701; x_wconf 91' lang='lat' dir='ltr'><strong>nec</strong></span> <span class='ocrx_word' id='word_1_84' title='bbox 598 674 764 707; x_wconf 75' lang='lat' dir='ltr'><strong>meminisse,</strong></span> <span class='ocrx_word' id='word_1_85' title='bbox 777 682 826 702; x_wconf 83' lang='lat' dir='ltr'><strong>nrc</strong></span> <span class='ocrx_word' id='word_1_86' title='bbox 841 683 905 703; x_wconf 76' lang='lat' dir='ltr'><strong>vero</strong></span> <span class='ocrx_word' id='word_1_87' title='bbox 919 683 998 704; x_wconf 91' lang='lat' dir='ltr'><strong>nosse</strong></span> 
     </span>
    </p>
   </div>
   <div class='ocr_carea' id='block_1_16' title="bbox 181 718 996 755">
    <p class='ocr_par' dir='ltr' id='par_1_16' title="bbox 181 718 996 755">
     <span class='ocr_line' id='line_1_16' title="bbox 181 718 996 755; baseline 0.005 -11"><span class='ocrx_word' id='word_1_88' title='bbox 181 718 184 722; x_wconf 45' lang='grc' dir='ltr'>λ</span> <span class='ocrx_word' id='word_1_89' title='bbox 208 719 339 753; x_wconf 67' lang='lat' dir='ltr'><strong>qumquis</strong></span> <span class='ocrx_word' id='word_1_90' title='bbox 355 718 595 745; x_wconf 84' lang='lat' dir='ltr'><strong>eommisitomnia</strong></span> <span class='ocrx_word' id='word_1_91' title='bbox 616 723 737 753; x_wconf 81' lang='lat' dir='ltr'><strong>peccata.</strong></span> <span class='ocrx_word' id='word_1_92' title='bbox 754 725 779 746; x_wconf 91' lang='lat' dir='ltr'><strong>ut</strong></span> <span class='ocrx_word' id='word_1_93' title='bbox 797 727 844 754; x_wconf 90' lang='lat' dir='ltr'><strong>per</strong></span> <span class='ocrx_word' id='word_1_94' title='bbox 860 721 996 755; x_wconf 70' lang='lat' dir='ltr'><strong>paeniten-</strong></span> 
     </span>
    </p>
   </div>
   <div class='ocr_carea' id='block_1_17' title="bbox 209 764 998 800">
    <p class='ocr_par' dir='ltr' id='par_1_17' title="bbox 209 764 998 800">
     <span class='ocr_line' id='line_1_17' title="bbox 209 764 998 800; baseline 0.004 -10"><span class='ocrx_word' id='word_1_95' title='bbox 209 764 273 790; x_wconf 84' lang='lat' dir='ltr'><strong>tiam</strong></span> <span class='ocrx_word' id='word_1_96' title='bbox 292 764 336 790; x_wconf 91' lang='lat' dir='ltr'><strong>illa</strong></span> <span class='ocrx_word' id='word_1_97' title='bbox 355 764 446 791; x_wconf 83' lang='lat' dir='ltr'><strong>delere</strong></span> <span class='ocrx_word' id='word_1_98' title='bbox 465 764 561 798; x_wconf 87' lang='lat' dir='ltr'><strong>possit.</strong></span> <span class='ocrx_word' id='word_1_99' title='bbox 583 764 654 796; x_wconf 86' lang='lat' dir='ltr'><strong>Quin</strong></span> <span class='ocrx_word' id='word_1_100' title='bbox 669 769 696 791; x_wconf 89' lang='lat' dir='ltr'><strong>et</strong></span> <span class='ocrx_word' id='word_1_101' title='bbox 710 765 869 798; x_wconf 82' lang='lat' dir='ltr'><strong>quotidiana</strong></span> <span class='ocrx_word' id='word_1_102' title='bbox 888 770 998 800; x_wconf 86' lang='lat' dir='ltr'><strong>peccata</strong></span> 
     </span>
    </p>
   </div>
   <div class='ocr_carea' id='block_1_18' title="bbox 210 809 998 845">
    <p class='ocr_par' dir='ltr' id='par_1_18' title="bbox 210 809 998 845">
     <span class='ocr_line' id='line_1_18' title="bbox 210 809 998 845; baseline 0.001 -8"><span class='ocrx_word' id='word_1_103' title='bbox 210 815 285 840; x_wconf 85' lang='lat' dir='ltr'><strong>sunt.</strong></span> <span class='ocrx_word' id='word_1_104' title='bbox 296 809 355 837; x_wconf 87' lang='lat' dir='ltr'><strong>sine</strong></span> <span class='ocrx_word' id='word_1_105' title='bbox 370 810 469 844; x_wconf 88' lang='lat' dir='ltr'><strong>quibus</strong></span> <span class='ocrx_word' id='word_1_106' title='bbox 478 809 536 836; x_wconf 81' lang='lat' dir='ltr'><strong>ﬁeri</strong></span> <span class='ocrx_word' id='word_1_107' title='bbox 552 818 605 836; x_wconf 89' lang='lat' dir='ltr'><strong>nou</strong></span> <span class='ocrx_word' id='word_1_108' title='bbox 622 814 709 845; x_wconf 79' lang='lat' dir='ltr'><strong>potest</strong></span> <span class='ocrx_word' id='word_1_109' title='bbox 726 814 755 837; x_wconf 82' lang='lat' dir='ltr'><strong>ut</strong></span> <span class='ocrx_word' id='word_1_110' title='bbox 767 811 821 837; x_wconf 82' lang='lat' dir='ltr'><strong>vita</strong></span> <span class='ocrx_word' id='word_1_111' title='bbox 839 811 897 839; x_wconf 77' lang='lat' dir='ltr'><strong>hmc</strong></span> <span class='ocrx_word' id='word_1_112' title='bbox 913 817 998 839; x_wconf 86' lang='lat' dir='ltr'><strong>trans-</strong></span> 
     </span>
    </p>
   </div>
   <div class='ocr_carea' id='block_1_19' title="bbox 210 853 997 888">
    <p class='ocr_par' dir='ltr' id='par_1_19' title="bbox 210 853 997 888">
     <span class='ocr_line' id='line_1_19' title="bbox 210 853 997 888; baseline 0.003 -8"><span class='ocrx_word' id='word_1_113' title='bbox 210 853 300 888; x_wconf 84' lang='lat' dir='ltr'><strong>igatur</strong></span> <span class='ocrx_word' id='word_1_114' title='bbox 318 862 324 880; x_wconf 92' lang='lat'>:</span> <span class='ocrx_word' id='word_1_115' title='bbox 348 853 446 888; x_wconf 87' lang='lat' dir='ltr'><strong>quibus</strong></span> <span class='ocrx_word' id='word_1_116' title='bbox 466 853 594 881; x_wconf 88' lang='lat' dir='ltr'><strong>omnibus</strong></span> <span class='ocrx_word' id='word_1_117' title='bbox 613 854 765 881; x_wconf 82' lang='lat' dir='ltr'><strong>necessario</strong></span> <span class='ocrx_word' id='word_1_118' title='bbox 777 862 825 888; x_wconf 87' lang='lat' dir='ltr'><strong>per</strong></span> <span class='ocrx_word' id='word_1_119' title='bbox 838 854 890 882; x_wconf 74' lang='lat' dir='ltr'><strong>hoc</strong></span> <span class='ocrx_word' id='word_1_120' title='bbox 906 862 997 882; x_wconf 87' lang='lat' dir='ltr'><strong>sacra-</strong></span> 
     </span>
    </p>
   </div>
   <div class='ocr_carea' id='block_1_20' title="bbox 210 899 998 936">
    <p class='ocr_par' dir='ltr' id='par_1_20' title="bbox 210 899 998 936">
     <span class='ocr_line' id='line_1_20' title="bbox 210 899 998 936; baseline 0.005 -11"><span class='ocrx_word' id='word_1_121' title='bbox 210 904 328 926; x_wconf 78' lang='lat' dir='ltr'><strong>utentum</strong></span> <span class='ocrx_word' id='word_1_122' title='bbox 344 899 519 926; x_wconf 71' lang='lat' dir='ltr'><strong>emundantur.</strong></span> <span class='ocrx_word' id='word_1_123' title='bbox 533 899 609 926; x_wconf 82' lang='lat' dir='ltr'><strong>Unde</strong></span> <span class='ocrx_word' id='word_1_124' title='bbox 622 905 649 926; x_wconf 92' lang='lat' dir='ltr'><strong>et</strong></span> <span class='ocrx_word' id='word_1_125' title='bbox 663 900 736 926; x_wconf 84' lang='lat' dir='ltr'><strong>addit</strong></span> <span class='ocrx_word' id='word_1_126' title='bbox 753 909 759 927; x_wconf 94' lang='lat'>:</span> <span class='ocrx_word' id='word_1_127' title='bbox 777 910 785 926; x_wconf 84' lang='grc' dir='ltr'><strong>ι</strong></span> <span class='ocrx_word' id='word_1_128' title='bbox 806 901 837 928; x_wconf 83' lang='lat' dir='ltr'><strong>Et</strong></span> <span class='ocrx_word' id='word_1_129' title='bbox 855 902 876 928; x_wconf 89' lang='lat' dir='ltr'><strong>si</strong></span> <span class='ocrx_word' id='word_1_130' title='bbox 895 902 921 928; x_wconf 94' lang='lat' dir='ltr'><strong>in</strong></span> <span class='ocrx_word' id='word_1_131' title='bbox 936 909 998 936; x_wconf 88' lang='lat' dir='ltr'><strong>pec-</strong></span> 
     </span>
    </p>
   </div>
   <div class='ocr_carea' id='block_1_21' title="bbox 207 944 998 981">
    <p class='ocr_par' dir='ltr' id='par_1_21' title="bbox 207 944 998 981">
     <span class='ocr_line' id='line_1_21' title="bbox 207 944 998 981; baseline 0.004 -10"><span class='ocrx_word' id='word_1_132' title='bbox 207 946 279 972; x_wconf 89' lang='lat' dir='ltr'><strong>catis</strong></span> <span class='ocrx_word' id='word_1_133' title='bbox 303 944 401 977; x_wconf 79' lang='lat' dir='ltr'><strong>fuerit,</strong></span> <span class='ocrx_word' id='word_1_134' title='bbox 428 945 600 973; x_wconf 90' lang='lat' dir='ltr'><strong>dimittentur</strong></span> <span class='ocrx_word' id='word_1_135' title='bbox 622 945 658 973; x_wconf 87' lang='lat' dir='ltr'><strong>ei.</strong></span> <span class='ocrx_word' id='word_1_136' title='bbox 678 955 687 971; x_wconf 71' lang='grc' dir='ltr'><strong>ι</strong></span> <span class='ocrx_word' id='word_1_137' title='bbox 705 945 783 973; x_wconf 90' lang='lat' dir='ltr'><strong>Unde</strong></span> <span class='ocrx_word' id='word_1_138' title='bbox 800 946 885 981; x_wconf 89' lang='lat' dir='ltr'><strong>liquet</strong></span> <span class='ocrx_word' id='word_1_139' title='bbox 903 955 998 974; x_wconf 86' lang='lat' dir='ltr'><strong>saera-</strong></span> 
     </span>
    </p>
   </div>
   <div class='ocr_carea' id='block_1_22' title="bbox 210 990 999 1028">
    <p class='ocr_par' dir='ltr' id='par_1_22' title="bbox 210 990 999 1028">
     <span class='ocr_line' id='line_1_22' title="bbox 210 990 999 1028; baseline 0.005 -12"><span class='ocrx_word' id='word_1_140' title='bbox 210 994 330 1017; x_wconf 86' lang='lat' dir='ltr'><strong>tnentum</strong></span> <span class='ocrx_word' id='word_1_141' title='bbox 349 990 402 1018; x_wconf 93' lang='lat' dir='ltr'><strong>hoc</strong></span> <span class='ocrx_word' id='word_1_142' title='bbox 417 995 568 1018; x_wconf 84' lang='lat' dir='ltr'><strong>extremum</strong></span> <span class='ocrx_word' id='word_1_143' title='bbox 585 999 656 1024; x_wconf 86' lang='lat' dir='ltr'><strong>esse,</strong></span> <span class='ocrx_word' id='word_1_144' title='bbox 673 991 745 1019; x_wconf 88' lang='lat' dir='ltr'><strong>velut</strong></span> <span class='ocrx_word' id='word_1_145' title='bbox 766 993 869 1020; x_wconf 90' lang='lat' dir='ltr'><strong>scilicet</strong></span> <span class='ocrx_word' id='word_1_146' title='bbox 889 993 999 1028; x_wconf 84' lang='lat' dir='ltr'><strong>spirita-</strong></span> 
     </span>
    </p>
   </div>
   <div class='ocr_carea' id='block_1_23' title="bbox 209 1036 997 1076">
    <p class='ocr_par' dir='ltr' id='par_1_23' title="bbox 209 1036 997 1076">
     <span class='ocr_line' id='line_1_23' title="bbox 209 1036 997 1076; baseline 0.006 -13"><span class='ocrx_word' id='word_1_147' title='bbox 209 1036 242 1064; x_wconf 89' lang='lat' dir='ltr'><strong>lis</strong></span> <span class='ocrx_word' id='word_1_148' title='bbox 257 1038 348 1065; x_wconf 90' lang='lat' dir='ltr'><strong>omnis</strong></span> <span class='ocrx_word' id='word_1_149' title='bbox 372 1038 526 1065; x_wconf 83' lang='lat' dir='ltr'><strong>sanationis</strong></span> <span class='ocrx_word' id='word_1_150' title='bbox 552 1039 738 1074; x_wconf 67' lang='lat' dir='ltr'><strong>signaculum;</strong></span> <span class='ocrx_word' id='word_1_151' title='bbox 757 1047 874 1075; x_wconf 83' lang='lat' dir='ltr'><strong>esseque</strong></span> <span class='ocrx_word' id='word_1_152' title='bbox 891 1040 934 1067; x_wconf 85' lang='lat' dir='ltr'><strong>his</strong></span> <span class='ocrx_word' id='word_1_153' title='bbox 951 1041 997 1076; x_wconf 89' lang='lat' dir='ltr'><strong>qui</strong></span> 
     </span>
    </p>
   </div>
   <div class='ocr_carea' id='block_1_24' title="bbox 208 1084 997 1121">
    <p class='ocr_par' dir='ltr' id='par_1_24' title="bbox 208 1084 997 1121">
     <span class='ocr_line' id='line_1_24' title="bbox 208 1084 997 1121; baseline 0.005 -11"><span class='ocrx_word' id='word_1_154' title='bbox 208 1084 305 1111; x_wconf 87' lang='lat' dir='ltr'><strong>morbo</strong></span> <span class='ocrx_word' id='word_1_155' title='bbox 320 1084 442 1112; x_wconf 86' lang='lat' dir='ltr'><strong>laborant</strong></span> <span class='ocrx_word' id='word_1_156' title='bbox 455 1085 656 1118; x_wconf 82' lang='lat' dir='ltr'><strong>adhibendum;</strong></span> <span class='ocrx_word' id='word_1_157' title='bbox 674 1093 706 1113; x_wconf 88' lang='lat' dir='ltr'><strong>ae</strong></span> <span class='ocrx_word' id='word_1_158' title='bbox 721 1087 858 1121; x_wconf 66' lang='lat' dir='ltr'><strong>praecipue</strong></span> <span class='ocrx_word' id='word_1_159' title='bbox 872 1086 935 1119; x_wconf 84' lang='lat' dir='ltr'><strong>illis,</strong></span> <span class='ocrx_word' id='word_1_160' title='bbox 951 1087 997 1121; x_wconf 89' lang='lat' dir='ltr'><strong>qtti</strong></span> 
     </span>
    </p>
   </div>
   <div class='ocr_carea' id='block_1_25' title="bbox 207 1130 997 1165">
    <p class='ocr_par' dir='ltr' id='par_1_25' title="bbox 207 1130 997 1165">
     <span class='ocr_line' id='line_1_25' title="bbox 207 1130 997 1165; baseline 0.003 -9"><span class='ocrx_word' id='word_1_161' title='bbox 207 1137 270 1156; x_wconf 89' lang='lat' dir='ltr'><strong>eum</strong></span> <span class='ocrx_word' id='word_1_162' title='bbox 284 1150 291 1163; x_wconf 90' lang='lat'>,</span> <span class='ocrx_word' id='word_1_163' title='bbox 312 1130 391 1164; x_wconf 89' lang='lat' dir='ltr'><strong>cujus</strong></span> <span class='ocrx_word' id='word_1_164' title='bbox 408 1130 445 1156; x_wconf 79' lang='lat' dir='ltr'><strong>rei</strong></span> <span class='ocrx_word' id='word_1_165' title='bbox 465 1135 542 1158; x_wconf 88' lang='lat' dir='ltr'><strong>erant</strong></span> <span class='ocrx_word' id='word_1_166' title='bbox 556 1151 563 1162; x_wconf 87' lang='lat'><strong><em>.</em></strong></span> <span class='ocrx_word' id='word_1_167' title='bbox 580 1138 712 1158; x_wconf 92' lang='lat' dir='ltr'><strong>eanonem</strong></span> <span class='ocrx_word' id='word_1_168' title='bbox 732 1139 784 1158; x_wconf 91' lang='lat' dir='ltr'><strong>non</strong></span> <span class='ocrx_word' id='word_1_169' title='bbox 809 1132 997 1165; x_wconf 78' lang='lat' dir='ltr'><strong>expleverunt.</strong></span> 
     </span>
    </p>
   </div>
   <div class='ocr_carea' id='block_1_26' title="bbox 209 1175 996 1209">
    <p class='ocr_par' dir='ltr' id='par_1_26' title="bbox 209 1175 996 1209">
     <span class='ocr_line' id='line_1_26' title="bbox 209 1175 996 1209; baseline 0.001 -7"><span class='ocrx_word' id='word_1_170' title='bbox 209 1175 330 1209; x_wconf 83' lang='lat' dir='ltr'><strong>Esseque</strong></span> <span class='ocrx_word' id='word_1_171' title='bbox 352 1176 419 1203; x_wconf 84' lang='lat' dir='ltr'><strong>aleo</strong></span> <span class='ocrx_word' id='word_1_172' title='bbox 437 1176 536 1203; x_wconf 89' lang='lat' dir='ltr'><strong>iterum</strong></span> <span class='ocrx_word' id='word_1_173' title='bbox 552 1176 605 1203; x_wconf 88' lang='lat' dir='ltr'><strong>illis</strong></span> <span class='ocrx_word' id='word_1_174' title='bbox 623 1177 820 1208; x_wconf 81' lang='lat' dir='ltr'><strong>adhibendum,</strong></span> <span class='ocrx_word' id='word_1_175' title='bbox 838 1177 861 1204; x_wconf 89' lang='lat' dir='ltr'><strong>si</strong></span> <span class='ocrx_word' id='word_1_176' title='bbox 877 1177 904 1203; x_wconf 93' lang='lat' dir='ltr'><strong>iu</strong></span> <span class='ocrx_word' id='word_1_177' title='bbox 920 1184 996 1203; x_wconf 88' lang='lat' dir='ltr'><strong>eam-</strong></span> 
     </span>
    </p>
   </div>
   <div class='ocr_carea' id='block_1_27' title="bbox 208 1220 998 1254">
    <p class='ocr_par' dir='ltr' id='par_1_27' title="bbox 208 1220 998 1254">
     <span class='ocr_line' id='line_1_27' title="bbox 208 1220 998 1254; baseline 0.005 -8"><span class='ocrx_word' id='word_1_178' title='bbox 208 1220 269 1247; x_wconf 72' lang='lat' dir='ltr'><strong>dem</strong></span> <span class='ocrx_word' id='word_1_179' title='bbox 286 1221 475 1249; x_wconf 85' lang='lat' dir='ltr'><strong>necessitatem</strong></span> <span class='ocrx_word' id='word_1_180' title='bbox 492 1222 662 1250; x_wconf 71' lang='lat' dir='ltr'><strong>devenerint.</strong></span> <span class='ocrx_word' id='word_1_181' title='bbox 680 1221 753 1249; x_wconf 87' lang='lat' dir='ltr'><strong>Nihil</strong></span> <span class='ocrx_word' id='word_1_182' title='bbox 768 1223 840 1250; x_wconf 89' lang='lat' dir='ltr'><strong>enim</strong></span> <span class='ocrx_word' id='word_1_183' title='bbox 857 1226 942 1254; x_wconf 82' lang='lat' dir='ltr'><strong>vetat.</strong></span> <span class='ocrx_word' id='word_1_184' title='bbox 962 1226 998 1250; x_wconf 87' lang='lat' dir='ltr'><strong>ob</strong></span> 
     </span>
    </p>
   </div>
   <div class='ocr_carea' id='block_1_28' title="bbox 209 1266 998 1300">
    <p class='ocr_par' dir='ltr' id='par_1_28' title="bbox 209 1266 998 1300">
     <span class='ocr_line' id='line_1_28' title="bbox 209 1266 998 1300; baseline 0.004 -9"><span class='ocrx_word' id='word_1_185' title='bbox 209 1270 313 1292; x_wconf 67' lang='lat' dir='ltr'><strong>naturaI</strong></span> <span class='ocrx_word' id='word_1_186' title='bbox 328 1266 532 1296; x_wconf 76' lang='lat' dir='ltr'><strong>infirmitatem.</strong></span> <span class='ocrx_word' id='word_1_187' title='bbox 548 1266 613 1300; x_wconf 86' lang='lat' dir='ltr'><strong>quin</strong></span> <span class='ocrx_word' id='word_1_188' title='bbox 633 1266 713 1294; x_wconf 88' lang='lat' dir='ltr'><strong>homo</strong></span> <span class='ocrx_word' id='word_1_189' title='bbox 731 1268 757 1294; x_wconf 93' lang='lat' dir='ltr'><strong>in</strong></span> <span class='ocrx_word' id='word_1_190' title='bbox 781 1267 874 1294; x_wconf 85' lang='lat' dir='ltr'><strong>eadem</strong></span> <span class='ocrx_word' id='word_1_191' title='bbox 900 1267 998 1295; x_wconf 88' lang='lat' dir='ltr'><strong>delicta</strong></span> 
     </span>
    </p>
   </div>
   <div class='ocr_carea' id='block_1_29' title="bbox 209 1312 999 1349">
    <p class='ocr_par' dir='ltr' id='par_1_29' title="bbox 209 1312 999 1349">
     <span class='ocr_line' id='line_1_29' title="bbox 209 1312 999 1349; baseline 0.003 -11"><span class='ocrx_word' id='word_1_192' title='bbox 209 1312 364 1345; x_wconf 87' lang='lat' dir='ltr'><strong>relabatur;</strong></span> <span class='ocrx_word' id='word_1_193' title='bbox 391 1317 420 1339; x_wconf 85' lang='grc' dir='ltr'><strong>ιιι</strong></span> <span class='ocrx_word' id='word_1_194' title='bbox 444 1317 471 1340; x_wconf 92' lang='lat' dir='ltr'><strong>et</strong></span> <span class='ocrx_word' id='word_1_195' title='bbox 497 1313 596 1347; x_wconf 66' lang='lat' dir='ltr'><strong>saepius</strong></span> <span class='ocrx_word' id='word_1_196' title='bbox 613 1313 708 1340; x_wconf 83' lang='lat' dir='ltr'><strong>eodem</strong></span> <span class='ocrx_word' id='word_1_197' title='bbox 732 1313 883 1341; x_wconf 84' lang='lat' dir='ltr'><strong>curationis</strong></span> <span class='ocrx_word' id='word_1_198' title='bbox 899 1321 999 1349; x_wconf 75' lang='lat' dir='ltr'><strong>genere</strong></span> 
     </span>
    </p>
   </div>
   <div class='ocr_carea' id='block_1_30' title="bbox 208 1357 995 1394">
    <p class='ocr_par' dir='ltr' id='par_1_30' title="bbox 208 1357 995 1394">
     <span class='ocr_line' id='line_1_30' title="bbox 208 1357 995 1394; baseline 0.005 -12"><span class='ocrx_word' id='word_1_199' title='bbox 208 1357 327 1392; x_wconf 73' lang='lat' dir='ltr'><strong>indigeat</strong></span> <span class='ocrx_word' id='word_1_200' title='bbox 347 1367 352 1384; x_wconf 93' lang='lat'><strong>:</strong></span> <span class='ocrx_word' id='word_1_201' title='bbox 373 1358 410 1384; x_wconf 93' lang='lat' dir='ltr'><strong>uti</strong></span> <span class='ocrx_word' id='word_1_202' title='bbox 431 1358 513 1385; x_wconf 81' lang='lat' dir='ltr'><strong>etiarn</strong></span> <span class='ocrx_word' id='word_1_203' title='bbox 532 1358 666 1393; x_wconf 78' lang='lat' dir='ltr'><strong>contingit</strong></span> <span class='ocrx_word' id='word_1_204' title='bbox 682 1358 708 1385; x_wconf 90' lang='lat' dir='ltr'><strong>iu</strong></span> <span class='ocrx_word' id='word_1_205' title='bbox 723 1358 777 1385; x_wconf 78' lang='lat' dir='ltr'><strong>vita</strong></span> <span class='ocrx_word' id='word_1_206' title='bbox 792 1359 926 1394; x_wconf 73' lang='lat' dir='ltr'><strong>corporali</strong></span> <span class='ocrx_word' id='word_1_207' title='bbox 942 1379 949 1392; x_wconf 90' lang='lat'><strong><em>,</em></strong></span> <span class='ocrx_word' id='word_1_208' title='bbox 967 1360 995 1386; x_wconf 88' lang='lat' dir='ltr'><strong>itt</strong></span> 
     </span>
    </p>
   </div>
   <div class='ocr_carea' id='block_1_31' title="bbox 208 1403 999 1440">
    <p class='ocr_par' dir='ltr' id='par_1_31' title="bbox 208 1403 999 1440">
     <span class='ocr_line' id='line_1_31' title="bbox 208 1403 999 1440; baseline 0.006 -12"><span class='ocrx_word' id='word_1_209' title='bbox 208 1410 261 1437; x_wconf 91' lang='lat' dir='ltr'><strong>qua</strong></span> <span class='ocrx_word' id='word_1_210' title='bbox 278 1403 377 1430; x_wconf 80' lang='lat' dir='ltr'><strong>eaedem</strong></span> <span class='ocrx_word' id='word_1_211' title='bbox 397 1404 523 1430; x_wconf 87' lang='lat' dir='ltr'><strong>accidunt</strong></span> <span class='ocrx_word' id='word_1_212' title='bbox 538 1403 723 1438; x_wconf 65' lang='lat' dir='ltr'><strong>azgritudines,</strong></span> <span class='ocrx_word' id='word_1_213' title='bbox 739 1404 889 1440; x_wconf 88' lang='lat' dir='ltr'><strong>eademque</strong></span> <span class='ocrx_word' id='word_1_214' title='bbox 903 1413 999 1434; x_wconf 85' lang='lat' dir='ltr'><strong>rursus</strong></span> 
     </span>
    </p>
   </div>
   <div class='ocr_carea' id='block_1_32' title="bbox 207 1449 798 1477">
    <p class='ocr_par' dir='ltr' id='par_1_32' title="bbox 207 1449 798 1477">
     <span class='ocr_line' id='line_1_32' title="bbox 207 1449 798 1477; baseline 0.002 -1"><span class='ocrx_word' id='word_1_215' title='bbox 207 1449 262 1476; x_wconf 83' lang='lat' dir='ltr'><strong>illis</strong></span> <span class='ocrx_word' id='word_1_216' title='bbox 277 1449 404 1477; x_wconf 78' lang='lat' dir='ltr'><strong>curandis</strong></span> <span class='ocrx_word' id='word_1_217' title='bbox 419 1449 574 1477; x_wconf 76' lang='lat' dir='ltr'><strong>adhibenda</strong></span> <span class='ocrx_word' id='word_1_218' title='bbox 588 1449 709 1477; x_wconf 84' lang='lat' dir='ltr'><strong>remedia</strong></span> <span class='ocrx_word' id='word_1_219' title='bbox 725 1454 798 1477; x_wconf 87' lang='lat' dir='ltr'><strong>sunt.</strong></span> 
     </span>
    </p>
   </div>
   <div class='ocr_carea' id='block_1_33' title="bbox 245 1581 1001 1621">
    <p class='ocr_par' dir='ltr' id='par_1_33' title="bbox 245 1581 1001 1621">
     <span class='ocr_line' id='line_1_33' title="bbox 245 1581 1001 1621; baseline 0.008 -13"><span class='ocrx_word' id='word_1_220' title='bbox 245 1581 366 1613; x_wconf 79' lang='lat' dir='ltr'><strong>Rursus,</strong></span> <span class='ocrx_word' id='word_1_221' title='bbox 383 1582 447 1617; x_wconf 90' lang='lat' dir='ltr'><strong>quia</strong></span> <span class='ocrx_word' id='word_1_222' title='bbox 470 1582 621 1616; x_wconf 85' lang='lat' dir='ltr'><strong>corporalis</strong></span> <span class='ocrx_word' id='word_1_223' title='bbox 641 1582 704 1610; x_wconf 68' lang='lat' dir='ltr'><strong>vitae</strong></span> <span class='ocrx_word' id='word_1_224' title='bbox 727 1587 863 1618; x_wconf 84' lang='lat' dir='ltr'><strong>auctores,</strong></span> <span class='ocrx_word' id='word_1_225' title='bbox 885 1586 1001 1621; x_wconf 85' lang='lat' dir='ltr'><strong>ejusque</strong></span> 
     </span>
    </p>
   </div>
   <div class='ocr_carea' id='block_1_34' title="bbox 209 1627 1001 1659">
    <p class='ocr_par' dir='ltr' id='par_1_34' title="bbox 209 1627 1001 1659">
     <span class='ocr_line' id='line_1_34' title="bbox 209 1627 1001 1659; baseline 0.005 -5"><span class='ocrx_word' id='word_1_226' title='bbox 209 1627 381 1654; x_wconf 79' lang='lat' dir='ltr'><strong>ordinatorcs</strong></span> <span class='ocrx_word' id='word_1_227' title='bbox 403 1635 451 1654; x_wconf 88' lang='lat' dir='ltr'><strong>sett</strong></span> <span class='ocrx_word' id='word_1_228' title='bbox 471 1632 601 1659; x_wconf 86' lang='lat' dir='ltr'><strong>rectores,</strong></span> <span class='ocrx_word' id='word_1_229' title='bbox 628 1627 737 1656; x_wconf 91' lang='lat' dir='ltr'><strong>duobus</strong></span> <span class='ocrx_word' id='word_1_230' title='bbox 763 1630 852 1657; x_wconf 88' lang='lat' dir='ltr'><strong>modis</strong></span> <span class='ocrx_word' id='word_1_231' title='bbox 875 1632 1001 1658; x_wconf 85' lang='lat' dir='ltr'><strong>conside-</strong></span> 
     </span>
    </p>
   </div>
   <div class='ocr_carea' id='block_1_35' title="bbox 209 1673 999 1706">
    <p class='ocr_par' dir='ltr' id='par_1_35' title="bbox 209 1673 999 1706">
     <span class='ocr_line' id='line_1_35' title="bbox 209 1673 999 1706; baseline 0.008 -8"><span class='ocrx_word' id='word_1_232' title='bbox 209 1677 319 1706; x_wconf 79' lang='lat' dir='ltr'><strong>rantur;</strong></span> <span class='ocrx_word' id='word_1_233' title='bbox 338 1673 378 1700; x_wconf 84' lang='lat' dir='ltr'><strong>vel</strong></span> <span class='ocrx_word' id='word_1_234' title='bbox 397 1673 500 1700; x_wconf 66' lang='lat' dir='ltr'><strong>sr&#39;ilicet</strong></span> <span class='ocrx_word' id='word_1_235' title='bbox 525 1673 677 1700; x_wconf 86' lang='lat' dir='ltr'><strong>secundum</strong></span> <span class='ocrx_word' id='word_1_236' title='bbox 703 1679 809 1702; x_wconf 76' lang='lat' dir='ltr'><strong>natura:</strong></span> <span class='ocrx_word' id='word_1_237' title='bbox 837 1675 999 1704; x_wconf 72' lang='lat' dir='ltr'><strong>{cecuudita-</strong></span> 
     </span>
    </p>
   </div>
   <div class='ocr_carea' id='block_1_36' title="bbox 209 1719 1001 1757">
    <p class='ocr_par' dir='ltr' id='par_1_36' title="bbox 209 1719 1001 1757">
     <span class='ocr_line' id='line_1_36' title="bbox 209 1719 1001 1757; baseline 0.006 -12"><span class='ocrx_word' id='word_1_238' title='bbox 209 1724 275 1750; x_wconf 70' lang='lat' dir='ltr'><strong>teut,</strong></span> <span class='ocrx_word' id='word_1_239' title='bbox 292 1719 364 1753; x_wconf 90' lang='lat' dir='ltr'><strong>quod</strong></span> <span class='ocrx_word' id='word_1_240' title='bbox 381 1723 487 1753; x_wconf 85' lang='lat' dir='ltr'><strong>spectat</strong></span> <span class='ocrx_word' id='word_1_241' title='bbox 502 1719 534 1746; x_wconf 89' lang='lat' dir='ltr'><strong>ad</strong></span> <span class='ocrx_word' id='word_1_242' title='bbox 557 1724 704 1753; x_wconf 88' lang='lat' dir='ltr'><strong>parentes;</strong></span> <span class='ocrx_word' id='word_1_243' title='bbox 720 1726 766 1748; x_wconf 88' lang='lat' dir='ltr'><strong>aut</strong></span> <span class='ocrx_word' id='word_1_244' title='bbox 784 1722 934 1749; x_wconf 86' lang='lat' dir='ltr'><strong>secundum</strong></span> <span class='ocrx_word' id='word_1_245' title='bbox 952 1730 1001 1757; x_wconf 93' lang='lat' dir='ltr'><strong>po-</strong></span> 
     </span>
    </p>
   </div>
   <div class='ocr_carea' id='block_1_37' title="bbox 209 1764 1001 1803">
    <p class='ocr_par' dir='ltr' id='par_1_37' title="bbox 209 1764 1001 1803">
     <span class='ocr_line' id='line_1_37' title="bbox 209 1764 1001 1803; baseline 0.008 -13"><span class='ocrx_word' id='word_1_246' title='bbox 209 1764 313 1791; x_wconf 85' lang='lat' dir='ltr'><strong>liticutn</strong></span> <span class='ocrx_word' id='word_1_247' title='bbox 331 1765 451 1800; x_wconf 83' lang='lat' dir='ltr'><strong>regimen</strong></span> <span class='ocrx_word' id='word_1_248' title='bbox 469 1774 501 1792; x_wconf 91' lang='lat' dir='ltr'><strong>ac</strong></span> <span class='ocrx_word' id='word_1_249' title='bbox 517 1766 698 1803; x_wconf 86' lang='lat' dir='ltr'><strong>principatum</strong></span> <span class='ocrx_word' id='word_1_250' title='bbox 712 1786 720 1800; x_wconf 89' lang='lat'><strong><em>,</em></strong></span> <span class='ocrx_word' id='word_1_251' title='bbox 741 1767 773 1794; x_wconf 89' lang='lat' dir='ltr'><strong>ad</strong></span> <span class='ocrx_word' id='word_1_252' title='bbox 790 1769 851 1795; x_wconf 69' lang='lat' dir='ltr'><strong>vitae</strong></span> <span class='ocrx_word' id='word_1_253' title='bbox 868 1770 1001 1803; x_wconf 86' lang='lat' dir='ltr'><strong>tranquil-</strong></span> 
     </span>
    </p>
   </div>
   <div class='ocr_carea' id='block_1_38' title="bbox 209 1802 999 1850">
    <p class='ocr_par' dir='ltr' id='par_1_38' title="bbox 209 1802 999 1850">
     <span class='ocr_line' id='line_1_38' title="bbox 209 1802 999 1850; baseline 0.008 -14"><span class='ocrx_word' id='word_1_254' title='bbox 209 1810 310 1838; x_wconf 82' lang='lat' dir='ltr'><strong>litatem</strong></span> <span class='ocrx_word' id='word_1_255' title='bbox 326 1819 474 1845; x_wconf 77' lang='lat' dir='ltr'><strong>pacemque</strong></span> <span class='ocrx_word' id='word_1_256' title='bbox 489 1802 716 1845; x_wconf 72' lang='lat' dir='ltr'><strong>conservandam,</strong></span> <span class='ocrx_word' id='word_1_257' title='bbox 733 1814 805 1847; x_wconf 89' lang='lat' dir='ltr'><strong>quod</strong></span> <span class='ocrx_word' id='word_1_258' title='bbox 824 1821 919 1850; x_wconf 77' lang='lat' dir='ltr'><strong>regum</strong></span> <span class='ocrx_word' id='word_1_259' title='bbox 939 1823 999 1842; x_wconf 92' lang='lat' dir='ltr'><strong>mu-</strong></span> 
     </span>
    </p>
   </div>
   <div class='ocr_carea' id='block_1_39' title="bbox 209 1857 1000 1895">
    <p class='ocr_par' dir='ltr' id='par_1_39' title="bbox 209 1857 1000 1895">
     <span class='ocr_line' id='line_1_39' title="bbox 209 1857 1000 1895; baseline 0.008 -13"><span class='ocrx_word' id='word_1_260' title='bbox 209 1857 282 1883; x_wconf 78' lang='lat' dir='ltr'><strong>neris</strong></span> <span class='ocrx_word' id='word_1_261' title='bbox 303 1863 345 1884; x_wconf 86' lang='lat' dir='ltr'><strong>est</strong></span> <span class='ocrx_word' id='word_1_262' title='bbox 359 1864 391 1883; x_wconf 87' lang='lat' dir='ltr'><strong>ac</strong></span> <span class='ocrx_word' id='word_1_263' title='bbox 409 1857 617 1892; x_wconf 78' lang='lat' dir='ltr'><strong>magistratuum</strong></span> <span class='ocrx_word' id='word_1_264' title='bbox 635 1866 641 1884; x_wconf 90' lang='lat'><strong>:</strong></span> <span class='ocrx_word' id='word_1_265' title='bbox 660 1858 700 1886; x_wconf 83' lang='lat' dir='ltr'><strong>sic</strong></span> <span class='ocrx_word' id='word_1_266' title='bbox 716 1866 826 1894; x_wconf 85' lang='lat' dir='ltr'><strong>quoque</strong></span> <span class='ocrx_word' id='word_1_267' title='bbox 843 1860 871 1887; x_wconf 89' lang='lat' dir='ltr'><strong>in</strong></span> <span class='ocrx_word' id='word_1_268' title='bbox 886 1861 1000 1895; x_wconf 82' lang='lat' dir='ltr'><strong>spiritali</strong></span> 
     </span>
    </p>
   </div>
   <div class='ocr_carea' id='block_1_40' title="bbox 208 1903 1003 1943">
    <p class='ocr_par' dir='ltr' id='par_1_40' title="bbox 208 1903 1003 1943">
     <span class='ocr_line' id='line_1_40' title="bbox 208 1903 1003 1943; baseline 0.008 -15"><span class='ocrx_word' id='word_1_269' title='bbox 208 1903 274 1933; x_wconf 75' lang='lat' dir='ltr'><strong>vita,</strong></span> <span class='ocrx_word' id='word_1_270' title='bbox 294 1908 357 1929; x_wconf 88' lang='lat' dir='ltr'><strong>sunt</strong></span> <span class='ocrx_word' id='word_1_271' title='bbox 384 1903 429 1937; x_wconf 92' lang='lat' dir='ltr'><strong>qui</strong></span> <span class='ocrx_word' id='word_1_272' title='bbox 456 1903 666 1930; x_wconf 83' lang='lat' dir='ltr'><strong>subministrent</strong></span> <span class='ocrx_word' id='word_1_273' title='bbox 679 1904 722 1938; x_wconf 56' lang='lat' dir='ltr'><strong>iac</strong></span> <span class='ocrx_word' id='word_1_274' title='bbox 738 1905 901 1943; x_wconf 65' lang='lat' dir='ltr'><strong>custodiant</strong></span> <span class='ocrx_word' id='word_1_275' title='bbox 921 1907 1003 1941; x_wconf 90' lang='lat' dir='ltr'><strong>spiri-</strong></span> 
     </span>
    </p>
   </div>
   <div class='ocr_carea' id='block_1_41' title="bbox 209 1949 1002 1984">
    <p class='ocr_par' dir='ltr' id='par_1_41' title="bbox 209 1949 1002 1984">
     <span class='ocr_line' id='line_1_41' title="bbox 209 1949 1002 1984; baseline 0.006 -9"><span class='ocrx_word' id='word_1_276' title='bbox 209 1949 288 1975; x_wconf 83' lang='lat' dir='ltr'><strong>talem</strong></span> <span class='ocrx_word' id='word_1_277' title='bbox 305 1949 388 1976; x_wconf 83' lang='lat' dir='ltr'><strong>vitam</strong></span> <span class='ocrx_word' id='word_1_278' title='bbox 403 1958 409 1982; x_wconf 88' lang='lat'>;</span> <span class='ocrx_word' id='word_1_279' title='bbox 435 1949 515 1983; x_wconf 84' lang='lat' dir='ltr'><strong>idque</strong></span> <span class='ocrx_word' id='word_1_280' title='bbox 535 1950 573 1976; x_wconf 89' lang='lat' dir='ltr'><strong>illi</strong></span> <span class='ocrx_word' id='word_1_281' title='bbox 598 1950 714 1984; x_wconf 86' lang='lat' dir='ltr'><strong>spiritali</strong></span> <span class='ocrx_word' id='word_1_282' title='bbox 729 1950 863 1978; x_wconf 79' lang='lat' dir='ltr'><strong>duntaxat</strong></span> <span class='ocrx_word' id='word_1_283' title='bbox 880 1953 1002 1980; x_wconf 88' lang='lat' dir='ltr'><strong>ministe-</strong></span> 
     </span>
    </p>
   </div>
   <div class='ocr_carea' id='block_1_42' title="bbox 209 1995 1001 2032">
    <p class='ocr_par' dir='ltr' id='par_1_42' title="bbox 209 1995 1001 2032">
     <span class='ocr_line' id='line_1_42' title="bbox 209 1995 1001 2032; baseline 0.005 -10"><span class='ocrx_word' id='word_1_284' title='bbox 209 1995 249 2022; x_wconf 90' lang='lat' dir='ltr'><strong>rio</strong></span> <span class='ocrx_word' id='word_1_285' title='bbox 263 2000 403 2029; x_wconf 72' lang='lat' dir='ltr'><strong>praestant,</strong></span> <span class='ocrx_word' id='word_1_286' title='bbox 420 1996 491 2031; x_wconf 88' lang='lat' dir='ltr'><strong>quod</strong></span> <span class='ocrx_word' id='word_1_287' title='bbox 507 2000 608 2031; x_wconf 87' lang='lat' dir='ltr'><strong>spectat</strong></span> <span class='ocrx_word' id='word_1_288' title='bbox 623 1996 655 2022; x_wconf 85' lang='lat' dir='ltr'><strong>ad</strong></span> <span class='ocrx_word' id='word_1_289' title='bbox 668 1996 772 2023; x_wconf 90' lang='lat' dir='ltr'><strong>ordinis</strong></span> <span class='ocrx_word' id='word_1_290' title='bbox 787 2003 1001 2032; x_wconf 80' lang='lat' dir='ltr'><strong>sacramentum;</strong></span> 
     </span>
    </p>
   </div>
   <div class='ocr_carea' id='block_1_43' title="bbox 208 2041 999 2077">
    <p class='ocr_par' dir='ltr' id='par_1_43' title="bbox 208 2041 999 2077">
     <span class='ocr_line' id='line_1_43' title="bbox 208 2041 999 2077; baseline 0.005 -11"><span class='ocrx_word' id='word_1_291' title='bbox 208 2045 325 2076; x_wconf 77' lang='lat' dir='ltr'><strong>suntque</strong></span> <span class='ocrx_word' id='word_1_292' title='bbox 341 2041 408 2068; x_wconf 77' lang='lat' dir='ltr'><strong>adeo</strong></span> <span class='ocrx_word' id='word_1_293' title='bbox 419 2041 465 2075; x_wconf 92' lang='lat' dir='ltr'><strong>qui</strong></span> <span class='ocrx_word' id='word_1_294' title='bbox 480 2045 507 2068; x_wconf 86' lang='lat' dir='ltr'><strong>et</strong></span> <span class='ocrx_word' id='word_1_295' title='bbox 524 2041 673 2075; x_wconf 80' lang='lat' dir='ltr'><strong>spiritalem</strong></span> <span class='ocrx_word' id='word_1_296' title='bbox 691 2041 772 2068; x_wconf 90' lang='lat' dir='ltr'><strong>simul</strong></span> <span class='ocrx_word' id='word_1_297' title='bbox 788 2046 815 2069; x_wconf 89' lang='lat' dir='ltr'><strong>et</strong></span> <span class='ocrx_word' id='word_1_298' title='bbox 827 2043 999 2077; x_wconf 87' lang='lat' dir='ltr'><strong>corporalem</strong></span> 
     </span>
    </p>
   </div>
   <div class='ocr_carea' id='block_1_44' title="bbox 209 2085 1001 2122">
    <p class='ocr_par' dir='ltr' id='par_1_44' title="bbox 209 2085 1001 2122">
     <span class='ocr_line' id='line_1_44' title="bbox 209 2085 1001 2122; baseline 0.006 -11"><span class='ocrx_word' id='word_1_299' title='bbox 209 2085 291 2112; x_wconf 86' lang='lat' dir='ltr'><strong>vitam</strong></span> <span class='ocrx_word' id='word_1_300' title='bbox 314 2085 457 2113; x_wconf 80' lang='lat' dir='ltr'><strong>conferant</strong></span> <span class='ocrx_word' id='word_1_301' title='bbox 470 2106 477 2118; x_wconf 86' lang='lat'><strong><em>,</em></strong></span> <span class='ocrx_word' id='word_1_302' title='bbox 503 2087 572 2121; x_wconf 88' lang='lat' dir='ltr'><strong>quod</strong></span> <span class='ocrx_word' id='word_1_303' title='bbox 591 2086 637 2113; x_wconf 91' lang='lat' dir='ltr'><strong>illo</strong></span> <span class='ocrx_word' id='word_1_304' title='bbox 655 2091 827 2114; x_wconf 71' lang='lat' dir='ltr'><strong>sacramento</strong></span> <span class='ocrx_word' id='word_1_305' title='bbox 845 2093 1001 2122; x_wconf 69' lang='lat' dir='ltr'><strong>prmstatur,</strong></span> 
     </span>
    </p>
   </div>
   <div class='ocr_carea' id='block_1_45' title="bbox 208 2132 996 2168">
    <p class='ocr_par' dir='ltr' id='par_1_45' title="bbox 208 2132 996 2168">
     <span class='ocr_line' id='line_1_45' title="bbox 208 2132 996 2168; baseline 0.008 -12"><span class='ocrx_word' id='word_1_306' title='bbox 208 2138 264 2165; x_wconf 89' lang='lat' dir='ltr'><strong>quo</strong></span> <span class='ocrx_word' id='word_1_307' title='bbox 281 2132 321 2157; x_wconf 70' lang='lat' dir='ltr'><strong>vir</strong></span> <span class='ocrx_word' id='word_1_308' title='bbox 338 2139 459 2166; x_wconf 86' lang='lat' dir='ltr'><strong>uxorque</strong></span> <span class='ocrx_word' id='word_1_309' title='bbox 482 2133 647 2159; x_wconf 79' lang='lat' dir='ltr'><strong>conveniunt</strong></span> <span class='ocrx_word' id='word_1_310' title='bbox 673 2138 702 2159; x_wconf 92' lang='lat' dir='ltr'><strong>ut</strong></span> <span class='ocrx_word' id='word_1_311' title='bbox 727 2133 828 2167; x_wconf 89' lang='lat' dir='ltr'><strong>prolem</strong></span> <span class='ocrx_word' id='word_1_312' title='bbox 857 2133 996 2168; x_wconf 72' lang='lat' dir='ltr'><strong>gignant,</strong></span> 
     </span>
    </p>
   </div>
   <div class='ocr_carea' id='block_1_46' title="bbox 210 2175 995 2214">
    <p class='ocr_par' dir='ltr' id='par_1_46' title="bbox 210 2175 995 2214">
     <span class='ocr_line' id='line_1_46' title="bbox 210 2175 995 2214; baseline 0.008 -13"><span class='ocrx_word' id='word_1_313' title='bbox 210 2175 389 2210; x_wconf 79' lang='lat' dir='ltr'><strong>religiosaque</strong></span> <span class='ocrx_word' id='word_1_314' title='bbox 405 2177 500 2210; x_wconf 81' lang='lat' dir='ltr'><strong>pietate</strong></span> <span class='ocrx_word' id='word_1_315' title='bbox 515 2184 546 2203; x_wconf 90' lang='lat' dir='ltr'><strong>ac</strong></span> <span class='ocrx_word' id='word_1_316' title='bbox 563 2177 608 2203; x_wconf 83' lang='lat' dir='ltr'><strong>Dei</strong></span> <span class='ocrx_word' id='word_1_317' title='bbox 623 2177 695 2203; x_wconf 88' lang='lat' dir='ltr'><strong>cultu</strong></span> <span class='ocrx_word' id='word_1_318' title='bbox 717 2178 868 2204; x_wconf 84' lang='lat' dir='ltr'><strong>enutriant.</strong></span> <span class='ocrx_word' id='word_1_319' title='bbox 886 2178 995 2214; x_wconf 84' lang='lat' dir='ltr'><strong>Alioqui</strong></span> 
     </span>
    </p>
   </div>
   <div class='ocr_carea' id='block_1_47' title="bbox 209 2221 999 2256">
    <p class='ocr_par' dir='ltr' id='par_1_47' title="bbox 209 2221 999 2256">
     <span class='ocr_line' id='line_1_47' title="bbox 209 2221 999 2256; baseline 0.005 -9"><span class='ocrx_word' id='word_1_320' title='bbox 209 2221 280 2247; x_wconf 89' lang='lat' dir='ltr'><strong>enim</strong></span> <span class='ocrx_word' id='word_1_321' title='bbox 301 2222 393 2254; x_wconf 90' lang='lat' dir='ltr'><strong>nequit</strong></span> <span class='ocrx_word' id='word_1_322' title='bbox 412 2221 467 2248; x_wconf 73' lang='lat' dir='ltr'><strong>lit-ri</strong></span> <span class='ocrx_word' id='word_1_323' title='bbox 490 2226 518 2248; x_wconf 86' lang='lat' dir='ltr'><strong>ut.</strong></span> <span class='ocrx_word' id='word_1_324' title='bbox 543 2222 692 2248; x_wconf 83' lang='lat' dir='ltr'><strong>humanum</strong></span> <span class='ocrx_word' id='word_1_325' title='bbox 709 2230 807 2256; x_wconf 78' lang='lat' dir='ltr'><strong>genus,</strong></span> <span class='ocrx_word' id='word_1_326' title='bbox 825 2223 889 2250; x_wconf 90' lang='lat' dir='ltr'><strong>dum</strong></span> <span class='ocrx_word' id='word_1_327' title='bbox 907 2231 999 2251; x_wconf 89' lang='lat' dir='ltr'><strong>rerum</strong></span> 
     </span>
    </p>
   </div>
   <div class='ocr_carea' id='block_1_48' title="bbox 210 2266 999 2304">
    <p class='ocr_par' dir='ltr' id='par_1_48' title="bbox 210 2266 999 2304">
     <span class='ocr_line' id='line_1_48' title="bbox 210 2266 999 2304; baseline 0.008 -12"><span class='ocrx_word' id='word_1_328' title='bbox 210 2266 267 2293; x_wconf 78' lang='lat' dir='ltr'><strong>hcce</strong></span> <span class='ocrx_word' id='word_1_329' title='bbox 284 2268 450 2294; x_wconf 54' lang='lat' dir='ltr'><strong>universatas</strong></span> <span class='ocrx_word' id='word_1_330' title='bbox 464 2267 496 2294; x_wconf 86' lang='lat' dir='ltr'><strong>ad</strong></span> <span class='ocrx_word' id='word_1_331' title='bbox 516 2272 669 2294; x_wconf 75' lang='lat' dir='ltr'><strong>extremum</strong></span> <span class='ocrx_word' id='word_1_332' title='bbox 700 2267 871 2302; x_wconf 78' lang='lat' dir='ltr'><strong>immutetur,</strong></span> <span class='ocrx_word' id='word_1_333' title='bbox 891 2278 999 2304; x_wconf 80' lang='lat' dir='ltr'><strong>perma-</strong></span> 
     </span>
    </p>
   </div>
   <div class='ocr_carea' id='block_1_49' title="bbox 210 2313 997 2353">
    <p class='ocr_par' dir='ltr' id='par_1_49' title="bbox 210 2313 997 2353">
     <span class='ocr_line' id='line_1_49' title="bbox 210 2313 997 2353; baseline 0.009 -14"><span class='ocrx_word' id='word_1_334' title='bbox 210 2319 281 2339; x_wconf 84' lang='lat' dir='ltr'><strong>neat.</strong></span> <span class='ocrx_word' id='word_1_335' title='bbox 302 2313 378 2346; x_wconf 84' lang='lat' dir='ltr'><strong>Quod</strong></span> <span class='ocrx_word' id='word_1_336' title='bbox 396 2314 458 2340; x_wconf 79' lang='lat' dir='ltr'><strong>item</strong></span> <span class='ocrx_word' id='word_1_337' title='bbox 482 2314 581 2348; x_wconf 69' lang='lat' dir='ltr'><strong>nuptiae</strong></span> <span class='ocrx_word' id='word_1_338' title='bbox 595 2314 661 2340; x_wconf 85' lang='lat' dir='ltr'><strong>nihil</strong></span> <span class='ocrx_word' id='word_1_339' title='bbox 678 2316 854 2350; x_wconf 84' lang='lat' dir='ltr'><strong>turpitudinis</strong></span> <span class='ocrx_word' id='word_1_340' title='bbox 870 2318 997 2353; x_wconf 85' lang='lat' dir='ltr'><strong>habeant;</strong></span> 
     </span>
    </p>
   </div>
   <div class='ocr_carea' id='block_1_50' title="bbox 209 2359 999 2398">
    <p class='ocr_par' dir='ltr' id='par_1_50' title="bbox 209 2359 999 2398">
     <span class='ocr_line' id='line_1_50' title="bbox 209 2359 999 2398; baseline 0.008 -12"><span class='ocrx_word' id='word_1_341' title='bbox 209 2368 362 2394; x_wconf 78' lang='lat' dir='ltr'><strong>quanquam</strong></span> <span class='ocrx_word' id='word_1_342' title='bbox 374 2360 445 2387; x_wconf 88' lang='lat' dir='ltr'><strong>cnint</strong></span> <span class='ocrx_word' id='word_1_343' title='bbox 458 2359 598 2393; x_wconf 73' lang='lat' dir='ltr'><strong>virginitas</strong></span> <span class='ocrx_word' id='word_1_344' title='bbox 611 2359 729 2386; x_wconf 86' lang='lat' dir='ltr'><strong>nobilior</strong></span> <span class='ocrx_word' id='word_1_345' title='bbox 740 2367 791 2393; x_wconf 75' lang='lat' dir='ltr'><strong>est,</strong></span> <span class='ocrx_word' id='word_1_346' title='bbox 805 2362 874 2390; x_wconf 87' lang='lat' dir='ltr'><strong>haud</strong></span> <span class='ocrx_word' id='word_1_347' title='bbox 885 2365 999 2398; x_wconf 86' lang='lat' dir='ltr'><strong>proinde</strong></span> 
     </span>
    </p>
   </div>
   <div class='ocr_carea' id='block_1_51' title="bbox 207 2404 998 2438">
    <p class='ocr_par' dir='ltr' id='par_1_51' title="bbox 207 2404 998 2438">
     <span class='ocr_line' id='line_1_51' title="bbox 207 2404 998 2438; baseline 0.009 -7"><span class='ocrx_word' id='word_1_348' title='bbox 207 2405 389 2432; x_wconf 75' lang='lat' dir='ltr'><strong>exsecrabiles</strong></span> <span class='ocrx_word' id='word_1_349' title='bbox 413 2404 512 2438; x_wconf 67' lang='lat' dir='ltr'><strong>nuptiae</strong></span> <span class='ocrx_word' id='word_1_350' title='bbox 533 2404 653 2438; x_wconf 90' lang='lat' dir='ltr'><strong>nihilque</strong></span> <span class='ocrx_word' id='word_1_351' title='bbox 676 2405 852 2434; x_wconf 84' lang='lat' dir='ltr'><strong>honorabiles</strong></span> <span class='ocrx_word' id='word_1_352' title='bbox 868 2409 901 2436; x_wconf 69' lang='grc' dir='ltr'><strong>θ’.</strong></span> <span class='ocrx_word' id='word_1_353' title='bbox 920 2408 998 2438; x_wconf 91' lang='lat' dir='ltr'><strong>Unde</strong></span> 
     </span>
    </p>
   </div>
   <div class='ocr_carea' id='block_1_52' title="bbox 208 2449 994 2484">
    <p class='ocr_par' dir='ltr' id='par_1_52' title="bbox 208 2449 994 2484">
     <span class='ocr_line' id='line_1_52' title="bbox 208 2449 994 2484; baseline 0.01 -8"><span class='ocrx_word' id='word_1_354' title='bbox 208 2455 235 2477; x_wconf 88' lang='lat' dir='ltr'><strong>et</strong></span> <span class='ocrx_word' id='word_1_355' title='bbox 250 2449 376 2477; x_wconf 84' lang='lat' dir='ltr'><strong>Christus</strong></span> <span class='ocrx_word' id='word_1_356' title='bbox 396 2457 444 2476; x_wconf 88' lang='lat' dir='ltr'><strong>sua</strong></span> <span class='ocrx_word' id='word_1_357' title='bbox 457 2457 502 2476; x_wconf 90' lang='lat' dir='ltr'><strong>eas</strong></span> <span class='ocrx_word' id='word_1_358' title='bbox 514 2450 656 2484; x_wconf 81' lang='lat' dir='ltr'><strong>praesentia</strong></span> <span class='ocrx_word' id='word_1_359' title='bbox 673 2451 819 2479; x_wconf 85' lang='lat' dir='ltr'><strong>honoravit.</strong></span> <span class='ocrx_word' id='word_1_360' title='bbox 836 2454 862 2480; x_wconf 90' lang='lat' dir='ltr'><strong>in</strong></span> <span class='ocrx_word' id='word_1_361' title='bbox 873 2454 947 2482; x_wconf 84' lang='lat' dir='ltr'><strong>Cana</strong></span> <span class='ocrx_word' id='word_1_362' title='bbox 962 2456 994 2484; x_wconf 78' lang='grc'><strong>⁷⁸.</strong></span> 
     </span>
    </p>
   </div>
   <div class='ocr_carea' id='block_1_53' title="bbox 209 2495 995 2534">
    <p class='ocr_par' dir='ltr' id='par_1_53' title="bbox 209 2495 995 2534">
     <span class='ocr_line' id='line_1_53' title="bbox 209 2495 995 2534; baseline 0.006 -11"><span class='ocrx_word' id='word_1_363' title='bbox 209 2497 247 2523; x_wconf 82' lang='lat' dir='ltr'><strong>Ex</strong></span> <span class='ocrx_word' id='word_1_364' title='bbox 263 2495 367 2522; x_wconf 86' lang='lat' dir='ltr'><strong>ratione</strong></span> <span class='ocrx_word' id='word_1_365' title='bbox 389 2499 477 2522; x_wconf 84' lang='lat' dir='ltr'><strong>tamen</strong></span> <span class='ocrx_word' id='word_1_366' title='bbox 490 2502 551 2522; x_wconf 91' lang='lat' dir='ltr'><strong>cum</strong></span> <span class='ocrx_word' id='word_1_367' title='bbox 564 2495 624 2522; x_wconf 86' lang='lat' dir='ltr'><strong>aliis</strong></span> <span class='ocrx_word' id='word_1_368' title='bbox 641 2496 768 2523; x_wconf 90' lang='lat' dir='ltr'><strong>utendum</strong></span> <span class='ocrx_word' id='word_1_369' title='bbox 783 2505 995 2534; x_wconf 81' lang='lat' dir='ltr'><strong>sacramentum,</strong></span> 
     </span>
    </p>
   </div>
   <div class='ocr_carea' id='block_1_54' title="bbox 208 2543 994 2583">
    <p class='ocr_par' dir='ltr' id='par_1_54' title="bbox 208 2543 994 2583">
     <span class='ocr_line' id='line_1_54' title="bbox 208 2543 994 2583; baseline 0.009 -14"><span class='ocrx_word' id='word_1_370' title='bbox 208 2547 265 2569; x_wconf 93' lang='lat' dir='ltr'><strong>tum</strong></span> <span class='ocrx_word' id='word_1_371' title='bbox 284 2543 347 2570; x_wconf 89' lang='lat' dir='ltr'><strong>isto.</strong></span> <span class='ocrx_word' id='word_1_372' title='bbox 363 2543 389 2570; x_wconf 91' lang='lat' dir='ltr'><strong>Si</strong></span> <span class='ocrx_word' id='word_1_373' title='bbox 406 2543 479 2570; x_wconf 89' lang='lat' dir='ltr'><strong>cnim</strong></span> <span class='ocrx_word' id='word_1_374' title='bbox 499 2543 540 2570; x_wconf 83' lang='lat' dir='ltr'><strong>vel</strong></span> <span class='ocrx_word' id='word_1_375' title='bbox 554 2543 581 2570; x_wconf 91' lang='lat' dir='ltr'><strong>in</strong></span> <span class='ocrx_word' id='word_1_376' title='bbox 602 2543 653 2570; x_wconf 89' lang='lat' dir='ltr'><strong>hoc</strong></span> <span class='ocrx_word' id='word_1_377' title='bbox 668 2544 709 2570; x_wconf 87' lang='lat' dir='ltr'><strong>vel</strong></span> <span class='ocrx_word' id='word_1_378' title='bbox 728 2544 754 2570; x_wconf 92' lang='lat' dir='ltr'><strong>in</strong></span> <span class='ocrx_word' id='word_1_379' title='bbox 771 2545 904 2580; x_wconf 88' lang='lat' dir='ltr'><strong>reliquis.</strong></span> <span class='ocrx_word' id='word_1_380' title='bbox 922 2549 994 2583; x_wconf 90' lang='lat' dir='ltr'><strong>quod</strong></span> 
     </span>
    </p>
   </div>
   <div class='ocr_carea' id='block_1_55' title="bbox 206 2588 994 2621">
    <p class='ocr_par' dir='ltr' id='par_1_55' title="bbox 206 2588 994 2621">
     <span class='ocr_line' id='line_1_55' title="bbox 206 2588 994 2621; baseline 0.009 -7"><span class='ocrx_word' id='word_1_381' title='bbox 206 2589 242 2615; x_wconf 86' lang='lat' dir='ltr'><strong>sit</strong></span> <span class='ocrx_word' id='word_1_382' title='bbox 257 2595 288 2615; x_wconf 84' lang='lat' dir='ltr'><strong>ex</strong></span> <span class='ocrx_word' id='word_1_383' title='bbox 306 2588 410 2616; x_wconf 83' lang='lat' dir='ltr'><strong>ratione</strong></span> <span class='ocrx_word' id='word_1_384' title='bbox 426 2589 533 2615; x_wconf 77' lang='lat' dir='ltr'><strong>(lelleiat</strong></span> <span class='ocrx_word' id='word_1_385' title='bbox 547 2609 554 2621; x_wconf 91' lang='lat'>,</span> <span class='ocrx_word' id='word_1_386' title='bbox 573 2588 672 2615; x_wconf 87' lang='lat' dir='ltr'><strong>nedum</strong></span> <span class='ocrx_word' id='word_1_387' title='bbox 689 2589 789 2616; x_wconf 85' lang='lat' dir='ltr'><strong>nullam</strong></span> <span class='ocrx_word' id='word_1_388' title='bbox 808 2591 925 2620; x_wconf 80' lang='lat' dir='ltr'><strong>alTeruut</strong></span> <span class='ocrx_word' id='word_1_389' title='bbox 942 2594 994 2621; x_wconf 94' lang='lat' dir='ltr'><strong>uti-</strong></span> 
     </span>
    </p>
   </div>
   <div class='ocr_carea' id='block_1_56' title="bbox 207 2633 995 2675">
    <p class='ocr_par' dir='ltr' id='par_1_56' title="bbox 207 2633 995 2675">
     <span class='ocr_line' id='line_1_56' title="bbox 207 2633 995 2675; baseline 0.01 -15"><span class='ocrx_word' id='word_1_390' title='bbox 207 2633 322 2665; x_wconf 81' lang='lat' dir='ltr'><strong>litatem,</strong></span> <span class='ocrx_word' id='word_1_391' title='bbox 339 2641 431 2661; x_wconf 74' lang='lat' dir='ltr'><strong>verum</strong></span> <span class='ocrx_word' id='word_1_392' title='bbox 448 2634 530 2662; x_wconf 81' lang='lat' dir='ltr'><strong>etiam</strong></span> <span class='ocrx_word' id='word_1_393' title='bbox 553 2635 643 2662; x_wconf 83' lang='lat' dir='ltr'><strong>alieno</strong></span> <span class='ocrx_word' id='word_1_394' title='bbox 665 2643 679 2662; x_wconf 91' lang='lat' dir='ltr'><strong>a</strong></span> <span class='ocrx_word' id='word_1_395' title='bbox 705 2636 810 2664; x_wconf 85' lang='lat' dir='ltr'><strong>ratione</strong></span> <span class='ocrx_word' id='word_1_396' title='bbox 837 2646 887 2666; x_wconf 91' lang='lat' dir='ltr'><strong>ustt</strong></span> <span class='ocrx_word' id='word_1_397' title='bbox 910 2640 995 2675; x_wconf 88' lang='lat' dir='ltr'><strong>pluri-</strong></span> 
     </span>
    </p>
   </div>
   <div class='ocr_carea' id='block_1_57' title="bbox 206 2681 647 2710">
    <p class='ocr_par' dir='ltr' id='par_1_57' title="bbox 206 2681 647 2710">
     <span class='ocr_line' id='line_1_57' title="bbox 206 2681 647 2710; baseline 0.007 -3"><span class='ocrx_word' id='word_1_398' title='bbox 206 2688 279 2708; x_wconf 85' lang='lat' dir='ltr'><strong>mum</strong></span> <span class='ocrx_word' id='word_1_399' title='bbox 298 2681 377 2709; x_wconf 84' lang='lat' dir='ltr'><strong>nobis</strong></span> <span class='ocrx_word' id='word_1_400' title='bbox 392 2681 520 2709; x_wconf 89' lang='lat' dir='ltr'><strong>damnum</strong></span> <span class='ocrx_word' id='word_1_401' title='bbox 542 2688 647 2710; x_wconf 87' lang='lat' dir='ltr'><strong>creant.</strong></span> 
     </span>
    </p>
   </div>
   <div class='ocr_carea' id='block_1_58' title="bbox 190 2727 994 2771">
    <p class='ocr_par' dir='ltr' id='par_1_58' title="bbox 190 2727 994 2771">
     <span class='ocr_line' id='line_1_58' title="bbox 190 2727 994 2771; baseline 0.009 -18"><span class='ocrx_word' id='word_1_402' title='bbox 190 2762 199 2771; x_wconf 40' lang='grc' dir='ltr'><em>ι</em></span> <span class='ocrx_word' id='word_1_403' title='bbox 243 2727 279 2754; x_wconf 90' lang='lat' dir='ltr'><strong>De</strong></span> <span class='ocrx_word' id='word_1_404' title='bbox 295 2727 347 2754; x_wconf 84' lang='lat' dir='ltr'><strong>illis</strong></span> <span class='ocrx_word' id='word_1_405' title='bbox 365 2729 456 2763; x_wconf 90' lang='lat' dir='ltr'><strong>itaque</strong></span> <span class='ocrx_word' id='word_1_406' title='bbox 473 2731 664 2763; x_wconf 81' lang='lat' dir='ltr'><strong>sacramentis,</strong></span> <span class='ocrx_word' id='word_1_407' title='bbox 682 2739 741 2766; x_wconf 71' lang='lat' dir='ltr'><strong>qua:</strong></span> <span class='ocrx_word' id='word_1_408' title='bbox 756 2732 834 2759; x_wconf 92' lang='lat' dir='ltr'><strong>nobis</strong></span> <span class='ocrx_word' id='word_1_409' title='bbox 851 2732 912 2760; x_wconf 81' lang='lat' dir='ltr'><strong>data</strong></span> <span class='ocrx_word' id='word_1_410' title='bbox 931 2738 994 2760; x_wconf 87' lang='lat' dir='ltr'><strong>sunt</strong></span> 
     </span>
    </p>
   </div>
   <div class='ocr_carea' id='block_1_59' title="bbox 247 2817 766 2852">
    <p class='ocr_par' dir='ltr' id='par_1_59' title="bbox 247 2817 766 2852">
     <span class='ocr_line' id='line_1_59' title="bbox 247 2817 766 2852; baseline 0.013 -9"><span class='ocrx_word' id='word_1_411' title='bbox 247 2817 269 2832; x_wconf 68' lang='grc' dir='ltr'>υ</span> <span class='ocrx_word' id='word_1_412' title='bbox 290 2817 370 2845; x_wconf 90' lang='lat' dir='ltr'><strong>llebr.</strong></span> <span class='ocrx_word' id='word_1_413' title='bbox 401 2827 460 2851; x_wconf 81' lang='lat' dir='ltr'><strong>xm.</strong></span> <span class='ocrx_word' id='word_1_414' title='bbox 482 2820 508 2847; x_wconf 69' lang='grc' dir='ltr'><strong>Δ.</strong></span> <span class='ocrx_word' id='word_1_415' title='bbox 547 2822 569 2838; x_wconf 82' lang='lat'><strong>7°</strong></span> <span class='ocrx_word' id='word_1_416' title='bbox 591 2821 670 2850; x_wconf 76' lang='lat' dir='ltr'><strong>Joan.</strong></span> <span class='ocrx_word' id='word_1_417' title='bbox 691 2830 722 2852; x_wconf 85' lang='lat' dir='ltr'><strong>tt.</strong></span> <span class='ocrx_word' id='word_1_418' title='bbox 742 2823 766 2850; x_wconf 85' lang='grc' dir='ltr'>Ι.</span> 
     </span>
    </p>
   </div>
   <div class='ocr_carea' id='block_1_60' title="bbox 1047 215 1866 253">
    <p class='ocr_par' dir='ltr' id='par_1_60' title="bbox 1047 215 1866 253">
     <span class='ocr_line' id='line_1_60' title="bbox 1047 215 1866 253; baseline 0 -10"><span class='ocrx_word' id='word_1_419' title='bbox 1047 215 1190 251; x_wconf 78' lang='grc' dir='ltr'>ἄνθρωπος</span> <span class='ocrx_word' id='word_1_420' title='bbox 1206 217 1222 252; x_wconf 85' lang='grc' dir='ltr'>ἢ</span> <span class='ocrx_word' id='word_1_421' title='bbox 1243 217 1286 243; x_wconf 67' lang='grc' dir='ltr'>διὰ</span> <span class='ocrx_word' id='word_1_422' title='bbox 1305 217 1443 253; x_wconf 75' lang='grc' dir='ltr'>ρᾳθυμίαν</span> <span class='ocrx_word' id='word_1_423' title='bbox 1459 217 1474 252; x_wconf 84' lang='grc' dir='ltr'><strong>ἢ</strong></span> <span class='ocrx_word' id='word_1_424' title='bbox 1491 217 1535 243; x_wconf 79' lang='grc' dir='ltr'>διὰ</span> <span class='ocrx_word' id='word_1_425' title='bbox 1552 217 1615 249; x_wconf 74' lang='grc' dir='ltr'>τοὺς</span> <span class='ocrx_word' id='word_1_426' title='bbox 1635 217 1784 249; x_wconf 75' lang='grc' dir='ltr'><strong>ποικίλους</strong></span> <span class='ocrx_word' id='word_1_427' title='bbox 1803 217 1866 243; x_wconf 77' lang='grc' dir='ltr'>τοῦ</span> 
     </span>
    </p>
   </div>
   <div class='ocr_carea' id='block_1_61' title="bbox 1048 259 1866 296">
    <p class='ocr_par' dir='ltr' id='par_1_61' title="bbox 1048 259 1866 296">
     <span class='ocr_line' id='line_1_61' title="bbox 1048 259 1866 296; baseline 0.002 -11"><span class='ocrx_word' id='word_1_428' title='bbox 1048 259 1107 293; x_wconf 85' lang='grc' dir='ltr'>βίου</span> <span class='ocrx_word' id='word_1_429' title='bbox 1120 260 1330 295; x_wconf 81' lang='grc' dir='ltr'>περισπασμοὺς</span> <span class='ocrx_word' id='word_1_430' title='bbox 1343 261 1373 287; x_wconf 76' lang='grc' dir='ltr'>οὐ</span> <span class='ocrx_word' id='word_1_431' title='bbox 1388 260 1498 292; x_wconf 80' lang='grc' dir='ltr'><strong>τελείως</strong></span> <span class='ocrx_word' id='word_1_432' title='bbox 1509 261 1658 296; x_wconf 83' lang='grc' dir='ltr'><strong>θεραπεύει</strong></span> <span class='ocrx_word' id='word_1_433' title='bbox 1671 262 1721 293; x_wconf 77' lang='grc' dir='ltr'><strong>τὰς</strong></span> <span class='ocrx_word' id='word_1_434' title='bbox 1745 270 1866 294; x_wconf 62' lang='grc' dir='ltr'>προειο</span> 
     </span>
    </p>
   </div>
   <div class='ocr_carea' id='block_1_62' title="bbox 1050 305 1863 343">
    <p class='ocr_par' dir='ltr' id='par_1_62' title="bbox 1050 305 1863 343">
     <span class='ocr_line' id='line_1_62' title="bbox 1050 305 1863 343; baseline 0.001 -11"><span class='ocrx_word' id='word_1_435' title='bbox 1050 305 1169 339; x_wconf 82' lang='grc' dir='ltr'>ρημένας</span> <span class='ocrx_word' id='word_1_436' title='bbox 1186 307 1215 332; x_wconf 82' lang='grc' dir='ltr'>ὲν</span> <span class='ocrx_word' id='word_1_437' title='bbox 1241 306 1316 341; x_wconf 83' lang='grc' dir='ltr'><strong>αὐτῷ</strong></span> <span class='ocrx_word' id='word_1_438' title='bbox 1329 307 1499 342; x_wconf 65' lang='grc' dir='ltr'>ἀρρωστίας,</span> <span class='ocrx_word' id='word_1_439' title='bbox 1517 308 1564 333; x_wconf 76' lang='grc' dir='ltr'><strong>ἐπὶ</strong></span> <span class='ocrx_word' id='word_1_440' title='bbox 1589 308 1712 343; x_wconf 77' lang='grc' dir='ltr'><strong>σωτηρίᾳ</strong></span> <span class='ocrx_word' id='word_1_441' title='bbox 1736 307 1770 334; x_wconf 83' lang='grc' dir='ltr'>τδ</span> <span class='ocrx_word' id='word_1_442' title='bbox 1796 316 1863 341; x_wconf 60' lang='grc' dir='ltr'>μυ-</span> 
     </span>
    </p>
   </div>
   <div class='ocr_carea' id='block_1_63' title="bbox 1049 351 1863 388">
    <p class='ocr_par' dir='ltr' id='par_1_63' title="bbox 1049 351 1863 388">
     <span class='ocr_line' id='line_1_63' title="bbox 1049 351 1863 388; baseline 0.002 -12"><span class='ocrx_word' id='word_1_443' title='bbox 1049 351 1160 385; x_wconf 88' lang='grc' dir='ltr'>στήριον</span> <span class='ocrx_word' id='word_1_444' title='bbox 1175 351 1254 378; x_wconf 82' lang='grc' dir='ltr'>τοῦτο</span> <span class='ocrx_word' id='word_1_445' title='bbox 1270 352 1309 387; x_wconf 85' lang='grc' dir='ltr'>τῷ</span> <span class='ocrx_word' id='word_1_446' title='bbox 1325 352 1461 388; x_wconf 82' lang='grc' dir='ltr'><strong>ἀνθρώπῳ</strong></span> <span class='ocrx_word' id='word_1_447' title='bbox 1484 353 1599 384; x_wconf 81' lang='grc' dir='ltr'>δέδοται,</span> <span class='ocrx_word' id='word_1_448' title='bbox 1619 353 1688 379; x_wconf 80' lang='grc' dir='ltr'>ὥστε</span> <span class='ocrx_word' id='word_1_449' title='bbox 1713 353 1863 387; x_wconf 70' lang='grc' dir='ltr'>ἀναπλη-</span> 
     </span>
    </p>
   </div>
   <div class='ocr_carea' id='block_1_64' title="bbox 1049 397 1860 433">
    <p class='ocr_par' dir='ltr' id='par_1_64' title="bbox 1049 397 1860 433">
     <span class='ocr_line' id='line_1_64' title="bbox 1049 397 1860 433; baseline 0.001 -10"><span class='ocrx_word' id='word_1_450' title='bbox 1049 397 1163 431; x_wconf 82' lang='grc' dir='ltr'>ροῦσθαι</span> <span class='ocrx_word' id='word_1_451' title='bbox 1178 397 1221 424; x_wconf 74' lang='grc' dir='ltr'>διὰ</span> <span class='ocrx_word' id='word_1_452' title='bbox 1236 398 1332 425; x_wconf 83' lang='grc' dir='ltr'>τούτου</span> <span class='ocrx_word' id='word_1_453' title='bbox 1347 398 1377 425; x_wconf 85' lang='grc' dir='ltr'>τδ</span> <span class='ocrx_word' id='word_1_454' title='bbox 1387 399 1485 430; x_wconf 80' lang='grc' dir='ltr'>ἀτελὲς</span> <span class='ocrx_word' id='word_1_455' title='bbox 1497 399 1546 432; x_wconf 82' lang='grc' dir='ltr'>τῆς</span> <span class='ocrx_word' id='word_1_456' title='bbox 1558 399 1707 433; x_wconf 81' lang='grc' dir='ltr'><strong>θεραπείας</strong></span> <span class='ocrx_word' id='word_1_457' title='bbox 1717 400 1823 432; x_wconf 75' lang='grc' dir='ltr'>ἐκείνη</span> <span class='ocrx_word' id='word_1_458' title='bbox 1835 408 1860 429; x_wconf 75' lang='grc' dir='ltr'><strong>ς,</strong></span> 
     </span>
    </p>
   </div>
   <div class='ocr_carea' id='block_1_65' title="bbox 1047 443 1862 479">
    <p class='ocr_par' dir='ltr' id='par_1_65' title="bbox 1047 443 1862 479">
     <span class='ocr_line' id='line_1_65' title="bbox 1047 443 1862 479; baseline 0.002 -9"><span class='ocrx_word' id='word_1_459' title='bbox 1047 443 1064 478; x_wconf 76' lang='grc' dir='ltr'>ἢ</span> <span class='ocrx_word' id='word_1_460' title='bbox 1095 443 1140 470; x_wconf 81' lang='grc' dir='ltr'>διὰ</span> <span class='ocrx_word' id='word_1_461' title='bbox 1164 444 1308 478; x_wconf 75' lang='grc' dir='ltr'><strong>μετανοίας</strong></span> <span class='ocrx_word' id='word_1_462' title='bbox 1337 444 1452 478; x_wconf 79' lang='grc' dir='ltr'>ἐγίνετο,</span> <span class='ocrx_word' id='word_1_463' title='bbox 1480 445 1527 471; x_wconf 85' lang='grc' dir='ltr'>καὶ</span> <span class='ocrx_word' id='word_1_464' title='bbox 1556 444 1771 479; x_wconf 81' lang='grc' dir='ltr'>ὲλευθεροῦσθαι</span> <span class='ocrx_word' id='word_1_465' title='bbox 1798 445 1862 477; x_wconf 71' lang='grc' dir='ltr'><strong>τῆς</strong></span> 
     </span>
    </p>
   </div>
   <div class='ocr_carea' id='block_1_66' title="bbox 1048 488 1856 524">
    <p class='ocr_par' dir='ltr' id='par_1_66' title="bbox 1048 488 1856 524">
     <span class='ocr_line' id='line_1_66' title="bbox 1048 488 1856 524; baseline 0 -10"><span class='ocrx_word' id='word_1_466' title='bbox 1048 488 1198 524; x_wconf 76' lang='grc' dir='ltr'><strong>καταδίκης</strong></span> <span class='ocrx_word' id='word_1_467' title='bbox 1217 490 1264 524; x_wconf 83' lang='grc' dir='ltr'>τῆς</span> <span class='ocrx_word' id='word_1_468' title='bbox 1279 489 1459 524; x_wconf 80' lang='grc' dir='ltr'><strong>ὀφειλομένης</strong></span> <span class='ocrx_word' id='word_1_469' title='bbox 1472 490 1558 524; x_wconf 86' lang='grc' dir='ltr'>αὐτῷ,</span> <span class='ocrx_word' id='word_1_470' title='bbox 1573 489 1613 516; x_wconf 86' lang='grc' dir='ltr'>ὅτι</span> <span class='ocrx_word' id='word_1_471' title='bbox 1625 489 1675 515; x_wconf 81' lang='grc' dir='ltr'>οὐκ</span> <span class='ocrx_word' id='word_1_472' title='bbox 1693 489 1856 515; x_wconf 76' lang='grc' dir='ltr'>ἐτελείωσε</span> 
     </span>
    </p>
   </div>
   <div class='ocr_carea' id='block_1_67' title="bbox 1048 533 1858 569">
    <p class='ocr_par' dir='ltr' id='par_1_67' title="bbox 1048 533 1858 569">
     <span class='ocr_line' id='line_1_67' title="bbox 1048 533 1858 569; baseline 0 -10"><span class='ocrx_word' id='word_1_473' title='bbox 1048 533 1095 560; x_wconf 68' lang='grc' dir='ltr'>τὸν</span> <span class='ocrx_word' id='word_1_474' title='bbox 1109 534 1158 568; x_wconf 84' lang='grc' dir='ltr'>τῆς</span> <span class='ocrx_word' id='word_1_475' title='bbox 1175 535 1320 568; x_wconf 76' lang='grc' dir='ltr'><strong>μετανοίας</strong></span> <span class='ocrx_word' id='word_1_476' title='bbox 1335 534 1445 561; x_wconf 70' lang='grc' dir='ltr'>κανόναε</span> <span class='ocrx_word' id='word_1_477' title='bbox 1469 534 1514 561; x_wconf 80' lang='grc' dir='ltr'>ἵνα</span> <span class='ocrx_word' id='word_1_478' title='bbox 1532 534 1615 569; x_wconf 77' lang='grc' dir='ltr'>μηδὲν</span> <span class='ocrx_word' id='word_1_479' title='bbox 1633 535 1661 560; x_wconf 82' lang='grc' dir='ltr'>ὲν</span> <span class='ocrx_word' id='word_1_480' title='bbox 1678 534 1755 568; x_wconf 68' lang='grc' dir='ltr'>αὐτῷ</span> <span class='ocrx_word' id='word_1_481' title='bbox 1774 535 1858 560; x_wconf 77' lang='grc' dir='ltr'>ἀπο-</span> 
     </span>
    </p>
   </div>
   <div class='ocr_carea' id='block_1_68' title="bbox 1048 579 1856 616">
    <p class='ocr_par' dir='ltr' id='par_1_68' title="bbox 1048 579 1856 616">
     <span class='ocr_line' id='line_1_68' title="bbox 1048 579 1856 616; baseline 0 -11"><span class='ocrx_word' id='word_1_482' title='bbox 1048 579 1143 615; x_wconf 84' lang='grc' dir='ltr'>λειφθῇ</span> <span class='ocrx_word' id='word_1_483' title='bbox 1166 580 1316 615; x_wconf 86' lang='grc' dir='ltr'>δυνάμενον</span> <span class='ocrx_word' id='word_1_484' title='bbox 1335 582 1364 607; x_wconf 86' lang='grc' dir='ltr'>ὲν</span> <span class='ocrx_word' id='word_1_485' title='bbox 1375 581 1408 616; x_wconf 83' lang='grc' dir='ltr'>τῇ</span> <span class='ocrx_word' id='word_1_486' title='bbox 1423 580 1505 615; x_wconf 69' lang='grc' dir='ltr'><strong>ἐξόδῳ</strong></span> <span class='ocrx_word' id='word_1_487' title='bbox 1520 581 1570 615; x_wconf 84' lang='grc' dir='ltr'>τῆς</span> <span class='ocrx_word' id='word_1_488' title='bbox 1586 579 1676 615; x_wconf 82' lang='grc' dir='ltr'>ψυχῆς</span> <span class='ocrx_word' id='word_1_489' title='bbox 1691 580 1856 614; x_wconf 72' lang='grc' dir='ltr'><strong>ἐμποδίσαι</strong></span> 
     </span>
    </p>
   </div>
   <div class='ocr_carea' id='block_1_69' title="bbox 1048 625 1659 662">
    <p class='ocr_par' dir='ltr' id='par_1_69' title="bbox 1048 625 1659 662">
     <span class='ocr_line' id='line_1_69' title="bbox 1048 625 1659 662; baseline 0.002 -10"><span class='ocrx_word' id='word_1_490' title='bbox 1048 625 1151 661; x_wconf 86' lang='grc' dir='ltr'>ταύτην</span> <span class='ocrx_word' id='word_1_491' title='bbox 1165 626 1211 652; x_wconf 81' lang='grc' dir='ltr'>τοῦ</span> <span class='ocrx_word' id='word_1_492' title='bbox 1226 627 1317 662; x_wconf 78' lang='grc' dir='ltr'>τυχεῖν</span> <span class='ocrx_word' id='word_1_493' title='bbox 1331 626 1382 661; x_wconf 85' lang='grc' dir='ltr'>τῆς</span> <span class='ocrx_word' id='word_1_494' title='bbox 1398 626 1552 661; x_wconf 77' lang='grc' dir='ltr'><strong>μελλούσης</strong></span> <span class='ocrx_word' id='word_1_495' title='bbox 1568 626 1659 661; x_wconf 80' lang='grc' dir='ltr'>δόξης.</span> 
     </span>
    </p>
   </div>
   <div class='ocr_carea' id='block_1_70' title="bbox 1084 672 1856 708">
    <p class='ocr_par' dir='ltr' id='par_1_70' title="bbox 1084 672 1856 708">
     <span class='ocr_line' id='line_1_70' title="bbox 1084 672 1856 708; baseline 0 -10"><span class='ocrx_word' id='word_1_496' title='bbox 1084 673 1121 698; x_wconf 75' lang='grc' dir='ltr'><strong>Οὔ</strong></span> <span class='ocrx_word' id='word_1_497' title='bbox 1150 672 1202 706; x_wconf 84' lang='grc' dir='ltr'>μὴν</span> <span class='ocrx_word' id='word_1_498' title='bbox 1226 672 1294 699; x_wconf 82' lang='grc' dir='ltr'>ἀλλὰ</span> <span class='ocrx_word' id='word_1_499' title='bbox 1318 673 1365 698; x_wconf 81' lang='grc' dir='ltr'>καὶ</span> <span class='ocrx_word' id='word_1_500' title='bbox 1385 673 1530 707; x_wconf 73' lang='grc' dir='ltr'>συμϐαίνει</span> <span class='ocrx_word' id='word_1_501' title='bbox 1562 673 1632 708; x_wconf 86' lang='grc' dir='ltr'>μήτε</span> <span class='ocrx_word' id='word_1_502' title='bbox 1655 673 1856 708; x_wconf 71' lang='grc' dir='ltr'>μνημονεύειν</span> 
     </span>
    </p>
   </div>
   <div class='ocr_carea' id='block_1_71' title="bbox 1050 718 1852 753">
    <p class='ocr_par' dir='ltr' id='par_1_71' title="bbox 1050 718 1852 753">
     <span class='ocr_line' id='line_1_71' title="bbox 1050 718 1852 753; baseline 0 -9"><span class='ocrx_word' id='word_1_503' title='bbox 1050 719 1118 753; x_wconf 88' lang='grc' dir='ltr'>μήτε</span> <span class='ocrx_word' id='word_1_504' title='bbox 1131 718 1277 752; x_wconf 80' lang='grc' dir='ltr'><strong>γινώσκειν</strong></span> <span class='ocrx_word' id='word_1_505' title='bbox 1289 720 1378 745; x_wconf 78' lang='grc' dir='ltr'>πάντα</span> <span class='ocrx_word' id='word_1_506' title='bbox 1393 719 1443 745; x_wconf 78' lang='grc' dir='ltr'>ὅσα</span> <span class='ocrx_word' id='word_1_507' title='bbox 1456 718 1560 753; x_wconf 72' lang='grc' dir='ltr'>ἔπραξέ</span> <span class='ocrx_word' id='word_1_508' title='bbox 1576 727 1620 750; x_wconf 86' lang='grc' dir='ltr'><strong>τις</strong></span> <span class='ocrx_word' id='word_1_509' title='bbox 1636 719 1852 753; x_wconf 73' lang='grc' dir='ltr'>ἁμαρτήματα,</span> 
     </span>
    </p>
   </div>
   <div class='ocr_carea' id='block_1_72' title="bbox 1049 763 1853 798">
    <p class='ocr_par' dir='ltr' id='par_1_72' title="bbox 1049 763 1853 798">
     <span class='ocr_line' id='line_1_72' title="bbox 1049 763 1853 798; baseline 0.002 -9"><span class='ocrx_word' id='word_1_510' title='bbox 1049 763 1120 790; x_wconf 83' lang='grc' dir='ltr'>ὥστε</span> <span class='ocrx_word' id='word_1_511' title='bbox 1143 763 1272 790; x_wconf 78' lang='grc' dir='ltr'>δύνασθαι</span> <span class='ocrx_word' id='word_1_512' title='bbox 1289 764 1334 790; x_wconf 75' lang='grc' dir='ltr'><strong>διὰ</strong></span> <span class='ocrx_word' id='word_1_513' title='bbox 1354 765 1499 798; x_wconf 78' lang='grc' dir='ltr'>μετανοίας</span> <span class='ocrx_word' id='word_1_514' title='bbox 1524 764 1611 791; x_wconf 80' lang='grc' dir='ltr'>ταῦτα</span> <span class='ocrx_word' id='word_1_515' title='bbox 1636 764 1853 797; x_wconf 62' lang='grc' dir='ltr'>ἐξαλείφεσθαι.</span> 
     </span>
    </p>
   </div>
   <div class='ocr_carea' id='block_1_73' title="bbox 1051 807 1855 845">
    <p class='ocr_par' dir='ltr' id='par_1_73' title="bbox 1051 807 1855 845">
     <span class='ocr_line' id='line_1_73' title="bbox 1051 807 1855 845; baseline 0 -9"><span class='ocrx_word' id='word_1_516' title='bbox 1051 810 1112 836; x_wconf 74' lang='grc' dir='ltr'><strong>Εἰσὶ</strong></span> <span class='ocrx_word' id='word_1_517' title='bbox 1131 809 1159 836; x_wconf 75' lang='grc' dir='ltr'><strong>δὲ</strong></span> <span class='ocrx_word' id='word_1_518' title='bbox 1176 809 1222 836; x_wconf 85' lang='grc' dir='ltr'><strong>καί</strong></span> <span class='ocrx_word' id='word_1_519' title='bbox 1238 818 1300 836; x_wconf 84' lang='grc' dir='ltr'>τινα</span> <span class='ocrx_word' id='word_1_520' title='bbox 1325 810 1499 844; x_wconf 76' lang='grc' dir='ltr'>καθημερινὰ</span> <span class='ocrx_word' id='word_1_521' title='bbox 1518 810 1718 845; x_wconf 81' lang='grc' dir='ltr'>ἁμαρτήματα,</span> <span class='ocrx_word' id='word_1_522' title='bbox 1736 807 1775 836; x_wconf 82' lang='grc' dir='ltr'>ὧν</span> <span class='ocrx_word' id='word_1_523' title='bbox 1794 820 1855 844; x_wconf 80' lang='grc' dir='ltr'>χω-</span> 
     </span>
    </p>
   </div>
   <div class='ocr_carea' id='block_1_74' title="bbox 1051 851 1854 890">
    <p class='ocr_par' dir='ltr' id='par_1_74' title="bbox 1051 851 1854 890">
     <span class='ocr_line' id='line_1_74' title="bbox 1051 851 1854 890; baseline 0 -10"><span class='ocrx_word' id='word_1_524' title='bbox 1051 854 1092 890; x_wconf 68' lang='grc' dir='ltr'>ρὶς</span> <span class='ocrx_word' id='word_1_525' title='bbox 1107 854 1156 881; x_wconf 82' lang='grc' dir='ltr'>οὐκ</span> <span class='ocrx_word' id='word_1_526' title='bbox 1182 854 1242 881; x_wconf 80' lang='grc' dir='ltr'>ἔστι</span> <span class='ocrx_word' id='word_1_527' title='bbox 1260 854 1307 880; x_wconf 81' lang='grc' dir='ltr'>τὸν</span> <span class='ocrx_word' id='word_1_528' title='bbox 1323 854 1381 889; x_wconf 88' lang='grc' dir='ltr'>βίον</span> <span class='ocrx_word' id='word_1_529' title='bbox 1395 854 1491 881; x_wconf 82' lang='grc' dir='ltr'>τοῦτον</span> <span class='ocrx_word' id='word_1_530' title='bbox 1507 854 1633 881; x_wconf 78' lang='grc' dir='ltr'>διελθεῖψ</span> <span class='ocrx_word' id='word_1_531' title='bbox 1648 851 1686 880; x_wconf 84' lang='grc' dir='ltr'>ὦν</span> <span class='ocrx_word' id='word_1_532' title='bbox 1697 855 1815 881; x_wconf 85' lang='grc' dir='ltr'>πάντων</span> <span class='ocrx_word' id='word_1_533' title='bbox 1838 856 1854 880; x_wconf 85' lang='grc' dir='ltr'><strong>ὁ</strong></span> 
     </span>
    </p>
   </div>
   <div class='ocr_carea' id='block_1_75' title="bbox 1048 899 1852 935">
    <p class='ocr_par' dir='ltr' id='par_1_75' title="bbox 1048 899 1852 935">
     <span class='ocr_line' id='line_1_75' title="bbox 1048 899 1852 935; baseline 0 -9"><span class='ocrx_word' id='word_1_534' title='bbox 1048 899 1193 934; x_wconf 79' lang='grc' dir='ltr'>ἄνθρωπος</span> <span class='ocrx_word' id='word_1_535' title='bbox 1218 899 1377 933; x_wconf 75' lang='grc' dir='ltr'>ἀναγκαίως</span> <span class='ocrx_word' id='word_1_536' title='bbox 1404 900 1567 935; x_wconf 70' lang='grc' dir='ltr'>καθαίρεται</span> <span class='ocrx_word' id='word_1_537' title='bbox 1592 899 1636 926; x_wconf 73' lang='grc' dir='ltr'>διὰ</span> <span class='ocrx_word' id='word_1_538' title='bbox 1666 900 1765 926; x_wconf 83' lang='grc' dir='ltr'>τούτου</span> <span class='ocrx_word' id='word_1_539' title='bbox 1798 900 1852 926; x_wconf 81' lang='grc' dir='ltr'><strong>τοῦ</strong></span> 
     </span>
    </p>
   </div>
   <div class='ocr_carea' id='block_1_76' title="bbox 1051 944 1850 982">
    <p class='ocr_par' dir='ltr' id='par_1_76' title="bbox 1051 944 1850 982">
     <span class='ocr_line' id='line_1_76' title="bbox 1051 944 1850 982; baseline 0 -10"><span class='ocrx_word' id='word_1_540' title='bbox 1051 946 1215 982; x_wconf 77' lang='grc' dir='ltr'>μυστηρίου.</span> <span class='ocrx_word' id='word_1_541' title='bbox 1235 946 1279 972; x_wconf 68' lang='grc' dir='ltr'>Διὸ</span> <span class='ocrx_word' id='word_1_542' title='bbox 1300 946 1347 972; x_wconf 77' lang='grc' dir='ltr'>καὶ</span> <span class='ocrx_word' id='word_1_543' title='bbox 1362 945 1538 982; x_wconf 75' lang='grc' dir='ltr'>προστίθησι,</span> <span class='ocrx_word' id='word_1_544' title='bbox 1565 955 1575 972; x_wconf 80' lang='grc' dir='ltr'><strong>ι</strong></span> <span class='ocrx_word' id='word_1_545' title='bbox 1592 945 1651 973; x_wconf 81' lang='grc' dir='ltr'>Κᾶν</span> <span class='ocrx_word' id='word_1_546' title='bbox 1667 946 1812 980; x_wconf 73' lang='grc' dir='ltr'>ἁμαρτίας</span> 
     </span>
    </p>
   </div>
   <div class='ocr_carea' id='block_1_77' title="bbox 1049 990 1849 1027">
    <p class='ocr_par' dir='ltr' id='par_1_77' title="bbox 1049 990 1849 1027">
     <span class='ocr_line' id='line_1_77' title="bbox 1049 990 1849 1027; baseline 0.001 -10"><span class='ocrx_word' id='word_1_547' title='bbox 1049 990 1218 1025; x_wconf 80' lang='grc' dir='ltr'>πεποιηκὼς,</span> <span class='ocrx_word' id='word_1_548' title='bbox 1246 991 1414 1027; x_wconf 70' lang='grc' dir='ltr'>ἀφεθήσεται</span> <span class='ocrx_word' id='word_1_549' title='bbox 1441 990 1555 1026; x_wconf 73' lang='grc' dir='ltr'><strong>αὐτῷ.»</strong></span> <span class='ocrx_word' id='word_1_550' title='bbox 1585 991 1667 1018; x_wconf 81' lang='grc' dir='ltr'>Ὅθεν</span> <span class='ocrx_word' id='word_1_551' title='bbox 1696 991 1777 1026; x_wconf 79' lang='grc' dir='ltr'>δῆλον</span> <span class='ocrx_word' id='word_1_552' title='bbox 1805 992 1849 1018; x_wconf 80' lang='grc' dir='ltr'>ὅτι</span> 
     </span>
    </p>
   </div>
   <div class='ocr_carea' id='block_1_78' title="bbox 1048 1036 1848 1073">
    <p class='ocr_par' dir='ltr' id='par_1_78' title="bbox 1048 1036 1848 1073">
     <span class='ocr_line' id='line_1_78' title="bbox 1048 1036 1848 1073; baseline 0.001 -10"><span class='ocrx_word' id='word_1_553' title='bbox 1048 1037 1202 1063; x_wconf 82' lang='grc' dir='ltr'>τελευταῖόν</span> <span class='ocrx_word' id='word_1_554' title='bbox 1217 1037 1276 1064; x_wconf 78' lang='grc' dir='ltr'>ἐστι</span> <span class='ocrx_word' id='word_1_555' title='bbox 1290 1037 1320 1063; x_wconf 75' lang='grc' dir='ltr'><strong>τὸ</strong></span> <span class='ocrx_word' id='word_1_556' title='bbox 1334 1037 1484 1072; x_wconf 80' lang='grc' dir='ltr'>μυστήριον</span> <span class='ocrx_word' id='word_1_557' title='bbox 1499 1036 1587 1070; x_wconf 85' lang='grc' dir='ltr'>τοῦτο,</span> <span class='ocrx_word' id='word_1_558' title='bbox 1596 1037 1690 1072; x_wconf 80' lang='grc' dir='ltr'>ὥσπερ</span> <span class='ocrx_word' id='word_1_559' title='bbox 1705 1038 1848 1073; x_wconf 75' lang='grc' dir='ltr'>ὲττισφρά-</span> 
     </span>
    </p>
   </div>
   <div class='ocr_carea' id='block_1_79' title="bbox 1049 1081 1846 1117">
    <p class='ocr_par' dir='ltr' id='par_1_79' title="bbox 1049 1081 1846 1117">
     <span class='ocr_line' id='line_1_79' title="bbox 1049 1081 1846 1117; baseline 0.003 -10"><span class='ocrx_word' id='word_1_560' title='bbox 1049 1090 1137 1116; x_wconf 86' lang='grc' dir='ltr'>γισμα</span> <span class='ocrx_word' id='word_1_561' title='bbox 1161 1082 1250 1117; x_wconf 78' lang='grc' dir='ltr'>πάσης</span> <span class='ocrx_word' id='word_1_562' title='bbox 1269 1081 1319 1116; x_wconf 80' lang='grc' dir='ltr'>τῆς</span> <span class='ocrx_word' id='word_1_563' title='bbox 1347 1082 1540 1116; x_wconf 86' lang='grc' dir='ltr'>πνευματικῆς</span> <span class='ocrx_word' id='word_1_564' title='bbox 1567 1082 1706 1116; x_wconf 75' lang='grc' dir='ltr'>ἰατρείας·</span> <span class='ocrx_word' id='word_1_565' title='bbox 1737 1083 1787 1109; x_wconf 74' lang='grc' dir='ltr'>καὶ</span> <span class='ocrx_word' id='word_1_566' title='bbox 1802 1084 1846 1109; x_wconf 75' lang='grc' dir='ltr'>ὅτι</span> 
     </span>
    </p>
   </div>
   <div class='ocr_carea' id='block_1_80' title="bbox 1049 1127 1845 1164">
    <p class='ocr_par' dir='ltr' id='par_1_80' title="bbox 1049 1127 1845 1164">
     <span class='ocr_line' id='line_1_80' title="bbox 1049 1127 1845 1164; baseline 0.003 -10"><span class='ocrx_word' id='word_1_567' title='bbox 1049 1129 1105 1159; x_wconf 85' lang='grc' dir='ltr'>τοῖς</span> <span class='ocrx_word' id='word_1_568' title='bbox 1121 1127 1265 1154; x_wconf 80' lang='grc' dir='ltr'><strong>ἀσθενοῦσι</strong></span> <span class='ocrx_word' id='word_1_569' title='bbox 1281 1129 1431 1164; x_wconf 83' lang='grc' dir='ltr'>προσάγειν</span> <span class='ocrx_word' id='word_1_570' title='bbox 1453 1128 1503 1155; x_wconf 85' lang='grc' dir='ltr'>δεῖ·</span> <span class='ocrx_word' id='word_1_571' title='bbox 1522 1130 1570 1154; x_wconf 73' lang='grc' dir='ltr'>καὶ</span> <span class='ocrx_word' id='word_1_572' title='bbox 1595 1129 1696 1162; x_wconf 83' lang='grc' dir='ltr'>μᾶλλον</span> <span class='ocrx_word' id='word_1_573' title='bbox 1712 1129 1845 1162; x_wconf 74' lang='grc' dir='ltr'>ἐκείνοις,</span> 
     </span>
    </p>
   </div>
   <div class='ocr_carea' id='block_1_81' title="bbox 1049 1172 1847 1207">
    <p class='ocr_par' dir='ltr' id='par_1_81' title="bbox 1049 1172 1847 1207">
     <span class='ocr_line' id='line_1_81' title="bbox 1049 1172 1847 1207; baseline 0.003 -9"><span class='ocrx_word' id='word_1_574' title='bbox 1049 1172 1074 1199; x_wconf 79' lang='grc' dir='ltr'>οἳ</span> <span class='ocrx_word' id='word_1_575' title='bbox 1100 1172 1132 1199; x_wconf 79' lang='grc' dir='ltr'><strong>δι’</strong></span> <span class='ocrx_word' id='word_1_576' title='bbox 1150 1173 1295 1199; x_wconf 79' lang='grc' dir='ltr'>ἀσθένειαν</span> <span class='ocrx_word' id='word_1_577' title='bbox 1310 1172 1361 1199; x_wconf 84' lang='grc' dir='ltr'>οὒκ</span> <span class='ocrx_word' id='word_1_578' title='bbox 1376 1172 1572 1207; x_wconf 75' lang='grc' dir='ltr'><strong>ἐξεπλήρωσαν</strong></span> <span class='ocrx_word' id='word_1_579' title='bbox 1594 1173 1639 1199; x_wconf 68' lang='grc' dir='ltr'><strong>τὸν</strong></span> <span class='ocrx_word' id='word_1_580' title='bbox 1664 1173 1847 1207; x_wconf 75' lang='grc' dir='ltr'>ὀφειλόμενον</span> 
     </span>
    </p>
   </div>
   <div class='ocr_carea' id='block_1_82' title="bbox 1050 1218 1847 1255">
    <p class='ocr_par' dir='ltr' id='par_1_82' title="bbox 1050 1218 1847 1255">
     <span class='ocr_line' id='line_1_82' title="bbox 1050 1218 1847 1255; baseline 0.004 -11"><span class='ocrx_word' id='word_1_581' title='bbox 1050 1218 1140 1250; x_wconf 79' lang='grc' dir='ltr'>αὐτοῖς</span> <span class='ocrx_word' id='word_1_582' title='bbox 1159 1218 1260 1246; x_wconf 68' lang='grc' dir='ltr'>κανόνα</span> <span class='ocrx_word' id='word_1_583' title='bbox 1272 1226 1280 1234; x_wconf 87' lang='grc'><em>’</em></span> <span class='ocrx_word' id='word_1_584' title='bbox 1299 1218 1345 1244; x_wconf 76' lang='grc' dir='ltr'>καὶ</span> <span class='ocrx_word' id='word_1_585' title='bbox 1358 1218 1399 1245; x_wconf 77' lang='grc' dir='ltr'>ὅτι</span> <span class='ocrx_word' id='word_1_586' title='bbox 1414 1219 1470 1249; x_wconf 75' lang='grc' dir='ltr'>τοῖς</span> <span class='ocrx_word' id='word_1_587' title='bbox 1485 1218 1577 1249; x_wconf 69' lang='grc' dir='ltr'>αὐτοῖς</span> <span class='ocrx_word' id='word_1_588' title='bbox 1592 1219 1673 1246; x_wconf 78' lang='grc' dir='ltr'>πάλιν</span> <span class='ocrx_word' id='word_1_589' title='bbox 1682 1220 1722 1246; x_wconf 80' lang='grc' dir='ltr'>δεῖ</span> <span class='ocrx_word' id='word_1_590' title='bbox 1736 1221 1847 1255; x_wconf 80' lang='grc' dir='ltr'>προσά-</span> 
     </span>
    </p>
   </div>
   <div class='ocr_carea' id='block_1_83' title="bbox 1050 1264 1846 1301">
    <p class='ocr_par' dir='ltr' id='par_1_83' title="bbox 1050 1264 1846 1301">
     <span class='ocr_line' id='line_1_83' title="bbox 1050 1264 1846 1301; baseline 0.004 -10"><span class='ocrx_word' id='word_1_591' title='bbox 1050 1273 1121 1299; x_wconf 86' lang='grc' dir='ltr'>γειν,</span> <span class='ocrx_word' id='word_1_592' title='bbox 1139 1266 1163 1292; x_wconf 75' lang='grc' dir='ltr'>εἰ</span> <span class='ocrx_word' id='word_1_593' title='bbox 1177 1265 1246 1299; x_wconf 76' lang='grc' dir='ltr'>πρὸς</span> <span class='ocrx_word' id='word_1_594' title='bbox 1263 1265 1313 1300; x_wconf 85' lang='grc' dir='ltr'>τὴν</span> <span class='ocrx_word' id='word_1_595' title='bbox 1332 1264 1431 1300; x_wconf 82' lang='grc' dir='ltr'>ὁμοίαν</span> <span class='ocrx_word' id='word_1_596' title='bbox 1447 1265 1550 1292; x_wconf 78' lang='grc' dir='ltr'>ἔλθοιεν</span> <span class='ocrx_word' id='word_1_597' title='bbox 1569 1266 1704 1301; x_wconf 73' lang='grc' dir='ltr'>ἀνάγκην.</span> <span class='ocrx_word' id='word_1_598' title='bbox 1725 1267 1846 1294; x_wconf 87' lang='grc' dir='ltr'>Δύναται</span> 
     </span>
    </p>
   </div>
   <div class='ocr_carea' id='block_1_84' title="bbox 1051 1311 1845 1348">
    <p class='ocr_par' dir='ltr' id='par_1_84' title="bbox 1051 1311 1845 1348">
     <span class='ocr_line' id='line_1_84' title="bbox 1051 1311 1845 1348; baseline 0.003 -11"><span class='ocrx_word' id='word_1_599' title='bbox 1051 1311 1105 1345; x_wconf 74' lang='grc' dir='ltr'><strong>γὰρ</strong></span> <span class='ocrx_word' id='word_1_600' title='bbox 1137 1312 1150 1337; x_wconf 72' lang='grc' dir='ltr'><strong><em>ὁ</em></strong></span> <span class='ocrx_word' id='word_1_601' title='bbox 1175 1311 1323 1346; x_wconf 68' lang='grc' dir='ltr'>ἄνθρωπος</span> <span class='ocrx_word' id='word_1_602' title='bbox 1350 1311 1409 1342; x_wconf 81' lang='grc' dir='ltr'>τοῖς</span> <span class='ocrx_word' id='word_1_603' title='bbox 1437 1312 1531 1343; x_wconf 77' lang='grc' dir='ltr'>αὐτοῖς</span> <span class='ocrx_word' id='word_1_604' title='bbox 1563 1311 1644 1338; x_wconf 84' lang='grc' dir='ltr'>πάλιν</span> <span class='ocrx_word' id='word_1_605' title='bbox 1683 1313 1845 1348; x_wconf 78' lang='grc' dir='ltr'>ἁτοπήμασι</span> 
     </span>
    </p>
   </div>
   <div class='ocr_carea' id='block_1_85' title="bbox 1051 1356 1845 1392">
    <p class='ocr_par' dir='ltr' id='par_1_85' title="bbox 1051 1356 1845 1392">
     <span class='ocr_line' id='line_1_85' title="bbox 1051 1356 1845 1392; baseline 0.004 -10"><span class='ocrx_word' id='word_1_606' title='bbox 1051 1357 1230 1392; x_wconf 84' lang='grc' dir='ltr'>περιπίπτειν</span> <span class='ocrx_word' id='word_1_607' title='bbox 1254 1357 1299 1383; x_wconf 81' lang='grc' dir='ltr'><strong>διὰ</strong></span> <span class='ocrx_word' id='word_1_608' title='bbox 1315 1356 1365 1392; x_wconf 84' lang='grc' dir='ltr'>τὴν</span> <span class='ocrx_word' id='word_1_609' title='bbox 1381 1357 1432 1392; x_wconf 80' lang='grc' dir='ltr'>τῆς</span> <span class='ocrx_word' id='word_1_610' title='bbox 1457 1356 1565 1391; x_wconf 80' lang='grc' dir='ltr'>φύσεως</span> <span class='ocrx_word' id='word_1_611' title='bbox 1594 1357 1755 1385; x_wconf 77' lang='grc' dir='ltr'>ἀσθένειαν·</span> <span class='ocrx_word' id='word_1_612' title='bbox 1773 1359 1845 1385; x_wconf 72' lang='grc' dir='ltr'>ὥστε</span> 
     </span>
    </p>
   </div>
   <div class='ocr_carea' id='block_1_86' title="bbox 1052 1401 1844 1438">
    <p class='ocr_par' dir='ltr' id='par_1_86' title="bbox 1052 1401 1844 1438">
     <span class='ocr_line' id='line_1_86' title="bbox 1052 1401 1844 1438; baseline 0.001 -9"><span class='ocrx_word' id='word_1_613' title='bbox 1052 1403 1099 1430; x_wconf 72' lang='grc' dir='ltr'>καὶ</span> <span class='ocrx_word' id='word_1_614' title='bbox 1115 1402 1244 1433; x_wconf 75' lang='grc' dir='ltr'>πολλάκις</span> <span class='ocrx_word' id='word_1_615' title='bbox 1265 1402 1303 1437; x_wconf 81' lang='grc' dir='ltr'>τῷ</span> <span class='ocrx_word' id='word_1_616' title='bbox 1319 1401 1395 1437; x_wconf 80' lang='grc' dir='ltr'>αὐτῴ</span> <span class='ocrx_word' id='word_1_617' title='bbox 1417 1401 1513 1438; x_wconf 81' lang='grc' dir='ltr'>τρόπῳ</span> <span class='ocrx_word' id='word_1_618' title='bbox 1533 1403 1582 1437; x_wconf 82' lang='grc' dir='ltr'>τῆς</span> <span class='ocrx_word' id='word_1_619' title='bbox 1610 1403 1757 1438; x_wconf 80' lang='grc' dir='ltr'>θεραπείας</span> <span class='ocrx_word' id='word_1_620' title='bbox 1775 1404 1844 1438; x_wconf 85' lang='grc' dir='ltr'>χρῆ-</span> 
     </span>
    </p>
   </div>
   <div class='ocr_carea' id='block_1_87' title="bbox 1052 1447 1843 1483">
    <p class='ocr_par' dir='ltr' id='par_1_87' title="bbox 1052 1447 1843 1483">
     <span class='ocr_line' id='line_1_87' title="bbox 1052 1447 1843 1483; baseline 0.001 -9"><span class='ocrx_word' id='word_1_621' title='bbox 1052 1449 1124 1474; x_wconf 69' lang='grc' dir='ltr'>σθαι·</span> <span class='ocrx_word' id='word_1_622' title='bbox 1142 1448 1267 1482; x_wconf 70' lang='grc' dir='ltr'>καθάπερ</span> <span class='ocrx_word' id='word_1_623' title='bbox 1298 1447 1345 1474; x_wconf 75' lang='grc' dir='ltr'>καὶ</span> <span class='ocrx_word' id='word_1_624' title='bbox 1372 1447 1401 1474; x_wconf 80' lang='grc' dir='ltr'>ὲν</span> <span class='ocrx_word' id='word_1_625' title='bbox 1417 1449 1449 1482; x_wconf 85' lang='grc' dir='ltr'>τῇ</span> <span class='ocrx_word' id='word_1_626' title='bbox 1472 1449 1617 1483; x_wconf 84' lang='grc' dir='ltr'>σωματικῇ</span> <span class='ocrx_word' id='word_1_627' title='bbox 1643 1448 1700 1483; x_wconf 71' lang='grc' dir='ltr'>ζωῇ</span> <span class='ocrx_word' id='word_1_628' title='bbox 1720 1449 1754 1475; x_wconf 67' lang='grc' dir='ltr'>τὰ</span> <span class='ocrx_word' id='word_1_629' title='bbox 1772 1449 1843 1476; x_wconf 77' lang='grc' dir='ltr'>αὐτὰ</span> 
     </span>
    </p>
   </div>
   <div class='ocr_carea' id='block_1_88' title="bbox 1014 1493 1839 1529">
    <p class='ocr_par' dir='ltr' id='par_1_88' title="bbox 1014 1493 1839 1529">
     <span class='ocr_line' id='line_1_88' title="bbox 1014 1493 1839 1529; baseline 0.002 -10"><span class='ocrx_word' id='word_1_630' title='bbox 1014 1496 1036 1525; x_wconf 81' lang='lat'><strong>(‘.</strong></span> <span class='ocrx_word' id='word_1_631' title='bbox 1052 1493 1256 1528; x_wconf 75' lang='grc' dir='ltr'>ἀρρωττήματα</span> <span class='ocrx_word' id='word_1_632' title='bbox 1284 1493 1438 1527; x_wconf 76' lang='grc' dir='ltr'>συμϐαίνει,</span> <span class='ocrx_word' id='word_1_633' title='bbox 1465 1493 1513 1520; x_wconf 75' lang='grc' dir='ltr'>καὶ</span> <span class='ocrx_word' id='word_1_634' title='bbox 1537 1493 1619 1520; x_wconf 75' lang='grc' dir='ltr'>πάλιν</span> <span class='ocrx_word' id='word_1_635' title='bbox 1645 1494 1701 1526; x_wconf 85' lang='grc' dir='ltr'>τοῖς</span> <span class='ocrx_word' id='word_1_636' title='bbox 1734 1495 1839 1529; x_wconf 78' lang='grc' dir='ltr'>ὀμοὲοις</span> 
     </span>
    </p>
   </div>
   <div class='ocr_carea' id='block_1_89' title="bbox 1051 1540 1438 1575">
    <p class='ocr_par' dir='ltr' id='par_1_89' title="bbox 1051 1540 1438 1575">
     <span class='ocr_line' id='line_1_89' title="bbox 1051 1540 1438 1575; baseline 0 -9"><span class='ocrx_word' id='word_1_637' title='bbox 1051 1540 1251 1575; x_wconf 72' lang='grc' dir='ltr'>θεραπεύονται</span> <span class='ocrx_word' id='word_1_638' title='bbox 1267 1541 1438 1574; x_wconf 76' lang='grc' dir='ltr'>φαρμάκοις.</span> 
     </span>
    </p>
   </div>
   <div class='ocr_carea' id='block_1_90' title="bbox 1090 1589 1841 1625">
    <p class='ocr_par' dir='ltr' id='par_1_90' title="bbox 1090 1589 1841 1625">
     <span class='ocr_line' id='line_1_90' title="bbox 1090 1589 1841 1625; baseline 0.004 -11"><span class='ocrx_word' id='word_1_639' title='bbox 1090 1589 1172 1615; x_wconf 80' lang='grc' dir='ltr'>Πάλιν</span> <span class='ocrx_word' id='word_1_640' title='bbox 1185 1589 1249 1615; x_wconf 73' lang='grc' dir='ltr'>ἐπεὶ</span> <span class='ocrx_word' id='word_1_641' title='bbox 1267 1589 1292 1614; x_wconf 75' lang='lat' dir='ltr'><strong>ot</strong></span> <span class='ocrx_word' id='word_1_642' title='bbox 1310 1589 1425 1624; x_wconf 80' lang='grc' dir='ltr'>χορηγοὶ</span> <span class='ocrx_word' id='word_1_643' title='bbox 1440 1589 1488 1615; x_wconf 79' lang='grc' dir='ltr'>καὶ</span> <span class='ocrx_word' id='word_1_644' title='bbox 1502 1591 1627 1616; x_wconf 77' lang='grc' dir='ltr'>τακτικοὶ</span> <span class='ocrx_word' id='word_1_645' title='bbox 1647 1590 1697 1625; x_wconf 84' lang='grc' dir='ltr'>τῆς</span> <span class='ocrx_word' id='word_1_646' title='bbox 1721 1599 1841 1625; x_wconf 77' lang='grc' dir='ltr'>σωματι-</span> 
     </span>
    </p>
   </div>
   <div class='ocr_carea' id='block_1_91' title="bbox 1053 1634 1841 1671">
    <p class='ocr_par' dir='ltr' id='par_1_91' title="bbox 1053 1634 1841 1671">
     <span class='ocr_line' id='line_1_91' title="bbox 1053 1634 1841 1671; baseline 0.001 -9"><span class='ocrx_word' id='word_1_647' title='bbox 1053 1635 1104 1669; x_wconf 79' lang='grc' dir='ltr'>κῆς</span> <span class='ocrx_word' id='word_1_648' title='bbox 1118 1634 1192 1668; x_wconf 85' lang='grc' dir='ltr'><strong>ζωῆς</strong></span> <span class='ocrx_word' id='word_1_649' title='bbox 1202 1634 1284 1669; x_wconf 85' lang='grc' dir='ltr'>διχῶς</span> <span class='ocrx_word' id='word_1_650' title='bbox 1298 1634 1478 1669; x_wconf 73' lang='grc' dir='ltr'>θεωροῦνταιο</span> <span class='ocrx_word' id='word_1_651' title='bbox 1491 1636 1643 1669; x_wconf 81' lang='grc' dir='ltr'>τουτέστιν,</span> <span class='ocrx_word' id='word_1_652' title='bbox 1664 1637 1680 1671; x_wconf 79' lang='grc' dir='ltr'>ἦ</span> <span class='ocrx_word' id='word_1_653' title='bbox 1705 1638 1775 1664; x_wconf 72' lang='grc' dir='ltr'>κατὰ</span> <span class='ocrx_word' id='word_1_654' title='bbox 1793 1637 1841 1671; x_wconf 76' lang='grc' dir='ltr'>τὴν</span> 
     </span>
    </p>
   </div>
   <div class='ocr_carea' id='block_1_92' title="bbox 1052 1680 1838 1717">
    <p class='ocr_par' dir='ltr' id='par_1_92' title="bbox 1052 1680 1838 1717">
     <span class='ocr_line' id='line_1_92' title="bbox 1052 1680 1838 1717; baseline 0.005 -12"><span class='ocrx_word' id='word_1_655' title='bbox 1052 1681 1100 1715; x_wconf 82' lang='grc' dir='ltr'><strong>τῆς</strong></span> <span class='ocrx_word' id='word_1_656' title='bbox 1117 1680 1225 1715; x_wconf 78' lang='grc' dir='ltr'>φύσεως</span> <span class='ocrx_word' id='word_1_657' title='bbox 1243 1681 1423 1716; x_wconf 76' lang='grc' dir='ltr'>γονιμότητα,</span> <span class='ocrx_word' id='word_1_658' title='bbox 1451 1681 1520 1716; x_wconf 84' lang='grc' dir='ltr'>ὅπερ</span> <span class='ocrx_word' id='word_1_659' title='bbox 1549 1682 1608 1708; x_wconf 75' lang='grc' dir='ltr'>ἐστὶ</span> <span class='ocrx_word' id='word_1_660' title='bbox 1623 1682 1677 1709; x_wconf 87' lang='grc' dir='ltr'><strong>τῶν</strong></span> <span class='ocrx_word' id='word_1_661' title='bbox 1691 1683 1802 1716; x_wconf 77' lang='grc' dir='ltr'>γονέων.</span> <span class='ocrx_word' id='word_1_662' title='bbox 1823 1684 1838 1717; x_wconf 84' lang='grc' dir='ltr'><strong>ἦ</strong></span> 
     </span>
    </p>
   </div>
   <div class='ocr_carea' id='block_1_93' title="bbox 1052 1725 1838 1764">
    <p class='ocr_par' dir='ltr' id='par_1_93' title="bbox 1052 1725 1838 1764">
     <span class='ocr_line' id='line_1_93' title="bbox 1052 1725 1838 1764; baseline 0.004 -12"><span class='ocrx_word' id='word_1_663' title='bbox 1052 1726 1124 1753; x_wconf 74' lang='grc' dir='ltr'>κατὰ</span> <span class='ocrx_word' id='word_1_664' title='bbox 1143 1727 1193 1761; x_wconf 86' lang='grc' dir='ltr'>τὴν</span> <span class='ocrx_word' id='word_1_665' title='bbox 1210 1727 1353 1762; x_wconf 78' lang='grc' dir='ltr'>πολιτικὴν</span> <span class='ocrx_word' id='word_1_666' title='bbox 1369 1728 1468 1762; x_wconf 83' lang='grc' dir='ltr'>ἀρχὴν,</span> <span class='ocrx_word' id='word_1_667' title='bbox 1496 1727 1530 1754; x_wconf 80' lang='grc' dir='ltr'><strong>δι’</strong></span> <span class='ocrx_word' id='word_1_668' title='bbox 1543 1725 1579 1764; x_wconf 75' lang='grc' dir='ltr'><strong>,ἧς</strong></span> <span class='ocrx_word' id='word_1_669' title='bbox 1595 1728 1626 1754; x_wconf 81' lang='grc' dir='ltr'><strong>τὺ</strong></span> <span class='ocrx_word' id='word_1_670' title='bbox 1640 1729 1777 1763; x_wconf 67' lang='grc' dir='ltr'>εἰρηνικὸν</span> <span class='ocrx_word' id='word_1_671' title='bbox 1791 1731 1838 1764; x_wconf 75' lang='grc' dir='ltr'>τῆς</span> 
     </span>
    </p>
   </div>
   <div class='ocr_carea' id='block_1_94' title="bbox 1053 1773 1835 1810">
    <p class='ocr_par' dir='ltr' id='par_1_94' title="bbox 1053 1773 1835 1810">
     <span class='ocr_line' id='line_1_94' title="bbox 1053 1773 1835 1810; baseline 0.003 -11"><span class='ocrx_word' id='word_1_672' title='bbox 1053 1773 1127 1807; x_wconf 77' lang='grc' dir='ltr'>ζωῆς</span> <span class='ocrx_word' id='word_1_673' title='bbox 1145 1775 1332 1809; x_wconf 82' lang='grc' dir='ltr'>συντηρεῖται,</span> <span class='ocrx_word' id='word_1_674' title='bbox 1347 1774 1416 1809; x_wconf 83' lang='grc' dir='ltr'>ὅπερ</span> <span class='ocrx_word' id='word_1_675' title='bbox 1441 1775 1497 1806; x_wconf 85' lang='grc' dir='ltr'>τοῖς</span> <span class='ocrx_word' id='word_1_676' title='bbox 1517 1774 1657 1809; x_wconf 85' lang='grc' dir='ltr'>βασιλεῦσι</span> <span class='ocrx_word' id='word_1_677' title='bbox 1674 1775 1720 1801; x_wconf 81' lang='grc' dir='ltr'>καὶ</span> <span class='ocrx_word' id='word_1_678' title='bbox 1737 1775 1835 1810; x_wconf 80' lang='grc' dir='ltr'>ἄρχου-</span> 
     </span>
    </p>
   </div>
   <div class='ocr_carea' id='block_1_95' title="bbox 1054 1818 1837 1855">
    <p class='ocr_par' dir='ltr' id='par_1_95' title="bbox 1054 1818 1837 1855">
     <span class='ocr_line' id='line_1_95' title="bbox 1054 1818 1837 1855; baseline 0.004 -10"><span class='ocrx_word' id='word_1_679' title='bbox 1054 1828 1095 1846; x_wconf 89' lang='grc' dir='ltr'><strong>σιν</strong></span> <span class='ocrx_word' id='word_1_680' title='bbox 1112 1819 1220 1854; x_wconf 67' lang='grc' dir='ltr'>ὰνήκεν</span> <span class='ocrx_word' id='word_1_681' title='bbox 1236 1818 1308 1846; x_wconf 77' lang='grc' dir='ltr'>οὕτω</span> <span class='ocrx_word' id='word_1_682' title='bbox 1326 1819 1374 1846; x_wconf 83' lang='grc' dir='ltr'>καὶ</span> <span class='ocrx_word' id='word_1_683' title='bbox 1394 1819 1423 1845; x_wconf 79' lang='grc' dir='ltr'>ὲν</span> <span class='ocrx_word' id='word_1_684' title='bbox 1441 1821 1473 1855; x_wconf 81' lang='grc' dir='ltr'><strong>τῇ</strong></span> <span class='ocrx_word' id='word_1_685' title='bbox 1492 1821 1668 1855; x_wconf 82' lang='grc' dir='ltr'>πνευματικῇ</span> <span class='ocrx_word' id='word_1_686' title='bbox 1694 1819 1762 1854; x_wconf 79' lang='grc' dir='ltr'>ζωῇ,</span> <span class='ocrx_word' id='word_1_687' title='bbox 1786 1822 1837 1848; x_wconf 75' lang='grc' dir='ltr'>εἰσὶ</span> 
     </span>
    </p>
   </div>
   <div class='ocr_carea' id='block_1_96' title="bbox 1054 1864 1836 1900">
    <p class='ocr_par' dir='ltr' id='par_1_96' title="bbox 1054 1864 1836 1900">
     <span class='ocr_line' id='line_1_96' title="bbox 1054 1864 1836 1900; baseline 0 -9"><span class='ocrx_word' id='word_1_688' title='bbox 1054 1865 1104 1899; x_wconf 81' lang='grc' dir='ltr'>μὲν</span> <span class='ocrx_word' id='word_1_689' title='bbox 1119 1864 1236 1899; x_wconf 78' lang='grc' dir='ltr'>χορηγοὶ</span> <span class='ocrx_word' id='word_1_690' title='bbox 1250 1865 1297 1891; x_wconf 68' lang='grc' dir='ltr'>καὶ</span> <span class='ocrx_word' id='word_1_691' title='bbox 1311 1864 1472 1899; x_wconf 73' lang='grc' dir='ltr'>φυλακτικοὶ</span> <span class='ocrx_word' id='word_1_692' title='bbox 1488 1864 1538 1899; x_wconf 87' lang='grc' dir='ltr'>τῆς</span> <span class='ocrx_word' id='word_1_693' title='bbox 1554 1865 1744 1900; x_wconf 76' lang='grc' dir='ltr'>πνευματικῆς</span> <span class='ocrx_word' id='word_1_694' title='bbox 1768 1864 1836 1899; x_wconf 74' lang='grc' dir='ltr'>ζωῆς</span> 
     </span>
    </p>
   </div>
   <div class='ocr_carea' id='block_1_97' title="bbox 1054 1909 1835 1945">
    <p class='ocr_par' dir='ltr' id='par_1_97' title="bbox 1054 1909 1835 1945">
     <span class='ocr_line' id='line_1_97' title="bbox 1054 1909 1835 1945; baseline 0.001 -10"><span class='ocrx_word' id='word_1_695' title='bbox 1054 1909 1124 1936; x_wconf 83' lang='grc' dir='ltr'>κατὰ</span> <span class='ocrx_word' id='word_1_696' title='bbox 1148 1909 1197 1944; x_wconf 84' lang='grc' dir='ltr'>τὴν</span> <span class='ocrx_word' id='word_1_697' title='bbox 1215 1910 1406 1945; x_wconf 77' lang='grc' dir='ltr'>πνευματικὴν</span> <span class='ocrx_word' id='word_1_698' title='bbox 1420 1909 1559 1937; x_wconf 83' lang='grc' dir='ltr'>διακονίαν</span> <span class='ocrx_word' id='word_1_699' title='bbox 1586 1910 1677 1945; x_wconf 85' lang='grc' dir='ltr'>μόνον.</span> <span class='ocrx_word' id='word_1_700' title='bbox 1692 1910 1760 1945; x_wconf 73' lang='grc' dir='ltr'>ὅπερ</span> <span class='ocrx_word' id='word_1_701' title='bbox 1782 1911 1835 1936; x_wconf 65' lang='grc' dir='ltr'><strong>ἐστὶ</strong></span> 
     </span>
    </p>
   </div>
   <div class='ocr_carea' id='block_1_98' title="bbox 1053 1952 1835 1990">
    <p class='ocr_par' dir='ltr' id='par_1_98' title="bbox 1053 1952 1835 1990">
     <span class='ocr_line' id='line_1_98' title="bbox 1053 1952 1835 1990; baseline 0.001 -10"><span class='ocrx_word' id='word_1_702' title='bbox 1053 1952 1099 1980; x_wconf 78' lang='grc' dir='ltr'>τοῦ</span> <span class='ocrx_word' id='word_1_703' title='bbox 1119 1954 1271 1989; x_wconf 86' lang='grc' dir='ltr'>μυστηρίου</span> <span class='ocrx_word' id='word_1_704' title='bbox 1291 1955 1347 1980; x_wconf 85' lang='grc' dir='ltr'>τῶν</span> <span class='ocrx_word' id='word_1_705' title='bbox 1369 1954 1491 1987; x_wconf 76' lang='grc' dir='ltr'>τάξεων·</span> <span class='ocrx_word' id='word_1_706' title='bbox 1513 1955 1562 1982; x_wconf 66' lang='grc' dir='ltr'>καὶ</span> <span class='ocrx_word' id='word_1_707' title='bbox 1590 1954 1735 1990; x_wconf 84' lang='grc' dir='ltr'>θεωρεῖται</span> <span class='ocrx_word' id='word_1_708' title='bbox 1762 1955 1835 1982; x_wconf 65' lang='grc' dir='ltr'>τοῦτ(</span> 
     </span>
    </p>
   </div>
   <div class='ocr_carea' id='block_1_99' title="bbox 1054 2000 1834 2037">
    <p class='ocr_par' dir='ltr' id='par_1_99' title="bbox 1054 2000 1834 2037">
     <span class='ocr_line' id='line_1_99' title="bbox 1054 2000 1834 2037; baseline 0.003 -11"><span class='ocrx_word' id='word_1_709' title='bbox 1054 2000 1083 2026; x_wconf 80' lang='grc' dir='ltr'>ἐν</span> <span class='ocrx_word' id='word_1_710' title='bbox 1102 2001 1157 2032; x_wconf 80' lang='grc' dir='ltr'>τοῖς</span> <span class='ocrx_word' id='word_1_711' title='bbox 1172 2000 1331 2036; x_wconf 78' lang='grc' dir='ltr'>ἀρχιερεῦσι</span> <span class='ocrx_word' id='word_1_712' title='bbox 1348 2000 1395 2027; x_wconf 80' lang='grc' dir='ltr'>καὶ</span> <span class='ocrx_word' id='word_1_713' title='bbox 1422 2001 1479 2032; x_wconf 85' lang='grc' dir='ltr'>τοῖς</span> <span class='ocrx_word' id='word_1_714' title='bbox 1505 2000 1597 2032; x_wconf 78' lang='grc' dir='ltr'>ἄλλοις</span> <span class='ocrx_word' id='word_1_715' title='bbox 1611 2002 1765 2035; x_wconf 72' lang='grc' dir='ltr'>οίκυνόμοις</span> <span class='ocrx_word' id='word_1_716' title='bbox 1789 2002 1834 2037; x_wconf 76' lang='grc' dir='ltr'>τῆς</span> 
     </span>
    </p>
   </div>
   <div class='ocr_carea' id='block_1_100' title="bbox 1053 2046 1833 2083">
    <p class='ocr_par' dir='ltr' id='par_1_100' title="bbox 1053 2046 1833 2083">
     <span class='ocr_line' id='line_1_100' title="bbox 1053 2046 1833 2083; baseline 0.004 -12"><span class='ocrx_word' id='word_1_717' title='bbox 1053 2047 1244 2081; x_wconf 72' lang='grc' dir='ltr'>πνευματικῆς</span> <span class='ocrx_word' id='word_1_718' title='bbox 1261 2046 1409 2075; x_wconf 78' lang='grc' dir='ltr'>πολιτείας·</span> <span class='ocrx_word' id='word_1_719' title='bbox 1424 2046 1477 2073; x_wconf 75' lang='grc' dir='ltr'>εἰσὶ</span> <span class='ocrx_word' id='word_1_720' title='bbox 1490 2047 1520 2073; x_wconf 83' lang='grc' dir='ltr'><strong>δὲ</strong></span> <span class='ocrx_word' id='word_1_721' title='bbox 1543 2047 1591 2073; x_wconf 74' lang='grc' dir='ltr'><strong>καὶ</strong></span> <span class='ocrx_word' id='word_1_722' title='bbox 1607 2048 1677 2074; x_wconf 73' lang='grc' dir='ltr'>κατὰ</span> <span class='ocrx_word' id='word_1_723' title='bbox 1694 2048 1742 2083; x_wconf 82' lang='grc' dir='ltr'>τὴν</span> <span class='ocrx_word' id='word_1_724' title='bbox 1756 2057 1833 2074; x_wconf 79' lang='grc' dir='ltr'>πνευ-</span> 
     </span>
    </p>
   </div>
   <div class='ocr_carea' id='block_1_101' title="bbox 1055 2091 1832 2128">
    <p class='ocr_par' dir='ltr' id='par_1_101' title="bbox 1055 2091 1832 2128">
     <span class='ocr_line' id='line_1_101' title="bbox 1055 2091 1832 2128; baseline 0.004 -10"><span class='ocrx_word' id='word_1_725' title='bbox 1055 2091 1174 2127; x_wconf 84' lang='grc' dir='ltr'>ματικὴν</span> <span class='ocrx_word' id='word_1_726' title='bbox 1188 2093 1262 2127; x_wconf 80' lang='grc' dir='ltr'>ζωὴν</span> <span class='ocrx_word' id='word_1_727' title='bbox 1287 2092 1358 2127; x_wconf 82' lang='grc' dir='ltr'>ὁμοῦ</span> <span class='ocrx_word' id='word_1_728' title='bbox 1376 2093 1423 2119; x_wconf 74' lang='grc' dir='ltr'>καὶ</span> <span class='ocrx_word' id='word_1_729' title='bbox 1449 2093 1618 2128; x_wconf 81' lang='grc' dir='ltr'>σωματικήν·</span> <span class='ocrx_word' id='word_1_730' title='bbox 1635 2093 1649 2120; x_wconf 84' lang='grc' dir='ltr'>ὃ</span> <span class='ocrx_word' id='word_1_731' title='bbox 1676 2094 1779 2128; x_wconf 83' lang='grc' dir='ltr'>γίνεται</span> <span class='ocrx_word' id='word_1_732' title='bbox 1794 2095 1832 2121; x_wconf 60' lang='grc' dir='ltr'><strong>διὰ</strong></span> 
     </span>
    </p>
   </div>
   <div class='ocr_carea' id='block_1_102' title="bbox 1053 2138 1831 2174">
    <p class='ocr_par' dir='ltr' id='par_1_102' title="bbox 1053 2138 1831 2174">
     <span class='ocr_line' id='line_1_102' title="bbox 1053 2138 1831 2174; baseline 0.003 -10"><span class='ocrx_word' id='word_1_733' title='bbox 1053 2138 1101 2164; x_wconf 82' lang='grc' dir='ltr'><strong>τοῦ</strong></span> <span class='ocrx_word' id='word_1_734' title='bbox 1118 2138 1282 2174; x_wconf 80' lang='grc' dir='ltr'>μυστηρίου,</span> <span class='ocrx_word' id='word_1_735' title='bbox 1312 2138 1374 2165; x_wconf 83' lang='grc' dir='ltr'>καθ’</span> <span class='ocrx_word' id='word_1_736' title='bbox 1397 2138 1411 2165; x_wconf 81' lang='grc' dir='ltr'><strong>ὃ</strong></span> <span class='ocrx_word' id='word_1_737' title='bbox 1436 2139 1616 2174; x_wconf 76' lang='grc' dir='ltr'>συνέρχονται</span> <span class='ocrx_word' id='word_1_738' title='bbox 1631 2139 1644 2165; x_wconf 84' lang='grc' dir='ltr'>ὀ</span> <span class='ocrx_word' id='word_1_739' title='bbox 1669 2139 1739 2174; x_wconf 82' lang='grc' dir='ltr'>ἀνὴρ</span> <span class='ocrx_word' id='word_1_740' title='bbox 1761 2141 1803 2166; x_wconf 77' lang='grc' dir='ltr'>καὶ</span> <span class='ocrx_word' id='word_1_741' title='bbox 1818 2140 1831 2167; x_wconf 75' lang='lat' dir='ltr'><strong>f:</strong></span> 
     </span>
    </p>
   </div>
   <div class='ocr_carea' id='block_1_103' title="bbox 1052 2182 1827 2219">
    <p class='ocr_par' dir='ltr' id='par_1_103' title="bbox 1052 2182 1827 2219">
     <span class='ocr_line' id='line_1_103' title="bbox 1052 2182 1827 2219; baseline 0.001 -10"><span class='ocrx_word' id='word_1_742' title='bbox 1052 2183 1132 2218; x_wconf 85' lang='grc' dir='ltr'>γυνὴ,</span> <span class='ocrx_word' id='word_1_743' title='bbox 1145 2182 1218 2210; x_wconf 80' lang='grc' dir='ltr'>ὥστε</span> <span class='ocrx_word' id='word_1_744' title='bbox 1232 2183 1362 2218; x_wconf 83' lang='grc' dir='ltr'>γεννῆσαι</span> <span class='ocrx_word' id='word_1_745' title='bbox 1375 2183 1471 2209; x_wconf 73' lang='grc' dir='ltr'>τέκνον</span> <span class='ocrx_word' id='word_1_746' title='bbox 1486 2183 1534 2209; x_wconf 85' lang='grc' dir='ltr'>καὶ</span> <span class='ocrx_word' id='word_1_747' title='bbox 1558 2183 1711 2218; x_wconf 69' lang='grc' dir='ltr'>ἀναθρέψαι</span> <span class='ocrx_word' id='word_1_748' title='bbox 1737 2185 1773 2215; x_wconf 80' lang='grc' dir='ltr'><strong>είς</strong></span> <span class='ocrx_word' id='word_1_749' title='bbox 1789 2185 1827 2219; x_wconf 71' lang='lat' dir='ltr'><strong>rip</strong></span> 
     </span>
    </p>
   </div>
   <div class='ocr_carea' id='block_1_104' title="bbox 1051 2228 1830 2266">
    <p class='ocr_par' dir='ltr' id='par_1_104' title="bbox 1051 2228 1830 2266">
     <span class='ocr_line' id='line_1_104' title="bbox 1051 2228 1830 2266; baseline 0.001 -11"><span class='ocrx_word' id='word_1_750' title='bbox 1051 2228 1097 2255; x_wconf 81' lang='grc' dir='ltr'>τοῦ</span> <span class='ocrx_word' id='word_1_751' title='bbox 1110 2228 1177 2255; x_wconf 84' lang='grc' dir='ltr'>Θεοῦ</span> <span class='ocrx_word' id='word_1_752' title='bbox 1189 2229 1328 2264; x_wconf 77' lang='grc' dir='ltr'>λατρείαν.</span> <span class='ocrx_word' id='word_1_753' title='bbox 1347 2228 1451 2266; x_wconf 61' lang='grc' dir='ltr'>Ἄλλως</span> <span class='ocrx_word' id='word_1_754' title='bbox 1475 2230 1529 2263; x_wconf 80' lang='grc' dir='ltr'><strong>γὰρ</strong></span> <span class='ocrx_word' id='word_1_755' title='bbox 1545 2229 1596 2255; x_wconf 77' lang='grc' dir='ltr'>οὐκ</span> <span class='ocrx_word' id='word_1_756' title='bbox 1623 2229 1681 2256; x_wconf 81' lang='grc' dir='ltr'>ἐστι</span> <span class='ocrx_word' id='word_1_757' title='bbox 1701 2229 1830 2264; x_wconf 68' lang='grc' dir='ltr'>διαμένειν</span> 
     </span>
    </p>
   </div>
   <div class='ocr_carea' id='block_1_105' title="bbox 1050 2274 1828 2310">
    <p class='ocr_par' dir='ltr' id='par_1_105' title="bbox 1050 2274 1828 2310">
     <span class='ocr_line' id='line_1_105' title="bbox 1050 2274 1828 2310; baseline 0.003 -10"><span class='ocrx_word' id='word_1_758' title='bbox 1050 2274 1081 2301; x_wconf 80' lang='grc' dir='ltr'><strong>τὸ</strong></span> <span class='ocrx_word' id='word_1_759' title='bbox 1095 2275 1266 2310; x_wconf 82' lang='grc' dir='ltr'>ἀνθρώπινον</span> <span class='ocrx_word' id='word_1_760' title='bbox 1283 2276 1361 2309; x_wconf 82' lang='grc' dir='ltr'>γένος</span> <span class='ocrx_word' id='word_1_761' title='bbox 1385 2276 1466 2310; x_wconf 69' lang='grc' dir='ltr'>μέχρι</span> <span class='ocrx_word' id='word_1_762' title='bbox 1489 2275 1538 2308; x_wconf 79' lang='grc' dir='ltr'>τῆς</span> <span class='ocrx_word' id='word_1_763' title='bbox 1554 2275 1601 2302; x_wconf 82' lang='grc' dir='ltr'><strong>τοῦ</strong></span> <span class='ocrx_word' id='word_1_764' title='bbox 1619 2275 1720 2307; x_wconf 73' lang='grc' dir='ltr'>παντδς</span> <span class='ocrx_word' id='word_1_765' title='bbox 1745 2277 1787 2302; x_wconf 67' lang='grc' dir='ltr'>ἐπὶ</span> <span class='ocrx_word' id='word_1_766' title='bbox 1804 2277 1828 2302; x_wconf 60' lang='grc' dir='ltr'>τὸ</span> 
     </span>
    </p>
   </div>
   <div class='ocr_carea' id='block_1_106' title="bbox 1051 2320 1827 2356">
    <p class='ocr_par' dir='ltr' id='par_1_106' title="bbox 1051 2320 1827 2356">
     <span class='ocr_line' id='line_1_106' title="bbox 1051 2320 1827 2356; baseline 0 -10"><span class='ocrx_word' id='word_1_767' title='bbox 1051 2320 1164 2355; x_wconf 67' lang='grc' dir='ltr'>ἔσχατον</span> <span class='ocrx_word' id='word_1_768' title='bbox 1175 2320 1354 2352; x_wconf 77' lang='grc' dir='ltr'>ἀλλοιώσεως·</span> <span class='ocrx_word' id='word_1_769' title='bbox 1367 2321 1414 2347; x_wconf 65' lang='grc' dir='ltr'><strong>καὶ</strong></span> <span class='ocrx_word' id='word_1_770' title='bbox 1424 2321 1465 2348; x_wconf 87' lang='grc' dir='ltr'>ὅτι</span> <span class='ocrx_word' id='word_1_771' title='bbox 1475 2322 1563 2355; x_wconf 80' lang='grc' dir='ltr'>γάμος</span> <span class='ocrx_word' id='word_1_772' title='bbox 1574 2321 1624 2347; x_wconf 82' lang='grc' dir='ltr'>οὐκ</span> <span class='ocrx_word' id='word_1_773' title='bbox 1634 2320 1707 2347; x_wconf 76' lang='grc' dir='ltr'>ἔστιν</span> <span class='ocrx_word' id='word_1_774' title='bbox 1716 2321 1827 2356; x_wconf 66' lang='grc' dir='ltr'>αἰσχρόν·</span> 
     </span>
    </p>
   </div>
   <div class='ocr_carea' id='block_1_107' title="bbox 1049 2365 1826 2401">
    <p class='ocr_par' dir='ltr' id='par_1_107' title="bbox 1049 2365 1826 2401">
     <span class='ocr_line' id='line_1_107' title="bbox 1049 2365 1826 2401; baseline -0.001 -10"><span class='ocrx_word' id='word_1_775' title='bbox 1049 2365 1080 2391; x_wconf 86' lang='grc' dir='ltr'>οὺ</span> <span class='ocrx_word' id='word_1_776' title='bbox 1096 2366 1151 2400; x_wconf 74' lang='grc' dir='ltr'><strong>γὰρ</strong></span> <span class='ocrx_word' id='word_1_777' title='bbox 1175 2366 1200 2392; x_wconf 82' lang='grc' dir='ltr'><strong>εί</strong></span> <span class='ocrx_word' id='word_1_778' title='bbox 1228 2365 1394 2401; x_wconf 82' lang='grc' dir='ltr'>ήπαρθενία</span> <span class='ocrx_word' id='word_1_779' title='bbox 1421 2365 1599 2400; x_wconf 77' lang='grc' dir='ltr'>τιμιώτερον,</span> <span class='ocrx_word' id='word_1_780' title='bbox 1626 2365 1769 2400; x_wconf 79' lang='grc' dir='ltr'>βδελυκτδν</span> <span class='ocrx_word' id='word_1_781' title='bbox 1787 2366 1826 2390; x_wconf 62' lang='grc' dir='ltr'><strong>καίΥ</strong></span> 
     </span>
    </p>
   </div>
   <div class='ocr_carea' id='block_1_108' title="bbox 1050 2410 1825 2446">
    <p class='ocr_par' dir='ltr' id='par_1_108' title="bbox 1050 2410 1825 2446">
     <span class='ocr_line' id='line_1_108' title="bbox 1050 2410 1825 2446; baseline -0.001 -8"><span class='ocrx_word' id='word_1_782' title='bbox 1050 2411 1150 2446; x_wconf 84' lang='grc' dir='ltr'>ἄτιμον</span> <span class='ocrx_word' id='word_1_783' title='bbox 1166 2411 1196 2438; x_wconf 86' lang='grc' dir='ltr'>τδ</span> <span class='ocrx_word' id='word_1_784' title='bbox 1212 2411 1259 2438; x_wconf 82' lang='grc' dir='ltr'>τοῦ</span> <span class='ocrx_word' id='word_1_785' title='bbox 1271 2411 1373 2446; x_wconf 84' lang='grc' dir='ltr'>γάμου.</span> <span class='ocrx_word' id='word_1_786' title='bbox 1388 2411 1433 2437; x_wconf 83' lang='grc' dir='ltr'><strong>Διδ</strong></span> <span class='ocrx_word' id='word_1_787' title='bbox 1451 2412 1498 2437; x_wconf 72' lang='grc' dir='ltr'>καὶ</span> <span class='ocrx_word' id='word_1_788' title='bbox 1518 2411 1532 2436; x_wconf 77' lang='grc' dir='ltr'><strong><em>ὸ</em></strong></span> <span class='ocrx_word' id='word_1_789' title='bbox 1552 2410 1669 2446; x_wconf 79' lang='grc' dir='ltr'>Χριστὸς</span> <span class='ocrx_word' id='word_1_790' title='bbox 1685 2410 1763 2437; x_wconf 81' lang='grc' dir='ltr'>αὐτὸν</span> <span class='ocrx_word' id='word_1_791' title='bbox 1779 2411 1825 2437; x_wconf 80' lang='grc' dir='ltr'>ἐτί-</span> 
     </span>
    </p>
   </div>
   <div class='ocr_carea' id='block_1_109' title="bbox 1051 2456 1825 2492">
    <p class='ocr_par' dir='ltr' id='par_1_109' title="bbox 1051 2456 1825 2492">
     <span class='ocr_line' id='line_1_109' title="bbox 1051 2456 1825 2492; baseline -0.001 -9"><span class='ocrx_word' id='word_1_792' title='bbox 1051 2465 1137 2492; x_wconf 85' lang='grc' dir='ltr'>μησεν</span> <span class='ocrx_word' id='word_1_793' title='bbox 1164 2458 1193 2484; x_wconf 81' lang='grc' dir='ltr'>ὲν</span> <span class='ocrx_word' id='word_1_794' title='bbox 1210 2457 1288 2492; x_wconf 80' lang='grc' dir='ltr'>Κανᾷ</span> <span class='ocrx_word' id='word_1_795' title='bbox 1311 2457 1344 2491; x_wconf 83' lang='grc' dir='ltr'>τῇ</span> <span class='ocrx_word' id='word_1_796' title='bbox 1368 2457 1469 2483; x_wconf 81' lang='grc' dir='ltr'>ἑαυτοῦ</span> <span class='ocrx_word' id='word_1_797' title='bbox 1490 2456 1639 2492; x_wconf 79' lang='grc' dir='ltr'>παρουσίᾳ.</span> <span class='ocrx_word' id='word_1_798' title='bbox 1672 2457 1744 2491; x_wconf 85' lang='grc' dir='ltr'>Πλὴν</span> <span class='ocrx_word' id='word_1_799' title='bbox 1765 2457 1825 2482; x_wconf 67' lang='grc' dir='ltr'>κατὰ</span> 
     </span>
    </p>
   </div>
   <div class='ocr_carea' id='block_1_110' title="bbox 1049 2502 1824 2538">
    <p class='ocr_par' dir='ltr' id='par_1_110' title="bbox 1049 2502 1824 2538">
     <span class='ocr_line' id='line_1_110' title="bbox 1049 2502 1824 2538; baseline -0.001 -9"><span class='ocrx_word' id='word_1_800' title='bbox 1049 2502 1128 2537; x_wconf 84' lang='grc' dir='ltr'>λόγον</span> <span class='ocrx_word' id='word_1_801' title='bbox 1143 2503 1184 2529; x_wconf 73' lang='grc' dir='ltr'>δεῖ</span> <span class='ocrx_word' id='word_1_802' title='bbox 1198 2502 1245 2529; x_wconf 78' lang='grc' dir='ltr'><strong>καὶ</strong></span> <span class='ocrx_word' id='word_1_803' title='bbox 1259 2503 1316 2534; x_wconf 83' lang='grc' dir='ltr'>τοῖς</span> <span class='ocrx_word' id='word_1_804' title='bbox 1331 2502 1421 2534; x_wconf 79' lang='grc' dir='ltr'>ἄλλοις</span> <span class='ocrx_word' id='word_1_805' title='bbox 1435 2503 1482 2529; x_wconf 74' lang='grc' dir='ltr'>καὶ</span> <span class='ocrx_word' id='word_1_806' title='bbox 1498 2503 1586 2536; x_wconf 83' lang='grc' dir='ltr'>τούτῳ</span> <span class='ocrx_word' id='word_1_807' title='bbox 1599 2502 1728 2538; x_wconf 81' lang='grc' dir='ltr'>χρῆσθαι.</span> <span class='ocrx_word' id='word_1_808' title='bbox 1741 2503 1768 2528; x_wconf 80' lang='grc' dir='ltr'>Εἰ</span> <span class='ocrx_word' id='word_1_809' title='bbox 1779 2503 1824 2536; x_wconf 74' lang='grc' dir='ltr'><strong>γὰρ</strong></span> 
     </span>
    </p>
   </div>
   <div class='ocr_carea' id='block_1_111' title="bbox 1047 2547 1823 2583">
    <p class='ocr_par' dir='ltr' id='par_1_111' title="bbox 1047 2547 1823 2583">
     <span class='ocr_line' id='line_1_111' title="bbox 1047 2547 1823 2583; baseline -0.001 -9"><span class='ocrx_word' id='word_1_810' title='bbox 1047 2548 1078 2575; x_wconf 72' lang='grc' dir='ltr'><strong>τὺ</strong></span> <span class='ocrx_word' id='word_1_811' title='bbox 1099 2548 1171 2575; x_wconf 88' lang='grc' dir='ltr'>κατὰ</span> <span class='ocrx_word' id='word_1_812' title='bbox 1185 2548 1263 2583; x_wconf 85' lang='grc' dir='ltr'>λόγον</span> <span class='ocrx_word' id='word_1_813' title='bbox 1278 2547 1377 2575; x_wconf 82' lang='grc' dir='ltr'>ἄπεστι</span> <span class='ocrx_word' id='word_1_814' title='bbox 1395 2547 1443 2575; x_wconf 82' lang='grc' dir='ltr'>καὶ</span> <span class='ocrx_word' id='word_1_815' title='bbox 1459 2549 1505 2575; x_wconf 74' lang='grc' dir='ltr'><strong>ἐπὶ</strong></span> <span class='ocrx_word' id='word_1_816' title='bbox 1529 2550 1626 2575; x_wconf 83' lang='grc' dir='ltr'>τούτου</span> <span class='ocrx_word' id='word_1_817' title='bbox 1644 2548 1692 2575; x_wconf 72' lang='grc' dir='ltr'>καὶ</span> <span class='ocrx_word' id='word_1_818' title='bbox 1714 2548 1758 2574; x_wconf 74' lang='grc' dir='ltr'>επὶ</span> <span class='ocrx_word' id='word_1_819' title='bbox 1779 2548 1823 2573; x_wconf 64' lang='grc' dir='ltr'><strong>τῶν</strong></span> 
     </span>
    </p>
   </div>
   <div class='ocr_carea' id='block_1_112' title="bbox 1051 2593 1822 2630">
    <p class='ocr_par' dir='ltr' id='par_1_112' title="bbox 1051 2593 1822 2630">
     <span class='ocr_line' id='line_1_112' title="bbox 1051 2593 1822 2630; baseline -0.001 -10"><span class='ocrx_word' id='word_1_820' title='bbox 1051 2593 1139 2620; x_wconf 80' lang='grc' dir='ltr'>ἄλλων</span> <span class='ocrx_word' id='word_1_821' title='bbox 1154 2593 1323 2629; x_wconf 81' lang='grc' dir='ltr'>μυστηρίων,</span> <span class='ocrx_word' id='word_1_822' title='bbox 1339 2593 1369 2620; x_wconf 85' lang='grc' dir='ltr'>οὐ</span> <span class='ocrx_word' id='word_1_823' title='bbox 1383 2594 1465 2628; x_wconf 87' lang='grc' dir='ltr'>μόνον</span> <span class='ocrx_word' id='word_1_824' title='bbox 1478 2594 1554 2621; x_wconf 83' lang='grc' dir='ltr'>οὐδὲν</span> <span class='ocrx_word' id='word_1_825' title='bbox 1566 2593 1756 2630; x_wconf 81' lang='grc' dir='ltr'>ὠφελούμεθα,</span> <span class='ocrx_word' id='word_1_826' title='bbox 1767 2593 1822 2620; x_wconf 72' lang='grc' dir='ltr'>ἀλλὰ</span> 
     </span>
    </p>
   </div>
   <div class='ocr_carea' id='block_1_113' title="bbox 1050 2639 1822 2675">
    <p class='ocr_par' dir='ltr' id='par_1_113' title="bbox 1050 2639 1822 2675">
     <span class='ocr_line' id='line_1_113' title="bbox 1050 2639 1822 2675; baseline 0 -9"><span class='ocrx_word' id='word_1_827' title='bbox 1050 2640 1098 2666; x_wconf 70' lang='grc' dir='ltr'>καὶ</span> <span class='ocrx_word' id='word_1_828' title='bbox 1114 2639 1291 2675; x_wconf 53' lang='lat' dir='ltr'><strong>namque:</strong></span> <span class='ocrx_word' id='word_1_829' title='bbox 1303 2639 1369 2674; x_wconf 79' lang='grc' dir='ltr'>παρ’</span> <span class='ocrx_word' id='word_1_830' title='bbox 1384 2640 1474 2666; x_wconf 79' lang='grc' dir='ltr'>αὐτῶν</span> <span class='ocrx_word' id='word_1_831' title='bbox 1487 2639 1531 2666; x_wconf 70' lang='grc' dir='ltr'>διὰ</span> <span class='ocrx_word' id='word_1_832' title='bbox 1544 2639 1595 2675; x_wconf 81' lang='grc' dir='ltr'>τὴν</span> <span class='ocrx_word' id='word_1_833' title='bbox 1619 2639 1717 2673; x_wconf 79' lang='grc' dir='ltr'>ἄλογον</span> <span class='ocrx_word' id='word_1_834' title='bbox 1737 2640 1822 2674; x_wconf 72' lang='grc' dir='ltr'>χρῆσιν</span> 
     </span>
    </p>
   </div>
   <div class='ocr_carea' id='block_1_114' title="bbox 1049 2688 1140 2724">
    <p class='ocr_par' dir='ltr' id='par_1_114' title="bbox 1049 2688 1140 2724">
     <span class='ocr_line' id='line_1_114' title="bbox 1049 2688 1140 2724; baseline 0.011 -11"><span class='ocrx_word' id='word_1_835' title='bbox 1049 2688 1140 2724; x_wconf 80' lang='grc' dir='ltr'>ἡμῶν.</span> 
     </span>
    </p>
   </div>
   <div class='ocr_carea' id='block_1_115' title="bbox 1085 2731 1818 2768">
    <p class='ocr_par' dir='ltr' id='par_1_115' title="bbox 1085 2731 1818 2768">
     <span class='ocr_line' id='line_1_115' title="bbox 1085 2731 1818 2768; baseline -0.003 -8"><span class='ocrx_word' id='word_1_836' title='bbox 1085 2733 1152 2768; x_wconf 75' lang='grc' dir='ltr'>Περὶ</span> <span class='ocrx_word' id='word_1_837' title='bbox 1167 2734 1216 2766; x_wconf 77' lang='grc' dir='ltr'>μὲν</span> <span class='ocrx_word' id='word_1_838' title='bbox 1232 2731 1278 2760; x_wconf 68' lang='grc' dir='ltr'>οἷν</span> <span class='ocrx_word' id='word_1_839' title='bbox 1287 2733 1339 2760; x_wconf 80' lang='grc' dir='ltr'><strong>τῶν</strong></span> <span class='ocrx_word' id='word_1_840' title='bbox 1357 2731 1579 2768; x_wconf 81' lang='grc' dir='ltr'>παραδεδομένων</span> <span class='ocrx_word' id='word_1_841' title='bbox 1593 2733 1658 2767; x_wconf 80' lang='grc' dir='ltr'>ἡμῖν</span> <span class='ocrx_word' id='word_1_842' title='bbox 1674 2737 1818 2767; x_wconf 68' lang='grc' dir='ltr'>μυστπρὲων</span> 
     </span>
    </p>
   </div>
  </div>
