1950 3070
96 134 155 169 6i3

608 131 893 166 DEIPRINCIPIIS
909 135 1016 166 FIDEI
1033 136 1270 168 CATHOLICIE.

1678 141 1731 171 614

97 193 221 228 ἐπείπερ
236 192 251 220 ό
265 192 410 228 ἄνθρωπος
426 191 477 227 τῆς
492 191 625 227 ἀληθινῆς
639 191 700 218 ὀδοῦ
718 192 766 218 καὶ
786 192 894 224 εὐθείας

949 194 1010 228 turi;
1025 193 1123 228 potiori
1140 195 1271 223 nimirum
1290 195 1406 228 ratione,
1423 203 1505 231 quam
1521 196 1543 224 si
1559 196 1643 225 ullum
1659 197 1731 225 aliud

96 239 242 274 ἐξετράπη
272 239 320 265 καὶ
345 238 485 273 ἐπλανήθη
502 239 548 264 καὶ
563 238 728 265 ὲκπέπτωκε
745 238 795 273 τῆς
820 239 896 273 παρὰ

97 285 149 312 τοῦ
168 285 238 312 Θεοῦ
261 285 387 319 δοθείσης
402 284 478 320 αὐτῷ
499 284 596 319 τιμῆς.
618 284 775 320 Ἐπλανήθη
801 285 829 311 δὲ
850 281 897 312 καὶ

98 332 229 364 ἐξέπεσε,
245 331 315 358 διότι
336 332 387 358 οὒκ
403 331 575 358 ἐπολιτεύετο
590 331 686 366 ὥσπερ
707 330 800 363 ἔταξεν
816 331 897 358 αὑτδν

99 378 115 403 ό
127 377 195 408 Θεὸς
208 376 239 408 ἐξ
257 376 356 412 ἀρχῆς·
374 375 430 402 ἀλλ’
449 376 490 402 ὅτι
505 375 556 409 τὴν
580 375 679 402 ἑαυτοῦ
696 374 817 410 θέλησιν,
836 375 897 410 ἦτις

100 422 206 457 ὤφειλε
218 422 312 457 ζητεῖν
327 422 362 448 τὰ
376 421 503 456 οὐράνια,
520 421 679 457 διέπρεψεν
696 422 710 448 ὁ
731 421 875 457 ἄνθρωπος
888 430 895 437 ·

102 471 154 496 καὶ
169 470 230 497 ἀντὶ
241 469 289 496 τοῦ
307 469 420 504 ἀγαπᾷν
444 469 492 496 καὶ
508 468 596 496 θέλειν
620 468 707 496 ταῦτα
730 470 777 497 καὶ
793 469 896 505 ζητεῖν,

104 515 255 550 ᾑρετῖσςιτο
271 515 305 541 τὰ
319 515 402 550 γήϊνα
420 516 466 542 καὶ
483 515 628 550 σωματικά
640 523 647 532 ⁸
661 516 711 548 τὰς
731 516 836 551 ὀρέξεις
848 516 897 543 καὶ

105 561 257 596 ἐπιθυμίας
276 562 323 588 καὶ
339 561 437 597 ἡδονὰς
452 562 502 593 τὰς
518 561 646 596 ἀλόγους.
663 561 790 597 Ὠρμησε
806 562 835 589 δὲ
850 563 897 589 ἐπὶ

105 607 198 641 τοῦτο,
213 607 310 643 ἐπειδὴ
328 609 342 635 ὁ
355 607 499 643 ἄνθρωπος
512 607 687 641 αὑτεξούσιος
703 607 836 643 ἐπλάσθη,
850 609 896 635 καὶ

106 654 159 688 τῆς
176 654 277 689 ἀρετῆς
304 654 354 680 οῦκ
380 654 529 689 εισήγαγεν
553 655 566 680 ὁ
587 654 654 684 Θεὸς
675 654 799 689 ἀνάγκην
814 655 842 680 ὲν
856 654 896 690 τῷ

106 698 257 734 ἀνθρώπῳ,
288 699 320 726 ἵν’
336 699 385 736 ἔχῃ
414 699 548 734 στέφανον
576 699 624 726 καὶ
642 699 726 735 τιμὴν
748 699 797 726 καὶ
821 700 897 733 ἀξιον

105 744 156 770 τὸν
172 744 280 779 μισθὸν,
294 744 332 777 ὡς
346 745 454 772 οἴκοθεν
467 746 497 772 τὸ
513 745 614 780 ἀγαθον
629 745 858 781 προαιρούμενος.

948 245 1102 269 creatorem
1121 243 1269 271 visibilium
1283 242 1380 270 collabi
1395 243 1553 278 contigisset
1564 251 1596 270 ac
1609 245 1732 277 conteri;

948 287 1021 321 quod
1040 288 1084 316 ille
1106 297 1121 316 a
1137 297 1199 317 vera
1216 294 1346 324 rectaque
1360 289 1402 316 via
1421 289 1567 316 deﬂexerat
1582 294 1607 316 et
1623 297 1734 317 exerra-

949 338 1035 364 verat.
1055 338 1138 369 atque
1151 335 1186 362 ab
1208 335 1313 363 honore
1331 334 1382 362 sibi
1397 334 1527 362 divinitus
1541 343 1674 363 concesso
1689 344 1735 364 ett-

949 379 1065 407 ciderat.
1087 380 1235 408 Exerrarat
1251 389 1315 408 vero
1329 385 1356 408 et
1370 381 1523 414 exciderat,
1538 383 1611 416 quod
1629 390 1681 409 non
1698 383 1734 410 ita

948 426 1032 453 vitatn
1057 427 1226 460 instituerat,
1245 433 1274 455 ut
1290 435 1304 454 a
1331 428 1464 463 principio
1483 428 1520 455 illi
1545 427 1616 456 Deus
1634 430 1736 456 consti-

951 475 1061 505 tuerat;
1081 473 1129 500 sed
1152 474 1224 506 quod
1238 468 1404 500 voluntatem
1427 481 1503 501 suam
1518 493 1524 505 ,
1541 481 1600 508 quae
1615 474 1735 502 toslestia

949 524 1070 552 quaerere
1094 518 1237 551 debuerat,
1256 523 1446 553 perverterat;
1463 527 1580 554 cumqtte
1598 520 1656 547 haec
1675 521 1736 547 dili-

948 570 1012 597 gere
1031 570 1063 591 ac
1081 564 1148 592 velle
1164 570 1189 592 el
1204 572 1326 600 quaerere
1346 571 1495 600 oporteret,
1516 570 1623 593 terrena
1640 572 1666 593 et
1678 574 1736 593 cor-

949 609 1052 643 poralia
1070 610 1235 644 prmtulerat,
1253 611 1412 646 tupiditates
1429 617 1550 640 sectatus
1563 617 1589 639 ct
1602 612 1734 639 desideria

950 663 981 682 ac
1000 655 1127 683 libidines
1152 664 1167 684 a
1188 657 1294 684 ratione
1310 657 1389 692 longe
1409 658 1598 686 abhorrentes.
1627 659 1654 685 id
1673 665 1736 685 vero

951 702 1033 729 homo
1054 710 1199 737 aggressus
1215 708 1277 736 est,
1294 705 1366 739 quod
1387 704 1517 732 facultaze
1537 705 1642 732 arbitrii
1656 713 1737 731 orn:-

951 753 995 775 tus
1012 748 1146 777 formatus
1162 750 1261 784 fuerat,
1279 759 1328 778 nec
1342 751 1366 778 ei
1383 751 1455 779 Deus
1470 752 1553 779 virtut
1564 759 1577 779 ε
1588 752 1737 778 ιιεουεείιμ-

105 797 162 820 lem
179 793 324 826 indiderat,
348 798 379 821 ut
393 801 524 821 coronam
538 799 565 821 et
581 794 714 822 honorem
729 794 895 831 dignamque
913 796 1067 825 mercedem
1089 803 1312 834 consequeretur,
1331 804 1359 826 ut
1376 800 1423 834 qui
1457 800 1513 834 ipse
1534 807 1548 826 a
1573 807 1603 827 se
1637 800 1737 826 bonum

102 841 230 876 eligeret.

142 887 222 914 Κατὰ
238 887 288 923 τὴν
313 887 422 924 θέλησιν
434 887 483 915 οῦν
503 887 587 915 αὑτοῦ
604 890 617 915 ὁ
637 889 782 925 ἄνθρωπος
807 890 893 917 ἐπλαι

980 889 1035 916 Sua
1052 889 1143 924 itaque
1160 888 1300 916 voluntate
1313 889 1395 916 homo
1421 895 1570 923 erraverat,
1586 890 1736 917 secundum

105 934 189 968 νήθη,
205 933 267 960 καθ’
283 933 325 969 δή
350 933 489 969 τελειότης
501 934 550 961 τοῦ
578 934 724 971 ἀνθρώπου
743 935 901 972 θεωρεῖται,

105 979 157 1006 καὶ
170 979 305 1014 ὠλίσθησε
319 979 367 1006 καὶ
379 979 491 1013 ἐξέπεσε
507 980 557 1015 τῆς
565 980 646 1017 δόξης
657 982 703 1008 τοῦ
715 981 794 1013 Θεοῦ,
806 983 900 1018 δηλον-

104 1024 148 1050 ότι
179 1024 224 1051 διὰ
253 1025 303 1060 τὴν
334 1023 558 1062 διεστραμμένην
588 1026 700 1062 θέλησιν
728 1028 830 1055 αὐτοῦ’
861 1028 901 1055 διδ

104 1070 155 1096 καὶ
170 1069 355 1105 κατεδικάσθη
376 1070 423 1096 τὸν
437 1070 563 1105 θάνατον,
584 1072 624 1099 ὅτι
648 1073 748 1109 θνητὴν
774 1072 832 1109 εἶχε
848 1073 900 1109 φύ-

107 1124 164 1148 σιν,
175 1116 331 1152 δυναμένην
347 1115 545 1152 ἀποθνήσκειν.
563 1118 654 1154 Ὅπερ
673 1119 718 1147 διὰ
744 1120 900 1156 φιλανθρω-

106 1162 178 1189 πίαν
203 1162 314 1196 ἐγένετο
328 1161 374 1188 τοῦ
387 1161 467 1195 Θεοῦ,
485 1164 530 1192 ἵνα
546 1164 585 1200 μὴ
609 1165 744 1193 ἀθάνατον
763 1164 780 1202 ᾖ
797 1166 828 1193 τὸ
848 1175 900 1194 κα-

108 1207 171 1240 κὸν,
197 1208 265 1238 ἀλλὰ
279 1208 401 1243 παύηται
416 1209 465 1244 τῆς
477 1203 629 1245 ἁμαρτίας,
651 1213 828 1248 μεμνημένος
851 1212 899 1240 τοῦ

108 1253 228 1280 Θανάτου
238 1254 285 1280 καὶ
297 1253 465 1288 φοϐούμενος
479 1256 572 1283 αὐτόν.
598 1257 653 1284 Καὶ
670 1258 726 1293 γὰρ
750 1257 796 1284 διὰ
821 1257 900 1285 τοῦτο

104 1300 157 1335 τὴν
167 1300 258 1336 ψυχὴν
281 1300 320 1336 τῷ
335 1300 426 1336 θνητῷ
442 1301 550 1337 σώματι
561 1303 736 1336 συνέπλεξεν,
762 1304 807 1338 ἵν’,
833 1304 899 1331 ὅταν

107 1347 262 1383 προαιρεθῇ
279 1348 313 1375 τὰ
329 1347 420 1382 φαῦλα
446 1348 491 1375 διὰ
505 1348 556 1384 τὴν
572 1349 814 1385 αὑτεξουσιότητα,
845 1360 899 1378 πα-

107 1393 241 1428 ραχρῆμα
261 1392 482 1428 καταδικάζηται
500 1394 684 1428 ἀποθνήσκων
705 1395 749 1422 διὰ
765 1395 816 1430 τὴν
832 1394 897 1431 θνη-

106 1441 210 1476 τότητα
232 1441 280 1467 τοῦ
302 1440 447 1476 σώματος’
469 1441 541 1478 ὅπερ
555 1441 654 1477 ἔμελλε
669 1442 779 1474 πάντως
797 1443 899 1470 ἀθάνα-

106 1495 154 1514 τον
165 1484 246 1520 εἶναι,
264 1487 290 1513 εἰ
307 1488 458 1524 προῃρεῖτο
471 1487 506 1515 τὰ
521 1488 624 1522 ἀγαθὰ,
652 1488 700 1516 καὶ
715 1488 787 1523 ἅπερ
803 1489 816 1515 ό
831 1488 898 1520 Θεὸς

106 1531 245 1559 ἐϐούλετο.
274 1533 365 1563 Μέσος
394 1531 449 1568 γὰρ
485 1532 649 1568 θνητότητος
674 1535 723 1562 καὶ
746 1534 931 1586 ἀθανασίαςο

106 1577 243 1613 ἐπλάσθη.
267 1578 296 1605 Ὀ
311 1578 340 1605 δὲ
356 1579 446 1606 Σατὰν
458 1579 489 1606 οὺ
510 1579 696 1616 κατεδικάσθη
713 1580 896 1615 ἀποθνήσκειν

106 1623 233 1650 ἐκπεσὼν
250 1625 297 1651 τοῦ
311 1624 391 1658 Θεοῦ,
403 1625 445 1652 ὅτι
470 1625 571 1662 θνητὴν
583 1626 676 1661 φύσιν,
697 1625 792 1662 ὥσπερ
803 1628 895 1663 ἡμεῖς,

105 1671 157 1696 οὐκ
172 1668 242 1705 εἶχε,
258 1670 410 1707 δυναμένην
427 1673 622 1707 ἀποθνήσκειν.
636 1673 686 1699 Διὰ
708 1672 798 1700 ταῦτα
813 1673 861 1700 καὶ
883 1675 897 1700 ὸ

107 1715 157 1750 μὲν
179 1715 325 1750 ἄνθρωπος
342 1719 471 1752 μετανοεῖ
496 1718 672 1753 μεμνημένος
695 1719 742 1745 τοῦ
768 1719 895 1753 θανάτου,

107 1762 155 1789 καὶ
172 1762 252 1789 τοῦτο
264 1765 352 1790 ποιεῖν
366 1764 481 1791 δύναται
497 1765 595 1798 ἐφόσον
611 1764 644 1800 ζῇ
672 1765 741 1800 μετὰ
766 1765 813 1792 τοῦ
843 1766 896 1792 σώ-

106 1817 194 1842 ματος
217 1808 265 1835 τοῦ
277 1809 448 1844 μεταῦλητοῦ
465 1811 562 1837 τούτου
578 1819 586 1827 ·
605 1812 674 1846 μετὰ
689 1810 718 1837 δὲ
745 1811 792 1838 τὸν
815 1811 897 1838 θάνα-

105 1863 153 1881 τον
167 1855 197 1881 οὐ
211 1854 367 1890 δυνήσεται,
383 1856 441 1883 ἀλλ’
458 1856 593 1890 ἄτρεπτος
618 1856 767 1884 διατελέσει
781 1857 896 1884 διαπανι-

105 1901 163 1933 τος,
179 1902 229 1936 τὴν
245 1901 382 1937 λαχοῦσαν
397 1902 491 1938 χώραν
512 1903 588 1938 αὐτῷ
604 1903 727 1938 κατέχων
742 1911 751 1920 ·
765 1905 779 1930 ὁ
795 1904 824 1931 δὲ
838 1904 897 1931 δαί-

107 1956 168 1982 μων
184 1947 215 1974 οὐ
231 1950 358 1981 μετανοεῖ
372 1949 415 1975 διὰ
430 1949 460 1975 τὸ
475 1949 524 1982 τῆς
541 1948 642 1976 ἑαυτοῦ
669 1950 777 1984 φύσεως
790 1950 896 1985 ἀμετά-

107 1994 217 2029 ϐλητον.
246 1995 279 2021 Ὀ
307 1995 362 2031 γὰρ
404 1995 520 2028 θάνατος
552 1997 581 2022 ἐν
614 1996 779 2031 ἀνθρώποις,
818 1998 896 2025 τοῦτο

107 2039 246 2071 ἔκπτωσις
263 2041 292 2066 ἑν
307 2040 446 2074 ἀγγέλοις,

149 2131 227 2157 Ἐπεὶ
243 2129 291 2158 οῦν
311 2132 487 2166 ὁμολογεῖται
501 2134 542 2159 ὅτι
563 2133 640 2169 παρὰ
650 2135 697 2161 τοῦ
726 2135 794 2163 Θεοῦ
825 2138 896 2164 κατὰ

106 2176 152 2203 τδν
170 2177 309 2212 πρέποντα
330 2177 471 2213 κρίνονται
487 2179 578 2213 λόγον,
593 2179 698 2215 ἔπρεπε
709 2182 739 2207 τδ
757 2181 895 2217 ἀνθρώπι-

107 2230 152 2248 νον
167 2221 415 2258 ἐπανορθώσασθαι
433 2223 542 2258 νόσημα
555 2224 600 2250 διὰ
622 2224 670 2250 τοῦ
684 2225 784 2251 ἑαυτοῦ
795 2226 894 2260 Λόγου,

107 2269 141 2295 δι’
156 2265 187 2294 οῦ
206 2269 252 2295 καὶ
265 2268 385 2303 ἐξαρχῆς
397 2270 414 2304 ἡ
425 2269 482 2296 τῶν
498 2270 651 2305 ἀνθρώπων
665 2270 789 2306 ἐπλάσθη
803 2272 895 2306 φύσις.

114 2315 191 2341 Ἐπεὶ
208 2314 279 2341 δὲτὸ
295 2315 402 2350 νόσημα
417 2315 472 2342 τῶν
497 2315 652 2351 ἀνθρώπων
666 2316 682 2350 ἠ
697 2317 819 2352 ἁμαρτία
851 2315 896 2351 ἦν,

108 2361 177 2395 ὅπερ
197 2362 350 2396 ἐνήργησεν
375 2362 391 2396 ἡ
408 2362 482 2397 κακὴ
501 2360 620 2396 θέλησις.
650 2362 770 2397 ἔπρεπεν
791 2363 833 2390 ἵνα
850 2363 898 2390 καὶ

109 2408 124 2439 ἡ
141 2406 329 2441 ἐπανόρθωσις
347 2407 434 2434 οἰκεία
467 2408 515 2434 καὶ
541 2408 700 2443 ἁρμόζουσα
776 2410 844 2444 πρὸς
866 2410 896 2435 τὸ

109 2454 219 2487 νόσημα
232 2461 239 2468 η
267 2452 362 2488 ὥσπερ
388 2455 436 2481 καὶ
453 2454 477 2480 οἱ
497 2455 587 2488 ἰατροὶ
602 2454 651 2486 τὰς
672 2454 818 2489 θεραπείας
830 2456 895 2482 ἀνα-

107 2499 204 2532 λόγους
225 2498 332 2525 ποιοῦσι
353 2499 421 2533 πρὸς
434 2499 463 2525 τὸ
476 2499 581 2534 νόσημα
594 2501 640 2526 καὶ
656 2500 701 2526 τὸν
714 2500 892 2527 ἀσθενοῦντα.

109 2545 164 2571 Καὶ
177 2545 232 2578 γὰρ
244 2553 320 2578 φασι,
344 2554 353 2570 t
375 2545 416 2571 ’Γὰ
436 2545 545 2572 ἐναντία
558 2545 612 2572 τῶν
628 2546 758 2572 ἐναντίων
779 2546 894 2581 ἰάματα.

108 2590 188 2616 υῦτω
203 2591 225 2616 δ’
240 2591 272 2616 Ξιν
284 2588 318 2625 ἦν
333 2591 422 2618 οἰκεία
441 2592 488 2618 καὶ
520 2591 679 2627 ἁρμόζουσα
707 2593 723 2627 ἡ
748 2592 895 2628 θεραπεία,

108 2637 176 2669 εἴγε
190 2637 204 2662 ὁ
218 2636 267 2671 μὲν
283 2636 424 2672 ἄνθρωπος
450 2637 519 2664 καθὸ
544 2638 718 2671 αὑτεξούσιος
736 2639 826 2673 οἰκείᾳ
855 2638 897 2664 θε-

107 2683 186 2716 λήσει
200 2683 348 2718 προῃρεῖτο
362 2684 392 2709 τδ
417 2683 522 2717 ἀγαθόν
541 2692 547 2699 ·
569 2685 630 2710 ἐπεὶ
650 2685 697 2710 καὶ
711 2685 799 2719 οῖκειᾳ
817 2684 896 2719 027.1]-

109 2736 152 2753 σει
168 2727 308 2762 προῃρέοη
321 2729 350 2754 1‘;
372 2729 457 2755 κακόν
469 2737 475 2744 ·
492 2730 508 2763 ἡ
527 2729 554 2755 δὲ
572 2729 682 2764 θέλησις
708 2730 802 2762 αὑτοῦ,
821 2730 848 2755 εί
865 2739 894 2763 γε

108 2772 298 2800 κατευωδοῦτο
315 2775 362 2800 καὶ
380 2775 563 2802 κατευθύνετο
592 2775 660 2810 πρὸς
689 2775 738 2808 τὴν
763 2775 821 2802 ἁδὺν
848 2776 895 2802 τοῦ

147 2863 169 2877 τι
186 2862 254 2889 Gen.
279 2870 297 2895 ε,
316 2863 360 2889 '26.

952 943 1033 970 quam
1059 935 1178 962 hominis
1195 935 1326 970 perfectio
1341 930 1541 969 consideratur,
1559 941 1641 972 atque
1657 945 1671 964 a
1690 937 1737 964 Dei

951 979 1038 1015 gloria
1051 980 1211 1014 exciderat;
1227 980 1262 1008 ob
1279 988 1436 1015 perversam
1453 982 1580 1009 nimirum
1594 990 1670 1010 suam
1689 990 1738 1010 vo-

950 1025 1098 1053 luntatem.
1111 1025 1296 1058 Quamobrem
1313 1027 1395 1055 etiam
1410 1028 1505 1055 mortis
1521 1028 1668 1056 damnatus
1683 1034 1736 1061 est,

949 1071 1023 1105 quod
1039 1071 1148 1098 mortali
1165 1075 1263 1098 natura
1280 1072 1411 1106 praeditus
1426 1077 1494 1105 erat,
1512 1071 1646 1107 ejusmodi
1662 1074 1737 1101 scili-
1767 1093 1770 1094 ν

949 1122 993 1144 cet
1017 1124 1077 1151 quae
1099 1116 1170 1144 mori
1191 1122 1295 1152 posset.
1323 1117 1401 1151 Quod
1424 1119 1513 1153 ipsum
1541 1120 1663 1154 impensa
1688 1119 1737 1147 Dri

950 1163 1121 1196 humanitate
1137 1171 1169 1192 ac
1180 1164 1324 1191 clementia
1337 1163 1438 1192 factum
1456 1169 1509 1197 est,
1522 1173 1556 1192 ne
1569 1166 1668 1192 malum
1687 1167 1737 1192 in.—

949 1208 1066 1234 mortale
1091 1207 1172 1241 foret,
1195 1209 1243 1235 sed
1267 1209 1400 1243 peccandi
1420 1209 1502 1238 tinem
1527 1210 1608 1237 homo
1623 1211 1735 1243 faceret,

949 1261 1030 1287 quem
1057 1254 1154 1282 mortis
1177 1256 1309 1282 memoria
1339 1256 1455 1291 ejusque
1481 1263 1569 1284 metus
1597 1257 1623 1285 in
1646 1258 1736 1285 olIit-io

948 1299 1112 1327 eontittcret.
1133 1299 1200 1327 Nam
1217 1305 1245 1328 et
1264 1300 1326 1328 ideo
1338 1302 1446 1329 mortali
1459 1303 1567 1338 θοι-ροιί
1582 1303 1735 1337 eonjnnxe-

948 1349 991 1372 rat
1015 1345 1148 1379 animam,
1166 1351 1206 1379 ut,
1232 1347 1256 1375 si
1283 1355 1337 1382 qua
1365 1348 1494 1383 prazditus
1519 1353 1578 1376 erat
1605 1349 1734 1378 faeul:ate

949 1390 1067 1423 arbitrii,
1094 1391 1165 1418 mala
1191 1391 1312 1428 eligeret,
1339 1393 1482 1421 confestim
1507 1394 1603 1421 mortis
1626 1399 1728 1422 senten-

947 1436 1025 1468 tiam,
1040 1444 1156 1472 corpore
1182 1438 1302 1471 mortali,
1332 1438 1498 1473 incurreret,
1525 1440 1596 1474 quod
1622 1442 1734 1467 omnino

948 1480 1102 1508 immortale
1128 1480 1251 1509 futurum
1275 1487 1343 1516 erat,
1367 1483 1389 1511 si
1409 1483 1490 1517 bona,
1505 1489 1532 1511 ct
1553 1492 1613 1519 qua:
1633 1492 1665 1511 ex
1689 1484 1736 1511 Dii

947 1531 1040 1554 essent
1053 1527 1194 1554 voluntate
1206 1532 1378 1563 praeoptaret.
1390 1527 1495 1556 Medius
1507 1529 1580 1556 ettitn
1593 1530 1733 1557 mettalem

949 1572 1020 1600 inter
1033 1578 1061 1600 et
1078 1573 1258 1602 immortalem
1273 1579 1372 1602 sortem
1395 1575 1521 1613 conditus
1539 1574 1638 1603 fuerat.
1651 1575 1736 1603 Satan

948 1627 1025 1652 vero.
1052 1629 1113 1648 cum
1129 1629 1162 1649 ex
1187 1620 1243 1649 Deo
1263 1622 1404 1652 exciderit.
1427 1623 1499 1650 haud
1526 1627 1615 1650 tamen
1635 1623 1737 1650 mortis

947 1662 1094 1694 damnatus
1120 1671 1181 1700 est,
1207 1667 1280 1703 quod
1304 1668 1413 1695 mortali
1439 1673 1553 1701 natura,
1573 1669 1644 1696 sicut
1668 1676 1731 1700 n05,

948 1714 1080 1748 praeditus
1094 1721 1150 1741 non
1167 1718 1237 1747 erat,
1252 1722 1305 1750 qua
1322 1714 1428 1742 scilicet
1449 1715 1516 1742 mori
1534 1720 1636 1750 posset.
1652 1714 1736 1743 Hine-

947 1767 1001 1794 que
1019 1760 1087 1787 adeo
1102 1765 1154 1792 est,
1177 1766 1207 1788 ut
1223 1761 1317 1793 homo,
1341 1761 1436 1788 mortis
1454 1768 1569 1794 memor,
1586 1762 1736 1796 pteniteat;

948 1805 1064 1841 ejusque.
1079 1807 1118 1834 rei
1144 1807 1183 1834 illi
1200 1807 1317 1835 facultas
1339 1812 1391 1840 est,
1416 1808 1539 1842 quandiu
1557 1813 1682 1836 versatur
1707 1809 1734 1835 in

948 1852 1072 1880 mutabili
1088 1853 1140 1880 hoc
1157 1860 1273 1888 corpore
1287 1863 1294 1881 :
1319 1857 1381 1888 post
1395 1857 1510 1880 mortem
1528 1860 1604 1885 vero,
1621 1854 1735 1880 minitne

948 1897 1040 1925 futura
1059 1903 1112 1931 est,
1130 1898 1177 1926 sed
1203 1906 1311 1934 semper
1327 1898 1505 1925 immutabilis
1523 1898 1585 1929 erit,
1602 1906 1663 1925 eum
1686 1899 1734 1934 qui

949 1943 986 1970 illi
1013 1943 1142 1977 obtigerit
1170 1944 1259 1970 locum
1286 1944 1420 1971 retinens.
1443 1943 1552 1971 Daemon
1569 1951 1635 1971 vero
1659 1945 1732 1971 nulla

947 1989 1110 2024 pwnitentia
1125 1989 1246 2022 ducitur,
1261 1997 1314 2024 qua
1337 1989 1469 2024 praeditus
1483 1995 1580 2017 natura
1601 1990 1734 2018 immobili

948 2040 1000 2063 est.
1016 2034 1094 2068 Quod
1118 2035 1192 2063 enim
1215 2043 1289 2062 mors
1307 2034 1467 2062 hominibus
1483 2039 1535 2067 est,
1552 2035 1579 2062 id
1598 2043 1677 2063 casus
1692 2042 1736 2063 est

949 2082 1064 2116 angelis.

984 2128 1053 2161 Quia
1076 2127 1158 2163 igitur
1181 2127 1350 2163 exploratum
1366 2132 1418 2160 est,
1434 2129 1609 2156 convenienti
1626 2136 1673 2156 eos
1691 2137 1735 2155 ra-

949 2175 1022 2202 tione
1047 2182 1061 2202 a
1087 2175 1140 2202 Deo
1163 2174 1280 2209 judicari
1300 2183 1308 2202 :
1328 2174 1442 2202 decebat
1467 2182 1515 2209 per
1539 2174 1598 2210 ejus
1617 2174 1735 2202 Verbum

948 2220 1059 2248 humani
1078 2221 1185 2255 generis
1199 2220 1296 2255 depelli
1321 2221 1448 2247 morbum
1466 2225 1549 2255 atque
1569 2221 1670 2253 sanari,
1685 2229 1733 2255 per

950 2267 1021 2302 quod
1045 2266 1127 2293 etiam
1153 2274 1167 2292 a
1196 2266 1332 2301 principio
1357 2267 1477 2293 humana
1499 2273 1596 2293 natura
1618 2267 1737 2293 formata

948 2313 1047 2344 fuerat.
1065 2311 1132 2345 Quia
1151 2319 1216 2338 tero
1233 2313 1345 2340 morbus
1362 2312 1406 2339 ille
1420 2317 1560 2347 peccatum
1573 2317 1641 2346 erat,
1656 2313 1734 2347 cujus

948 2359 1055 2387 auctori
1083 2359 1154 2386 mala
1180 2358 1307 2386 voluntas
1333 2358 1486 2390 exstiterat,
1515 2358 1629 2386 decebat
1652 2364 1681 2386 ut
1707 2364 1735 2386 et

947 2405 1055 2432 curatio
1076 2405 1187 2439 propria
1203 2409 1276 2432 esset
1290 2411 1323 2431 at:
1344 2411 1394 2439 pro
1417 2404 1506 2432 morbi
1532 2405 1639 2433 ratione
1652 2412 1738 2440 appo—

947 2452 999 2478 sila
1026 2451 1068 2478 Uti
1086 2451 1167 2478 etiam
1192 2450 1301 2481 medici,
1320 2458 1369 2484 pro
1382 2451 1471 2478 morbi
1484 2455 1564 2486 atque
1579 2452 1673 2486 aegroti
1690 2460 1735 2478 ra-

948 2498 1022 2524 tione
1039 2497 1128 2524 solent
1149 2497 1278 2524 adhibere
1300 2497 1432 2530 remedia,
1449 2504 1563 2531 quorum
1579 2497 1644 2525 illud
1660 2505 1737 2525 con:-

948 2551 1029 2570 rnune
1054 2542 1163 2569 effatum
1188 2551 1194 2568 :
1214 2551 1222 2567 t
1244 2542 1388 2570 Contraria
1413 2544 1613 2571 contrariorum
1650 2545 1739 2572 rnedi-

946 2593 1081 2616 camenta.
1100 2598 1109 2615 ι
1130 2588 1175 2615 Sic
1194 2595 1257 2615 vero
1283 2595 1394 2623 propria
1410 2594 1528 2623 aptaque
1547 2591 1639 2617 futura
1655 2599 1737 2616 ρυιεμ

947 2635 984 2662 tio
997 2638 1066 2665 erat.
1078 2633 1100 2661 si
1118 2633 1211 2664 homo,
1228 2640 1281 2667 qua
1298 2633 1405 2660 rati0ne
1428 2633 1505 2660 liberi
1518 2633 1624 2660 arbitrii
1646 2632 1734 2659 facul-

948 2685 1003 2708 tate
1020 2680 1152 2715 przeditus
1166 2684 1218 2711 est,
1234 2678 1343 2713 propria
1356 2679 1495 2706 voluntate
1508 2679 1608 2706 bonum
1623 2679 1736 2713 eligeret

952 2727 1062 2762 (quippe
1079 2725 1125 2761 qui
1149 2725 1207 2759 ipse
1232 2725 1341 2760 propria
1357 2725 1451 2753 eadem
1474 2725 1612 2752 voluntate
1634 2726 1738 2752 malum

950 2772 1078 2808 elegerat)
1093 2772 1206 2807 ejusque
1224 2772 1279 2806 ipsa
1297 2772 1422 2800 voluntas
1445 2771 1592 2807 (siquidem
1608 2771 1652 2798 illa
1673 2779 1737 2806 pro-
