1950 3070
214 106 263 137 615

853 101 932 131 MAN
939 101 1051 130 UELlS
1071 99 1224 129 CALEC/E

1804 97 1868 128 (:16

216 168 384 197 speraretur,
412 167 543 195 recteque
570 161 596 187 in
623 158 730 187 honesti
762 158 805 185 Via
835 157 1004 193 procederet)

1064 156 1152 189 καλοῦ,
1170 156 1217 182 καὶ
1233 155 1267 181 τὰ
1280 156 1394 190 οὕρανια
1421 148 1468 181 παὶ
1481 154 1539 180 οεῖα
1570 153 1676 188 ἠγάπα,
1704 154 1872 189 μισήσασα

214 208 334 235 coelestia
348 208 494 241 divinaque
513 206 647 240 diligeret,
671 205 734 232 odio
751 204 853 231 habens
869 210 901 230 ac
919 203 1003 237 proji-

216 254 302 287 cie-ns,
323 261 384 288 qum
405 257 469 279 ante
490 252 560 278 mala
579 251 712 278 voluerat.
730 250 808 277 Sicut
824 249 897 276 cnim
910 248 1005 276 volnu-

215 300 278 326 latis
295 299 432 333 perversio
445 303 497 329 est,
514 298 605 324 odisse
623 297 693 323 bona
712 305 718 323 :
738 296 777 323 sic
792 295 851 330 ejus
869 295 1004 322 rectitude

214 351 264 374 est,
281 344 376 370 cadent
393 344 518 378 diligere.
534 343 597 370 llaec
610 343 681 369 enim
706 342 788 368 homo
805 341 828 368 si
849 345 1002 376 praestaret,

213 390 324 416 ontuin
343 389 452 424 propria
470 392 563 415 essent
581 392 708 422 aptaque,
726 394 758 414 ac
775 387 815 415 sic
832 387 1005 414 emendatio-

213 443 276 462 nem
295 435 415 462 nancisci
433 439 533 469 posset.

247 479 379 513 Angclmu
404 486 485 513 porro
508 478 534 505 id
555 482 687 512 praestare
708 485 763 504 non
786 477 910 509 decebat,
929 476 1003 511 quod

212 524 351 558 proprium
368 525 480 551 minime
500 523 622 550 futurum
640 528 708 550 erat.
720 522 775 550 Nec
791 523 863 549 enim
880 530 928 558 per
941 530 1003 549 cum

213 571 294 596 homo
316 569 405 596 fuerat
424 569 563 599 conditus.
584 574 672 602 utpcr
685 575 746 596 eum
767 569 905 596 contritus
924 576 1004 602 repa-

215 619 323 642 tantur
348 624 354 642 :
381 622 432 642 nec
461 615 507 649 qui
541 618 714 649 peccaverat,
739 614 910 641 curationem
943 618 1003 641 erat

213 661 390 694 qua-silurus,
408 660 454 688 sed
472 668 521 695 pro
537 661 592 686 alio
609 660 698 691 alius;
719 659 791 693 quod
813 667 867 686 non
881 660 947 687 satis
970 661 1003 687 ad

213 706 324 740 justitize
344 710 400 732 erat
420 712 544 732 normam
566 709 702 732 exactum.
724 704 759 731 At
775 712 864 738 neque
885 708 914 731 ut
929 705 1006 739 quis-

214 759 295 786 quam
324 751 466 778 hominum
484 757 540 777 rem
556 754 699 784 prmstaret
714 750 771 777 ﬁeri
796 753 912 784 poterat,
931 750 1003 785 quod

213 804 309 823 omnes
327 800 438 831 peccato
455 795 559 823 obnixii
578 800 679 822 essent.
706 795 812 822 Etenim
837 796 925 830 ipsum
953 796 1004 824 hoc

212 843 342 878 primum,
358 843 430 878 quod
451 851 483 870 ex
499 843 557 870 viro
572 851 620 878 per
645 843 785 870 mulierem
803 851 864 870 cum
890 843 1002 870 libidine

213 897 270 916 nas‘t
280 894 372 921 antur,
387 897 418 916 ex
437 889 586 923 primorum
599 893 743 924 parentum
757 894 869 923 peccato
883 890 1001 916 descen-

211 935 269 970 tlji;
296 939 335 966 ut,
358 934 398 961 vel
421 934 444 961 si
469 935 522 961 alia
544 935 633 961 omnia
658 935 800 967 deessent,
826 935 878 962 hoc
906 935 1001 962 saltem

213 988 309 1007 (mines
325 984 436 1014 peccato
460 980 643 1015 subjacerent.
669 980 774 1008 Idcirco
798 980 879 1008 etiam
897 981 1001 1008 daemon

213 1025 366 1052 animarum
394 1029 552 1053 sanctorum
583 1033 696 1061 compos
715 1030 791 1058 erat,
822 1026 895 1061 quod
913 1027 1004 1054 nullus

213 1070 354 1097 hominum
378 1077 392 1097 a
413 1075 526 1105 peccato
549 1071 662 1098 omnino
681 1071 747 1098 lllter
763 1072 930 1104 exsistebat;
949 1079 1004 1106 prae

213 1116 273 1150 ejus
293 1115 422 1142 nimirum
440 1116 587 1143 insatiabili
604 1115 754 1150 cupiditate
778 1117 936 1151 injustaque
958 1123 1001 1143 ra-

214 1162 330 1202 pacitate
345 1170 377 1189 ac
393 1163 496 1196 peccati
517 1162 708 1195 similitudine,
734 1170 786 1198 qua
814 1163 852 1190 illi
868 1171 930 1191 cutn
955 1163 1005 1189 ho-

214 1209 335 1235 minibus
352 1208 425 1243 (aliis
439 1209 511 1242 plus.
525 1209 586 1236 aliis
600 1210 703 1245 minus)
716 1210 911 1236 commercium
926 1213 1002 1236 erat:

213 1261 302 1288 coque
317 1255 481 1282 commercio
501 1256 576 1291 regni
591 1256 634 1283 sui
659 1255 766 1290 signum
784 1262 816 1282 ac
832 1255 1004 1289 signaculum

214 1300 331 1334 (peccati
351 1300 465 1337 scilicet)
490 1298 517 1328 iu
541 1301 580 1328 eis
597 1301 725 1332 habebat,
754 1305 824 1328 utet
846 1300 918 1335 juris
934 1309 1007 1336 qum—

213 1346 276 1372 dam
294 1346 351 1372 lucc
368 1346 473 1380 species
489 1351 571 1373 esset.
590 1346 615 1373 Id
640 1354 703 1373 vero
718 1346 800 1373 etiam
823 1347 914 1373 avaris
933 1346 1005 1381 inju-

216 1392 321 1425 stisqtu:
353 1392 509 1427 raptoribus
537 1393 681 1425 iuolilum;
712 1401 820 1427 semper
846 1392 1005 1420 occasiones

217 1441 354 1470 quierunt,
373 1441 401 1464 ut
417 1445 477 1472 quae
498 1437 636 1464 minorum
659 1443 724 1466 sunt
746 1446 778 1465 ac
791 1438 956 1470 vicinorum,
972 1439 1007 1465 ab

216 1483 257 1508 cis
270 1482 376 1514 avulsa,
399 1482 512 1510 ditionis
533 1491 590 1511 sua:
607 1483 732 1518 Jurisque
746 1483 874 1511 clliciant.
890 1484 1007 1511 Necesse

217 1527 326 1553 demum
341 1532 398 1554 crat
411 1528 556 1561 quemdam
572 1529 703 1555 exsistere
722 1530 859 1556 hominem
876 1529 910 1556 ab
929 1530 1005 1556 omni

217 1579 330 1605 prorsus
348 1579 460 1606 peccato
482 1572 642 1604 immunem,
661 1578 690 1600 ut
707 1580 761 1599 non
777 1581 841 1601 suos
857 1573 916 1608 ipse
932 1574 1008 1601 defe-

217 1623 277 1644 ctus
290 1617 475 1644 emendandos
492 1617 614 1650 haberet,
637 1618 683 1646 sed
697 1619 811 1646 aliorum
826 1619 852 1646 in
869 1626 899 1647 se
915 1627 1008 1647 susec.

217 1665 271 1699 ptis
285 1663 417 1699 pecuatis,
435 1671 485 1698 pro
504 1664 545 1692 eis
570 1664 641 1699 apud
658 1664 741 1692 Deum
764 1665 946 1699 satisfaceret,
963 1667 1007 1693 cui

218 1712 344 1738 homines
369 1711 472 1738 initniei
490 1711 635 1746 hostesque
650 1717 748 1745 erant;
767 1713 839 1747 quod
863 1713 933 1740 mala
952 1717 1007 1740 tum

217 1765 272 1792 (ι-ιο
286 1757 443 1791 diligebant,
462 1762 517 1784 tum
535 1761 561 1784 et
577 1757 705 1791 agebant.

256 1803 290 1830 Ut
313 1804 404 1837 itaque
429 1802 454 1829 id
473 1803 597 1830 homines
623 1807 797 1838 praestarent,
823 1809 861 1831 utt
878 1805 978 1832 dictum
995 1813 1008 1831 a

216 1849 297 1876 nobis
311 1853 362 1878 est.
377 1848 434 1875 fieri
452 1857 503 1876 non
517 1853 636 1884 poterat,
649 1850 720 1884 quod
737 1850 853 1884 quisque
866 1850 1008 1877 hominum

218 1900 331 1929 peccato
348 1895 484 1931 obnoxius
500 1900 593 1923 esset:
617 1895 720 1923 idcirco
737 1903 873 1930 propensa
893 1896 940 1923 Dei
962 1896 1009 1924 Fi-

219 1941 272 1967 lius
291 1941 440 1972 voluntate,
467 1948 516 1975 per
540 1949 620 1976 quem
637 1941 730 1968 omnia
756 1942 868 1969 condita
891 1941 1009 1974 fuerant,

219 1991 340 2013 nostram
359 1991 485 2013 naturam
503 1987 537 2014 ab
558 1987 633 2014 omni
657 1987 816 2015 immunem”
832 1993 944 2022 peccato
967 1995 1011 2019 as-

220 2033 348 2066 sumpsit.
373 2031 451 2060 Unde
474 2033 555 2059 ctiam
583 2033 658 2060 nasci
682 2041 716 2060 cx
737 2032 848 2068 Virgine
871 2034 965 2065 voluit,
983 2038 1012 2061 ut

220 2079 333 2104 omnino
350 2077 419 2104 liber
436 2082 508 2105 esset
530 2085 544 2105 a
572 2083 684 2113 peccato
709 2078 835 2114 origlnis,
859 2078 954 2113 sicque
973 2079 1011 2106 vi-

221 2127 275 2149 lam
296 2123 451 2155 insutucre,
465 2127 495 2149 ut
510 2122 614 2150 nullum
632 2124 658 2150 in
673 2131 705 2150 eo
721 2128 862 2158 peceatum
879 2129 1010 2157 exstaret,

221 2170 267 2196 sed
293 2169 383 2195 omnis
412 2169 500 2195 virtus
526 2169 657 2201 eluceret,
687 2169 788 2203 quibus
814 2173 841 2196 et
866 2169 961 2197 docuit
986 2175 1011 2197 et

221 2214 295 2248 egit;
323 2214 368 2248 qui
398 2220 496 2252 nempe
524 2221 619 2240 norma
646 2214 775 2240 omnibus
800 2214 957 2248 propositus
980 2221 1011 2240 ac

221 2259 374 2294 exettqilum
398 2258 432 2285 ad
455 2258 572 2291 salutem
591 2263 673 2292 esset,
701 2259 867 2294 modumque
883 2267 916 2286 ac
938 2259 1009 2286 viam

222 2305 350 2332 curanda:
384 2304 495 2332 humani
530 2304 638 2338 generis
674 2304 867 2339 aegritudinis,
901 2305 1010 2332 virtutis

224 2351 298 2378 cultu
315 2355 450 2385 rectaque
468 2351 494 2377 in
511 2352 551 2378 eis
567 2351 728 2384 voluntatis,
751 2351 883 2379 mortales
909 2351 1013 2386 [ιι-ωοο-

223 2402 306 2423 ceret.
326 2397 431 2424 Etenim
450 2405 500 2424 suo
514 2397 571 2431 ipse
583 2397 706 2431 exemplo
718 2398 821 2428 docuit,
841 2398 885 2431 qui
904 2398 948 2423 fiat
971 2402 1010 2428 ut,

223 2452 277 2478 quo
296 2443 462 2474 laboramus.
480 2444 603 2470 morbum
617 2443 812 2481 emcndemus.

261 2489 378 2515 I'rimum
401 2489 472 2515 enim
489 2490 614 2524 apparuit
635 2496 683 2523 per
706 2489 756 2517 hoc
774 2489 931 2524 mysterium
957 2491 1014 2516 dis-

224 2536 403 2571 pensationis,
422 2544 434 2563 s
451 2537 475 2563 ic
505 2544 554 2563 nos
570 2536 653 2563 Deum
671 2536 809 2568 dilexisse,
825 2541 855 2564 ut
875 2542 902 2563 ct
917 2536 1013 2563 Filium

223 2590 304 2608 suum
322 2581 460 2609 hominem
481 2582 539 2609 ﬁeri
556 2581 684 2614 voluerit,
699 2581 818 2616 hincque
833 2582 901 2609 adeo
917 2587 946 2609 ut
964 2590 1012 2609 nes

225 2628 313 2661 ipsum
328 2627 473 2663 diligamus
489 2627 598 2662 egregie
615 2628 712 2660 suasit,
736 2628 783 2662 qui
804 2635 901 2662 nempe
924 2629 1013 2656 excel-

225 2675 325 2700 lentem
348 2674 409 2708 ejus
431 2680 493 2709 erga
523 2681 574 2701 nos
600 2674 772 2701 dilectionem
799 2674 984 2709 intelligamus
1008 2683 1013 2701 :

226 2720 308 2754 inque
333 2719 405 2748 hunc
429 2722 540 2747 modum
569 2720 644 2747 illius
674 2719 778 2747 auxilio
807 2724 890 2755 atque
913 2721 1011 2754 gratia,

226 2773 274 2793 est.
287 2774 334 2794 usa
351 2767 430 2796 nobis
445 2773 599 2802 prementes
615 2767 728 2802 vestigia
750 2767 896 2801 ipsumque
910 2767 1011 2798 secuti,

224 2816 369 2846 ast'pturos
404 2822 454 2842 nos
484 2815 679 2842 beatitudinem
710 2821 850 2848 speramus
884 2815 929 2848 (in
964 2814 1010 2840 Dei

1057 205 1105 230 καὶ
1124 202 1302 238 ἀπορρίψασα
1319 202 1353 228 τὰ
1369 201 1470 236 φαῦλα,
1488 202 1558 234 ἅπερ
1569 200 1685 234 ἠθέλησε
1701 200 1870 234 πρότερον.

1056 250 1163 284 ’Ὥσπερ
1182 250 1238 284 γὰρ
1255 250 1272 284 ὴ
1288 248 1439 283 διαστροφὴ
1455 247 1504 282 τῆς
1519 246 1655 280 θελήσεώς
1671 247 1731 272 ἐστι
1746 246 1784 272 τὸ
1812 255 1870 280 μι-

1059 298 1116 322 σεῖν
1129 297 1163 322 τὰ
1176 295 1261 326 καλὰ,
1274 294 1360 324 οὕτως
1380 294 1396 329 ή
1414 293 1527 329 ὀρθότης
1544 293 1629 326 αὐτῆς
1656 291 1687 318 τὸ
1712 292 1747 318 τὰ
1758 285 1765 292 ”
1779 293 1870 318 καλὰ

1055 343 1177 377 ἀγαπᾷν.
1195 340 1289 368 Ταῦτα
1304 340 1358 375 γὰρ
1377 340 1456 374 εἴπερ
1471 341 1485 366 6
1509 339 1652 374 ἄνθρωπος
1666 338 1767 370 ἐποίει,
1786 339 1869 365 πάν-

1055 396 1108 419 τως
1128 385 1199 422 ἦσαν
1215 387 1303 413 οίκεῖα
1316 386 1364 412 καὶ
1381 386 1545 420 ἁρμόζοντα,
1561 385 1609 411 καὶ
1634 384 1720 415 οὕτως
1732 383 1865 411 ἐδύνατο

1055 433 1104 469 τὴν
1119 433 1310 467 ἐπανόρθωσιν
1324 433 1426 466 εὑρεῖν.

1092 478 1226 512 ’Ἄγγελον
1246 478 1294 512 μὲν
1310 475 1357 504 οὖν
1370 477 1450 504 τοῦτο
1476 477 1590 512 ποιῆσαι
1605 477 1656 503 οὑκ
1683 476 1748 508 ἔδει,
1785 476 1866 503 διότι

1055 523 1187 548 ἀνοίκειον
1199 519 1243 557 ἦν.
1267 521 1337 548 Οὔτε
1353 521 1408 556 γὰρ
1420 521 1452 547 δι’
1477 521 1563 548 αὐτοῦ
1581 521 1689 554 ἐγένετο
1705 522 1719 547 6
1736 521 1865 556 ἄνθρω-

1056 576 1117 600 πος,
1139 568 1182 594 ἵνα
1211 567 1259 594 καὶ
1281 567 1316 593 δι’
1342 567 1425 594 αὑτοῦ
1463 566 1620 602 συντριϐεὶς
1645 565 1839 601 ὲπανορθωθῇ
1857 573 1863 580 ·

1054 613 1117 640 οὔτε
1144 613 1173 644 ὃς
1200 613 1309 648 ἥμαρτε
1335 612 1384 647 τὴν
1410 612 1559 647 θεραπείαν
1583 611 1680 647 ἔμελλε
1704 611 1864 647 ζητήσειν,

1055 659 1123 686 ἀλλὰ
1137 659 1217 690 ἄλλος
1235 659 1296 685 ἀντὶ
1310 658 1392 685 ἄλλου
1404 666 1412 675 ·
1426 659 1496 693 ὅπερ
1511 658 1562 685 οὑκ
1577 656 1611 694 ἧν
1631 658 1748 685 δίκαιον.
1766 658 1863 684 Ἀλλὰ

1059 706 1115 741 μὴν
1129 705 1190 732 οὐδέ
1204 713 1264 731 τινα
1280 704 1424 739 ἄνθρωπον
1440 705 1554 731 δυνατὸν
1566 702 1600 739 ἦν
1623 704 1703 730 τοῦτο
1723 704 1860 739 ἐργάσα-

1056 751 1131 782 σθαι,
1149 751 1216 778 διότι
1246 751 1347 783 πάντες
1373 751 1460 786 ἔνοχοι
1486 748 1555 786 ἦσαν
1569 751 1602 786 τῇ
1629 751 1763 786 ἁμαρτίᾳ.
1799 751 1862 777 Καὶ

1055 796 1110 831 γὰρ
1127 796 1192 823 αὑτὸ
1210 796 1319 830 πρῶτον
1333 796 1363 822 τὸ
1379 795 1409 828 ἐξ
1433 795 1529 831 ἀνδρὸς
1550 795 1597 833 stat
1613 795 1745 829 γυναικὸς
1779 797 1860 830 μετὰ

1022 833 1041 860 Β
1055 841 1158 873 πάθους
1170 841 1318 876 γεννᾶσθαι
1338 841 1372 868 ὲκ
1400 842 1451 875 τῆς
1478 841 1688 876 προπατορικῆς
1708 841 1860 875 ἁμαρτίας

1054 886 1205 921 κατάγεται
1217 895 1224 902 ·
1241 885 1313 913 ὥστε
1329 887 1353 912 εί
1377 886 1415 921 μὴ
1430 886 1501 913 κατά
1519 894 1546 912 τι
1561 885 1636 918 ἄλλο,
1667 886 1740 913 κατὰ
1765 886 1858 912 τοῦτο

1053 932 1119 966 γοῦν
1133 933 1248 963 ἕκαστος
1262 932 1386 966 ἁμαρτίᾳ
1417 932 1572 958 ὑπόκειται.
1592 931 1642 958 Διά
1670 931 1752 958 τοῦτο
1781 931 1856 966 γοῦν

1054 977 1102 1004 καὶ
1116 977 1253 1012 ὶγκρατὴς
1267 974 1301 1012 ἦν
1313 978 1327 1003 6
1339 977 1445 1012 δαίμων
1471 976 1526 1003 τῶν
1546 976 1641 1011 ψυχῶν
1659 977 1714 1003 τῶν
1745 977 1853 1010 ἁγίων,

1054 1024 1095 1050 ὃτι
1118 1023 1207 1054 οὐδεὶς
1225 1022 1378 1058 ἀνθρώπων
1393 1022 1607 1057 ἀπηλλαγμένος
1623 1020 1657 1058 ἦν
1671 1024 1855 1049 παντάπασιν

1056 1068 1195 1104 ἁμαρτίας
1211 1068 1254 1095 διὰ
1270 1068 1318 1102 τὴν
1335 1068 1489 1103 ἀπληστίαν
1502 1067 1586 1094 αὑτοῦ
1602 1068 1650 1094 καὶ
1672 1068 1721 1103 τὴν
1735 1068 1855 1094 πλεονε-

1057 1113 1130 1147 ξίαν,
1146 1113 1193 1139 καὶ
1208 1113 1254 1139 διὰ
1269 1112 1318 1148 τὴν
1330 1113 1481 1148 ὁμοιότητα
1497 1113 1547 1147 τῆς
1563 1112 1713 1147 ἁμαρτίας,
1740 1113 1807 1139 καθ’
1818 1113 1854 1148 ἢν

1055 1159 1111 1188 τοῖς
1135 1158 1290 1193 ἀνθρώποις
1314 1157 1463 1190 ἐκοινώνει,
1479 1160 1535 1188 τοῖς
1559 1158 1609 1194 μὲν
1632 1158 1723 1184 πλεῖον
1743 1159 1802 1190 τοῖς
1823 1158 1855 1184 δὲ

1056 1205 1180 1238 ἔλαττον,
1194 1205 1241 1231 καὶ
1253 1205 1321 1232 καθὸ
1338 1206 1428 1236 αὑτοῖς
1438 1206 1574 1232 ἐκοινώνει
1587 1207 1698 1239 σημεῖον
1707 1205 1754 1231 καὶ
1765 1214 1856 1239 σφρα-

1056 1251 1119 1285 γῖδα
1133 1252 1162 1277 ἐν
1187 1252 1279 1283 αὐτοῖς
1316 1250 1372 1286 εἶχε
1395 1251 1446 1286 τῆς
1471 1252 1568 1278 ἑαυτοῦ
1601 1251 1751 1287 βασιλείας,
1770 1260 1853 1278 τουτ-

1057 1299 1131 1325 έστιν
1143 1298 1281 1333 ἁμαρτίας
1294 1306 1300 1313 ·
1311 1297 1382 1324 ὥστε
1399 1298 1446 1324 καὶ
1462 1297 1609 1333 δικαίωμα.
1622 1297 1707 1324 Τοῦτο
1720 1297 1750 1324 δὲ
1763 1298 1812 1324 καὶ
1828 1298 1854 1324 οι

1061 1344 1223 1370 πλεονέκται
1240 1344 1374 1377 ποιοῦσιν,
1393 1343 1522 1379 ἀφορμὰς
1551 1344 1725 1378 εὑρίσκοντες
1745 1344 1792 1370 ἀεὶ
1815 1345 1853 1371 τὰ

1057 1391 1111 1416 τῶν
1127 1390 1279 1417 ἐλαττόνων
1308 1391 1357 1416 καὶ
1381 1389 1592 1422 γειτνιαζόντων
1614 1391 1777 1427 παρασπᾷν,
1805 1391 1853 1418 καὶ

1057 1436 1145 1462 ταῦτα
1176 1435 1282 1462 ἑαυτῶν
1310 1435 1494 1470 κληρονομίαν
1521 1436 1619 1463 ποιεῖν.
1653 1436 1728 1462 Ἔδει
1757 1436 1853 1463 λοιπὸν

1059 1483 1202 1517 ἄνθρωπον
1215 1482 1276 1508 τινὰ
1287 1482 1414 1516 γενέσθαι
1440 1481 1636 1517 ἀναμάρτητον
1659 1482 1760 1517 πάντη,
1777 1482 1850 1509 ὥστε

1063 1529 1099 1564 μὴ
1116 1528 1189 1564 ἔχειν
1207 1528 1303 1563 χρείαν
1318 1529 1352 1555 τὰ
1362 1527 1459 1555 ἑαυτοῦ
1475 1527 1644 1562 ἐπανορθοῦν
1657 1527 1850 1562 ἐλαττώματα,

1061 1575 1129 1602 ἀλλὰ
1144 1575 1177 1601 τὰ
1186 1574 1241 1601 τῶν
1258 1574 1347 1601 ἄλλων
1362 1573 1559 1608 ἀναδεξάμενον
1569 1573 1626 1608 ἁμα
1632 1575 1770 1609 ρτήματα,
1780 1574 1851 1607 ὑπὲρ

1060 1621 1173 1648 ἐκείνων
1191 1620 1259 1656 πρὸς
1275 1621 1321 1646 τὸν
1334 1620 1403 1647 Θεὸν
1419 1620 1655 1656 ἀπολογήσασθαι.
1672 1618 1694 1654 ᾧ
1726 1618 1797 1654 ἦσαν
1825 1620 1850 1646 οἱ

1061 1666 1199 1702 ἄνθρωποι
1218 1666 1344 1701 πολέμιοι
1358 1666 1406 1692 καὶ
1419 1665 1522 1701 ἐχθροὶ,
1539 1665 1573 1692 τά
1605 1665 1697 1699 φαῦλα
1720 1666 1768 1692 καὶ
1783 1665 1851 1699 ἀγα-

1063 1712 1170 1743 πῶντες
1182 1712 1230 1738 καὶ
1241 1712 1419 1747 πράττοντες.

1098 1803 1177 1839 Παρὰ
1196 1804 1246 1838 μὲν
1259 1803 1304 1830 οὖν
1320 1804 1374 1829 τῶν
1387 1803 1551 1838 ἀνθρώπων,
1563 1804 1600 1835 ὡς
1620 1804 1736 1842 ἔφημεν,
1752 1803 1846 1829 αδύνα-

1062 1858 1106 1876 τον
1128 1847 1162 1885 ἦν
1179 1850 1259 1876 τοῦτο
1270 1850 1412 1883 γενέσθαι,
1429 1849 1474 1876 διὰ
1505 1851 1535 1876 τὸ
1559 1850 1675 1876 ἕκαςτον
1703 1849 1849 1884 ἁμαρτίαις

1063 1895 1215 1922 ὑπεύθυνον
1233 1894 1313 1922 εἶναι.
1332 1896 1381 1922 Διά
1393 1895 1474 1922 τοῦτο
1489 1896 1502 1922 6
1519 1895 1583 1927 Υἱὸς
1605 1895 1652 1922 τοῦ
1671 1895 1751 1924 Θεοῦ.
1770 1896 1802 1921 δι’
1817 1893 1846 1922 οὑ

1062 1942 1096 1968 τὰ
1112 1943 1200 1969 πάντα
1231 1943 1350 1975 ἐγένετο,
1372 1942 1503 1977 εὑδόκησε
1532 1942 1581 1978 τὴν
1611 1942 1750 1977 ἡμετέραν
1772 1942 1848 1976 φύσιν

1064 1988 1268 2023 ἀναμαρτήτως
1284 1988 1441 2015 ἀναλαϐεῖν.
1466 1988 1548 2015 ’Ὅθεν
1576 1988 1624 2014 καὶ
1648 1989 1681 2015 ἐκ
1713 1988 1848 2022 [lupos-mu

1063 2033 1174 2068 ἐτέχθη,
1198 2033 1241 2060 ἶνα
1258 2033 1347 2069 πάντη
1367 2034 1510 2068 ἐλεύθερος
1535 2033 1550 2070 ᾖ
1578 2034 1628 2069 τῆς
1648 2034 1848 2069 προπατορικῆ;

1064 2080 1221 2114 ἁμαρτίας·
1248 2080 1296 2106 καὶ
1325 2079 1396 2106 οὕτω
1421 2080 1574 2112 διαϐιῶναι,
1611 2080 1682 2106 ὥστε
1717 2080 1847 2115 μηδεμίαν

1066 2126 1207 2159 ἁμαρτίαν
1219 2126 1248 2152 ὲν
1261 2125 1335 2160 αὺτῷ
1350 2125 1499 2161 εὑρεθῆναι
1513 2133 1520 2140 ·
1538 2126 1607 2152 ἀλλὰ
1620 2127 1710 2152 πᾶσαν
1738 2126 1842 2161 ἀρετὴν,

1066 2171 1100 2197 δι’
1127 2169 1164 2198 ὢν
1185 2171 1288 2204 ἐδίδαξε
1305 2172 1352 2198 καὶ
1363 2172 1467 2207 ἔπραξε
1478 2174 1533 2204 τοῖς
1546 2172 1699 2207 ἀνθρώποις
1715 2172 1843 2207 προθέντα

1068 2218 1152 2244 τὺπον
1175 2218 1223 2245 καὶ
1238 2218 1423 2253 ὑπογραμμὸν
1435 2219 1502 2244 πᾶσι
1518 2219 1661 2252 γεγονέναι
1675 2219 1743 2254 πρὸς
1763 2227 1844 2253 σωτη-

1071 2264 1143 2299 ρίαν,
1163 2264 1210 2290 καὶ
1224 2264 1269 2290 τὸν
1280 2264 1380 2299 τρόπον
1392 2265 1439 2290 καὶ
1452 2264 1502 2299 τὴν
1513 2265 1572 2291 ὀδὶν
1588 2265 1636 2298 τῆς
1650 2264 1793 2299 θεραπείας
1801 2264 1843 2291 τοῦ

1068 2310 1241 2344 ἀνθρωπίνου
1255 2311 1405 2345 νοσήματος
1423 2311 1467 2336 διὰ
1479 2312 1527 2343 τῆς
1539 2311 1639 2345 ἀρετῆς
1650 2311 1696 2337 καὶ
1711 2311 1758 2344 τῆς
1769 2310 1844 2344 ὀρθῆς

1068 2356 1096 2380 ἐν
1113 2355 1204 2386 αὐτοῖς
1219 2355 1355 2390 θελήσεως
1373 2355 1542 2390 προδιδάξαι.
1569 2355 1619 2382 Καὶ
1639 2356 1692 2390 γὰρ
1708 2354 1789 2386 ἔδειξε
1814 2354 1846 2380 δι’

1070 2400 1179 2433 ἑαυτοῦ,
1200 2401 1253 2428 τίνι
1280 2402 1374 2436 τρόπῳ
1401 2402 1574 2437 δυνησόμεθα
1600 2402 1630 2428 τὸ
1649 2402 1756 2437 νόσημα
1774 2399 1845 2436 ἡμῶν

1070 2447 1325 2482 ἐπανορθώσασθαι.

1107 2493 1287 2528 Πρῶτονγάρ
1308 2493 1396 2528 ἐφάνη
1424 2493 1470 2520 διὰ
1508 2493 1556 2520 τοῦ
1583 2493 1733 2528 μυετηρίου
1760 2494 1844 2520 τούτου

1070 2539 1119 2574 τῆς
1129 2539 1284 2573 οἰκονομίας
1301 2540 1341 2566 ὅτι
1355 2541 1368 2566 ὁ
1386 2539 1453 2572 Θεὸς
1470 2541 1598 2567 τοσοῦτον
1618 2541 1842 2576 ἠγάπησενὴμᾶς.

1069 2585 1110 2609 ὅτι
1131 2585 1177 2610 καὶ
1206 2583 1349 2618 ᾶνθρωπον
1375 2585 1507 2618 γενέσθαι
1534 2585 1651 2620 ἠθέλησε
1682 2586 1728 2613 τὸν
1757 2586 1843 2612 ἑαυτοὺ

1072 2630 1146 2662 Tib-2,
1164 2639 1210 2656 καῖ
1225 2630 1268 2656 διὰ
1279 2630 1374 2656 τούτου
1399 2631 1563 2657 κατέπεισεν
1578 2632 1652 2667 ἡμᾶς
1681 2633 1787 2667 ἀγαπᾷν
1800 2633 1844 2658 αὑ-

1071 2676 1128 2706 τὸν,
1157 2676 1316 2707 ἐννοοῦντας
1348 2676 1398 2711 τὴν
1424 2676 1650 2711 ὑπερϐάλλουσαν
1679 2677 1761 2703 αὑτοῦ
1789 2677 1845 2712 περὶ

1072 2722 1145 2756 ἡμᾶς
1159 2721 1281 2755 ἀγάπην.
1298 2723 1352 2748 Καὶ
1372 2722 1444 2749 οὕτω
1456 2725 1489 2758 τῇ
1505 2724 1588 2750 αὑτοῦ
1604 2724 1718 2760 βοηθείᾳ
1732 2725 1776 2751 καὶ
1800 2726 1843 2760 χά,

1072 2776 1126 2803 (ιιτι
1144 2769 1199 2798 τοῖς
1212 2768 1394 2803 ὑποδειχθεῖσι
1408 2770 1519 2804 τρόποις
1537 2771 1680 2805 ἑπόμενοι,
1706 2771 1842 2805 ἐλπίζομεν

1071 2815 1164 2849 τυχεῖν
1181 2813 1229 2848 τῆς
1248 2816 1462 2850 μακαριότητος,
1479 2816 1538 2851 ἥτις
1567 2817 1595 2843 ἐν
1614 2819 1645 2852 τῇ
1674 2817 1740 2844 Θεοῦ
1757 2818 1842 2853 (mal;
