  <div class='ocr_page' id='page_1' title='image "/cluster/home/n/w/nwhite01/storage/ocr_20150623/152/njp.32101077773206/322.png"; bbox 0 0 1950 3070; ppageno 0'>
   <div class='ocr_carea' id='block_1_1' title="bbox 35 167 134 200">
    <p class='ocr_par' dir='ltr' id='par_1_1' title="bbox 35 167 134 200">
     <span class='ocr_line' id='line_1_1' title="bbox 35 167 134 200; baseline 0 -1"><span class='ocrx_word' id='word_1_1' title='bbox 35 192 38 199; x_wconf 97' lang='grc'>.</span> <span class='ocrx_word' id='word_1_2' title='bbox 74 167 134 200; x_wconf 71' lang='grc' dir='ltr'><strong>6ιῖ</strong></span> 
     </span>
    </p>
   </div>
   <div class='ocr_carea' id='block_1_2' title="bbox 559 169 1221 207">
    <p class='ocr_par' dir='ltr' id='par_1_2' title="bbox 559 169 1221 207">
     <span class='ocr_line' id='line_1_2' title="bbox 559 169 1221 207; baseline 0.012 -8"><span class='ocrx_word' id='word_1_3' title='bbox 559 169 609 199; x_wconf 87' lang='lat' dir='ltr'><strong>DE</strong></span> <span class='ocrx_word' id='word_1_4' title='bbox 631 170 842 201; x_wconf 81' lang='lat' dir='ltr'><strong>PRINCIPIIS</strong></span> <span class='ocrx_word' id='word_1_5' title='bbox 863 172 970 203; x_wconf 83' lang='lat' dir='ltr'><strong>FlDEl</strong></span> <span class='ocrx_word' id='word_1_6' title='bbox 985 174 1221 207; x_wconf 70' lang='lat' dir='ltr'><strong>CATHULICIE.</strong></span> 
     </span>
    </p>
   </div>
   <div class='ocr_carea' id='block_1_3' title="bbox 1654 178 1707 211">
    <p class='ocr_par' dir='ltr' id='par_1_3' title="bbox 1654 178 1707 211">
     <span class='ocr_line' id='line_1_3' title="bbox 1654 178 1707 211; baseline 0.019 -1"><span class='ocrx_word' id='word_1_7' title='bbox 1654 178 1707 211; x_wconf 78' lang='lat'><strong>618</strong></span> 
     </span>
    </p>
   </div>
   <div class='ocr_carea' id='block_1_4' title="bbox 76 223 865 269">
    <p class='ocr_par' dir='ltr' id='par_1_4' title="bbox 76 223 865 263">
     <span class='ocr_line' id='line_1_4' title="bbox 76 223 865 263; baseline 0.005 -12"><span class='ocrx_word' id='word_1_8' title='bbox 76 226 253 252; x_wconf 78' lang='grc' dir='ltr'>συνίσταται·</span> <span class='ocrx_word' id='word_1_9' title='bbox 267 224 305 255; x_wconf 78' lang='grc' dir='ltr'><strong>εἰς</strong></span> <span class='ocrx_word' id='word_1_10' title='bbox 322 224 354 259; x_wconf 76' lang='grc' dir='ltr'>ἣν</span> <span class='ocrx_word' id='word_1_11' title='bbox 384 223 465 256; x_wconf 73' lang='grc' dir='ltr'>αὐτὸς</span> <span class='ocrx_word' id='word_1_12' title='bbox 489 225 563 260; x_wconf 78' lang='grc' dir='ltr'>ἡμᾶς</span> <span class='ocrx_word' id='word_1_13' title='bbox 592 226 713 254; x_wconf 73' lang='grc' dir='ltr'>εἵλκυσε.</span> <span class='ocrx_word' id='word_1_14' title='bbox 735 228 791 263; x_wconf 80' lang='grc' dir='ltr'><strong>Τὴν</strong></span> <span class='ocrx_word' id='word_1_15' title='bbox 816 228 865 263; x_wconf 72' lang='grc' dir='ltr'><strong>γὰρ</strong></span> 
     </span>
    </p>
   </div>
   <div class='ocr_carea' id='block_1_5' title="bbox 918 223 1706 269">
    <p class='ocr_par' dir='ltr' id='par_1_5' title="bbox 924 229 1706 269">
     <span class='ocr_line' id='line_1_5' title="bbox 924 229 1706 269; baseline 0.009 -13"><span class='ocrx_word' id='word_1_16' title='bbox 924 229 1029 258; x_wconf 86' lang='lat' dir='ltr'><strong>scilicet</strong></span> <span class='ocrx_word' id='word_1_17' title='bbox 1046 231 1150 259; x_wconf 86' lang='lat' dir='ltr'><strong>visione</strong></span> <span class='ocrx_word' id='word_1_18' title='bbox 1173 233 1301 267; x_wconf 83' lang='lat' dir='ltr'><strong>positam)</strong></span> <span class='ocrx_word' id='word_1_19' title='bbox 1319 233 1351 261; x_wconf 81' lang='lat' dir='ltr'><strong>ad</strong></span> <span class='ocrx_word' id='word_1_20' title='bbox 1369 241 1450 268; x_wconf 86' lang='lat' dir='ltr'><strong>quam</strong></span> <span class='ocrx_word' id='word_1_21' title='bbox 1472 234 1530 269; x_wconf 85' lang='lat' dir='ltr'><strong>ipse</strong></span> <span class='ocrx_word' id='word_1_22' title='bbox 1545 242 1595 263; x_wconf 90' lang='lat' dir='ltr'><strong>nos</strong></span> <span class='ocrx_word' id='word_1_23' title='bbox 1612 237 1706 264; x_wconf 79' lang='lat' dir='ltr'><strong>traxit.</strong></span> 
     </span>
    </p>
   </div>
   <div class='ocr_carea' id='block_1_6' title="bbox 75 270 869 307">
    <p class='ocr_par' dir='ltr' id='par_1_6' title="bbox 75 270 869 307">
     <span class='ocr_line' id='line_1_6' title="bbox 75 270 869 307; baseline 0.003 -8"><span class='ocrx_word' id='word_1_24' title='bbox 75 271 226 299; x_wconf 68' lang='grc' dir='ltr'>ἀσθένείαν</span> <span class='ocrx_word' id='word_1_25' title='bbox 252 271 351 299; x_wconf 75' lang='grc' dir='ltr'>ἑαυτοῦ</span> <span class='ocrx_word' id='word_1_26' title='bbox 367 270 514 305; x_wconf 80' lang='grc' dir='ltr'>γινώσκων</span> <span class='ocrx_word' id='word_1_27' title='bbox 540 273 555 298; x_wconf 83' lang='grc' dir='ltr'>ὁ</span> <span class='ocrx_word' id='word_1_28' title='bbox 581 272 734 307; x_wconf 78' lang='grc' dir='ltr'>ἄνθρωπος,</span> <span class='ocrx_word' id='word_1_29' title='bbox 759 274 808 301; x_wconf 67' lang='lat' dir='ltr'><strong>Line</strong></span> <span class='ocrx_word' id='word_1_30' title='bbox 835 275 869 301; x_wconf 87' lang='grc' dir='ltr'>ἂν</span> 
     </span>
    </p>
   </div>
   <div class='ocr_carea' id='block_1_7' title="bbox 77 317 870 356">
    <p class='ocr_par' dir='ltr' id='par_1_7' title="bbox 77 317 870 356">
     <span class='ocr_line' id='line_1_7' title="bbox 77 317 870 356; baseline 0.005 -13"><span class='ocrx_word' id='word_1_31' title='bbox 77 318 192 353; x_wconf 70' lang='grc' dir='ltr'>ἐνόμισε</span> <span class='ocrx_word' id='word_1_32' title='bbox 205 317 274 352; x_wconf 64' lang='grc' dir='ltr'>πρὸς</span> <span class='ocrx_word' id='word_1_33' title='bbox 288 318 391 352; x_wconf 79' lang='grc' dir='ltr'>ταύτην</span> <span class='ocrx_word' id='word_1_34' title='bbox 405 317 554 352; x_wconf 63' lang='grc' dir='ltr'>δυνηθῗμαι</span> <span class='ocrx_word' id='word_1_35' title='bbox 569 318 726 353; x_wconf 73' lang='grc' dir='ltr'>ἀφίξεσθαι,</span> <span class='ocrx_word' id='word_1_36' title='bbox 737 319 760 345; x_wconf 75' lang='grc' dir='ltr'>εἰ</span> <span class='ocrx_word' id='word_1_37' title='bbox 775 320 811 355; x_wconf 81' lang='grc' dir='ltr'>μὴ</span> <span class='ocrx_word' id='word_1_38' title='bbox 820 321 870 356; x_wconf 83' lang='grc' dir='ltr'>τὴν</span> 
     </span>
    </p>
   </div>
   <div class='ocr_carea' id='block_1_8' title="bbox 77 363 868 401">
    <p class='ocr_par' dir='ltr' id='par_1_8' title="bbox 77 363 868 401">
     <span class='ocr_line' id='line_1_8' title="bbox 77 363 868 401; baseline 0.003 -10"><span class='ocrx_word' id='word_1_39' title='bbox 77 364 161 399; x_wconf 80' lang='grc' dir='ltr'>παρὰ</span> <span class='ocrx_word' id='word_1_40' title='bbox 186 363 255 390; x_wconf 78' lang='grc' dir='ltr'>Θεοῦ</span> <span class='ocrx_word' id='word_1_41' title='bbox 280 365 319 394; x_wconf 80' lang='grc' dir='ltr'><strong>εἰς</strong></span> <span class='ocrx_word' id='word_1_42' title='bbox 344 363 439 391; x_wconf 75' lang='grc' dir='ltr'>ἑαυτὸν</span> <span class='ocrx_word' id='word_1_43' title='bbox 468 363 583 390; x_wconf 79' lang='grc' dir='ltr'>ἔϐλεπεν</span> <span class='ocrx_word' id='word_1_44' title='bbox 613 364 696 391; x_wconf 79' lang='grc' dir='ltr'>οὖσαν</span> <span class='ocrx_word' id='word_1_45' title='bbox 722 365 868 401; x_wconf 79' lang='grc' dir='ltr'>τοσαύτην,</span> 
     </span>
    </p>
   </div>
   <div class='ocr_carea' id='block_1_9' title="bbox 77 408 870 445">
    <p class='ocr_par' dir='ltr' id='par_1_9' title="bbox 77 408 870 445">
     <span class='ocr_line' id='line_1_9' title="bbox 77 408 870 445; baseline 0.004 -11"><span class='ocrx_word' id='word_1_46' title='bbox 77 408 154 435; x_wconf 70' lang='grc' dir='ltr'>ὥστε</span> <span class='ocrx_word' id='word_1_47' title='bbox 168 408 214 434; x_wconf 75' lang='grc' dir='ltr'>τὸν</span> <span class='ocrx_word' id='word_1_48' title='bbox 226 408 292 434; x_wconf 69' lang='grc' dir='ltr'>Θεὸν</span> <span class='ocrx_word' id='word_1_49' title='bbox 318 408 463 443; x_wconf 74' lang='grc' dir='ltr'>ἄνθρωπον</span> <span class='ocrx_word' id='word_1_50' title='bbox 479 409 618 442; x_wconf 77' lang='grc' dir='ltr'>γενέσθαι,</span> <span class='ocrx_word' id='word_1_51' title='bbox 642 410 689 436; x_wconf 76' lang='grc' dir='ltr'><strong>καὶ</strong></span> <span class='ocrx_word' id='word_1_52' title='bbox 711 411 735 436; x_wconf 76' lang='grc' dir='ltr'><strong>ει</strong></span> <span class='ocrx_word' id='word_1_53' title='bbox 750 410 788 445; x_wconf 86' lang='grc' dir='ltr'><strong>μὴ</strong></span> <span class='ocrx_word' id='word_1_54' title='bbox 801 410 870 445; x_wconf 75' lang='grc' dir='ltr'>πρὸς</span> 
     </span>
    </p>
   </div>
   <div class='ocr_carea' id='block_1_10' title="bbox 81 453 870 491">
    <p class='ocr_par' dir='ltr' id='par_1_10' title="bbox 81 453 870 491">
     <span class='ocr_line' id='line_1_10' title="bbox 81 453 870 491; baseline 0.003 -10"><span class='ocrx_word' id='word_1_55' title='bbox 81 455 185 481; x_wconf 74' lang='grc' dir='ltr'>ἑαυτὸν</span> <span class='ocrx_word' id='word_1_56' title='bbox 200 453 215 479; x_wconf 81' lang='grc' dir='ltr'><em>ὁ</em></span> <span class='ocrx_word' id='word_1_57' title='bbox 231 454 297 485; x_wconf 72' lang='grc' dir='ltr'>Θεὸς</span> <span class='ocrx_word' id='word_1_58' title='bbox 311 455 386 489; x_wconf 77' lang='grc' dir='ltr'>ἡμᾶς</span> <span class='ocrx_word' id='word_1_59' title='bbox 403 454 595 489; x_wconf 76' lang='grc' dir='ltr'>προύκαλεῖτο.</span> <span class='ocrx_word' id='word_1_60' title='bbox 615 456 647 482; x_wconf 80' lang='lat' dir='ltr'><strong>Et</strong></span> <span class='ocrx_word' id='word_1_61' title='bbox 665 456 720 491; x_wconf 70' lang='grc' dir='ltr'>γὰρ</span> <span class='ocrx_word' id='word_1_62' title='bbox 736 456 773 491; x_wconf 72' lang='grc' dir='ltr'>μὴ</span> <span class='ocrx_word' id='word_1_63' title='bbox 790 456 870 485; x_wconf 89' lang='grc' dir='ltr'>δυνα-</span> 
     </span>
    </p>
   </div>
   <div class='ocr_carea' id='block_1_11' title="bbox 80 497 869 537">
    <p class='ocr_par' dir='ltr' id='par_1_11' title="bbox 80 497 869 537">
     <span class='ocr_line' id='line_1_11' title="bbox 80 497 869 537; baseline 0.006 -12"><span class='ocrx_word' id='word_1_64' title='bbox 80 500 130 526; x_wconf 68' lang='grc' dir='ltr'><strong>τὸν</strong></span> <span class='ocrx_word' id='word_1_65' title='bbox 141 497 176 535; x_wconf 77' lang='grc' dir='ltr'>ἦν</span> <span class='ocrx_word' id='word_1_66' title='bbox 187 500 254 535; x_wconf 70' lang='grc' dir='ltr'>πρός</span> <span class='ocrx_word' id='word_1_67' title='bbox 270 500 316 526; x_wconf 65' lang='grc' dir='ltr'><strong>τὴν</strong></span> <span class='ocrx_word' id='word_1_68' title='bbox 329 500 397 526; x_wconf 79' lang='grc' dir='ltr'>Θεὸν</span> <span class='ocrx_word' id='word_1_69' title='bbox 408 500 482 535; x_wconf 79' lang='grc' dir='ltr'>ἡμᾶς</span> <span class='ocrx_word' id='word_1_70' title='bbox 498 500 569 527; x_wconf 74' lang='grc' dir='ltr'>κατὰ</span> <span class='ocrx_word' id='word_1_71' title='bbox 580 501 610 528; x_wconf 82' lang='grc' dir='ltr'>τὸ</span> <span class='ocrx_word' id='word_1_72' title='bbox 637 501 779 537; x_wconf 74' lang='grc' dir='ltr'><strong>ἐγχωροῦν</strong></span> <span class='ocrx_word' id='word_1_73' title='bbox 803 503 869 530; x_wconf 87' lang='grc' dir='ltr'>ἀνα-</span> 
     </span>
    </p>
   </div>
   <div class='ocr_carea' id='block_1_12' title="bbox 80 546 869 585">
    <p class='ocr_par' dir='ltr' id='par_1_12' title="bbox 80 546 869 585">
     <span class='ocr_line' id='line_1_12' title="bbox 80 546 869 585; baseline 0.004 -13"><span class='ocrx_word' id='word_1_74' title='bbox 80 546 232 578; x_wconf 74' lang='grc' dir='ltr'>τείνεσθαι,</span> <span class='ocrx_word' id='word_1_75' title='bbox 249 546 299 574; x_wconf 74' lang='grc' dir='ltr'>οὐκ</span> <span class='ocrx_word' id='word_1_76' title='bbox 311 546 345 573; x_wconf 83' lang='grc' dir='ltr'>ἂν</span> <span class='ocrx_word' id='word_1_77' title='bbox 359 546 389 572; x_wconf 79' lang='grc' dir='ltr'>τὸ</span> <span class='ocrx_word' id='word_1_78' title='bbox 401 546 532 574; x_wconf 80' lang='grc' dir='ltr'>ἀδύνατον</span> <span class='ocrx_word' id='word_1_79' title='bbox 549 548 587 578; x_wconf 74' lang='lat' dir='ltr'><strong>El;</strong></span> <span class='ocrx_word' id='word_1_80' title='bbox 604 548 638 574; x_wconf 71' lang='grc' dir='ltr'>τὰ</span> <span class='ocrx_word' id='word_1_81' title='bbox 653 547 773 575; x_wconf 79' lang='grc' dir='ltr'>ἀδύνατα</span> <span class='ocrx_word' id='word_1_82' title='bbox 784 549 869 585; x_wconf 78' lang='grc' dir='ltr'><strong>προὺ-</strong></span> 
     </span>
    </p>
   </div>
   <div class='ocr_carea' id='block_1_13' title="bbox 80 591 202 618">
    <p class='ocr_par' dir='ltr' id='par_1_13' title="bbox 80 591 202 618">
     <span class='ocr_line' id='line_1_13' title="bbox 80 591 202 618; baseline 0.008 -2"><span class='ocrx_word' id='word_1_83' title='bbox 80 591 202 618; x_wconf 69' lang='grc' dir='ltr'>καλεῖται.</span> 
     </span>
    </p>
   </div>
   <div class='ocr_carea' id='block_1_14' title="bbox 121 636 868 676">
    <p class='ocr_par' dir='ltr' id='par_1_14' title="bbox 121 636 868 676">
     <span class='ocr_line' id='line_1_14' title="bbox 121 636 868 676; baseline 0.008 -14"><span class='ocrx_word' id='word_1_84' title='bbox 121 637 201 662; x_wconf 80' lang='grc' dir='ltr'>Ὥστε</span> <span class='ocrx_word' id='word_1_85' title='bbox 213 637 243 662; x_wconf 79' lang='grc' dir='ltr'><strong>τὸ</strong></span> <span class='ocrx_word' id='word_1_86' title='bbox 254 636 420 671; x_wconf 80' lang='grc' dir='ltr'>τιμιώτατον</span> <span class='ocrx_word' id='word_1_87' title='bbox 436 638 483 664; x_wconf 85' lang='grc' dir='ltr'>τοῦ</span> <span class='ocrx_word' id='word_1_88' title='bbox 493 638 562 665; x_wconf 74' lang='grc' dir='ltr'>Θεοῦ</span> <span class='ocrx_word' id='word_1_89' title='bbox 581 639 683 672; x_wconf 77' lang='grc' dir='ltr'>κτίσμα</span> <span class='ocrx_word' id='word_1_90' title='bbox 698 641 711 666; x_wconf 84' lang='grc' dir='ltr'>ὁ</span> <span class='ocrx_word' id='word_1_91' title='bbox 726 640 868 676; x_wconf 68' lang='grc' dir='ltr'>ἄνθρωπος</span> 
     </span>
    </p>
   </div>
   <div class='ocr_carea' id='block_1_15' title="bbox 79 681 868 722">
    <p class='ocr_par' dir='ltr' id='par_1_15' title="bbox 79 681 868 722">
     <span class='ocr_line' id='line_1_15' title="bbox 79 681 868 722; baseline 0.008 -15"><span class='ocrx_word' id='word_1_92' title='bbox 79 681 191 715; x_wconf 77' lang='grc' dir='ltr'><strong>ἐπέγνω</strong></span> <span class='ocrx_word' id='word_1_93' title='bbox 201 682 247 708; x_wconf 70' lang='grc' dir='ltr'>τὸν</span> <span class='ocrx_word' id='word_1_94' title='bbox 261 682 351 717; x_wconf 82' lang='grc' dir='ltr'><strong>ἀληθῆ</strong></span> <span class='ocrx_word' id='word_1_95' title='bbox 362 683 435 710; x_wconf 51' lang='grc' dir='ltr'>’Θεὸν</span> <span class='ocrx_word' id='word_1_96' title='bbox 453 683 499 719; x_wconf 65' lang='grc' dir='ltr'><strong>διὰ</strong></span> <span class='ocrx_word' id='word_1_97' title='bbox 514 683 561 711; x_wconf 82' lang='grc' dir='ltr'>τοῦ</span> <span class='ocrx_word' id='word_1_98' title='bbox 579 684 626 711; x_wconf 64' lang='grc' dir='ltr'><strong>τὸν</strong></span> <span class='ocrx_word' id='word_1_99' title='bbox 637 684 706 712; x_wconf 82' lang='grc' dir='ltr'>Θεὸν</span> <span class='ocrx_word' id='word_1_100' title='bbox 722 685 868 722; x_wconf 80' lang='grc' dir='ltr'>ἄνθρωπον</span> 
     </span>
    </p>
   </div>
   <div class='ocr_carea' id='block_1_16' title="bbox 78 727 867 766">
    <p class='ocr_par' dir='ltr' id='par_1_16' title="bbox 78 727 867 766">
     <span class='ocr_line' id='line_1_16' title="bbox 78 727 867 766; baseline 0.006 -13"><span class='ocrx_word' id='word_1_101' title='bbox 78 727 225 761; x_wconf 78' lang='grc' dir='ltr'>γενέσθαι,</span> <span class='ocrx_word' id='word_1_102' title='bbox 242 728 290 754; x_wconf 73' lang='grc' dir='ltr'>καὶ</span> <span class='ocrx_word' id='word_1_103' title='bbox 306 729 356 763; x_wconf 82' lang='grc' dir='ltr'>τῆς</span> <span class='ocrx_word' id='word_1_104' title='bbox 377 729 432 755; x_wconf 85' lang='grc' dir='ltr'>τῶν</span> <span class='ocrx_word' id='word_1_105' title='bbox 444 729 580 765; x_wconf 79' lang='grc' dir='ltr'><strong>δαιμόνων</strong></span> <span class='ocrx_word' id='word_1_106' title='bbox 605 731 711 766; x_wconf 77' lang='grc' dir='ltr'>ἀπέστη</span> <span class='ocrx_word' id='word_1_107' title='bbox 738 731 867 766; x_wconf 82' lang='grc' dir='ltr'><strong>λατρείας</strong></span> 
     </span>
    </p>
   </div>
   <div class='ocr_carea' id='block_1_17' title="bbox 78 773 867 812">
    <p class='ocr_par' dir='ltr' id='par_1_17' title="bbox 78 773 867 812">
     <span class='ocr_line' id='line_1_17' title="bbox 78 773 867 812; baseline 0.006 -13"><span class='ocrx_word' id='word_1_108' title='bbox 78 773 130 799; x_wconf 74' lang='grc' dir='ltr'>καὶ</span> <span class='ocrx_word' id='word_1_109' title='bbox 147 774 322 805; x_wconf 80' lang='grc' dir='ltr'>πλάνης,καὶ</span> <span class='ocrx_word' id='word_1_110' title='bbox 337 774 386 809; x_wconf 81' lang='grc' dir='ltr'>τῆς</span> <span class='ocrx_word' id='word_1_111' title='bbox 402 775 500 805; x_wconf 67' lang='grc' dir='ltr'>ἰάσεως</span> <span class='ocrx_word' id='word_1_112' title='bbox 513 775 618 811; x_wconf 84' lang='grc' dir='ltr'>ἔτυχεν.</span> <span class='ocrx_word' id='word_1_113' title='bbox 629 776 668 803; x_wconf 72' lang='grc' dir='ltr'><strong>Οὖ</strong></span> <span class='ocrx_word' id='word_1_114' title='bbox 683 776 736 811; x_wconf 83' lang='grc' dir='ltr'><strong>γὰρ</strong></span> <span class='ocrx_word' id='word_1_115' title='bbox 748 775 782 812; x_wconf 77' lang='grc' dir='ltr'>ἦν</span> <span class='ocrx_word' id='word_1_116' title='bbox 793 778 867 810; x_wconf 76' lang='grc' dir='ltr'>εἰκὸς</span> 
     </span>
    </p>
   </div>
   <div class='ocr_carea' id='block_1_18' title="bbox 77 819 866 857">
    <p class='ocr_par' dir='ltr' id='par_1_18' title="bbox 77 819 866 857">
     <span class='ocr_line' id='line_1_18' title="bbox 77 819 866 857; baseline 0.006 -12"><span class='ocrx_word' id='word_1_117' title='bbox 77 819 131 845; x_wconf 75' lang='grc' dir='ltr'>τὸν</span> <span class='ocrx_word' id='word_1_118' title='bbox 141 819 220 852; x_wconf 71' lang='grc' dir='ltr'>θεὸν,</span> <span class='ocrx_word' id='word_1_119' title='bbox 230 819 332 853; x_wconf 81' lang='grc' dir='ltr'>ἀγαθὸν</span> <span class='ocrx_word' id='word_1_120' title='bbox 343 819 420 852; x_wconf 72' lang='grc' dir='ltr'>ὄντα,</span> <span class='ocrx_word' id='word_1_121' title='bbox 430 821 459 847; x_wconf 79' lang='grc' dir='ltr'>τὶι</span> <span class='ocrx_word' id='word_1_122' title='bbox 469 821 569 848; x_wconf 78' lang='grc' dir='ltr'>ἑαυτοῦ</span> <span class='ocrx_word' id='word_1_123' title='bbox 581 821 695 857; x_wconf 81' lang='grc' dir='ltr'><strong>πλάσμα</strong></span> <span class='ocrx_word' id='word_1_124' title='bbox 706 823 866 851; x_wconf 79' lang='grc' dir='ltr'><strong>καταλιπεῖν</strong></span> 
     </span>
    </p>
   </div>
   <div class='ocr_carea' id='block_1_19' title="bbox 79 863 247 899">
    <p class='ocr_par' dir='ltr' id='par_1_19' title="bbox 79 863 247 899">
     <span class='ocr_line' id='line_1_19' title="bbox 79 863 247 899; baseline 0.006 -10"><span class='ocrx_word' id='word_1_125' title='bbox 79 863 247 899; x_wconf 73' lang='grc' dir='ltr'>ἀϐοήθητον.</span> 
     </span>
    </p>
   </div>
   <div class='ocr_carea' id='block_1_20' title="bbox 921 273 1735 316">
    <p class='ocr_par' dir='ltr' id='par_1_20' title="bbox 921 273 1735 316">
     <span class='ocr_line' id='line_1_20' title="bbox 921 273 1735 316; baseline 0.01 -15"><span class='ocrx_word' id='word_1_126' title='bbox 921 274 1010 303; x_wconf 84' lang='lat' dir='ltr'><strong>Homo</strong></span> <span class='ocrx_word' id='word_1_127' title='bbox 1033 277 1105 303; x_wconf 86' lang='lat' dir='ltr'><strong>enim</strong></span> <span class='ocrx_word' id='word_1_128' title='bbox 1121 285 1186 305; x_wconf 63' lang='lat' dir='ltr'><strong>sua:</strong></span> <span class='ocrx_word' id='word_1_129' title='bbox 1207 279 1337 306; x_wconf 82' lang='lat' dir='ltr'><strong>conscius</strong></span> <span class='ocrx_word' id='word_1_130' title='bbox 1360 279 1540 312; x_wconf 85' lang='lat' dir='ltr'><strong>inﬁrmitatis,</strong></span> <span class='ocrx_word' id='word_1_131' title='bbox 1564 289 1705 316; x_wconf 84' lang='lat' dir='ltr'><strong>nunquam</strong></span> <span class='ocrx_word' id='word_1_132' title='bbox 1731 273 1735 276; x_wconf 49' lang='grc'><strong>’</strong></span> 
     </span>
    </p>
   </div>
   <div class='ocr_carea' id='block_1_21' title="bbox 921 321 1706 359">
    <p class='ocr_par' dir='ltr' id='par_1_21' title="bbox 921 321 1706 359">
     <span class='ocr_line' id='line_1_21' title="bbox 921 321 1706 359; baseline 0.011 -13"><span class='ocrx_word' id='word_1_133' title='bbox 921 327 950 347; x_wconf 88' lang='lat' dir='ltr'><strong>se</strong></span> <span class='ocrx_word' id='word_1_134' title='bbox 967 321 999 348; x_wconf 87' lang='lat' dir='ltr'><strong>ad</strong></span> <span class='ocrx_word' id='word_1_135' title='bbox 1017 329 1075 349; x_wconf 81' lang='lat' dir='ltr'><strong>eam</strong></span> <span class='ocrx_word' id='word_1_136' title='bbox 1090 330 1234 351; x_wconf 75' lang='lat' dir='ltr'><strong>evasurum</strong></span> <span class='ocrx_word' id='word_1_137' title='bbox 1251 325 1429 359; x_wconf 83' lang='lat' dir='ltr'><strong>exrstimaret,</strong></span> <span class='ocrx_word' id='word_1_138' title='bbox 1443 326 1497 354; x_wconf 85' lang='lat' dir='ltr'><strong>nisi</strong></span> <span class='ocrx_word' id='word_1_139' title='bbox 1512 331 1614 354; x_wconf 84' lang='lat' dir='ltr'><strong>tantam</strong></span> <span class='ocrx_word' id='word_1_140' title='bbox 1632 328 1657 355; x_wconf 91' lang='lat' dir='ltr'><strong>in</strong></span> <span class='ocrx_word' id='word_1_141' title='bbox 1676 336 1706 354; x_wconf 83' lang='lat' dir='ltr'><strong>sc</strong></span> 
     </span>
    </p>
   </div>
   <div class='ocr_carea' id='block_1_22' title="bbox 922 366 1704 406">
    <p class='ocr_par' dir='ltr' id='par_1_22' title="bbox 922 366 1704 406">
     <span class='ocr_line' id='line_1_22' title="bbox 922 366 1704 406; baseline 0.012 -14"><span class='ocrx_word' id='word_1_142' title='bbox 922 366 968 394; x_wconf 85' lang='lat' dir='ltr'><strong>Dei</strong></span> <span class='ocrx_word' id='word_1_143' title='bbox 991 368 1177 402; x_wconf 77' lang='lat' dir='ltr'><strong>dignationem</strong></span> <span class='ocrx_word' id='word_1_144' title='bbox 1194 366 1309 402; x_wconf 76' lang='lat' dir='ltr'><strong>videret,</strong></span> <span class='ocrx_word' id='word_1_145' title='bbox 1332 376 1361 399; x_wconf 89' lang='lat' dir='ltr'><strong>ut</strong></span> <span class='ocrx_word' id='word_1_146' title='bbox 1384 377 1410 398; x_wconf 87' lang='lat' dir='ltr'><strong>et</strong></span> <span class='ocrx_word' id='word_1_147' title='bbox 1428 372 1497 399; x_wconf 90' lang='lat' dir='ltr'><strong>Deus</strong></span> <span class='ocrx_word' id='word_1_148' title='bbox 1517 373 1598 400; x_wconf 88' lang='lat' dir='ltr'><strong>homo</strong></span> <span class='ocrx_word' id='word_1_149' title='bbox 1617 373 1704 406; x_wconf 81' lang='lat' dir='ltr'><strong>ﬁeret,</strong></span> 
     </span>
    </p>
   </div>
   <div class='ocr_carea' id='block_1_23' title="bbox 921 412 1705 445">
    <p class='ocr_par' dir='ltr' id='par_1_23' title="bbox 921 412 1705 445">
     <span class='ocr_line' id='line_1_23' title="bbox 921 412 1705 445; baseline 0.009 -7"><span class='ocrx_word' id='word_1_150' title='bbox 921 419 952 439; x_wconf 86' lang='lat' dir='ltr'><strong>ac</strong></span> <span class='ocrx_word' id='word_1_151' title='bbox 970 412 1021 440; x_wconf 86' lang='lat' dir='ltr'><strong>nisi</strong></span> <span class='ocrx_word' id='word_1_152' title='bbox 1038 413 1071 440; x_wconf 82' lang='lat' dir='ltr'><strong>ad</strong></span> <span class='ocrx_word' id='word_1_153' title='bbox 1097 421 1127 441; x_wconf 84' lang='lat' dir='ltr'><strong>se</strong></span> <span class='ocrx_word' id='word_1_154' title='bbox 1149 414 1221 442; x_wconf 88' lang='lat' dir='ltr'><strong>D&#39;eus</strong></span> <span class='ocrx_word' id='word_1_155' title='bbox 1238 422 1289 443; x_wconf 89' lang='lat' dir='ltr'><strong>nos</strong></span> <span class='ocrx_word' id='word_1_156' title='bbox 1313 416 1451 443; x_wconf 85' lang='lat' dir='ltr'><strong>invitaret.</strong></span> <span class='ocrx_word' id='word_1_157' title='bbox 1479 417 1534 445; x_wconf 76' lang='lat' dir='ltr'><strong>Nisi</strong></span> <span class='ocrx_word' id='word_1_158' title='bbox 1549 418 1621 444; x_wconf 90' lang='lat' dir='ltr'><strong>enim</strong></span> <span class='ocrx_word' id='word_1_159' title='bbox 1647 419 1705 445; x_wconf 88' lang='lat' dir='ltr'><strong>ﬁeri</strong></span> 
     </span>
    </p>
   </div>
   <div class='ocr_carea' id='block_1_24' title="bbox 921 461 1702 494">
    <p class='ocr_par' dir='ltr' id='par_1_24' title="bbox 921 461 1702 494">
     <span class='ocr_line' id='line_1_24' title="bbox 921 461 1702 494; baseline 0.006 -9"><span class='ocrx_word' id='word_1_160' title='bbox 921 463 1022 492; x_wconf 84' lang='lat' dir='ltr'><strong>posset,</strong></span> <span class='ocrx_word' id='word_1_161' title='bbox 1043 463 1072 486; x_wconf 89' lang='lat' dir='ltr'><strong>ut</strong></span> <span class='ocrx_word' id='word_1_162' title='bbox 1088 466 1136 494; x_wconf 84' lang='lat' dir='ltr'><strong>pro</strong></span> <span class='ocrx_word' id='word_1_163' title='bbox 1152 464 1252 488; x_wconf 74' lang='lat' dir='ltr'><strong>nostra:</strong></span> <span class='ocrx_word' id='word_1_164' title='bbox 1274 461 1410 489; x_wconf 70' lang='lat' dir='ltr'><strong>facultatis</strong></span> <span class='ocrx_word' id='word_1_165' title='bbox 1428 463 1538 490; x_wconf 87' lang='lat' dir='ltr'><strong>modulo</strong></span> <span class='ocrx_word' id='word_1_166' title='bbox 1559 464 1592 490; x_wconf 84' lang='lat' dir='ltr'><strong>ad</strong></span> <span class='ocrx_word' id='word_1_167' title='bbox 1617 463 1702 490; x_wconf 83' lang='lat' dir='ltr'><strong>Deum</strong></span> 
     </span>
    </p>
   </div>
   <div class='ocr_carea' id='block_1_25' title="bbox 920 502 1703 544">
    <p class='ocr_par' dir='ltr' id='par_1_25' title="bbox 920 502 1703 544">
     <span class='ocr_line' id='line_1_25' title="bbox 920 502 1703 544; baseline 0.011 -15"><span class='ocrx_word' id='word_1_168' title='bbox 920 502 972 537; x_wconf 81' lang='lat' dir='ltr'><strong>ipsi</strong></span> <span class='ocrx_word' id='word_1_169' title='bbox 1001 504 1179 538; x_wconf 82' lang='lat' dir='ltr'><strong>eniteremur,</strong></span> <span class='ocrx_word' id='word_1_170' title='bbox 1202 513 1340 540; x_wconf 86' lang='lat' dir='ltr'><strong>nunquam</strong></span> <span class='ocrx_word' id='word_1_171' title='bbox 1370 507 1415 535; x_wconf 90' lang='lat' dir='ltr'><strong>ille</strong></span> <span class='ocrx_word' id='word_1_172' title='bbox 1444 509 1476 535; x_wconf 88' lang='lat' dir='ltr'><strong>ad</strong></span> <span class='ocrx_word' id='word_1_173' title='bbox 1511 509 1703 544; x_wconf 79' lang='lat' dir='ltr'><strong>impossibilia,</strong></span> 
     </span>
    </p>
   </div>
   <div class='ocr_carea' id='block_1_26' title="bbox 919 549 1472 587">
    <p class='ocr_par' dir='ltr' id='par_1_26' title="bbox 919 549 1472 587">
     <span class='ocr_line' id='line_1_26' title="bbox 919 549 1472 587; baseline 0.013 -13"><span class='ocrx_word' id='word_1_174' title='bbox 919 549 992 583; x_wconf 91' lang='lat' dir='ltr'><strong>quod</strong></span> <span class='ocrx_word' id='word_1_175' title='bbox 1007 549 1179 584; x_wconf 70' lang='lat' dir='ltr'><strong>impossibile</strong></span> <span class='ocrx_word' id='word_1_176' title='bbox 1195 556 1282 584; x_wconf 86' lang='lat' dir='ltr'><strong>esset,</strong></span> <span class='ocrx_word' id='word_1_177' title='bbox 1301 559 1472 587; x_wconf 84' lang='lat' dir='ltr'><strong>provocaret.</strong></span> 
     </span>
    </p>
   </div>
   <div class='ocr_carea' id='block_1_27' title="bbox 955 635 1701 678">
    <p class='ocr_par' dir='ltr' id='par_1_27' title="bbox 955 635 1701 678">
     <span class='ocr_line' id='line_1_27' title="bbox 955 635 1701 678; baseline 0.013 -16"><span class='ocrx_word' id='word_1_178' title='bbox 955 635 1058 670; x_wconf 83' lang='lat' dir='ltr'><strong>Itaque.</strong></span> <span class='ocrx_word' id='word_1_179' title='bbox 1079 638 1124 671; x_wconf 85' lang='lat' dir='ltr'><strong>qui</strong></span> <span class='ocrx_word' id='word_1_180' title='bbox 1145 638 1217 666; x_wconf 84' lang='lat' dir='ltr'><strong>inter</strong></span> <span class='ocrx_word' id='word_1_181' title='bbox 1233 638 1279 667; x_wconf 86' lang='lat' dir='ltr'><strong>Dei</strong></span> <span class='ocrx_word' id='word_1_182' title='bbox 1304 640 1430 675; x_wconf 79' lang='lat' dir='ltr'><strong>ﬁgmenta</strong></span> <span class='ocrx_word' id='word_1_183' title='bbox 1447 642 1593 678; x_wconf 80' lang='lat' dir='ltr'><strong>principem</strong></span> <span class='ocrx_word' id='word_1_184' title='bbox 1612 645 1701 672; x_wconf 87' lang='lat' dir='ltr'><strong>locum</strong></span> 
     </span>
    </p>
   </div>
   <div class='ocr_carea' id='block_1_28' title="bbox 919 680 1702 725">
    <p class='ocr_par' dir='ltr' id='par_1_28' title="bbox 919 680 1702 725">
     <span class='ocr_line' id='line_1_28' title="bbox 919 680 1702 725; baseline 0.018 -21"><span class='ocrx_word' id='word_1_185' title='bbox 919 681 1003 711; x_wconf 86' lang='lat' dir='ltr'><strong>tenet.</strong></span> <span class='ocrx_word' id='word_1_186' title='bbox 1019 680 1110 714; x_wconf 89' lang='lat' dir='ltr'><strong>homo,</strong></span> <span class='ocrx_word' id='word_1_187' title='bbox 1127 682 1188 710; x_wconf 89' lang='lat' dir='ltr'><strong>inde</strong></span> <span class='ocrx_word' id='word_1_188' title='bbox 1204 691 1298 711; x_wconf 91' lang='lat' dir='ltr'><strong>verum</strong></span> <span class='ocrx_word' id='word_1_189' title='bbox 1312 687 1421 721; x_wconf 78' lang='lat' dir='ltr'><strong>agnovit</strong></span> <span class='ocrx_word' id='word_1_190' title='bbox 1434 687 1529 725; x_wconf 52' lang='lat' dir='ltr'><strong>Deum,</strong></span> <span class='ocrx_word' id='word_1_191' title='bbox 1543 691 1614 723; x_wconf 89' lang='lat' dir='ltr'><strong>quod</strong></span> <span class='ocrx_word' id='word_1_192' title='bbox 1631 690 1702 719; x_wconf 82' lang='lat' dir='ltr'><strong>Deus</strong></span> 
     </span>
    </p>
   </div>
   <div class='ocr_carea' id='block_1_29' title="bbox 922 725 1702 766">
    <p class='ocr_par' dir='ltr' id='par_1_29' title="bbox 922 725 1702 766">
     <span class='ocr_line' id='line_1_29' title="bbox 922 725 1702 766; baseline 0.017 -15"><span class='ocrx_word' id='word_1_193' title='bbox 922 725 1005 753; x_wconf 85' lang='lat' dir='ltr'><strong>homo</strong></span> <span class='ocrx_word' id='word_1_194' title='bbox 1022 726 1110 755; x_wconf 80' lang='lat' dir='ltr'><strong>factus</strong></span> <span class='ocrx_word' id='word_1_195' title='bbox 1123 735 1183 763; x_wconf 88' lang='lat' dir='ltr'><strong>est;</strong></span> <span class='ocrx_word' id='word_1_196' title='bbox 1201 731 1407 766; x_wconf 68' lang='lat' dir='ltr'><strong>abscedensiwe</strong></span> <span class='ocrx_word' id='word_1_197' title='bbox 1423 741 1436 760; x_wconf 89' lang='lat' dir='ltr'><strong>a</strong></span> <span class='ocrx_word' id='word_1_198' title='bbox 1459 735 1611 763; x_wconf 68' lang='lat' dir='ltr'><strong>daemonum</strong></span> <span class='ocrx_word' id='word_1_199' title='bbox 1627 738 1702 764; x_wconf 89' lang='lat' dir='ltr'><strong>cultu</strong></span> 
     </span>
    </p>
   </div>
   <div class='ocr_carea' id='block_1_30' title="bbox 918 774 1704 816">
    <p class='ocr_par' dir='ltr' id='par_1_30' title="bbox 918 774 1704 816">
     <span class='ocr_line' id='line_1_30' title="bbox 918 774 1704 816; baseline 0.017 -20"><span class='ocrx_word' id='word_1_200' title='bbox 918 777 951 796; x_wconf 83' lang='lat' dir='ltr'><strong>ac</strong></span> <span class='ocrx_word' id='word_1_201' title='bbox 970 777 1075 802; x_wconf 87' lang='lat' dir='ltr'><strong>errore,</strong></span> <span class='ocrx_word' id='word_1_202' title='bbox 1096 774 1241 801; x_wconf 80' lang='lat' dir='ltr'><strong>sanitatem</strong></span> <span class='ocrx_word' id='word_1_203' title='bbox 1264 776 1390 811; x_wconf 89' lang='lat' dir='ltr'><strong>indeptus</strong></span> <span class='ocrx_word' id='word_1_204' title='bbox 1410 783 1461 806; x_wconf 85' lang='lat' dir='ltr'><strong>est.</strong></span> <span class='ocrx_word' id='word_1_205' title='bbox 1482 779 1541 806; x_wconf 85' lang='lat' dir='ltr'><strong>Non</strong></span> <span class='ocrx_word' id='word_1_206' title='bbox 1558 781 1628 808; x_wconf 86' lang='lat' dir='ltr'><strong>enim</strong></span> <span class='ocrx_word' id='word_1_207' title='bbox 1655 789 1704 816; x_wconf 89' lang='lat' dir='ltr'><strong>par</strong></span> 
     </span>
    </p>
   </div>
   <div class='ocr_carea' id='block_1_31' title="bbox 918 817 1703 859">
    <p class='ocr_par' dir='ltr' id='par_1_31' title="bbox 918 817 1703 859">
     <span class='ocr_line' id='line_1_31' title="bbox 918 817 1703 859; baseline 0.019 -18"><span class='ocrx_word' id='word_1_208' title='bbox 918 819 976 842; x_wconf 86' lang='lat' dir='ltr'><strong>erat</strong></span> <span class='ocrx_word' id='word_1_209' title='bbox 1011 821 1041 844; x_wconf 87' lang='lat' dir='ltr'><strong>ut</strong></span> <span class='ocrx_word' id='word_1_210' title='bbox 1074 817 1157 852; x_wconf 78' lang='lat' dir='ltr'><strong>Deus,</strong></span> <span class='ocrx_word' id='word_1_211' title='bbox 1181 820 1227 855; x_wconf 90' lang='lat' dir='ltr'><strong>qui</strong></span> <span class='ocrx_word' id='word_1_212' title='bbox 1252 821 1340 850; x_wconf 87' lang='lat' dir='ltr'><strong>bonus</strong></span> <span class='ocrx_word' id='word_1_213' title='bbox 1359 823 1405 854; x_wconf 86' lang='lat' dir='ltr'><strong>sit.</strong></span> <span class='ocrx_word' id='word_1_214' title='bbox 1437 824 1594 859; x_wconf 83' lang='lat' dir='ltr'><strong>ﬁgmentum</strong></span> <span class='ocrx_word' id='word_1_215' title='bbox 1622 836 1703 856; x_wconf 86' lang='lat' dir='ltr'><strong>suum</strong></span> 
     </span>
    </p>
   </div>
   <div class='ocr_carea' id='block_1_32' title="bbox 916 862 1428 903">
    <p class='ocr_par' dir='ltr' id='par_1_32' title="bbox 916 862 1428 903">
     <span class='ocr_line' id='line_1_32' title="bbox 916 862 1428 903; baseline 0.016 -15"><span class='ocrx_word' id='word_1_216' title='bbox 916 862 991 889; x_wconf 87' lang='lat' dir='ltr'><strong>omni</strong></span> <span class='ocrx_word' id='word_1_217' title='bbox 1008 863 1169 892; x_wconf 84' lang='lat' dir='ltr'><strong>destitutum</strong></span> <span class='ocrx_word' id='word_1_218' title='bbox 1183 873 1234 900; x_wconf 89' lang='lat' dir='ltr'><strong>ope</strong></span> <span class='ocrx_word' id='word_1_219' title='bbox 1249 868 1428 903; x_wconf 80' lang='lat' dir='ltr'><strong>relinqueret.</strong></span> 
     </span>
    </p>
   </div>
   <div class='ocr_carea' id='block_1_33' title="bbox 119 907 865 950">
    <p class='ocr_par' dir='ltr' id='par_1_33' title="bbox 119 909 865 949">
     <span class='ocr_line' id='line_1_33' title="bbox 119 909 865 949; baseline 0.007 -13"><span class='ocrx_word' id='word_1_220' title='bbox 119 909 237 937; x_wconf 83' lang='grc' dir='ltr'>Ἔπειτα</span> <span class='ocrx_word' id='word_1_221' title='bbox 247 910 309 937; x_wconf 76' lang='grc' dir='ltr'>ἐπεὶ</span> <span class='ocrx_word' id='word_1_222' title='bbox 334 911 466 946; x_wconf 78' lang='grc' dir='ltr'>ἐλέγομεν</span> <span class='ocrx_word' id='word_1_223' title='bbox 479 913 509 938; x_wconf 77' lang='grc' dir='ltr'>τὸ</span> <span class='ocrx_word' id='word_1_224' title='bbox 525 912 698 947; x_wconf 84' lang='grc' dir='ltr'>ἀνθρώπινον</span> <span class='ocrx_word' id='word_1_225' title='bbox 714 913 865 949; x_wconf 79' lang='grc' dir='ltr'>ἁμάρτημα</span> 
     </span>
    </p>
   </div>
   <div class='ocr_carea' id='block_1_34' title="bbox 918 907 1703 950">
    <p class='ocr_par' dir='ltr' id='par_1_34' title="bbox 956 907 1703 949">
     <span class='ocr_line' id='line_1_34' title="bbox 956 907 1703 949; baseline 0.017 -16"><span class='ocrx_word' id='word_1_226' title='bbox 956 907 1071 940; x_wconf 85' lang='lat' dir='ltr'><strong>Deinde,</strong></span> <span class='ocrx_word' id='word_1_227' title='bbox 1094 911 1157 944; x_wconf 77' lang='lat' dir='ltr'><strong>quia</strong></span> <span class='ocrx_word' id='word_1_228' title='bbox 1180 911 1339 941; x_wconf 80' lang='lat' dir='ltr'><strong>dicebamus</strong></span> <span class='ocrx_word' id='word_1_229' title='bbox 1365 921 1507 949; x_wconf 80' lang='lat' dir='ltr'><strong>peccatum</strong></span> <span class='ocrx_word' id='word_1_230' title='bbox 1531 917 1653 947; x_wconf 87' lang='lat' dir='ltr'><strong>hominis</strong></span> <span class='ocrx_word' id='word_1_231' title='bbox 1676 919 1703 946; x_wconf 89' lang='lat' dir='ltr'><strong>in</strong></span> 
     </span>
    </p>
   </div>
   <div class='ocr_carea' id='block_1_35' title="bbox 77 956 867 994">
    <p class='ocr_par' dir='ltr' id='par_1_35' title="bbox 77 956 867 994">
     <span class='ocr_line' id='line_1_35' title="bbox 77 956 867 994; baseline 0.006 -12"><span class='ocrx_word' id='word_1_232' title='bbox 77 956 260 984; x_wconf 75' lang='grc' dir='ltr'>συνίστασθαι</span> <span class='ocrx_word' id='word_1_233' title='bbox 276 957 309 984; x_wconf 85' lang='grc' dir='ltr'>ὲκ</span> <span class='ocrx_word' id='word_1_234' title='bbox 325 957 372 983; x_wconf 85' lang='grc' dir='ltr'>τοῦ</span> <span class='ocrx_word' id='word_1_235' title='bbox 400 957 435 984; x_wconf 84' lang='grc' dir='ltr'><strong>τὰ.</strong></span> <span class='ocrx_word' id='word_1_236' title='bbox 459 957 551 992; x_wconf 78' lang='grc' dir='ltr'>φαῦλα</span> <span class='ocrx_word' id='word_1_237' title='bbox 583 959 730 994; x_wconf 75' lang='grc' dir='ltr'><strong>ἐπιθυμεῖν</strong></span> <span class='ocrx_word' id='word_1_238' title='bbox 763 959 812 986; x_wconf 75' lang='grc' dir='ltr'><strong>καὶ</strong></span> <span class='ocrx_word' id='word_1_239' title='bbox 834 960 867 987; x_wconf 75' lang='grc' dir='ltr'><strong>τὰ</strong></span> 
     </span>
    </p>
   </div>
   <div class='ocr_carea' id='block_1_36' title="bbox 79 1003 865 1040">
    <p class='ocr_par' dir='ltr' id='par_1_36' title="bbox 79 1003 865 1040">
     <span class='ocr_line' id='line_1_36' title="bbox 79 1003 865 1040; baseline 0.005 -12"><span class='ocrx_word' id='word_1_240' title='bbox 79 1004 228 1037; x_wconf 61' lang='grc' dir='ltr'>σωματικὰ</span> <span class='ocrx_word' id='word_1_241' title='bbox 256 1003 358 1037; x_wconf 74' lang='grc' dir='ltr'>ἀγαθὰ,</span> <span class='ocrx_word' id='word_1_242' title='bbox 382 1003 418 1029; x_wconf 84' lang='grc' dir='ltr'>τὰ</span> <span class='ocrx_word' id='word_1_243' title='bbox 441 1003 469 1029; x_wconf 77' lang='grc' dir='ltr'>δὲ</span> <span class='ocrx_word' id='word_1_244' title='bbox 488 1003 587 1030; x_wconf 87' lang='grc' dir='ltr'>αιώνια</span> <span class='ocrx_word' id='word_1_245' title='bbox 613 1004 704 1038; x_wconf 80' lang='grc' dir='ltr'>ἀγαθὰ</span> <span class='ocrx_word' id='word_1_246' title='bbox 724 1005 865 1040; x_wconf 75' lang='grc' dir='ltr'><strong>οὐδαμῶς·</strong></span> 
     </span>
    </p>
   </div>
   <div class='ocr_carea' id='block_1_37' title="bbox 80 1045 867 1085">
    <p class='ocr_par' dir='ltr' id='par_1_37' title="bbox 80 1045 867 1085">
     <span class='ocr_line' id='line_1_37' title="bbox 80 1045 867 1085; baseline 0.005 -12"><span class='ocrx_word' id='word_1_247' title='bbox 80 1049 142 1080; x_wconf 83' lang='grc' dir='ltr'>πῶς</span> <span class='ocrx_word' id='word_1_248' title='bbox 169 1045 204 1084; x_wconf 85' lang='grc' dir='ltr'>ἦν</span> <span class='ocrx_word' id='word_1_249' title='bbox 224 1048 338 1077; x_wconf 73' lang='grc' dir='ltr'>δυνατὸν</span> <span class='ocrx_word' id='word_1_250' title='bbox 370 1048 450 1077; x_wconf 85' lang='grc' dir='ltr'>τοῦτο</span> <span class='ocrx_word' id='word_1_251' title='bbox 489 1049 706 1085; x_wconf 79' lang='grc' dir='ltr'><strong>θεραπευθῆναι,</strong></span> <span class='ocrx_word' id='word_1_252' title='bbox 733 1051 780 1077; x_wconf 83' lang='grc' dir='ltr'>καὶ</span> <span class='ocrx_word' id='word_1_253' title='bbox 799 1050 867 1085; x_wconf 74' lang='grc' dir='ltr'>πρδς</span> 
     </span>
    </p>
   </div>
   <div class='ocr_carea' id='block_1_38' title="bbox 78 1090 866 1129">
    <p class='ocr_par' dir='ltr' id='par_1_38' title="bbox 78 1090 866 1129">
     <span class='ocr_line' id='line_1_38' title="bbox 78 1090 866 1129; baseline 0.004 -8"><span class='ocrx_word' id='word_1_254' title='bbox 78 1095 150 1121; x_wconf 74' lang='grc' dir='ltr'>Θεὸν</span> <span class='ocrx_word' id='word_1_255' title='bbox 169 1094 331 1129; x_wconf 76' lang='grc' dir='ltr'>ἀναχθῆναι,</span> <span class='ocrx_word' id='word_1_256' title='bbox 348 1094 382 1120; x_wconf 78' lang='grc' dir='ltr'>δι’</span> <span class='ocrx_word' id='word_1_257' title='bbox 394 1090 432 1120; x_wconf 83' lang='grc' dir='ltr'><strong>ὢν</strong></span> <span class='ocrx_word' id='word_1_258' title='bbox 452 1094 555 1129; x_wconf 77' lang='grc' dir='ltr'>ἔπραξε</span> <span class='ocrx_word' id='word_1_259' title='bbox 567 1096 614 1122; x_wconf 70' lang='grc' dir='ltr'>καὶ</span> <span class='ocrx_word' id='word_1_260' title='bbox 638 1096 761 1123; x_wconf 82' lang='grc' dir='ltr'>πέπονθε</span> <span class='ocrx_word' id='word_1_261' title='bbox 778 1097 866 1124; x_wconf 85' lang='grc' dir='ltr'>καθα-</span> 
     </span>
    </p>
   </div>
   <div class='ocr_carea' id='block_1_39' title="bbox 80 1139 867 1179">
    <p class='ocr_par' dir='ltr' id='par_1_39' title="bbox 80 1139 867 1179">
     <span class='ocr_line' id='line_1_39' title="bbox 80 1139 867 1179; baseline 0.005 -13"><span class='ocrx_word' id='word_1_262' title='bbox 80 1140 139 1176; x_wconf 78' lang='grc' dir='ltr'><strong>ρῶς</strong></span> <span class='ocrx_word' id='word_1_263' title='bbox 151 1139 248 1172; x_wconf 74' lang='grc' dir='ltr'>ἔδειξε.</span> <span class='ocrx_word' id='word_1_264' title='bbox 268 1140 319 1167; x_wconf 74' lang='grc' dir='ltr'><strong>Καὶ</strong></span> <span class='ocrx_word' id='word_1_265' title='bbox 332 1140 386 1179; x_wconf 69' lang='grc' dir='ltr'>γὰρ</span> <span class='ocrx_word' id='word_1_266' title='bbox 398 1140 519 1175; x_wconf 79' lang='grc' dir='ltr'><strong>πένητας</strong></span> <span class='ocrx_word' id='word_1_267' title='bbox 531 1141 628 1175; x_wconf 80' lang='grc' dir='ltr'>γονέας</span> <span class='ocrx_word' id='word_1_268' title='bbox 649 1142 802 1174; x_wconf 79' lang='grc' dir='ltr'>προείλετο,</span> <span class='ocrx_word' id='word_1_269' title='bbox 817 1144 867 1178; x_wconf 80' lang='grc' dir='ltr'>τὴν</span> 
     </span>
    </p>
   </div>
   <div class='ocr_carea' id='block_1_40' title="bbox 77 1185 865 1224">
    <p class='ocr_par' dir='ltr' id='par_1_40' title="bbox 77 1185 865 1224">
     <span class='ocr_line' id='line_1_40' title="bbox 77 1185 865 1224; baseline 0.004 -11"><span class='ocrx_word' id='word_1_270' title='bbox 77 1187 107 1213; x_wconf 76' lang='grc' dir='ltr'>δὲ</span> <span class='ocrx_word' id='word_1_271' title='bbox 119 1187 223 1221; x_wconf 81' lang='grc' dir='ltr'>ἀρετην</span> <span class='ocrx_word' id='word_1_272' title='bbox 237 1185 372 1217; x_wconf 81' lang='grc' dir='ltr'>τελείους,</span> <span class='ocrx_word' id='word_1_273' title='bbox 387 1186 432 1213; x_wconf 75' lang='grc' dir='ltr'><strong>ἵνα</strong></span> <span class='ocrx_word' id='word_1_274' title='bbox 446 1187 540 1222; x_wconf 79' lang='grc' dir='ltr'>μηδεὶς</span> <span class='ocrx_word' id='word_1_275' title='bbox 553 1187 722 1222; x_wconf 79' lang='grc' dir='ltr'>ὲγκαυχᾶται</span> <span class='ocrx_word' id='word_1_276' title='bbox 733 1190 766 1224; x_wconf 82' lang='grc' dir='ltr'><strong>τῇ</strong></span> <span class='ocrx_word' id='word_1_277' title='bbox 786 1189 865 1216; x_wconf 80' lang='grc' dir='ltr'>ἀσθε-</span> 
     </span>
    </p>
   </div>
   <div class='ocr_carea' id='block_1_41' title="bbox 77 1229 867 1270">
    <p class='ocr_par' dir='ltr' id='par_1_41' title="bbox 77 1229 867 1270">
     <span class='ocr_line' id='line_1_41' title="bbox 77 1229 867 1270; baseline 0.004 -12"><span class='ocrx_word' id='word_1_278' title='bbox 77 1232 140 1267; x_wconf 74' lang='grc' dir='ltr'>νείᾳ</span> <span class='ocrx_word' id='word_1_279' title='bbox 151 1231 202 1265; x_wconf 79' lang='grc' dir='ltr'>τῆς</span> <span class='ocrx_word' id='word_1_280' title='bbox 218 1231 332 1266; x_wconf 81' lang='grc' dir='ltr'>σαρκός.</span> <span class='ocrx_word' id='word_1_281' title='bbox 347 1231 457 1266; x_wconf 78' lang='grc' dir='ltr'>Πτωχδν</span> <span class='ocrx_word' id='word_1_282' title='bbox 472 1229 529 1267; x_wconf 77' lang='grc' dir='ltr'>εἶχε</span> <span class='ocrx_word' id='word_1_283' title='bbox 546 1231 614 1267; x_wconf 81' lang='grc' dir='ltr'>βίον,</span> <span class='ocrx_word' id='word_1_284' title='bbox 628 1233 672 1259; x_wconf 85' lang='grc' dir='ltr'>ῖνα</span> <span class='ocrx_word' id='word_1_285' title='bbox 686 1233 749 1265; x_wconf 81' lang='grc' dir='ltr'>τοὺς</span> <span class='ocrx_word' id='word_1_286' title='bbox 762 1233 867 1270; x_wconf 77' lang='grc' dir='ltr'>ἀνθρώ-</span> 
     </span>
    </p>
   </div>
   <div class='ocr_carea' id='block_1_42' title="bbox 78 1275 866 1315">
    <p class='ocr_par' dir='ltr' id='par_1_42' title="bbox 78 1275 866 1315">
     <span class='ocr_line' id='line_1_42' title="bbox 78 1275 866 1315; baseline 0.006 -13"><span class='ocrx_word' id='word_1_287' title='bbox 78 1284 150 1307; x_wconf 86' lang='grc' dir='ltr'>πους</span> <span class='ocrx_word' id='word_1_288' title='bbox 165 1275 259 1311; x_wconf 78' lang='grc' dir='ltr'><strong>διδάξῃ</strong></span> <span class='ocrx_word' id='word_1_289' title='bbox 275 1276 424 1311; x_wconf 85' lang='grc' dir='ltr'>χρημάτων</span> <span class='ocrx_word' id='word_1_290' title='bbox 442 1279 633 1312; x_wconf 77' lang='grc' dir='ltr'>καταφρονεῖν.</span> <span class='ocrx_word' id='word_1_291' title='bbox 664 1279 866 1315; x_wconf 80' lang='grc' dir='ltr'>Ἐστερημένος</span> 
     </span>
    </p>
   </div>
   <div class='ocr_carea' id='block_1_43' title="bbox 77 1321 867 1361">
    <p class='ocr_par' dir='ltr' id='par_1_43' title="bbox 77 1321 867 1361">
     <span class='ocr_line' id='line_1_43' title="bbox 77 1321 867 1361; baseline 0.008 -15"><span class='ocrx_word' id='word_1_292' title='bbox 77 1321 234 1355; x_wconf 76' lang='grc' dir='ltr'>ἀξιώματος</span> <span class='ocrx_word' id='word_1_293' title='bbox 245 1321 348 1353; x_wconf 74' lang='grc' dir='ltr'>διεϐίω,</span> <span class='ocrx_word' id='word_1_294' title='bbox 364 1322 408 1349; x_wconf 79' lang='grc' dir='ltr'>ἵνα</span> <span class='ocrx_word' id='word_1_295' title='bbox 423 1322 517 1358; x_wconf 82' lang='grc' dir='ltr'>παύσῃ</span> <span class='ocrx_word' id='word_1_296' title='bbox 547 1323 610 1355; x_wconf 80' lang='grc' dir='ltr'>τοὺς</span> <span class='ocrx_word' id='word_1_297' title='bbox 629 1323 791 1359; x_wconf 81' lang='grc' dir='ltr'>ἀνθρώπους</span> <span class='ocrx_word' id='word_1_298' title='bbox 815 1325 867 1361; x_wconf 76' lang='grc' dir='ltr'>τῆς</span> 
     </span>
    </p>
   </div>
   <div class='ocr_carea' id='block_1_44' title="bbox 77 1366 865 1407">
    <p class='ocr_par' dir='ltr' id='par_1_44' title="bbox 77 1366 865 1407">
     <span class='ocr_line' id='line_1_44' title="bbox 77 1366 865 1407; baseline 0.006 -14"><span class='ocrx_word' id='word_1_299' title='bbox 77 1367 199 1394; x_wconf 74' lang='grc' dir='ltr'>ἀτάκτου</span> <span class='ocrx_word' id='word_1_300' title='bbox 213 1366 279 1402; x_wconf 81' lang='grc' dir='ltr'>περὶ</span> <span class='ocrx_word' id='word_1_301' title='bbox 292 1366 341 1399; x_wconf 81' lang='grc' dir='ltr'><strong>τὰς</strong></span> <span class='ocrx_word' id='word_1_302' title='bbox 365 1367 449 1402; x_wconf 84' lang='grc' dir='ltr'>τιμὰς</span> <span class='ocrx_word' id='word_1_303' title='bbox 471 1368 630 1404; x_wconf 73' lang='grc' dir='ltr'>ἐπιθυμίας.</span> <span class='ocrx_word' id='word_1_304' title='bbox 647 1369 742 1404; x_wconf 80' lang='grc' dir='ltr'>Πόνον,</span> <span class='ocrx_word' id='word_1_305' title='bbox 776 1371 865 1407; x_wconf 82' lang='grc' dir='ltr'>λιμὸν,</span> 
     </span>
    </p>
   </div>
   <div class='ocr_carea' id='block_1_45' title="bbox 76 1411 866 1452">
    <p class='ocr_par' dir='ltr' id='par_1_45' title="bbox 76 1411 866 1452">
     <span class='ocr_line' id='line_1_45' title="bbox 76 1411 866 1452; baseline 0.008 -14"><span class='ocrx_word' id='word_1_306' title='bbox 76 1411 171 1446; x_wconf 60' lang='lat' dir='ltr'><strong>stem,</strong></span> <span class='ocrx_word' id='word_1_307' title='bbox 183 1412 318 1447; x_wconf 85' lang='grc' dir='ltr'>μάστιγας</span> <span class='ocrx_word' id='word_1_308' title='bbox 329 1413 466 1448; x_wconf 79' lang='grc' dir='ltr'><strong>ὑπέμενεν</strong></span> <span class='ocrx_word' id='word_1_309' title='bbox 482 1413 510 1440; x_wconf 71' lang='grc' dir='ltr'>ὲν</span> <span class='ocrx_word' id='word_1_310' title='bbox 523 1414 561 1449; x_wconf 86' lang='grc' dir='ltr'>τῷ</span> <span class='ocrx_word' id='word_1_311' title='bbox 576 1414 694 1450; x_wconf 85' lang='grc' dir='ltr'>σώματι,</span> <span class='ocrx_word' id='word_1_312' title='bbox 713 1415 756 1442; x_wconf 74' lang='grc' dir='ltr'>ἵνα</span> <span class='ocrx_word' id='word_1_313' title='bbox 774 1417 866 1452; x_wconf 77' lang='grc' dir='ltr'>διδάξῃ</span> 
     </span>
    </p>
   </div>
   <div class='ocr_carea' id='block_1_46' title="bbox 79 1456 867 1496">
    <p class='ocr_par' dir='ltr' id='par_1_46' title="bbox 79 1456 867 1496">
     <span class='ocr_line' id='line_1_46' title="bbox 79 1456 867 1496; baseline 0.009 -14"><span class='ocrx_word' id='word_1_314' title='bbox 79 1458 143 1488; x_wconf 69' lang='grc' dir='ltr'>τοὺς</span> <span class='ocrx_word' id='word_1_315' title='bbox 157 1456 316 1492; x_wconf 70' lang='grc' dir='ltr'><strong>ἀνθρώπους</strong></span> <span class='ocrx_word' id='word_1_316' title='bbox 346 1457 382 1493; x_wconf 82' lang='grc' dir='ltr'>μὴ</span> <span class='ocrx_word' id='word_1_317' title='bbox 403 1458 484 1493; x_wconf 68' lang='grc' dir='ltr'>ἡδονῇ</span> <span class='ocrx_word' id='word_1_318' title='bbox 509 1459 557 1485; x_wconf 74' lang='grc' dir='ltr'>καὶ</span> <span class='ocrx_word' id='word_1_319' title='bbox 585 1462 675 1496; x_wconf 68' lang='grc' dir='ltr'>τρυφῇ</span> <span class='ocrx_word' id='word_1_320' title='bbox 703 1461 751 1488; x_wconf 76' lang='grc' dir='ltr'>καὶ</span> <span class='ocrx_word' id='word_1_321' title='bbox 774 1461 867 1489; x_wconf 82' lang='grc' dir='ltr'><strong>ἀνέσει</strong></span> 
     </span>
    </p>
   </div>
   <div class='ocr_carea' id='block_1_47' title="bbox 81 1497 864 1542">
    <p class='ocr_par' dir='ltr' id='par_1_47' title="bbox 81 1497 864 1542">
     <span class='ocr_line' id='line_1_47' title="bbox 81 1497 864 1542; baseline 0.009 -14"><span class='ocrx_word' id='word_1_322' title='bbox 81 1503 269 1538; x_wconf 74' lang='grc' dir='ltr'>προσέχοντας</span> <span class='ocrx_word' id='word_1_323' title='bbox 288 1497 455 1536; x_wconf 65' lang='grc' dir='ltr'>ἀφιστααθαι</span> <span class='ocrx_word' id='word_1_324' title='bbox 471 1504 520 1531; x_wconf 82' lang='grc' dir='ltr'>τοῦ</span> <span class='ocrx_word' id='word_1_325' title='bbox 548 1505 598 1540; x_wconf 87' lang='grc' dir='ltr'>τῆς</span> <span class='ocrx_word' id='word_1_326' title='bbox 623 1507 725 1542; x_wconf 81' lang='grc' dir='ltr'>ἀρετῆς</span> <span class='ocrx_word' id='word_1_327' title='bbox 750 1507 864 1542; x_wconf 77' lang='grc' dir='ltr'>ἀγαθοῦ.</span> 
     </span>
    </p>
   </div>
   <div class='ocr_carea' id='block_1_48' title="bbox 80 1549 866 1588">
    <p class='ocr_par' dir='ltr' id='par_1_48' title="bbox 80 1549 866 1588">
     <span class='ocr_line' id='line_1_48' title="bbox 80 1549 866 1588; baseline 0.008 -14"><span class='ocrx_word' id='word_1_328' title='bbox 80 1549 166 1580; x_wconf 83' lang='grc' dir='ltr'>Τέλος</span> <span class='ocrx_word' id='word_1_329' title='bbox 185 1549 300 1576; x_wconf 78' lang='grc' dir='ltr'>θάνατον</span> <span class='ocrx_word' id='word_1_330' title='bbox 311 1549 471 1585; x_wconf 75' lang='grc' dir='ltr'>ὑπέμεινεν,</span> <span class='ocrx_word' id='word_1_331' title='bbox 488 1550 531 1577; x_wconf 81' lang='grc' dir='ltr'>ἵνα</span> <span class='ocrx_word' id='word_1_332' title='bbox 546 1551 641 1585; x_wconf 69' lang='grc' dir='ltr'>μηδεὶς</span> <span class='ocrx_word' id='word_1_333' title='bbox 653 1552 696 1578; x_wconf 87' lang='grc' dir='ltr'><strong>διὰ</strong></span> <span class='ocrx_word' id='word_1_334' title='bbox 711 1552 758 1579; x_wconf 71' lang='grc' dir='ltr'><strong>τὸν</strong></span> <span class='ocrx_word' id='word_1_335' title='bbox 783 1553 866 1588; x_wconf 67' lang='grc' dir='ltr'>φόϐον</span> 
     </span>
    </p>
   </div>
   <div class='ocr_carea' id='block_1_49' title="bbox 919 953 1704 1000">
    <p class='ocr_par' dir='ltr' id='par_1_49' title="bbox 919 953 1704 1000">
     <span class='ocr_line' id='line_1_49' title="bbox 919 953 1704 1000; baseline 0.017 -20"><span class='ocrx_word' id='word_1_336' title='bbox 919 953 971 981; x_wconf 92' lang='lat' dir='ltr'><strong>hoc</strong></span> <span class='ocrx_word' id='word_1_337' title='bbox 988 954 1108 989; x_wconf 83' lang='lat' dir='ltr'><strong>positum</strong></span> <span class='ocrx_word' id='word_1_338' title='bbox 1121 963 1192 989; x_wconf 86' lang='lat' dir='ltr'><strong>esse,</strong></span> <span class='ocrx_word' id='word_1_339' title='bbox 1208 958 1281 992; x_wconf 91' lang='lat' dir='ltr'><strong>quod</strong></span> <span class='ocrx_word' id='word_1_340' title='bbox 1299 960 1370 986; x_wconf 83' lang='lat' dir='ltr'><strong>mala</strong></span> <span class='ocrx_word' id='word_1_341' title='bbox 1386 962 1563 995; x_wconf 89' lang='lat' dir='ltr'><strong>concupiscat</strong></span> <span class='ocrx_word' id='word_1_342' title='bbox 1578 960 1704 1000; x_wconf 86' lang='lat' dir='ltr'><strong>bonaque</strong></span> 
     </span>
    </p>
   </div>
   <div class='ocr_carea' id='block_1_50' title="bbox 916 1002 1701 1046">
    <p class='ocr_par' dir='ltr' id='par_1_50' title="bbox 916 1002 1701 1046">
     <span class='ocr_line' id='line_1_50' title="bbox 916 1002 1701 1046; baseline 0.017 -19"><span class='ocrx_word' id='word_1_343' title='bbox 916 1002 1092 1036; x_wconf 69' lang='lat' dir='ltr'><strong>corporalia,</strong></span> <span class='ocrx_word' id='word_1_344' title='bbox 1121 1011 1294 1040; x_wconf 78' lang='lat' dir='ltr'><strong>nequaquam</strong></span> <span class='ocrx_word' id='word_1_345' title='bbox 1326 1015 1392 1036; x_wconf 89' lang='lat' dir='ltr'><strong>vero</strong></span> <span class='ocrx_word' id='word_1_346' title='bbox 1417 1009 1487 1037; x_wconf 83' lang='lat' dir='ltr'><strong>bona</strong></span> <span class='ocrx_word' id='word_1_347' title='bbox 1513 1012 1701 1046; x_wconf 84' lang='lat' dir='ltr'><strong>sempiterna;</strong></span> 
     </span>
    </p>
   </div>
   <div class='ocr_carea' id='block_1_51' title="bbox 918 1048 1701 1085">
    <p class='ocr_par' dir='ltr' id='par_1_51' title="bbox 918 1048 1701 1085">
     <span class='ocr_line' id='line_1_51' title="bbox 918 1048 1701 1085; baseline 0.018 -14"><span class='ocrx_word' id='word_1_348' title='bbox 918 1052 1037 1080; x_wconf 87' lang='lat' dir='ltr'><strong>quonam</strong></span> <span class='ocrx_word' id='word_1_349' title='bbox 1052 1048 1133 1076; x_wconf 89' lang='lat' dir='ltr'><strong>modo</strong></span> <span class='ocrx_word' id='word_1_350' title='bbox 1147 1049 1206 1077; x_wconf 75' lang='lat' dir='ltr'><strong>ﬁeri</strong></span> <span class='ocrx_word' id='word_1_351' title='bbox 1221 1051 1318 1085; x_wconf 82' lang='lat' dir='ltr'><strong>possit,</strong></span> <span class='ocrx_word' id='word_1_352' title='bbox 1337 1058 1368 1080; x_wconf 87' lang='lat' dir='ltr'><strong>ut</strong></span> <span class='ocrx_word' id='word_1_353' title='bbox 1384 1054 1447 1081; x_wconf 87' lang='lat' dir='ltr'><strong>huic</strong></span> <span class='ocrx_word' id='word_1_354' title='bbox 1464 1056 1535 1083; x_wconf 84' lang='lat' dir='ltr'><strong>malo</strong></span> <span class='ocrx_word' id='word_1_355' title='bbox 1550 1057 1701 1085; x_wconf 86' lang='lat' dir='ltr'><strong>remedium</strong></span> 
     </span>
    </p>
   </div>
   <div class='ocr_carea' id='block_1_52' title="bbox 918 1089 1704 1137">
    <p class='ocr_par' dir='ltr' id='par_1_52' title="bbox 918 1089 1704 1137">
     <span class='ocr_line' id='line_1_52' title="bbox 918 1089 1704 1137; baseline 0.019 -22"><span class='ocrx_word' id='word_1_356' title='bbox 918 1089 1080 1118; x_wconf 83' lang='lat' dir='ltr'><strong>adhibeatur</strong></span> <span class='ocrx_word' id='word_1_357' title='bbox 1093 1096 1120 1119; x_wconf 93' lang='lat' dir='ltr'><strong>et</strong></span> <span class='ocrx_word' id='word_1_358' title='bbox 1135 1092 1217 1121; x_wconf 90' lang='lat' dir='ltr'><strong>homo</strong></span> <span class='ocrx_word' id='word_1_359' title='bbox 1230 1095 1263 1122; x_wconf 89' lang='lat' dir='ltr'><strong>ad</strong></span> <span class='ocrx_word' id='word_1_360' title='bbox 1283 1096 1365 1124; x_wconf 85' lang='lat' dir='ltr'><strong>Deum</strong></span> <span class='ocrx_word' id='word_1_361' title='bbox 1380 1104 1516 1134; x_wconf 75' lang='lat' dir='ltr'><strong>assurgat,</strong></span> <span class='ocrx_word' id='word_1_362' title='bbox 1532 1101 1631 1135; x_wconf 87' lang='lat' dir='ltr'><strong>quibus</strong></span> <span class='ocrx_word' id='word_1_363' title='bbox 1647 1103 1704 1137; x_wconf 74' lang='lat' dir='ltr'><strong>egit</strong></span> 
     </span>
    </p>
   </div>
   <div class='ocr_carea' id='block_1_53' title="bbox 918 1139 1703 1181">
    <p class='ocr_par' dir='ltr' id='par_1_53' title="bbox 918 1139 1703 1181">
     <span class='ocr_line' id='line_1_53' title="bbox 918 1139 1703 1181; baseline 0.018 -20"><span class='ocrx_word' id='word_1_364' title='bbox 918 1139 1000 1169; x_wconf 85' lang='lat' dir='ltr'><strong>atque</strong></span> <span class='ocrx_word' id='word_1_365' title='bbox 1014 1144 1112 1171; x_wconf 85' lang='lat' dir='ltr'><strong>passus</strong></span> <span class='ocrx_word' id='word_1_366' title='bbox 1126 1143 1169 1165; x_wconf 88' lang='lat' dir='ltr'><strong>est</strong></span> <span class='ocrx_word' id='word_1_367' title='bbox 1185 1139 1289 1174; x_wconf 88' lang='lat' dir='ltr'><strong>liquido</strong></span> <span class='ocrx_word' id='word_1_368' title='bbox 1306 1143 1437 1170; x_wconf 84' lang='lat' dir='ltr'><strong>ostendit.</strong></span> <span class='ocrx_word' id='word_1_369' title='bbox 1455 1145 1560 1173; x_wconf 85' lang='lat' dir='ltr'><strong>Etenim</strong></span> <span class='ocrx_word' id='word_1_370' title='bbox 1575 1152 1703 1181; x_wconf 88' lang='lat' dir='ltr'><strong>parentes</strong></span> 
     </span>
    </p>
   </div>
   <div class='ocr_carea' id='block_1_54' title="bbox 919 1183 1700 1226">
    <p class='ocr_par' dir='ltr' id='par_1_54' title="bbox 919 1183 1700 1226">
     <span class='ocr_line' id='line_1_54' title="bbox 919 1183 1700 1226; baseline 0.018 -19"><span class='ocrx_word' id='word_1_371' title='bbox 919 1188 1053 1216; x_wconf 86' lang='lat' dir='ltr'><strong>pauperes</strong></span> <span class='ocrx_word' id='word_1_372' title='bbox 1071 1183 1163 1218; x_wconf 77' lang='lat' dir='ltr'><strong>elegit,</strong></span> <span class='ocrx_word' id='word_1_373' title='bbox 1181 1187 1226 1219; x_wconf 95' lang='lat' dir='ltr'><strong>qui</strong></span> <span class='ocrx_word' id='word_1_374' title='bbox 1244 1190 1334 1214; x_wconf 84' lang='lat' dir='ltr'><strong>tamen</strong></span> <span class='ocrx_word' id='word_1_375' title='bbox 1347 1189 1447 1216; x_wconf 88' lang='lat' dir='ltr'><strong>virtute</strong></span> <span class='ocrx_word' id='word_1_376' title='bbox 1458 1191 1570 1225; x_wconf 82' lang='lat' dir='ltr'><strong>perfecti</strong></span> <span class='ocrx_word' id='word_1_377' title='bbox 1587 1198 1700 1226; x_wconf 82' lang='lat' dir='ltr'><strong>essent;</strong></span> 
     </span>
    </p>
   </div>
   <div class='ocr_carea' id='block_1_55' title="bbox 920 1227 1702 1269">
    <p class='ocr_par' dir='ltr' id='par_1_55' title="bbox 920 1227 1702 1269">
     <span class='ocr_line' id='line_1_55' title="bbox 920 1227 1702 1269; baseline 0.017 -16"><span class='ocrx_word' id='word_1_378' title='bbox 920 1233 954 1254; x_wconf 89' lang='lat' dir='ltr'><strong>ne</strong></span> <span class='ocrx_word' id='word_1_379' title='bbox 964 1227 1027 1261; x_wconf 86' lang='lat' dir='ltr'><strong>quis</strong></span> <span class='ocrx_word' id='word_1_380' title='bbox 1043 1227 1173 1262; x_wconf 80' lang='lat' dir='ltr'><strong>glorietur</strong></span> <span class='ocrx_word' id='word_1_381' title='bbox 1184 1231 1229 1265; x_wconf 86' lang='lat' dir='ltr'><strong>qui</strong></span> <span class='ocrx_word' id='word_1_382' title='bbox 1242 1233 1332 1261; x_wconf 74' lang='lat' dir='ltr'><strong>carnis</strong></span> <span class='ocrx_word' id='word_1_383' title='bbox 1346 1233 1502 1263; x_wconf 84' lang='lat' dir='ltr'><strong>inﬁrmitate</strong></span> <span class='ocrx_word' id='word_1_384' title='bbox 1513 1237 1702 1269; x_wconf 85' lang='lat' dir='ltr'><strong>circumdatus</strong></span> 
     </span>
    </p>
   </div>
   <div class='ocr_carea' id='block_1_56' title="bbox 918 1271 1701 1314">
    <p class='ocr_par' dir='ltr' id='par_1_56' title="bbox 918 1271 1701 1314">
     <span class='ocr_line' id='line_1_56' title="bbox 918 1271 1701 1314; baseline 0.02 -17"><span class='ocrx_word' id='word_1_385' title='bbox 918 1271 965 1298; x_wconf 84' lang='lat' dir='ltr'><strong>sit.</strong></span> <span class='ocrx_word' id='word_1_386' title='bbox 994 1271 1064 1300; x_wconf 86' lang='lat' dir='ltr'><strong>Pene</strong></span> <span class='ocrx_word' id='word_1_387' title='bbox 1091 1275 1210 1302; x_wconf 87' lang='lat' dir='ltr'><strong>mendici</strong></span> <span class='ocrx_word' id='word_1_388' title='bbox 1227 1277 1308 1304; x_wconf 87' lang='lat' dir='ltr'><strong>vitam</strong></span> <span class='ocrx_word' id='word_1_389' title='bbox 1333 1279 1403 1314; x_wconf 75' lang='lat' dir='ltr'><strong>egit,</strong></span> <span class='ocrx_word' id='word_1_390' title='bbox 1430 1286 1460 1308; x_wconf 87' lang='lat' dir='ltr'><strong>ut</strong></span> <span class='ocrx_word' id='word_1_391' title='bbox 1487 1286 1701 1314; x_wconf 85' lang='lat' dir='ltr'><strong>contemnendas</strong></span> 
     </span>
    </p>
   </div>
   <div class='ocr_carea' id='block_1_57' title="bbox 918 1319 1703 1363">
    <p class='ocr_par' dir='ltr' id='par_1_57' title="bbox 918 1319 1703 1363">
     <span class='ocr_line' id='line_1_57' title="bbox 918 1319 1703 1363; baseline 0.02 -20"><span class='ocrx_word' id='word_1_392' title='bbox 918 1319 1048 1350; x_wconf 85' lang='lat' dir='ltr'><strong>pecunias</strong></span> <span class='ocrx_word' id='word_1_393' title='bbox 1073 1320 1198 1349; x_wconf 82' lang='lat' dir='ltr'><strong>homines</strong></span> <span class='ocrx_word' id='word_1_394' title='bbox 1217 1323 1338 1353; x_wconf 83' lang='lat' dir='ltr'><strong>doceret.</strong></span> <span class='ocrx_word' id='word_1_395' title='bbox 1363 1324 1441 1354; x_wconf 84' lang='lat' dir='ltr'><strong>Nulla</strong></span> <span class='ocrx_word' id='word_1_396' title='bbox 1465 1328 1595 1363; x_wconf 78' lang='lat' dir='ltr'><strong>dignitate</strong></span> <span class='ocrx_word' id='word_1_397' title='bbox 1621 1339 1703 1359; x_wconf 88' lang='lat' dir='ltr'><strong>mun-</strong></span> 
     </span>
    </p>
   </div>
   <div class='ocr_carea' id='block_1_58' title="bbox 917 1362 1702 1405">
    <p class='ocr_par' dir='ltr' id='par_1_58' title="bbox 917 1362 1702 1405">
     <span class='ocr_line' id='line_1_58' title="bbox 917 1362 1702 1405; baseline 0.02 -16"><span class='ocrx_word' id='word_1_398' title='bbox 917 1362 990 1390; x_wconf 82' lang='lat' dir='ltr'><strong>dano</strong></span> <span class='ocrx_word' id='word_1_399' title='bbox 1011 1364 1083 1392; x_wconf 87' lang='lat' dir='ltr'><strong>cultu</strong></span> <span class='ocrx_word' id='word_1_400' title='bbox 1108 1366 1235 1396; x_wconf 85' lang='lat' dir='ltr'><strong>sublimis</strong></span> <span class='ocrx_word' id='word_1_401' title='bbox 1248 1369 1328 1396; x_wconf 83' lang='lat' dir='ltr'><strong>vitam</strong></span> <span class='ocrx_word' id='word_1_402' title='bbox 1347 1372 1476 1405; x_wconf 83' lang='lat' dir='ltr'><strong>traduxit,</strong></span> <span class='ocrx_word' id='word_1_403' title='bbox 1498 1362 1526 1401; x_wconf 82' lang='lat' dir='ltr'><strong>ut</strong></span> <span class='ocrx_word' id='word_1_404' title='bbox 1550 1375 1583 1402; x_wconf 84' lang='lat' dir='ltr'><strong>ab</strong></span> <span class='ocrx_word' id='word_1_405' title='bbox 1599 1376 1702 1404; x_wconf 89' lang='lat' dir='ltr'><strong>inordi-</strong></span> 
     </span>
    </p>
   </div>
   <div class='ocr_carea' id='block_1_59' title="bbox 918 1411 1702 1456">
    <p class='ocr_par' dir='ltr' id='par_1_59' title="bbox 918 1411 1702 1456">
     <span class='ocr_line' id='line_1_59' title="bbox 918 1411 1702 1456; baseline 0.019 -20"><span class='ocrx_word' id='word_1_406' title='bbox 918 1414 980 1437; x_wconf 84' lang='lat' dir='ltr'><strong>nata</strong></span> <span class='ocrx_word' id='word_1_407' title='bbox 1013 1411 1147 1440; x_wconf 90' lang='lat' dir='ltr'><strong>honorum</strong></span> <span class='ocrx_word' id='word_1_408' title='bbox 1176 1415 1324 1449; x_wconf 84' lang='lat' dir='ltr'><strong>cupiditate</strong></span> <span class='ocrx_word' id='word_1_409' title='bbox 1349 1416 1490 1445; x_wconf 91' lang='lat' dir='ltr'><strong>hominum</strong></span> <span class='ocrx_word' id='word_1_410' title='bbox 1518 1427 1702 1456; x_wconf 79' lang='lat' dir='ltr'><strong>compesceret</strong></span> 
     </span>
    </p>
   </div>
   <div class='ocr_carea' id='block_1_60' title="bbox 918 1458 1701 1498">
    <p class='ocr_par' dir='ltr' id='par_1_60' title="bbox 918 1458 1701 1498">
     <span class='ocr_line' id='line_1_60' title="bbox 918 1458 1701 1498; baseline 0.017 -15"><span class='ocrx_word' id='word_1_411' title='bbox 918 1458 1036 1485; x_wconf 85' lang='lat' dir='ltr'><strong>animos.</strong></span> <span class='ocrx_word' id='word_1_412' title='bbox 1062 1458 1277 1493; x_wconf 81' lang='lat' dir='ltr'><strong>Lassitudinem,</strong></span> <span class='ocrx_word' id='word_1_413' title='bbox 1303 1462 1414 1496; x_wconf 78' lang='lat' dir='ltr'><strong>famem,</strong></span> <span class='ocrx_word' id='word_1_414' title='bbox 1433 1464 1519 1498; x_wconf 84' lang='lat' dir='ltr'><strong>sitim,</strong></span> <span class='ocrx_word' id='word_1_415' title='bbox 1540 1467 1649 1495; x_wconf 84' lang='lat' dir='ltr'><strong>verbera</strong></span> <span class='ocrx_word' id='word_1_416' title='bbox 1675 1470 1701 1496; x_wconf 89' lang='lat' dir='ltr'><strong>in</strong></span> 
     </span>
    </p>
   </div>
   <div class='ocr_carea' id='block_1_61' title="bbox 917 1505 1701 1547">
    <p class='ocr_par' dir='ltr' id='par_1_61' title="bbox 917 1505 1701 1547">
     <span class='ocr_line' id='line_1_61' title="bbox 917 1505 1701 1547; baseline 0.014 -17"><span class='ocrx_word' id='word_1_417' title='bbox 917 1510 1032 1536; x_wconf 76' lang='lat' dir='ltr'><strong>Corpore</strong></span> <span class='ocrx_word' id='word_1_418' title='bbox 1056 1505 1199 1538; x_wconf 81' lang='lat' dir='ltr'><strong>sustinuit,</strong></span> <span class='ocrx_word' id='word_1_419' title='bbox 1219 1511 1248 1533; x_wconf 92' lang='lat' dir='ltr'><strong>ut</strong></span> <span class='ocrx_word' id='word_1_420' title='bbox 1276 1507 1386 1535; x_wconf 88' lang='lat' dir='ltr'><strong>doceret</strong></span> <span class='ocrx_word' id='word_1_421' title='bbox 1411 1509 1536 1539; x_wconf 88' lang='lat' dir='ltr'><strong>homines</strong></span> <span class='ocrx_word' id='word_1_422' title='bbox 1559 1513 1701 1547; x_wconf 84' lang='lat' dir='ltr'><strong>voluptati,</strong></span> 
     </span>
    </p>
   </div>
   <div class='ocr_carea' id='block_1_62' title="bbox 918 1549 1702 1590">
    <p class='ocr_par' dir='ltr' id='par_1_62' title="bbox 918 1549 1702 1590">
     <span class='ocr_line' id='line_1_62' title="bbox 918 1549 1702 1590; baseline 0.015 -15"><span class='ocrx_word' id='word_1_423' title='bbox 918 1549 1036 1582; x_wconf 87' lang='lat' dir='ltr'><strong>deliciis,</strong></span> <span class='ocrx_word' id='word_1_424' title='bbox 1056 1551 1173 1578; x_wconf 90' lang='lat' dir='ltr'><strong>molliori</strong></span> <span class='ocrx_word' id='word_1_425' title='bbox 1195 1552 1259 1580; x_wconf 64' lang='lat' dir='ltr'><strong>vita!</strong></span> <span class='ocrx_word' id='word_1_426' title='bbox 1279 1554 1403 1582; x_wconf 87' lang='lat' dir='ltr'><strong>animum</strong></span> <span class='ocrx_word' id='word_1_427' title='bbox 1428 1556 1596 1590; x_wconf 85' lang='lat' dir='ltr'><strong>addieentcs,</strong></span> <span class='ocrx_word' id='word_1_428' title='bbox 1613 1567 1628 1585; x_wconf 93' lang='lat' dir='ltr'><strong>a</strong></span> <span class='ocrx_word' id='word_1_429' title='bbox 1648 1560 1702 1586; x_wconf 84' lang='lat' dir='ltr'><strong>vir-</strong></span> 
     </span>
    </p>
   </div>
   <div class='ocr_carea' id='block_1_63' title="bbox 79 1592 865 1640">
    <p class='ocr_par' dir='ltr' id='par_1_63' title="bbox 79 1593 864 1633">
     <span class='ocr_line' id='line_1_63' title="bbox 79 1593 864 1633; baseline 0.006 -13"><span class='ocrx_word' id='word_1_430' title='bbox 79 1593 129 1620; x_wconf 83' lang='grc' dir='ltr'><strong>τοῦ</strong></span> <span class='ocrx_word' id='word_1_431' title='bbox 143 1594 259 1622; x_wconf 83' lang='grc' dir='ltr'>θανάτου</span> <span class='ocrx_word' id='word_1_432' title='bbox 273 1595 323 1630; x_wconf 73' lang='grc' dir='ltr'><strong>τῆν</strong></span> <span class='ocrx_word' id='word_1_433' title='bbox 339 1595 468 1630; x_wconf 74' lang='grc' dir='ltr'>ἀλήθειαν</span> <span class='ocrx_word' id='word_1_434' title='bbox 481 1596 717 1633; x_wconf 76' lang='grc' dir='ltr'>ὲγκαταλιμπάνῃ.</span> <span class='ocrx_word' id='word_1_435' title='bbox 736 1598 788 1625; x_wconf 74' lang='grc' dir='ltr'>Τὸν</span> <span class='ocrx_word' id='word_1_436' title='bbox 800 1600 864 1625; x_wconf 81' lang='grc' dir='ltr'>ἐπο-</span> 
     </span>
    </p>
   </div>
   <div class='ocr_carea' id='block_1_64' title="bbox 918 1592 1703 1640">
    <p class='ocr_par' dir='ltr' id='par_1_64' title="bbox 920 1596 1703 1640">
     <span class='ocr_line' id='line_1_64' title="bbox 920 1596 1703 1640; baseline 0.013 -18"><span class='ocrx_word' id='word_1_437' title='bbox 920 1597 986 1623; x_wconf 88' lang='lat' dir='ltr'><strong>tutis</strong></span> <span class='ocrx_word' id='word_1_438' title='bbox 1005 1596 1076 1624; x_wconf 88' lang='lat' dir='ltr'><strong>bono</strong></span> <span class='ocrx_word' id='word_1_439' title='bbox 1092 1605 1145 1625; x_wconf 92' lang='lat' dir='ltr'><strong>non</strong></span> <span class='ocrx_word' id='word_1_440' title='bbox 1166 1598 1322 1626; x_wconf 84' lang='lat' dir='ltr'><strong>abscedere.</strong></span> <span class='ocrx_word' id='word_1_441' title='bbox 1344 1599 1486 1629; x_wconf 80' lang='lat' dir='ltr'><strong>Postremo</strong></span> <span class='ocrx_word' id='word_1_442' title='bbox 1508 1608 1620 1631; x_wconf 89' lang='lat' dir='ltr'><strong>mortem</strong></span> <span class='ocrx_word' id='word_1_443' title='bbox 1642 1613 1703 1640; x_wconf 90' lang='lat' dir='ltr'><strong>per-</strong></span> 
     </span>
    </p>
   </div>
   <div class='ocr_carea' id='block_1_65' title="bbox 81 1640 865 1680">
    <p class='ocr_par' dir='ltr' id='par_1_65' title="bbox 81 1640 865 1680">
     <span class='ocr_line' id='line_1_65' title="bbox 81 1640 865 1680; baseline 0.005 -14"><span class='ocrx_word' id='word_1_444' title='bbox 81 1640 215 1668; x_wconf 79' lang='grc' dir='ltr'>νειδιστον</span> <span class='ocrx_word' id='word_1_445' title='bbox 234 1640 277 1668; x_wconf 85' lang='grc' dir='ltr'>διὰ</span> <span class='ocrx_word' id='word_1_446' title='bbox 292 1642 410 1676; x_wconf 84' lang='grc' dir='ltr'>σταυροῦ</span> <span class='ocrx_word' id='word_1_447' title='bbox 428 1642 569 1677; x_wconf 81' lang='grc' dir='ltr'>προείλετο</span> <span class='ocrx_word' id='word_1_448' title='bbox 580 1642 703 1675; x_wconf 78' lang='grc' dir='ltr'>θάνατον,</span> <span class='ocrx_word' id='word_1_449' title='bbox 718 1645 762 1670; x_wconf 79' lang='grc' dir='ltr'>ἵνα</span> <span class='ocrx_word' id='word_1_450' title='bbox 771 1645 865 1680; x_wconf 78' lang='grc' dir='ltr'>μηδεὶς</span> 
     </span>
    </p>
   </div>
   <div class='ocr_carea' id='block_1_66' title="bbox 78 1686 867 1726">
    <p class='ocr_par' dir='ltr' id='par_1_66' title="bbox 78 1686 867 1726">
     <span class='ocr_line' id='line_1_66' title="bbox 78 1686 867 1726; baseline 0.008 -14"><span class='ocrx_word' id='word_1_451' title='bbox 78 1686 152 1722; x_wconf 71' lang='grc' dir='ltr'>ὑπὲρ</span> <span class='ocrx_word' id='word_1_452' title='bbox 166 1687 215 1722; x_wconf 82' lang='grc' dir='ltr'><strong>τῆς</strong></span> <span class='ocrx_word' id='word_1_453' title='bbox 240 1687 369 1721; x_wconf 78' lang='grc' dir='ltr'><strong>ἀληθείας</strong></span> <span class='ocrx_word' id='word_1_454' title='bbox 378 1688 426 1715; x_wconf 69' lang='grc' dir='ltr'>τὸν</span> <span class='ocrx_word' id='word_1_455' title='bbox 438 1689 617 1716; x_wconf 74' lang='grc' dir='ltr'>ἐπονείδιστον</span> <span class='ocrx_word' id='word_1_456' title='bbox 629 1690 797 1726; x_wconf 81' lang='grc' dir='ltr'>ἑκτρέπηται</span> <span class='ocrx_word' id='word_1_457' title='bbox 818 1691 867 1718; x_wconf 85' lang='grc' dir='ltr'>θά-</span> 
     </span>
    </p>
   </div>
   <div class='ocr_carea' id='block_1_67' title="bbox 78 1732 863 1770">
    <p class='ocr_par' dir='ltr' id='par_1_67' title="bbox 78 1732 863 1770">
     <span class='ocr_line' id='line_1_67' title="bbox 78 1732 863 1770; baseline 0.008 -12"><span class='ocrx_word' id='word_1_458' title='bbox 78 1741 171 1759; x_wconf 80' lang='grc' dir='ltr'>νατον.</span> <span class='ocrx_word' id='word_1_459' title='bbox 189 1732 269 1758; x_wconf 77' lang='grc' dir='ltr'>Ὠττε</span> <span class='ocrx_word' id='word_1_460' title='bbox 292 1733 413 1768; x_wconf 73' lang='grc' dir='ltr'>προσῆκε</span> <span class='ocrx_word' id='word_1_461' title='bbox 432 1734 551 1761; x_wconf 73' lang='grc' dir='ltr'>τὸνΘεὸν</span> <span class='ocrx_word' id='word_1_462' title='bbox 566 1735 711 1770; x_wconf 75' lang='grc' dir='ltr'>ἀνθρωπον</span> <span class='ocrx_word' id='word_1_463' title='bbox 724 1737 863 1770; x_wconf 84' lang='grc' dir='ltr'>γενέσθαι,</span> 
     </span>
    </p>
   </div>
   <div class='ocr_carea' id='block_1_68' title="bbox 79 1777 865 1817">
    <p class='ocr_par' dir='ltr' id='par_1_68' title="bbox 79 1777 865 1817">
     <span class='ocr_line' id='line_1_68' title="bbox 79 1777 865 1817; baseline 0.008 -13"><span class='ocrx_word' id='word_1_464' title='bbox 79 1778 126 1804; x_wconf 77' lang='grc' dir='ltr'>ἵνα</span> <span class='ocrx_word' id='word_1_465' title='bbox 141 1778 180 1813; x_wconf 76' lang='grc' dir='ltr'>τῷ</span> <span class='ocrx_word' id='word_1_466' title='bbox 206 1777 266 1805; x_wconf 77' lang='grc' dir='ltr'>καθ’</span> <span class='ocrx_word' id='word_1_467' title='bbox 297 1779 378 1805; x_wconf 70' lang='grc' dir='ltr'>αὐτὸν</span> <span class='ocrx_word' id='word_1_468' title='bbox 404 1779 584 1814; x_wconf 71' lang='grc' dir='ltr'>ὑποδείγματι</span> <span class='ocrx_word' id='word_1_469' title='bbox 614 1782 678 1813; x_wconf 84' lang='grc' dir='ltr'>τοὺς</span> <span class='ocrx_word' id='word_1_470' title='bbox 702 1782 865 1817; x_wconf 82' lang='grc' dir='ltr'>ἀνθρώπους</span> 
     </span>
    </p>
   </div>
   <div class='ocr_carea' id='block_1_69' title="bbox 79 1823 865 1863">
    <p class='ocr_par' dir='ltr' id='par_1_69' title="bbox 79 1823 865 1863">
     <span class='ocr_line' id='line_1_69' title="bbox 79 1823 865 1863; baseline 0.005 -13"><span class='ocrx_word' id='word_1_471' title='bbox 79 1824 128 1850; x_wconf 74' lang='grc' dir='ltr'><strong>ἐπὶ</strong></span> <span class='ocrx_word' id='word_1_472' title='bbox 144 1824 196 1859; x_wconf 74' lang='grc' dir='ltr'><strong>τὴν</strong></span> <span class='ocrx_word' id='word_1_473' title='bbox 211 1823 311 1860; x_wconf 78' lang='grc' dir='ltr'>ἀρετὴν</span> <span class='ocrx_word' id='word_1_474' title='bbox 335 1826 546 1860; x_wconf 74' lang='grc' dir='ltr'>προκαλέσηται,</span> <span class='ocrx_word' id='word_1_475' title='bbox 567 1827 639 1854; x_wconf 59' lang='lat' dir='ltr'><strong>mea</strong></span> <span class='ocrx_word' id='word_1_476' title='bbox 652 1835 735 1862; x_wconf 77' lang='grc' dir='ltr'>φησιν</span> <span class='ocrx_word' id='word_1_477' title='bbox 747 1829 760 1854; x_wconf 81' lang='grc' dir='ltr'>ὁ</span> <span class='ocrx_word' id='word_1_478' title='bbox 773 1828 865 1863; x_wconf 85' lang='grc' dir='ltr'>μακά-</span> 
     </span>
    </p>
   </div>
   <div class='ocr_carea' id='block_1_70' title="bbox 79 1870 865 1909">
    <p class='ocr_par' dir='ltr' id='par_1_70' title="bbox 79 1870 865 1909">
     <span class='ocr_line' id='line_1_70' title="bbox 79 1870 865 1909; baseline 0.006 -14"><span class='ocrx_word' id='word_1_479' title='bbox 79 1877 139 1904; x_wconf 84' lang='grc' dir='ltr'>ριος</span> <span class='ocrx_word' id='word_1_480' title='bbox 156 1870 269 1905; x_wconf 82' lang='grc' dir='ltr'><strong>Πέτρος,</strong></span> <span class='ocrx_word' id='word_1_481' title='bbox 284 1879 294 1895; x_wconf 77' lang='grc' dir='ltr'><strong>ι</strong></span> <span class='ocrx_word' id='word_1_482' title='bbox 311 1870 428 1904; x_wconf 76' lang='grc' dir='ltr'>Χριστὸς</span> <span class='ocrx_word' id='word_1_483' title='bbox 448 1871 582 1898; x_wconf 79' lang='grc' dir='ltr'>πέπονθεν</span> <span class='ocrx_word' id='word_1_484' title='bbox 598 1871 669 1908; x_wconf 75' lang='grc' dir='ltr'>ὑπὲρ</span> <span class='ocrx_word' id='word_1_485' title='bbox 694 1873 784 1908; x_wconf 74' lang='grc' dir='ltr'>ἡμῶν,</span> <span class='ocrx_word' id='word_1_486' title='bbox 798 1874 865 1909; x_wconf 84' lang='grc' dir='ltr'>ἡμῖν</span> 
     </span>
    </p>
   </div>
   <div class='ocr_carea' id='block_1_71' title="bbox 79 1916 865 1954">
    <p class='ocr_par' dir='ltr' id='par_1_71' title="bbox 79 1916 865 1954">
     <span class='ocr_line' id='line_1_71' title="bbox 79 1916 865 1954; baseline 0.006 -13"><span class='ocrx_word' id='word_1_487' title='bbox 79 1916 332 1950; x_wconf 80' lang='grc' dir='ltr'>ἐγκαταλιμπάνων</span> <span class='ocrx_word' id='word_1_488' title='bbox 346 1917 541 1951; x_wconf 74' lang='grc' dir='ltr'>ὑπογραμμὸν,</span> <span class='ocrx_word' id='word_1_489' title='bbox 555 1917 600 1945; x_wconf 80' lang='grc' dir='ltr'><strong>ἵνα</strong></span> <span class='ocrx_word' id='word_1_490' title='bbox 614 1919 671 1950; x_wconf 74' lang='grc' dir='ltr'>τοῖς</span> <span class='ocrx_word' id='word_1_491' title='bbox 699 1919 802 1954; x_wconf 78' lang='grc' dir='ltr'>ἴχνεσιν</span> <span class='ocrx_word' id='word_1_492' title='bbox 816 1920 865 1946; x_wconf 81' lang='grc' dir='ltr'><strong>αὑ-</strong></span> 
     </span>
    </p>
   </div>
   <div class='ocr_carea' id='block_1_72' title="bbox 80 1962 456 1997">
    <p class='ocr_par' dir='ltr' id='par_1_72' title="bbox 80 1962 456 1997">
     <span class='ocr_line' id='line_1_72' title="bbox 80 1962 456 1997; baseline 0 -9"><span class='ocrx_word' id='word_1_493' title='bbox 80 1962 127 1988; x_wconf 81' lang='grc' dir='ltr'>τοῦ</span> <span class='ocrx_word' id='word_1_494' title='bbox 145 1962 424 1997; x_wconf 70' lang='grc' dir='ltr'>ἐπακολουθήσαιμεν.</span> <span class='ocrx_word' id='word_1_495' title='bbox 446 1972 456 1988; x_wconf 79' lang='grc' dir='ltr'><strong>ι</strong></span> 
     </span>
    </p>
   </div>
   <div class='ocr_carea' id='block_1_73' title="bbox 121 2007 866 2046">
    <p class='ocr_par' dir='ltr' id='par_1_73' title="bbox 121 2007 866 2046">
     <span class='ocr_line' id='line_1_73' title="bbox 121 2007 866 2046; baseline 0.004 -12"><span class='ocrx_word' id='word_1_496' title='bbox 121 2007 200 2034; x_wconf 76' lang='grc' dir='ltr'>Ἐπεὶ</span> <span class='ocrx_word' id='word_1_497' title='bbox 213 2008 242 2035; x_wconf 82' lang='grc' dir='ltr'>δὲ</span> <span class='ocrx_word' id='word_1_498' title='bbox 256 2008 286 2034; x_wconf 83' lang='grc' dir='ltr'>οὐ</span> <span class='ocrx_word' id='word_1_499' title='bbox 306 2009 387 2043; x_wconf 86' lang='grc' dir='ltr'>μόνον</span> <span class='ocrx_word' id='word_1_500' title='bbox 414 2009 448 2036; x_wconf 83' lang='grc' dir='ltr'>τὰ</span> <span class='ocrx_word' id='word_1_501' title='bbox 479 2008 529 2044; x_wconf 82' lang='grc' dir='ltr'>τῆς</span> <span class='ocrx_word' id='word_1_502' title='bbox 559 2009 660 2045; x_wconf 77' lang='grc' dir='ltr'>ἀρετῆς</span> <span class='ocrx_word' id='word_1_503' title='bbox 687 2010 755 2046; x_wconf 81' lang='grc' dir='ltr'>ἔργα</span> <span class='ocrx_word' id='word_1_504' title='bbox 785 2010 866 2038; x_wconf 77' lang='grc' dir='ltr'>ἰκανά</span> 
     </span>
    </p>
   </div>
   <div class='ocr_carea' id='block_1_74' title="bbox 79 2052 865 2091">
    <p class='ocr_par' dir='ltr' id='par_1_74' title="bbox 79 2052 865 2091">
     <span class='ocr_line' id='line_1_74' title="bbox 79 2052 865 2091; baseline 0.005 -12"><span class='ocrx_word' id='word_1_505' title='bbox 79 2054 134 2080; x_wconf 83' lang='grc' dir='ltr'>εἰσι</span> <span class='ocrx_word' id='word_1_506' title='bbox 151 2052 217 2088; x_wconf 75' lang='grc' dir='ltr'>πρὸς</span> <span class='ocrx_word' id='word_1_507' title='bbox 230 2053 260 2080; x_wconf 78' lang='grc' dir='ltr'>τὸ</span> <span class='ocrx_word' id='word_1_508' title='bbox 275 2055 369 2089; x_wconf 83' lang='grc' dir='ltr'>τυχεῖν</span> <span class='ocrx_word' id='word_1_509' title='bbox 384 2055 434 2090; x_wconf 79' lang='grc' dir='ltr'>τῆς</span> <span class='ocrx_word' id='word_1_510' title='bbox 450 2055 563 2082; x_wconf 81' lang='grc' dir='ltr'>αἰωνίου</span> <span class='ocrx_word' id='word_1_511' title='bbox 573 2055 784 2091; x_wconf 71' lang='grc' dir='ltr'>μακαριότητος,</span> <span class='ocrx_word' id='word_1_512' title='bbox 795 2056 865 2084; x_wconf 88' lang='grc' dir='ltr'><strong>ἀλλά</strong></span> 
     </span>
    </p>
   </div>
   <div class='ocr_carea' id='block_1_75' title="bbox 79 2099 864 2138">
    <p class='ocr_par' dir='ltr' id='par_1_75' title="bbox 79 2099 864 2138">
     <span class='ocr_line' id='line_1_75' title="bbox 79 2099 864 2138; baseline 0.004 -12"><span class='ocrx_word' id='word_1_513' title='bbox 79 2099 127 2126; x_wconf 69' lang='grc' dir='ltr'>καὶ</span> <span class='ocrx_word' id='word_1_514' title='bbox 143 2100 160 2134; x_wconf 89' lang='grc' dir='ltr'><strong>ἡ</strong></span> <span class='ocrx_word' id='word_1_515' title='bbox 173 2099 272 2133; x_wconf 72' lang='grc' dir='ltr'>γνῶσις</span> <span class='ocrx_word' id='word_1_516' title='bbox 285 2100 334 2135; x_wconf 80' lang='grc' dir='ltr'>τῆς</span> <span class='ocrx_word' id='word_1_517' title='bbox 349 2101 415 2135; x_wconf 81' lang='grc' dir='ltr'>περὶ</span> <span class='ocrx_word' id='word_1_518' title='bbox 432 2101 498 2128; x_wconf 78' lang='grc' dir='ltr'>Θεὸν</span> <span class='ocrx_word' id='word_1_519' title='bbox 515 2101 665 2137; x_wconf 80' lang='grc' dir='ltr'>ἀληθείας·</span> <span class='ocrx_word' id='word_1_520' title='bbox 697 2102 748 2129; x_wconf 80' lang='grc' dir='ltr'>οὐκ</span> <span class='ocrx_word' id='word_1_521' title='bbox 775 2100 810 2138; x_wconf 84' lang='grc' dir='ltr'>ἦν</span> <span class='ocrx_word' id='word_1_522' title='bbox 835 2103 864 2129; x_wconf 86' lang='grc' dir='ltr'>δὲ</span> 
     </span>
    </p>
   </div>
   <div class='ocr_carea' id='block_1_76' title="bbox 78 2145 863 2183">
    <p class='ocr_par' dir='ltr' id='par_1_76' title="bbox 78 2145 863 2183">
     <span class='ocr_line' id='line_1_76' title="bbox 78 2145 863 2183; baseline 0.005 -12"><span class='ocrx_word' id='word_1_523' title='bbox 78 2145 193 2172; x_wconf 73' lang='grc' dir='ltr'>δυνατὸν</span> <span class='ocrx_word' id='word_1_524' title='bbox 211 2146 262 2180; x_wconf 85' lang='grc' dir='ltr'>τὴν</span> <span class='ocrx_word' id='word_1_525' title='bbox 277 2147 340 2181; x_wconf 83' lang='grc' dir='ltr'>περὶ</span> <span class='ocrx_word' id='word_1_526' title='bbox 358 2146 425 2173; x_wconf 76' lang='grc' dir='ltr'>Θεὸν</span> <span class='ocrx_word' id='word_1_527' title='bbox 451 2147 583 2182; x_wconf 70' lang='grc' dir='ltr'>ἀλήθειαν</span> <span class='ocrx_word' id='word_1_528' title='bbox 615 2148 761 2183; x_wconf 73' lang='grc' dir='ltr'>ἄνθρωπον</span> <span class='ocrx_word' id='word_1_529' title='bbox 787 2148 863 2175; x_wconf 80' lang='grc' dir='ltr'>διδά-</span> 
     </span>
    </p>
   </div>
   <div class='ocr_carea' id='block_1_77' title="bbox 79 2192 864 2228">
    <p class='ocr_par' dir='ltr' id='par_1_77' title="bbox 79 2192 864 2228">
     <span class='ocr_line' id='line_1_77' title="bbox 79 2192 864 2228; baseline 0.004 -11"><span class='ocrx_word' id='word_1_530' title='bbox 79 2200 178 2218; x_wconf 80' lang='grc' dir='ltr'>οκοντα</span> <span class='ocrx_word' id='word_1_531' title='bbox 190 2192 388 2227; x_wconf 76' lang='grc' dir='ltr'>πιστευθῆναι·</span> <span class='ocrx_word' id='word_1_532' title='bbox 415 2193 474 2220; x_wconf 73' lang='grc' dir='ltr'>ἐστι</span> <span class='ocrx_word' id='word_1_533' title='bbox 493 2193 548 2227; x_wconf 85' lang='grc' dir='ltr'><strong>γὰρ</strong></span> <span class='ocrx_word' id='word_1_534' title='bbox 569 2194 618 2220; x_wconf 77' lang='grc' dir='ltr'>καὶ</span> <span class='ocrx_word' id='word_1_535' title='bbox 644 2194 788 2228; x_wconf 79' lang='grc' dir='ltr'>ἀπατῆσαι</span> <span class='ocrx_word' id='word_1_536' title='bbox 815 2194 864 2222; x_wconf 76' lang='grc' dir='ltr'>καὶ</span> 
     </span>
    </p>
   </div>
   <div class='ocr_carea' id='block_1_78' title="bbox 77 2236 863 2273">
    <p class='ocr_par' dir='ltr' id='par_1_78' title="bbox 77 2236 863 2273">
     <span class='ocr_line' id='line_1_78' title="bbox 77 2236 863 2273; baseline 0.005 -11"><span class='ocrx_word' id='word_1_537' title='bbox 77 2236 253 2271; x_wconf 78' lang='grc' dir='ltr'>ἀπατηθῆναι</span> <span class='ocrx_word' id='word_1_538' title='bbox 263 2238 308 2263; x_wconf 71' lang='grc' dir='ltr'>τὸν</span> <span class='ocrx_word' id='word_1_539' title='bbox 322 2238 466 2273; x_wconf 82' lang='grc' dir='ltr'>ἄνθρωπον</span> <span class='ocrx_word' id='word_1_540' title='bbox 477 2246 484 2253; x_wconf 89' lang='grc'><strong>·</strong></span> <span class='ocrx_word' id='word_1_541' title='bbox 498 2239 552 2266; x_wconf 72' lang='grc' dir='ltr'>ἔδει</span> <span class='ocrx_word' id='word_1_542' title='bbox 569 2239 616 2267; x_wconf 80' lang='grc' dir='ltr'>καὶ</span> <span class='ocrx_word' id='word_1_543' title='bbox 628 2240 700 2267; x_wconf 81' lang='grc' dir='ltr'>κατὰ</span> <span class='ocrx_word' id='word_1_544' title='bbox 718 2240 798 2266; x_wconf 88' lang='grc' dir='ltr'>τοῦτο</span> <span class='ocrx_word' id='word_1_545' title='bbox 817 2241 863 2267; x_wconf 65' lang='grc' dir='ltr'>τὸν</span> 
     </span>
    </p>
   </div>
   <div class='ocr_carea' id='block_1_79' title="bbox 78 2282 861 2320">
    <p class='ocr_par' dir='ltr' id='par_1_79' title="bbox 78 2282 861 2320">
     <span class='ocr_line' id='line_1_79' title="bbox 78 2282 861 2320; baseline 0.006 -12"><span class='ocrx_word' id='word_1_546' title='bbox 78 2282 145 2308; x_wconf 67' lang='grc' dir='ltr'>θεὸν</span> <span class='ocrx_word' id='word_1_547' title='bbox 159 2282 303 2317; x_wconf 80' lang='grc' dir='ltr'>ἄνθρωπον</span> <span class='ocrx_word' id='word_1_548' title='bbox 315 2284 464 2318; x_wconf 77' lang='grc' dir='ltr'>γενόμενον</span> <span class='ocrx_word' id='word_1_549' title='bbox 478 2285 528 2320; x_wconf 85' lang='grc' dir='ltr'>τὴν</span> <span class='ocrx_word' id='word_1_550' title='bbox 537 2285 626 2320; x_wconf 81' lang='grc' dir='ltr'>ἀληθῆ</span> <span class='ocrx_word' id='word_1_551' title='bbox 638 2288 730 2312; x_wconf 73' lang='grc' dir='ltr'>πίστιν</span> <span class='ocrx_word' id='word_1_552' title='bbox 745 2285 861 2319; x_wconf 70' lang='grc' dir='ltr'>διδάξαι,</span> 
     </span>
    </p>
   </div>
   <div class='ocr_carea' id='block_1_80' title="bbox 80 2328 865 2367">
    <p class='ocr_par' dir='ltr' id='par_1_80' title="bbox 80 2328 865 2367">
     <span class='ocr_line' id='line_1_80' title="bbox 80 2328 865 2367; baseline 0.005 -13"><span class='ocrx_word' id='word_1_553' title='bbox 80 2328 123 2354; x_wconf 84' lang='grc' dir='ltr'>ῐνα</span> <span class='ocrx_word' id='word_1_554' title='bbox 141 2328 225 2363; x_wconf 80' lang='grc' dir='ltr'>μηδὲν</span> <span class='ocrx_word' id='word_1_555' title='bbox 236 2329 387 2363; x_wconf 79' lang='grc' dir='ltr'>ἀμφίϐολον</span> <span class='ocrx_word' id='word_1_556' title='bbox 402 2330 461 2366; x_wconf 76' lang='grc' dir='ltr'>ἔχῃ,</span> <span class='ocrx_word' id='word_1_557' title='bbox 477 2330 514 2363; x_wconf 84' lang='grc' dir='ltr'>ὡς</span> <span class='ocrx_word' id='word_1_558' title='bbox 531 2331 584 2357; x_wconf 77' lang='grc' dir='ltr'>ἀπὸ</span> <span class='ocrx_word' id='word_1_559' title='bbox 610 2330 680 2358; x_wconf 82' lang='grc' dir='ltr'>Θεοῦ</span> <span class='ocrx_word' id='word_1_560' title='bbox 697 2332 744 2358; x_wconf 81' lang='grc' dir='ltr'>καὶ</span> <span class='ocrx_word' id='word_1_561' title='bbox 759 2331 865 2367; x_wconf 82' lang='grc' dir='ltr'>ἀνθρώ·</span> 
     </span>
    </p>
   </div>
   <div class='ocr_carea' id='block_1_81' title="bbox 81 2374 864 2411">
    <p class='ocr_par' dir='ltr' id='par_1_81' title="bbox 81 2374 864 2411">
     <span class='ocr_line' id='line_1_81' title="bbox 81 2374 864 2411; baseline 0.005 -11"><span class='ocrx_word' id='word_1_562' title='bbox 81 2382 132 2400; x_wconf 85' lang='grc' dir='ltr'><strong>που</strong></span> <span class='ocrx_word' id='word_1_563' title='bbox 147 2374 343 2408; x_wconf 81' lang='grc' dir='ltr'>παραδοθεῖσα.</span> <span class='ocrx_word' id='word_1_564' title='bbox 360 2375 423 2402; x_wconf 73' lang='grc' dir='ltr'><strong>Ὀτι</strong></span> <span class='ocrx_word' id='word_1_565' title='bbox 437 2375 466 2402; x_wconf 68' lang='grc' dir='ltr'>δὲ</span> <span class='ocrx_word' id='word_1_566' title='bbox 483 2376 548 2408; x_wconf 79' lang='grc' dir='ltr'>Θεὸς</span> <span class='ocrx_word' id='word_1_567' title='bbox 562 2374 607 2411; x_wconf 82' lang='grc' dir='ltr'>ἦν,</span> <span class='ocrx_word' id='word_1_568' title='bbox 630 2377 731 2409; x_wconf 76' lang='grc' dir='ltr'>ἐδίδαξε</span> <span class='ocrx_word' id='word_1_569' title='bbox 752 2377 797 2404; x_wconf 83' lang='grc' dir='ltr'><strong>διὰ</strong></span> <span class='ocrx_word' id='word_1_570' title='bbox 809 2377 864 2404; x_wconf 85' lang='grc' dir='ltr'>τῶν</span> 
     </span>
    </p>
   </div>
   <div class='ocr_carea' id='block_1_82' title="bbox 80 2419 864 2458">
    <p class='ocr_par' dir='ltr' id='par_1_82' title="bbox 80 2419 864 2458">
     <span class='ocr_line' id='line_1_82' title="bbox 80 2419 864 2458; baseline 0.005 -13"><span class='ocrx_word' id='word_1_571' title='bbox 80 2419 242 2453; x_wconf 81' lang='grc' dir='ltr'>θαυμάτων,</span> <span class='ocrx_word' id='word_1_572' title='bbox 262 2419 280 2446; x_wconf 77' lang='grc' dir='ltr'>ἃ</span> <span class='ocrx_word' id='word_1_573' title='bbox 298 2420 423 2455; x_wconf 81' lang='grc' dir='ltr'>οὐδαμῶς</span> <span class='ocrx_word' id='word_1_574' title='bbox 435 2421 596 2458; x_wconf 76' lang='grc' dir='ltr'>ἀνθρωπίνῃ</span> <span class='ocrx_word' id='word_1_575' title='bbox 609 2422 723 2457; x_wconf 82' lang='grc' dir='ltr'>δυνάμει</span> <span class='ocrx_word' id='word_1_576' title='bbox 751 2423 864 2450; x_wconf 84' lang='grc' dir='ltr'>δύναται</span> 
     </span>
    </p>
   </div>
   <div class='ocr_carea' id='block_1_83' title="bbox 79 2465 864 2504">
    <p class='ocr_par' dir='ltr' id='par_1_83' title="bbox 79 2465 864 2504">
     <span class='ocr_line' id='line_1_83' title="bbox 79 2465 864 2504; baseline 0.006 -13"><span class='ocrx_word' id='word_1_577' title='bbox 79 2465 258 2500; x_wconf 75' lang='grc' dir='ltr'>ἐργάσαο-θαι.</span> <span class='ocrx_word' id='word_1_578' title='bbox 274 2467 344 2493; x_wconf 74' lang='grc' dir='ltr'>Ἀλλ’</span> <span class='ocrx_word' id='word_1_579' title='bbox 358 2467 452 2503; x_wconf 76' lang='grc' dir='ltr'>ἐπειδὴ</span> <span class='ocrx_word' id='word_1_580' title='bbox 478 2467 541 2500; x_wconf 74' lang='grc' dir='ltr'>τοὺς</span> <span class='ocrx_word' id='word_1_581' title='bbox 567 2469 618 2503; x_wconf 83' lang='grc' dir='ltr'>μὲν</span> <span class='ocrx_word' id='word_1_582' title='bbox 632 2470 693 2496; x_wconf 79' lang='grc' dir='ltr'>τότε</span> <span class='ocrx_word' id='word_1_583' title='bbox 725 2469 864 2504; x_wconf 77' lang='grc' dir='ltr'>παρόντας</span> 
     </span>
    </p>
   </div>
   <div class='ocr_carea' id='block_1_84' title="bbox 80 2511 865 2550">
    <p class='ocr_par' dir='ltr' id='par_1_84' title="bbox 80 2511 865 2550">
     <span class='ocr_line' id='line_1_84' title="bbox 80 2511 865 2550; baseline 0.006 -13"><span class='ocrx_word' id='word_1_584' title='bbox 80 2512 126 2538; x_wconf 80' lang='grc' dir='ltr'>καὶ</span> <span class='ocrx_word' id='word_1_585' title='bbox 137 2511 259 2546; x_wconf 69' lang='grc' dir='ltr'>ὁρῶντας</span> <span class='ocrx_word' id='word_1_586' title='bbox 278 2513 352 2544; x_wconf 69' lang='grc' dir='ltr'>εἰκὸς</span> <span class='ocrx_word' id='word_1_587' title='bbox 363 2511 397 2548; x_wconf 87' lang='grc' dir='ltr'>ἦν</span> <span class='ocrx_word' id='word_1_588' title='bbox 423 2514 484 2541; x_wconf 81' lang='grc' dir='ltr'>τότε</span> <span class='ocrx_word' id='word_1_589' title='bbox 509 2514 661 2548; x_wconf 86' lang='grc' dir='ltr'>πιστεύειν,</span> <span class='ocrx_word' id='word_1_590' title='bbox 694 2517 718 2542; x_wconf 91' lang='grc' dir='ltr'>οἰ</span> <span class='ocrx_word' id='word_1_591' title='bbox 738 2515 767 2542; x_wconf 82' lang='grc' dir='ltr'>δὲ</span> <span class='ocrx_word' id='word_1_592' title='bbox 796 2516 865 2550; x_wconf 83' lang='grc' dir='ltr'><strong>μετά</strong></span> 
     </span>
    </p>
   </div>
   <div class='ocr_carea' id='block_1_85' title="bbox 78 2556 865 2595">
    <p class='ocr_par' dir='ltr' id='par_1_85' title="bbox 78 2556 865 2595">
     <span class='ocr_line' id='line_1_85' title="bbox 78 2556 865 2595; baseline 0.009 -13"><span class='ocrx_word' id='word_1_593' title='bbox 78 2556 166 2583; x_wconf 79' lang='grc' dir='ltr'>ταῦτα</span> <span class='ocrx_word' id='word_1_594' title='bbox 197 2556 400 2593; x_wconf 72' lang='grc' dir='ltr'>προὺὒὰλλοντο</span> <span class='ocrx_word' id='word_1_595' title='bbox 425 2559 458 2586; x_wconf 86' lang='grc' dir='ltr'>ἂν</span> <span class='ocrx_word' id='word_1_596' title='bbox 484 2559 632 2595; x_wconf 79' lang='grc' dir='ltr'>πλάσματα</span> <span class='ocrx_word' id='word_1_597' title='bbox 661 2561 748 2588; x_wconf 77' lang='grc' dir='ltr'>ταῦτα</span> <span class='ocrx_word' id='word_1_598' title='bbox 773 2560 842 2588; x_wconf 61' lang='grc' dir='ltr'>εἶναι</span> <span class='ocrx_word' id='word_1_599' title='bbox 858 2569 865 2576; x_wconf 91' lang='grc'><strong>·</strong></span> 
     </span>
    </p>
   </div>
   <div class='ocr_carea' id='block_1_86' title="bbox 79 2601 864 2641">
    <p class='ocr_par' dir='ltr' id='par_1_86' title="bbox 79 2601 864 2641">
     <span class='ocr_line' id='line_1_86' title="bbox 79 2601 864 2641; baseline 0.006 -14"><span class='ocrx_word' id='word_1_600' title='bbox 79 2601 125 2627; x_wconf 71' lang='lat' dir='ltr'><strong>aut</strong></span> <span class='ocrx_word' id='word_1_601' title='bbox 150 2601 219 2635; x_wconf 64' lang='grc' dir='ltr'>πρὸς</span> <span class='ocrx_word' id='word_1_602' title='bbox 235 2602 315 2629; x_wconf 71' lang='grc' dir='ltr'>τοῦτο</span> <span class='ocrx_word' id='word_1_603' title='bbox 328 2604 467 2639; x_wconf 71' lang='grc' dir='ltr'>ἐπενοήθη</span> <span class='ocrx_word' id='word_1_604' title='bbox 485 2606 633 2640; x_wconf 76' lang='grc' dir='ltr'>θεραπεία.</span> <span class='ocrx_word' id='word_1_605' title='bbox 658 2607 688 2632; x_wconf 83' lang='lat' dir='ltr'><strong>Et</strong></span> <span class='ocrx_word' id='word_1_606' title='bbox 714 2606 768 2641; x_wconf 85' lang='grc' dir='ltr'><strong>γὰρ</strong></span> <span class='ocrx_word' id='word_1_607' title='bbox 783 2607 797 2633; x_wconf 86' lang='grc' dir='ltr'>ὁ</span> <span class='ocrx_word' id='word_1_608' title='bbox 814 2607 864 2641; x_wconf 81' lang='grc' dir='ltr'>τὴν</span> 
     </span>
    </p>
   </div>
   <div class='ocr_carea' id='block_1_87' title="bbox 79 2648 863 2688">
    <p class='ocr_par' dir='ltr' id='par_1_87' title="bbox 79 2648 863 2688">
     <span class='ocr_line' id='line_1_87' title="bbox 79 2648 863 2688; baseline 0.006 -14"><span class='ocrx_word' id='word_1_609' title='bbox 79 2648 170 2675; x_wconf 77' lang='grc' dir='ltr'>πίστιν</span> <span class='ocrx_word' id='word_1_610' title='bbox 187 2649 290 2684; x_wconf 83' lang='grc' dir='ltr'>ταύτην</span> <span class='ocrx_word' id='word_1_611' title='bbox 302 2650 410 2683; x_wconf 71' lang='grc' dir='ltr'>διδάξας</span> <span class='ocrx_word' id='word_1_612' title='bbox 436 2651 526 2678; x_wconf 75' lang='grc' dir='ltr'>καὶτὰ</span> <span class='ocrx_word' id='word_1_613' title='bbox 540 2652 668 2687; x_wconf 82' lang='grc' dir='ltr'>θαύματα</span> <span class='ocrx_word' id='word_1_614' title='bbox 693 2653 863 2688; x_wconf 79' lang='grc' dir='ltr'>ἐργάσασθαι</span> 
     </span>
    </p>
   </div>
   <div class='ocr_carea' id='block_1_88' title="bbox 77 2694 861 2734">
    <p class='ocr_par' dir='ltr' id='par_1_88' title="bbox 77 2694 861 2734">
     <span class='ocr_line' id='line_1_88' title="bbox 77 2694 861 2734; baseline 0.008 -15"><span class='ocrx_word' id='word_1_615' title='bbox 77 2694 223 2728; x_wconf 76' lang='grc' dir='ltr'>λεγόμενος</span> <span class='ocrx_word' id='word_1_616' title='bbox 240 2695 367 2728; x_wconf 78' lang='grc' dir='ltr'>πλούσιος</span> <span class='ocrx_word' id='word_1_617' title='bbox 393 2694 439 2732; x_wconf 81' lang='grc' dir='ltr'>ἦν,</span> <span class='ocrx_word' id='word_1_618' title='bbox 465 2699 512 2724; x_wconf 66' lang='grc' dir='ltr'><strong>καὶ</strong></span> <span class='ocrx_word' id='word_1_619' title='bbox 547 2699 636 2734; x_wconf 85' lang='grc' dir='ltr'>ἀρχὴν</span> <span class='ocrx_word' id='word_1_620' title='bbox 662 2700 784 2734; x_wconf 83' lang='grc' dir='ltr'>μεγάλην</span> <span class='ocrx_word' id='word_1_621' title='bbox 814 2700 861 2725; x_wconf 77' lang='grc' dir='ltr'>καὶ</span> 
     </span>
    </p>
   </div>
   <div class='ocr_carea' id='block_1_89' title="bbox 78 2740 861 2780">
    <p class='ocr_par' dir='ltr' id='par_1_89' title="bbox 78 2740 861 2780">
     <span class='ocr_line' id='line_1_89' title="bbox 78 2740 861 2780; baseline 0.008 -15"><span class='ocrx_word' id='word_1_622' title='bbox 78 2740 272 2775; x_wconf 83' lang='grc' dir='ltr'>στρατεύματα</span> <span class='ocrx_word' id='word_1_623' title='bbox 287 2740 369 2776; x_wconf 75' lang='grc' dir='ltr'>εἶχεν,</span> <span class='ocrx_word' id='word_1_624' title='bbox 386 2744 474 2776; x_wconf 76' lang='grc' dir='ltr'>ἔδοξεν</span> <span class='ocrx_word' id='word_1_625' title='bbox 489 2744 522 2771; x_wconf 80' lang='grc' dir='ltr'>ἂν</span> <span class='ocrx_word' id='word_1_626' title='bbox 540 2745 611 2771; x_wconf 66' lang='grc' dir='ltr'>τιοὶν</span> <span class='ocrx_word' id='word_1_627' title='bbox 643 2745 684 2771; x_wconf 80' lang='grc' dir='ltr'>ὃτι</span> <span class='ocrx_word' id='word_1_628' title='bbox 712 2745 729 2780; x_wconf 82' lang='grc' dir='ltr'>ἡ</span> <span class='ocrx_word' id='word_1_629' title='bbox 755 2745 861 2771; x_wconf 76' lang='grc' dir='ltr'>ἐκείνου</span> 
     </span>
    </p>
   </div>
   <div class='ocr_carea' id='block_1_90' title="bbox 78 2785 862 2826">
    <p class='ocr_par' dir='ltr' id='par_1_90' title="bbox 78 2785 862 2826">
     <span class='ocr_line' id='line_1_90' title="bbox 78 2785 862 2826; baseline 0.009 -15"><span class='ocrx_word' id='word_1_630' title='bbox 78 2785 234 2813; x_wconf 77' lang='grc' dir='ltr'>διδασκαλία</span> <span class='ocrx_word' id='word_1_631' title='bbox 263 2789 309 2815; x_wconf 78' lang='grc' dir='ltr'>καὶ</span> <span class='ocrx_word' id='word_1_632' title='bbox 332 2789 366 2815; x_wconf 77' lang='grc' dir='ltr'>τὰ</span> <span class='ocrx_word' id='word_1_633' title='bbox 392 2789 520 2825; x_wconf 81' lang='grc' dir='ltr'>θαύματα</span> <span class='ocrx_word' id='word_1_634' title='bbox 552 2791 700 2826; x_wconf 73' lang='grc' dir='ltr'>πλάσματά</span> <span class='ocrx_word' id='word_1_635' title='bbox 728 2792 791 2823; x_wconf 83' lang='grc' dir='ltr'>εἰσι,</span> <span class='ocrx_word' id='word_1_636' title='bbox 815 2793 862 2818; x_wconf 76' lang='grc' dir='ltr'>καὶ</span> 
     </span>
    </p>
   </div>
   <div class='ocr_carea' id='block_1_91' title="bbox 117 2874 373 2905">
    <p class='ocr_par' dir='ltr' id='par_1_91' title="bbox 117 2874 373 2905">
     <span class='ocr_line' id='line_1_91' title="bbox 117 2874 373 2905; baseline 0 -4"><span class='ocrx_word' id='word_1_637' title='bbox 117 2874 163 2901; x_wconf 85' lang='lat' dir='ltr'><strong>&quot;l</strong></span> <span class='ocrx_word' id='word_1_638' title='bbox 180 2874 253 2902; x_wconf 79' lang='lat' dir='ltr'><strong>Petr.</strong></span> <span class='ocrx_word' id='word_1_639' title='bbox 275 2881 307 2905; x_wconf 86' lang='grc' dir='ltr'>ιι.</span> <span class='ocrx_word' id='word_1_640' title='bbox 327 2874 373 2901; x_wconf 71' lang='grc'><strong>24.</strong></span> 
     </span>
    </p>
   </div>
   <div class='ocr_carea' id='block_1_92' title="bbox 241 2919 560 2952">
    <p class='ocr_par' dir='ltr' id='par_1_92' title="bbox 241 2919 560 2952">
     <span class='ocr_line' id='line_1_92' title="bbox 241 2919 560 2952; baseline 0.009 -3"><span class='ocrx_word' id='word_1_641' title='bbox 241 2920 376 2950; x_wconf 65' lang='grc' dir='ltr'>Ρλτιιοι..</span> <span class='ocrx_word' id='word_1_642' title='bbox 397 2920 454 2950; x_wconf 73' lang='lat' dir='ltr'><strong>Gn.</strong></span> <span class='ocrx_word' id='word_1_643' title='bbox 479 2919 560 2952; x_wconf 84' lang='lat' dir='ltr'><strong>CL“.</strong></span> 
     </span>
    </p>
   </div>
   <div class='ocr_carea' id='block_1_93' title="bbox 919 1641 1701 1677">
    <p class='ocr_par' dir='ltr' id='par_1_93' title="bbox 919 1641 1701 1677">
     <span class='ocr_line' id='line_1_93' title="bbox 919 1641 1701 1677; baseline 0.013 -10"><span class='ocrx_word' id='word_1_644' title='bbox 919 1641 989 1673; x_wconf 89' lang='lat' dir='ltr'><strong>tulit,</strong></span> <span class='ocrx_word' id='word_1_645' title='bbox 1014 1645 1044 1669; x_wconf 90' lang='lat' dir='ltr'><strong>ut</strong></span> <span class='ocrx_word' id='word_1_646' title='bbox 1070 1650 1150 1670; x_wconf 91' lang='lat' dir='ltr'><strong>nemo</strong></span> <span class='ocrx_word' id='word_1_647' title='bbox 1173 1643 1269 1671; x_wconf 87' lang='lat' dir='ltr'><strong>mortis</strong></span> <span class='ocrx_word' id='word_1_648' title='bbox 1292 1648 1363 1672; x_wconf 85' lang='lat' dir='ltr'><strong>metu</strong></span> <span class='ocrx_word' id='word_1_649' title='bbox 1391 1646 1536 1675; x_wconf 88' lang='lat' dir='ltr'><strong>deterritus</strong></span> <span class='ocrx_word' id='word_1_650' title='bbox 1562 1649 1701 1677; x_wconf 88' lang='lat' dir='ltr'><strong>veritatem</strong></span> 
     </span>
    </p>
   </div>
   <div class='ocr_carea' id='block_1_94' title="bbox 915 1685 1702 1731">
    <p class='ocr_par' dir='ltr' id='par_1_94' title="bbox 915 1685 1702 1731">
     <span class='ocr_line' id='line_1_94' title="bbox 915 1685 1702 1731; baseline 0.015 -19"><span class='ocrx_word' id='word_1_651' title='bbox 915 1685 1034 1714; x_wconf 83' lang='lat' dir='ltr'><strong>deserat.</strong></span> <span class='ocrx_word' id='word_1_652' title='bbox 1069 1687 1310 1716; x_wconf 84' lang='lat' dir='ltr'><strong>Probrosissimam</strong></span> <span class='ocrx_word' id='word_1_653' title='bbox 1336 1692 1426 1719; x_wconf 85' lang='lat' dir='ltr'><strong>crucis</strong></span> <span class='ocrx_word' id='word_1_654' title='bbox 1461 1694 1596 1728; x_wconf 84' lang='lat' dir='ltr'><strong>supplicio</strong></span> <span class='ocrx_word' id='word_1_655' title='bbox 1620 1696 1702 1731; x_wconf 74' lang='lat' dir='ltr'><strong>elegit</strong></span> 
     </span>
    </p>
   </div>
   <div class='ocr_carea' id='block_1_95' title="bbox 916 1737 1700 1771">
    <p class='ocr_par' dir='ltr' id='par_1_95' title="bbox 916 1737 1700 1771">
     <span class='ocr_line' id='line_1_95' title="bbox 916 1737 1700 1771; baseline 0.014 -12"><span class='ocrx_word' id='word_1_656' title='bbox 916 1737 1042 1766; x_wconf 90' lang='lat' dir='ltr'><strong>mortem,</strong></span> <span class='ocrx_word' id='word_1_657' title='bbox 1064 1739 1094 1761; x_wconf 91' lang='lat' dir='ltr'><strong>ut</strong></span> <span class='ocrx_word' id='word_1_658' title='bbox 1116 1742 1197 1762; x_wconf 88' lang='lat' dir='ltr'><strong>nemo</strong></span> <span class='ocrx_word' id='word_1_659' title='bbox 1214 1743 1263 1770; x_wconf 90' lang='lat' dir='ltr'><strong>pro</strong></span> <span class='ocrx_word' id='word_1_660' title='bbox 1277 1737 1392 1766; x_wconf 84' lang='lat' dir='ltr'><strong>veritate</strong></span> <span class='ocrx_word' id='word_1_661' title='bbox 1410 1739 1570 1771; x_wconf 82' lang='lat' dir='ltr'><strong>probrosam</strong></span> <span class='ocrx_word' id='word_1_662' title='bbox 1585 1747 1700 1770; x_wconf 89' lang='lat' dir='ltr'><strong>mortem</strong></span> 
     </span>
    </p>
   </div>
   <div class='ocr_carea' id='block_1_96' title="bbox 916 1777 1703 1818">
    <p class='ocr_par' dir='ltr' id='par_1_96' title="bbox 916 1777 1703 1818">
     <span class='ocr_line' id='line_1_96' title="bbox 916 1777 1703 1818; baseline 0.014 -14"><span class='ocrx_word' id='word_1_663' title='bbox 916 1777 1047 1813; x_wconf 74' lang='lat' dir='ltr'><strong>defugiat.</strong></span> <span class='ocrx_word' id='word_1_664' title='bbox 1071 1778 1165 1815; x_wconf 86' lang='lat' dir='ltr'><strong>Itaque</strong></span> <span class='ocrx_word' id='word_1_665' title='bbox 1189 1782 1355 1810; x_wconf 85' lang='lat' dir='ltr'><strong>conveniens</strong></span> <span class='ocrx_word' id='word_1_666' title='bbox 1380 1788 1451 1818; x_wconf 84' lang='lat' dir='ltr'><strong>erat,</strong></span> <span class='ocrx_word' id='word_1_667' title='bbox 1477 1789 1505 1811; x_wconf 94' lang='grc' dir='ltr'><strong>ιιι</strong></span> <span class='ocrx_word' id='word_1_668' title='bbox 1531 1785 1602 1814; x_wconf 87' lang='lat' dir='ltr'><strong>Deus</strong></span> <span class='ocrx_word' id='word_1_669' title='bbox 1621 1788 1703 1816; x_wconf 80' lang='lat' dir='ltr'><strong>homo</strong></span> 
     </span>
    </p>
   </div>
   <div class='ocr_carea' id='block_1_97' title="bbox 916 1824 1703 1863">
    <p class='ocr_par' dir='ltr' id='par_1_97' title="bbox 916 1824 1703 1863">
     <span class='ocr_line' id='line_1_97' title="bbox 916 1824 1703 1863; baseline 0.014 -13"><span class='ocrx_word' id='word_1_670' title='bbox 916 1824 1000 1856; x_wconf 84' lang='lat' dir='ltr'><strong>ﬁeret,</strong></span> <span class='ocrx_word' id='word_1_671' title='bbox 1018 1833 1073 1860; x_wconf 93' lang='lat' dir='ltr'><strong>quo</strong></span> <span class='ocrx_word' id='word_1_672' title='bbox 1096 1826 1226 1854; x_wconf 91' lang='lat' dir='ltr'><strong>nimirum</strong></span> <span class='ocrx_word' id='word_1_673' title='bbox 1251 1828 1376 1863; x_wconf 81' lang='lat' dir='ltr'><strong>exemplo</strong></span> <span class='ocrx_word' id='word_1_674' title='bbox 1390 1837 1440 1857; x_wconf 93' lang='lat' dir='ltr'><strong>suo</strong></span> <span class='ocrx_word' id='word_1_675' title='bbox 1456 1831 1584 1860; x_wconf 83' lang='lat' dir='ltr'><strong>homines</strong></span> <span class='ocrx_word' id='word_1_676' title='bbox 1597 1833 1630 1860; x_wconf 87' lang='lat' dir='ltr'><strong>ad</strong></span> <span class='ocrx_word' id='word_1_677' title='bbox 1647 1834 1703 1860; x_wconf 75' lang='lat' dir='ltr'><strong>vir~</strong></span> 
     </span>
    </p>
   </div>
   <div class='ocr_carea' id='block_1_98' title="bbox 917 1873 1703 1906">
    <p class='ocr_par' dir='ltr' id='par_1_98' title="bbox 917 1873 1703 1906">
     <span class='ocr_line' id='line_1_98' title="bbox 917 1873 1703 1906; baseline 0.014 -11"><span class='ocrx_word' id='word_1_678' title='bbox 917 1873 1002 1896; x_wconf 83' lang='lat' dir='ltr'><strong>tntem</strong></span> <span class='ocrx_word' id='word_1_679' title='bbox 1029 1877 1199 1905; x_wconf 82' lang='lat' dir='ltr'><strong>provocaret,</strong></span> <span class='ocrx_word' id='word_1_680' title='bbox 1224 1873 1262 1900; x_wconf 91' lang='lat' dir='ltr'><strong>uti</strong></span> <span class='ocrx_word' id='word_1_681' title='bbox 1278 1873 1315 1901; x_wconf 87' lang='lat' dir='ltr'><strong>ait</strong></span> <span class='ocrx_word' id='word_1_682' title='bbox 1336 1874 1433 1903; x_wconf 82' lang='lat' dir='ltr'><strong>beatus</strong></span> <span class='ocrx_word' id='word_1_683' title='bbox 1456 1876 1553 1905; x_wconf 82' lang='lat' dir='ltr'><strong>Petrus</strong></span> <span class='ocrx_word' id='word_1_684' title='bbox 1571 1886 1578 1905; x_wconf 89' lang='lat'>:</span> <span class='ocrx_word' id='word_1_685' title='bbox 1595 1887 1606 1904; x_wconf 76' lang='grc' dir='ltr'><strong>ι</strong></span> <span class='ocrx_word' id='word_1_686' title='bbox 1624 1879 1703 1906; x_wconf 88' lang='lat' dir='ltr'><strong>Chri-</strong></span> 
     </span>
    </p>
   </div>
   <div class='ocr_carea' id='block_1_99' title="bbox 916 1918 1703 1958">
    <p class='ocr_par' dir='ltr' id='par_1_99' title="bbox 916 1918 1703 1958">
     <span class='ocr_line' id='line_1_99' title="bbox 916 1918 1703 1958; baseline 0.017 -17"><span class='ocrx_word' id='word_1_687' title='bbox 916 1918 975 1941; x_wconf 78' lang='lat' dir='ltr'><strong>stus</strong></span> <span class='ocrx_word' id='word_1_688' title='bbox 989 1922 1086 1949; x_wconf 81' lang='lat' dir='ltr'><strong>passus</strong></span> <span class='ocrx_word' id='word_1_689' title='bbox 1100 1921 1141 1944; x_wconf 90' lang='lat' dir='ltr'><strong>est</strong></span> <span class='ocrx_word' id='word_1_690' title='bbox 1157 1925 1206 1952; x_wconf 89' lang='lat' dir='ltr'><strong>pro</strong></span> <span class='ocrx_word' id='word_1_691' title='bbox 1228 1919 1317 1952; x_wconf 86' lang='lat' dir='ltr'><strong>nobis,</strong></span> <span class='ocrx_word' id='word_1_692' title='bbox 1338 1921 1417 1948; x_wconf 89' lang='lat' dir='ltr'><strong>nobis</strong></span> <span class='ocrx_word' id='word_1_693' title='bbox 1436 1922 1594 1958; x_wconf 83' lang='lat' dir='ltr'><strong>relinquens</strong></span> <span class='ocrx_word' id='word_1_694' title='bbox 1609 1932 1703 1953; x_wconf 83' lang='lat' dir='ltr'><strong>exem-</strong></span> 
     </span>
    </p>
   </div>
   <div class='ocr_carea' id='block_1_100' title="bbox 916 1960 1485 2001">
    <p class='ocr_par' dir='ltr' id='par_1_100' title="bbox 916 1960 1485 2001">
     <span class='ocr_line' id='line_1_100' title="bbox 916 1960 1485 2001; baseline 0.016 -15"><span class='ocrx_word' id='word_1_695' title='bbox 916 1960 1002 1994; x_wconf 89' lang='lat' dir='ltr'><strong>plum,</strong></span> <span class='ocrx_word' id='word_1_696' title='bbox 1019 1966 1047 1989; x_wconf 90' lang='lat' dir='ltr'><strong>ut</strong></span> <span class='ocrx_word' id='word_1_697' title='bbox 1063 1969 1210 1997; x_wconf 87' lang='lat' dir='ltr'><strong>sequamur</strong></span> <span class='ocrx_word' id='word_1_698' title='bbox 1223 1965 1334 2000; x_wconf 72' lang='lat' dir='ltr'><strong>vestigia</strong></span> <span class='ocrx_word' id='word_1_699' title='bbox 1352 1967 1411 2001; x_wconf 80' lang='lat' dir='ltr'><strong>ejus</strong></span> <span class='ocrx_word' id='word_1_700' title='bbox 1422 1968 1455 1994; x_wconf 81' lang='grc'><strong>⁷⁸.</strong></span> <span class='ocrx_word' id='word_1_701' title='bbox 1475 1978 1485 1994; x_wconf 75' lang='grc' dir='ltr'><strong>ι</strong></span> 
     </span>
    </p>
   </div>
   <div class='ocr_carea' id='block_1_101' title="bbox 952 2005 1702 2049">
    <p class='ocr_par' dir='ltr' id='par_1_101' title="bbox 952 2005 1702 2049">
     <span class='ocr_line' id='line_1_101' title="bbox 952 2005 1702 2049; baseline 0.017 -17"><span class='ocrx_word' id='word_1_702' title='bbox 952 2005 1021 2038; x_wconf 86' lang='lat' dir='ltr'><strong>Quia</strong></span> <span class='ocrx_word' id='word_1_703' title='bbox 1044 2014 1108 2034; x_wconf 90' lang='lat' dir='ltr'><strong>vero</strong></span> <span class='ocrx_word' id='word_1_704' title='bbox 1125 2015 1178 2035; x_wconf 94' lang='lat' dir='ltr'><strong>non</strong></span> <span class='ocrx_word' id='word_1_705' title='bbox 1203 2009 1260 2037; x_wconf 79' lang='lat' dir='ltr'><strong>sola</strong></span> <span class='ocrx_word' id='word_1_706' title='bbox 1279 2011 1388 2039; x_wconf 83' lang='lat' dir='ltr'><strong>virtutis</strong></span> <span class='ocrx_word' id='word_1_707' title='bbox 1406 2020 1487 2047; x_wconf 90' lang='lat' dir='ltr'><strong>opera</strong></span> <span class='ocrx_word' id='word_1_708' title='bbox 1509 2015 1656 2049; x_wconf 81' lang='lat' dir='ltr'><strong>sufﬁciunt,</strong></span> <span class='ocrx_word' id='word_1_709' title='bbox 1672 2023 1702 2045; x_wconf 92' lang='lat' dir='ltr'><strong>ut</strong></span> 
     </span>
    </p>
   </div>
   <div class='ocr_carea' id='block_1_102' title="bbox 916 2054 1700 2094">
    <p class='ocr_par' dir='ltr' id='par_1_102' title="bbox 916 2054 1700 2094">
     <span class='ocr_line' id='line_1_102' title="bbox 916 2054 1700 2094; baseline 0.015 -15"><span class='ocrx_word' id='word_1_710' title='bbox 916 2057 1046 2081; x_wconf 73' lang='lat' dir='ltr'><strong>teternam</strong></span> <span class='ocrx_word' id='word_1_711' title='bbox 1062 2054 1125 2089; x_wconf 85' lang='lat' dir='ltr'><strong>quis</strong></span> <span class='ocrx_word' id='word_1_712' title='bbox 1146 2055 1344 2084; x_wconf 86' lang='lat' dir='ltr'><strong>beatitudinem</strong></span> <span class='ocrx_word' id='word_1_713' title='bbox 1366 2065 1562 2094; x_wconf 86' lang='lat' dir='ltr'><strong>consequatur,</strong></span> <span class='ocrx_word' id='word_1_714' title='bbox 1579 2063 1626 2089; x_wconf 88' lang='lat' dir='ltr'><strong>sed</strong></span> <span class='ocrx_word' id='word_1_715' title='bbox 1653 2072 1700 2091; x_wconf 89' lang='lat' dir='ltr'><strong>ne-</strong></span> 
     </span>
    </p>
   </div>
   <div class='ocr_carea' id='block_1_103' title="bbox 915 2100 1702 2137">
    <p class='ocr_par' dir='ltr' id='par_1_103' title="bbox 915 2100 1702 2137">
     <span class='ocr_line' id='line_1_103' title="bbox 915 2100 1702 2137; baseline 0.011 -10"><span class='ocrx_word' id='word_1_716' title='bbox 915 2100 1034 2128; x_wconf 81' lang='lat' dir='ltr'><strong>cessaria</strong></span> <span class='ocrx_word' id='word_1_717' title='bbox 1049 2108 1159 2135; x_wconf 87' lang='lat' dir='ltr'><strong>quoque</strong></span> <span class='ocrx_word' id='word_1_718' title='bbox 1173 2102 1295 2129; x_wconf 81' lang='lat' dir='ltr'><strong>veritatis</strong></span> <span class='ocrx_word' id='word_1_719' title='bbox 1310 2102 1344 2130; x_wconf 90' lang='lat' dir='ltr'><strong>de</strong></span> <span class='ocrx_word' id='word_1_720' title='bbox 1360 2103 1415 2132; x_wconf 86' lang='lat' dir='ltr'><strong>Deo</strong></span> <span class='ocrx_word' id='word_1_721' title='bbox 1434 2107 1554 2137; x_wconf 68' lang='lat' dir='ltr'><strong>cognitio</strong></span> <span class='ocrx_word' id='word_1_722' title='bbox 1568 2113 1610 2135; x_wconf 79' lang='lat' dir='ltr'><strong>est</strong></span> <span class='ocrx_word' id='word_1_723' title='bbox 1626 2117 1634 2135; x_wconf 89' lang='lat'><strong>:</strong></span> <span class='ocrx_word' id='word_1_724' title='bbox 1653 2118 1702 2136; x_wconf 85' lang='lat' dir='ltr'><strong>nec</strong></span> 
     </span>
    </p>
   </div>
   <div class='ocr_carea' id='block_1_104' title="bbox 915 2145 1702 2189">
    <p class='ocr_par' dir='ltr' id='par_1_104' title="bbox 915 2145 1702 2189">
     <span class='ocr_line' id='line_1_104' title="bbox 915 2145 1702 2189; baseline 0.014 -18"><span class='ocrx_word' id='word_1_725' title='bbox 915 2153 981 2172; x_wconf 86' lang='lat' dir='ltr'><strong>vero</strong></span> <span class='ocrx_word' id='word_1_726' title='bbox 999 2145 1058 2173; x_wconf 91' lang='lat' dir='ltr'><strong>ﬁeri</strong></span> <span class='ocrx_word' id='word_1_727' title='bbox 1080 2150 1187 2180; x_wconf 86' lang='lat' dir='ltr'><strong>poterat</strong></span> <span class='ocrx_word' id='word_1_728' title='bbox 1201 2152 1229 2174; x_wconf 90' lang='lat' dir='ltr'><strong>ut</strong></span> <span class='ocrx_word' id='word_1_729' title='bbox 1251 2148 1332 2175; x_wconf 88' lang='lat' dir='ltr'><strong>homo</strong></span> <span class='ocrx_word' id='word_1_730' title='bbox 1348 2150 1488 2178; x_wconf 85' lang='lat' dir='ltr'><strong>veritatem</strong></span> <span class='ocrx_word' id='word_1_731' title='bbox 1509 2151 1623 2184; x_wconf 85' lang='lat' dir='ltr'><strong>docens.</strong></span> <span class='ocrx_word' id='word_1_732' title='bbox 1641 2162 1702 2189; x_wconf 67' lang='lat' dir='ltr'><strong>quae</strong></span> 
     </span>
    </p>
   </div>
   <div class='ocr_carea' id='block_1_105' title="bbox 915 2190 1701 2230">
    <p class='ocr_par' dir='ltr' id='par_1_105' title="bbox 915 2190 1701 2230">
     <span class='ocr_line' id='line_1_105' title="bbox 915 2190 1701 2230; baseline 0.013 -13"><span class='ocrx_word' id='word_1_733' title='bbox 915 2191 949 2218; x_wconf 86' lang='lat' dir='ltr'><strong>de</strong></span> <span class='ocrx_word' id='word_1_734' title='bbox 972 2190 1028 2218; x_wconf 87' lang='lat' dir='ltr'><strong>Deo</strong></span> <span class='ocrx_word' id='word_1_735' title='bbox 1045 2197 1096 2223; x_wconf 85' lang='lat' dir='ltr'><strong>est,</strong></span> <span class='ocrx_word' id='word_1_736' title='bbox 1113 2197 1215 2219; x_wconf 85' lang='lat' dir='ltr'><strong>certam</strong></span> <span class='ocrx_word' id='word_1_737' title='bbox 1233 2194 1345 2221; x_wconf 90' lang='lat' dir='ltr'><strong>omnino</strong></span> <span class='ocrx_word' id='word_1_738' title='bbox 1360 2195 1438 2222; x_wconf 88' lang='lat' dir='ltr'><strong>ﬁdem</strong></span> <span class='ocrx_word' id='word_1_739' title='bbox 1463 2197 1592 2230; x_wconf 81' lang='lat' dir='ltr'><strong>haberet;</strong></span> <span class='ocrx_word' id='word_1_740' title='bbox 1618 2200 1701 2227; x_wconf 82' lang='lat' dir='ltr'><strong>homo</strong></span> 
     </span>
    </p>
   </div>
   <div class='ocr_carea' id='block_1_106' title="bbox 915 2238 1702 2279">
    <p class='ocr_par' dir='ltr' id='par_1_106' title="bbox 915 2238 1702 2279">
     <span class='ocr_line' id='line_1_106' title="bbox 915 2238 1702 2279; baseline 0.011 -15"><span class='ocrx_word' id='word_1_741' title='bbox 915 2238 987 2265; x_wconf 82' lang='lat' dir='ltr'><strong>enim</strong></span> <span class='ocrx_word' id='word_1_742' title='bbox 1010 2242 1036 2265; x_wconf 89' lang='lat' dir='ltr'><strong>ct</strong></span> <span class='ocrx_word' id='word_1_743' title='bbox 1059 2238 1146 2272; x_wconf 87' lang='lat' dir='ltr'><strong>decipi</strong></span> <span class='ocrx_word' id='word_1_744' title='bbox 1165 2244 1190 2265; x_wconf 89' lang='lat' dir='ltr'><strong>cl</strong></span> <span class='ocrx_word' id='word_1_745' title='bbox 1210 2239 1336 2273; x_wconf 85' lang='lat' dir='ltr'><strong>decipere</strong></span> <span class='ocrx_word' id='word_1_746' title='bbox 1361 2246 1461 2275; x_wconf 88' lang='lat' dir='ltr'><strong>potest,</strong></span> <span class='ocrx_word' id='word_1_747' title='bbox 1478 2250 1509 2277; x_wconf 83' lang='lat' dir='ltr'><strong>ea</strong></span> <span class='ocrx_word' id='word_1_748' title='bbox 1525 2251 1634 2279; x_wconf 89' lang='lat' dir='ltr'><strong>quoque</strong></span> <span class='ocrx_word' id='word_1_749' title='bbox 1658 2254 1702 2273; x_wconf 80' lang='lat' dir='ltr'><strong>ra—</strong></span> 
     </span>
    </p>
   </div>
   <div class='ocr_carea' id='block_1_107' title="bbox 916 2283 1699 2318">
    <p class='ocr_par' dir='ltr' id='par_1_107' title="bbox 916 2283 1699 2318">
     <span class='ocr_line' id='line_1_107' title="bbox 916 2283 1699 2318; baseline 0.01 -8"><span class='ocrx_word' id='word_1_750' title='bbox 916 2283 989 2311; x_wconf 88' lang='lat' dir='ltr'><strong>tione</strong></span> <span class='ocrx_word' id='word_1_751' title='bbox 1002 2284 1130 2317; x_wconf 79' lang='lat' dir='ltr'><strong>decebat,</strong></span> <span class='ocrx_word' id='word_1_752' title='bbox 1155 2289 1182 2311; x_wconf 91' lang='lat' dir='ltr'><strong>ut</strong></span> <span class='ocrx_word' id='word_1_753' title='bbox 1207 2285 1278 2313; x_wconf 85' lang='lat' dir='ltr'><strong>Deus</strong></span> <span class='ocrx_word' id='word_1_754' title='bbox 1295 2286 1385 2314; x_wconf 83' lang='lat' dir='ltr'><strong>factus</strong></span> <span class='ocrx_word' id='word_1_755' title='bbox 1402 2287 1485 2315; x_wconf 91' lang='lat' dir='ltr'><strong>homo</strong></span> <span class='ocrx_word' id='word_1_756' title='bbox 1506 2296 1597 2316; x_wconf 86' lang='lat' dir='ltr'><strong>veram</strong></span> <span class='ocrx_word' id='word_1_757' title='bbox 1621 2291 1699 2318; x_wconf 88' lang='lat' dir='ltr'><strong>ﬁdem</strong></span> 
     </span>
    </p>
   </div>
   <div class='ocr_carea' id='block_1_108' title="bbox 913 2330 1701 2368">
    <p class='ocr_par' dir='ltr' id='par_1_108' title="bbox 913 2330 1701 2368">
     <span class='ocr_line' id='line_1_108' title="bbox 913 2330 1701 2368; baseline 0.01 -12"><span class='ocrx_word' id='word_1_758' title='bbox 913 2330 1033 2362; x_wconf 85' lang='lat' dir='ltr'><strong>doceret,</strong></span> <span class='ocrx_word' id='word_1_759' title='bbox 1050 2337 1105 2365; x_wconf 90' lang='lat' dir='ltr'><strong>quo</strong></span> <span class='ocrx_word' id='word_1_760' title='bbox 1123 2330 1167 2358; x_wconf 90' lang='lat' dir='ltr'><strong>illa</strong></span> <span class='ocrx_word' id='word_1_761' title='bbox 1192 2331 1260 2358; x_wconf 80' lang='lat' dir='ltr'><strong>nihil</strong></span> <span class='ocrx_word' id='word_1_762' title='bbox 1281 2333 1452 2368; x_wconf 81' lang='lat' dir='ltr'><strong>ambiguum,</strong></span> <span class='ocrx_word' id='word_1_763' title='bbox 1474 2335 1546 2362; x_wconf 86' lang='lat' dir='ltr'><strong>velut</strong></span> <span class='ocrx_word' id='word_1_764' title='bbox 1562 2343 1577 2362; x_wconf 88' lang='lat' dir='ltr'><strong>a</strong></span> <span class='ocrx_word' id='word_1_765' title='bbox 1598 2335 1653 2364; x_wconf 86' lang='lat' dir='ltr'><strong>Deo</strong></span> <span class='ocrx_word' id='word_1_766' title='bbox 1674 2344 1701 2364; x_wconf 88' lang='lat' dir='ltr'><strong>et</strong></span> 
     </span>
    </p>
   </div>
   <div class='ocr_carea' id='block_1_109' title="bbox 913 2377 1701 2411">
    <p class='ocr_par' dir='ltr' id='par_1_109' title="bbox 913 2377 1701 2411">
     <span class='ocr_line' id='line_1_109' title="bbox 913 2377 1701 2411; baseline 0.009 -7"><span class='ocrx_word' id='word_1_767' title='bbox 913 2377 1026 2405; x_wconf 87' lang='lat' dir='ltr'><strong>homine</strong></span> <span class='ocrx_word' id='word_1_768' title='bbox 1041 2378 1153 2411; x_wconf 87' lang='lat' dir='ltr'><strong>tradita,</strong></span> <span class='ocrx_word' id='word_1_769' title='bbox 1170 2378 1293 2407; x_wconf 73' lang='lat' dir='ltr'><strong>traheret.</strong></span> <span class='ocrx_word' id='word_1_770' title='bbox 1314 2380 1379 2408; x_wconf 87' lang='lat' dir='ltr'><strong>Esse</strong></span> <span class='ocrx_word' id='word_1_771' title='bbox 1394 2386 1485 2408; x_wconf 86' lang='lat' dir='ltr'><strong>autem</strong></span> <span class='ocrx_word' id='word_1_772' title='bbox 1510 2390 1538 2410; x_wconf 85' lang='lat' dir='ltr'><strong>se</strong></span> <span class='ocrx_word' id='word_1_773' title='bbox 1554 2382 1638 2410; x_wconf 88' lang='lat' dir='ltr'><strong>Deum</strong></span> <span class='ocrx_word' id='word_1_774' title='bbox 1653 2384 1701 2411; x_wconf 89' lang='lat' dir='ltr'><strong>do-</strong></span> 
     </span>
    </p>
   </div>
   <div class='ocr_carea' id='block_1_110' title="bbox 914 2423 1699 2464">
    <p class='ocr_par' dir='ltr' id='par_1_110' title="bbox 914 2423 1699 2464">
     <span class='ocr_line' id='line_1_110' title="bbox 914 2423 1699 2464; baseline 0.009 -15"><span class='ocrx_word' id='word_1_775' title='bbox 914 2423 971 2450; x_wconf 86' lang='lat' dir='ltr'><strong>cuit</strong></span> <span class='ocrx_word' id='word_1_776' title='bbox 991 2431 1041 2458; x_wconf 90' lang='lat' dir='ltr'><strong>per</strong></span> <span class='ocrx_word' id='word_1_777' title='bbox 1058 2424 1201 2457; x_wconf 77' lang='lat' dir='ltr'><strong>miracula,</strong></span> <span class='ocrx_word' id='word_1_778' title='bbox 1218 2433 1279 2460; x_wconf 71' lang='lat' dir='ltr'><strong>qua:</strong></span> <span class='ocrx_word' id='word_1_779' title='bbox 1295 2426 1367 2453; x_wconf 88' lang='lat' dir='ltr'><strong>nulla</strong></span> <span class='ocrx_word' id='word_1_780' title='bbox 1383 2427 1502 2454; x_wconf 86' lang='lat' dir='ltr'><strong>humana</strong></span> <span class='ocrx_word' id='word_1_781' title='bbox 1519 2427 1618 2455; x_wconf 85' lang='lat' dir='ltr'><strong>virtute</strong></span> <span class='ocrx_word' id='word_1_782' title='bbox 1634 2437 1699 2464; x_wconf 85' lang='lat' dir='ltr'><strong>pos-</strong></span> 
     </span>
    </p>
   </div>
   <div class='ocr_carea' id='block_1_111' title="bbox 915 2469 1701 2508">
    <p class='ocr_par' dir='ltr' id='par_1_111' title="bbox 915 2469 1701 2508">
     <span class='ocr_line' id='line_1_111' title="bbox 915 2469 1701 2508; baseline 0.01 -14"><span class='ocrx_word' id='word_1_783' title='bbox 915 2474 977 2495; x_wconf 87' lang='lat' dir='ltr'><strong>sunt</strong></span> <span class='ocrx_word' id='word_1_784' title='bbox 997 2470 1131 2503; x_wconf 67' lang='lat' dir='ltr'><strong>praestari.</strong></span> <span class='ocrx_word' id='word_1_785' title='bbox 1157 2469 1224 2503; x_wconf 86' lang='lat' dir='ltr'><strong>Quia</strong></span> <span class='ocrx_word' id='word_1_786' title='bbox 1244 2475 1333 2497; x_wconf 86' lang='lat' dir='ltr'><strong>tamen</strong></span> <span class='ocrx_word' id='word_1_787' title='bbox 1352 2479 1402 2506; x_wconf 80' lang='lat' dir='ltr'><strong>par</strong></span> <span class='ocrx_word' id='word_1_788' title='bbox 1417 2477 1487 2504; x_wconf 83' lang='lat' dir='ltr'><strong>erat,</strong></span> <span class='ocrx_word' id='word_1_789' title='bbox 1504 2480 1551 2500; x_wconf 89' lang='lat' dir='ltr'><strong>eos</strong></span> <span class='ocrx_word' id='word_1_790' title='bbox 1573 2474 1618 2508; x_wconf 91' lang='lat' dir='ltr'><strong>qui</strong></span> <span class='ocrx_word' id='word_1_791' title='bbox 1636 2479 1701 2502; x_wconf 89' lang='lat' dir='ltr'><strong>tunc</strong></span> 
     </span>
    </p>
   </div>
   <div class='ocr_carea' id='block_1_112' title="bbox 915 2517 1700 2556">
    <p class='ocr_par' dir='ltr' id='par_1_112' title="bbox 915 2517 1700 2556">
     <span class='ocr_line' id='line_1_112' title="bbox 915 2517 1700 2556; baseline 0.01 -15"><span class='ocrx_word' id='word_1_792' title='bbox 915 2520 1064 2550; x_wconf 80' lang='lat' dir='ltr'><strong>pra-sentes</strong></span> <span class='ocrx_word' id='word_1_793' title='bbox 1079 2520 1158 2542; x_wconf 83' lang='lat' dir='ltr'><strong>erant</strong></span> <span class='ocrx_word' id='word_1_794' title='bbox 1173 2523 1203 2543; x_wconf 87' lang='lat' dir='ltr'><strong>ac</strong></span> <span class='ocrx_word' id='word_1_795' title='bbox 1215 2517 1353 2550; x_wconf 83' lang='lat' dir='ltr'><strong>ridebant,</strong></span> <span class='ocrx_word' id='word_1_796' title='bbox 1371 2521 1437 2546; x_wconf 89' lang='lat' dir='ltr'><strong>tunc</strong></span> <span class='ocrx_word' id='word_1_797' title='bbox 1453 2518 1626 2553; x_wconf 81' lang='lat' dir='ltr'><strong>credituros;</strong></span> <span class='ocrx_word' id='word_1_798' title='bbox 1650 2529 1700 2556; x_wconf 86' lang='lat' dir='ltr'><strong>po-</strong></span> 
     </span>
    </p>
   </div>
   <div class='ocr_carea' id='block_1_113' title="bbox 914 2560 1697 2598">
    <p class='ocr_par' dir='ltr' id='par_1_113' title="bbox 914 2560 1697 2598">
     <span class='ocr_line' id='line_1_113' title="bbox 914 2560 1697 2598; baseline 0.008 -11"><span class='ocrx_word' id='word_1_799' title='bbox 914 2565 1003 2588; x_wconf 90' lang='lat' dir='ltr'><strong>steros</strong></span> <span class='ocrx_word' id='word_1_800' title='bbox 1019 2567 1093 2592; x_wconf 77' lang='lat' dir='ltr'><strong>vero,</strong></span> <span class='ocrx_word' id='word_1_801' title='bbox 1120 2560 1246 2596; x_wconf 77' lang='lat' dir='ltr'><strong>ﬁgmenta</strong></span> <span class='ocrx_word' id='word_1_802' title='bbox 1273 2561 1331 2588; x_wconf 68' lang='lat' dir='ltr'><strong>haec</strong></span> <span class='ocrx_word' id='word_1_803' title='bbox 1355 2569 1426 2594; x_wconf 85' lang='lat' dir='ltr'><strong>esse,</strong></span> <span class='ocrx_word' id='word_1_804' title='bbox 1450 2564 1508 2590; x_wconf 78' lang='lat' dir='ltr'><strong>fore</strong></span> <span class='ocrx_word' id='word_1_805' title='bbox 1528 2565 1697 2598; x_wconf 86' lang='lat' dir='ltr'><strong>objecturos;</strong></span> 
     </span>
    </p>
   </div>
   <div class='ocr_carea' id='block_1_114' title="bbox 914 2606 1698 2646">
    <p class='ocr_par' dir='ltr' id='par_1_114' title="bbox 914 2606 1698 2646">
     <span class='ocr_line' id='line_1_114' title="bbox 914 2606 1698 2646; baseline 0.008 -14"><span class='ocrx_word' id='word_1_806' title='bbox 914 2606 978 2632; x_wconf 90' lang='lat' dir='ltr'><strong>huic</strong></span> <span class='ocrx_word' id='word_1_807' title='bbox 1001 2613 1110 2640; x_wconf 88' lang='lat' dir='ltr'><strong>quoque</strong></span> <span class='ocrx_word' id='word_1_808' title='bbox 1138 2607 1290 2642; x_wconf 73' lang='lat' dir='ltr'><strong>excogitata</strong></span> <span class='ocrx_word' id='word_1_809' title='bbox 1308 2608 1398 2635; x_wconf 77' lang='lat' dir='ltr'><strong>cautio</strong></span> <span class='ocrx_word' id='word_1_810' title='bbox 1414 2613 1464 2636; x_wconf 85' lang='lat' dir='ltr'><strong>est.</strong></span> <span class='ocrx_word' id='word_1_811' title='bbox 1483 2608 1550 2636; x_wconf 83' lang='lat' dir='ltr'><strong>Nam</strong></span> <span class='ocrx_word' id='word_1_812' title='bbox 1575 2610 1597 2638; x_wconf 91' lang='lat' dir='ltr'><strong>si</strong></span> <span class='ocrx_word' id='word_1_813' title='bbox 1614 2610 1636 2638; x_wconf 92' lang='lat' dir='ltr'><strong>is</strong></span> <span class='ocrx_word' id='word_1_814' title='bbox 1652 2614 1698 2646; x_wconf 86' lang='lat' dir='ltr'><strong>qui</strong></span> 
     </span>
    </p>
   </div>
   <div class='ocr_carea' id='block_1_115' title="bbox 914 2651 1699 2687">
    <p class='ocr_par' dir='ltr' id='par_1_115' title="bbox 914 2651 1699 2687">
     <span class='ocr_line' id='line_1_115' title="bbox 914 2651 1699 2687; baseline 0.006 -9"><span class='ocrx_word' id='word_1_815' title='bbox 914 2652 985 2678; x_wconf 86' lang='lat' dir='ltr'><strong>hanc</strong></span> <span class='ocrx_word' id='word_1_816' title='bbox 1007 2652 1097 2679; x_wconf 89' lang='lat' dir='ltr'><strong>docuit</strong></span> <span class='ocrx_word' id='word_1_817' title='bbox 1116 2651 1208 2682; x_wconf 77' lang='lat' dir='ltr'><strong>ﬁdem.</strong></span> <span class='ocrx_word' id='word_1_818' title='bbox 1224 2657 1251 2679; x_wconf 91' lang='lat' dir='ltr'><strong>et</strong></span> <span class='ocrx_word' id='word_1_819' title='bbox 1270 2652 1316 2687; x_wconf 84' lang='lat' dir='ltr'><strong>qui</strong></span> <span class='ocrx_word' id='word_1_820' title='bbox 1335 2653 1466 2681; x_wconf 88' lang='lat' dir='ltr'><strong>miracula</strong></span> <span class='ocrx_word' id='word_1_821' title='bbox 1483 2654 1581 2683; x_wconf 82' lang='lat' dir='ltr'><strong>fecisse</strong></span> <span class='ocrx_word' id='word_1_822' title='bbox 1601 2664 1699 2684; x_wconf 83' lang='lat' dir='ltr'><strong>narra-</strong></span> 
     </span>
    </p>
   </div>
   <div class='ocr_carea' id='block_1_116' title="bbox 917 2697 1700 2736">
    <p class='ocr_par' dir='ltr' id='par_1_116' title="bbox 917 2697 1700 2736">
     <span class='ocr_line' id='line_1_116' title="bbox 917 2697 1700 2736; baseline 0.008 -12"><span class='ocrx_word' id='word_1_823' title='bbox 917 2703 971 2729; x_wconf 91' lang='lat' dir='ltr'><strong>tur,</strong></span> <span class='ocrx_word' id='word_1_824' title='bbox 986 2697 1062 2725; x_wconf 92' lang='lat' dir='ltr'><strong>dives</strong></span> <span class='ocrx_word' id='word_1_825' title='bbox 1085 2697 1192 2730; x_wconf 79' lang='lat' dir='ltr'><strong>fuisset,</strong></span> <span class='ocrx_word' id='word_1_826' title='bbox 1216 2698 1365 2733; x_wconf 76' lang='lat' dir='ltr'><strong>ingensque</strong></span> <span class='ocrx_word' id='word_1_827' title='bbox 1389 2700 1533 2734; x_wconf 85' lang='lat' dir='ltr'><strong>imperium</strong></span> <span class='ocrx_word' id='word_1_828' title='bbox 1556 2709 1587 2728; x_wconf 87' lang='lat' dir='ltr'><strong>ac</strong></span> <span class='ocrx_word' id='word_1_829' title='bbox 1606 2703 1700 2736; x_wconf 87' lang='lat' dir='ltr'><strong>copias</strong></span> 
     </span>
    </p>
   </div>
   <div class='ocr_carea' id='block_1_117' title="bbox 917 2744 1700 2782">
    <p class='ocr_par' dir='ltr' id='par_1_117' title="bbox 917 2744 1700 2782">
     <span class='ocr_line' id='line_1_117' title="bbox 917 2744 1700 2782; baseline 0.006 -12"><span class='ocrx_word' id='word_1_830' title='bbox 917 2744 1039 2776; x_wconf 82' lang='lat' dir='ltr'><strong>haberet,</strong></span> <span class='ocrx_word' id='word_1_831' title='bbox 1063 2745 1157 2771; x_wconf 81' lang='lat' dir='ltr'><strong>venire</strong></span> <span class='ocrx_word' id='word_1_832' title='bbox 1180 2745 1208 2771; x_wconf 94' lang='lat' dir='ltr'><strong>in</strong></span> <span class='ocrx_word' id='word_1_833' title='bbox 1233 2749 1350 2772; x_wconf 78' lang='lat' dir='ltr'><strong>tuentem</strong></span> <span class='ocrx_word' id='word_1_834' title='bbox 1379 2746 1460 2774; x_wconf 82' lang='lat' dir='ltr'><strong>alicui</strong></span> <span class='ocrx_word' id='word_1_835' title='bbox 1485 2752 1600 2782; x_wconf 83' lang='lat' dir='ltr'><strong>poterat,</strong></span> <span class='ocrx_word' id='word_1_836' title='bbox 1625 2748 1700 2776; x_wconf 81' lang='lat' dir='ltr'><strong>illius</strong></span> 
     </span>
    </p>
   </div>
   <div class='ocr_carea' id='block_1_118' title="bbox 917 2790 1700 2830">
    <p class='ocr_par' dir='ltr' id='par_1_118' title="bbox 917 2790 1700 2830">
     <span class='ocr_line' id='line_1_118' title="bbox 917 2790 1700 2830; baseline 0.006 -13"><span class='ocrx_word' id='word_1_837' title='bbox 917 2791 1069 2818; x_wconf 79' lang='lat' dir='ltr'><strong>doctrinam</strong></span> <span class='ocrx_word' id='word_1_838' title='bbox 1088 2798 1121 2818; x_wconf 89' lang='lat' dir='ltr'><strong>ac</strong></span> <span class='ocrx_word' id='word_1_839' title='bbox 1141 2790 1272 2819; x_wconf 84' lang='lat' dir='ltr'><strong>miracula</strong></span> <span class='ocrx_word' id='word_1_840' title='bbox 1288 2790 1416 2826; x_wconf 74' lang='lat' dir='ltr'><strong>ﬁgmenta</strong></span> <span class='ocrx_word' id='word_1_841' title='bbox 1432 2800 1504 2826; x_wconf 84' lang='lat' dir='ltr'><strong>esse,</strong></span> <span class='ocrx_word' id='word_1_842' title='bbox 1527 2793 1700 2830; x_wconf 75' lang='lat' dir='ltr'><strong>humanaque</strong></span> 
     </span>
    </p>
   </div>
   <div class='ocr_carea' id='block_1_119' title="bbox 1461 2903 1732 2967">
    <p class='ocr_par' dir='ltr' id='par_1_119' title="bbox 1461 2903 1732 2967">
     <span class='ocr_line' id='line_1_119' title="bbox 1461 2903 1732 2967; baseline 0.007 -12"><span class='ocrx_word' id='word_1_843' title='bbox 1461 2925 1502 2955; x_wconf 63' lang='grc' dir='ltr'>ρο</span> <span class='ocrx_word' id='word_1_844' title='bbox 1692 2903 1732 2967; x_wconf 54' lang='grc' dir='ltr'><strong>χ</strong></span> 
     </span>
    </p>
   </div>
  </div>
