1950 3070
53 174 113 206 (11

553 167 602 197 DE
624 163 837 196 PRINCIPIIS
858 161 961 192 FlDEl
984 160 1220 191 CATIlOLlCE.

1649 152 1703 184 022

50 233 157 265 ἰογον.
178 229 209 256 El
228 229 282 263 γὰρ
294 222 710 262 ἀλλοτρόπω,ὴλευοερούμεθα,
721 221 739 257 ἢ
755 219 862 256 ὁρισμῷ

928 219 961 245 lci
987 219 1097 246 decreto
1117 222 1143 244 et
1162 215 1294 251 potentia,
1321 214 1378 241 sive
1394 220 1441 248 per
1466 211 1605 246 angelum,
1632 211 1704 238 haud

53 277 109 304 τοῦ
126 276 198 304 Θεοῦ
212 276 261 302 καὶ
274 274 397 308 δυνάμει,
415 273 433 308 ἥ
449 271 482 298 δι’
507 271 636 305 ἀγγέλου.
665 269 716 295 οὐκ
734 268 767 295 ἂν
794 269 862 301 ἡκο-

54 324 160 350 ὶούθει
173 323 204 349 τὸ
224 322 294 357 μετὰ
307 319 495 352 δικαιοσύνης.
513 317 596 344 Ἀλλὰ
618 316 672 351 μὴν
686 317 700 342 ό
729 314 796 346 Θεὸς
824 314 863 340 δῖ-

59 369 148 400 καιός
162 369 252 394 ἔστιν.
273 367 317 398 Ὠς
328 364 378 393 οὖν
393 366 407 392 ό
423 364 503 398 λόγος
531 363 580 398 τῆς
605 360 782 395 δικαιοσύνης
795 359 865 394 ἀπῄ-

57 423 119 443 τει.
139 414 229 445 οὕτως
247 414 366 448 ἐγένετο.
385 411 479 445 Ὶκανὴ
499 411 528 437 δὲ
547 410 635 444 ἐφάνη
645 409 693 435 καὶ
708 408 725 442 ἡ
742 406 864 437 διάλυσις

55 459 114 486 τοῦ
128 458 306 492 πταίσματος
335 457 383 483 τοῦ
404 455 580 492 ἀνθρωπίνου
614 454 692 490 παρὰ
716 454 765 480 τοῦ
798 453 864 479 Υιοῦ

59 505 114 531 τοῦ
129 503 202 530 Θεοῦ
220 504 369 538 γενομένη,
382 502 411 534 ὃς
425 501 652 536 προσλαϐόμενος
675 501 778 535 σάρκα,
795 500 864 526 πάν-

61 559 124 581 τως
138 551 255 584 ἄπειρον
272 549 322 584 τὴν
338 549 417 582 ἀξίαν
432 545 501 584 εἶχε,
523 549 572 574 καὶ
592 547 630 578 ὡς
655 547 723 577 Θεὸς
755 547 804 573 καὶ
828 546 866 577 ὡς

64 596 218 630 ἄνθρωπος
233 595 439 630 ἀναμάρτητος.
467 594 550 620 Ὅσον
570 593 617 620 οῦν
636 594 652 628 ὴ
678 592 747 625 ἀξία
768 591 865 619 τούτου

67 641 217 676 ὑπερεῖχε,
233 640 362 667 τοσοῦτον
384 639 507 675 ἠδυνήθη
536 639 637 674 ῥᾳδίως
663 639 712 665 καὶ
740 638 789 672 τὴν
812 638 868 665 τῶν

66 687 230 722 ἀνθρώπων
253 687 323 722 πρὸς
337 687 383 713 τὸν
397 686 464 712 Θεὸν
479 686 582 721 ἔχθραν
603 684 793 711 διαλύσασθαι.
813 685 868 710 Καὶ

68 734 130 768 γὰρ
147 734 230 768 ἴσμεν
254 734 296 760 ὅτι
320 734 334 760 ό
352 732 465 768 μείζονα
477 732 548 767 ἔχων
577 731 669 764 ἀξίαν,
689 728 774 764 οἷονῆ
793 730 869 765 βασι-

67 778 165 812 λεῦςῆ
178 778 259 809 ἄλλος
287 787 329 809 τις
359 777 514 813 ὑπερέχων,
533 776 703 812 παρακαλῶν
728 775 799 810 ὑπὲρ
812 775 869 802 δια-

69 823 179 853 λύσεως
195 822 268 853 τινδς
290 823 472 858 ἀδικήματος,
509 822 611 856 μᾶλλον
636 820 825 852 εἰσακούεται,
850 820 866 855 ἢ

69 869 100 895 el
124 876 167 898 τις
186 869 256 904 ὑπὲρ
272 868 354 894 αὐτοῦ
367 867 461 894 τούτου
473 867 520 894 τοῦ
533 867 705 902 ἀδικήματος
727 866 870 900 ἱκετηρίαν

74 915 231 948 προτείνω,
254 913 426 949 στρατιώτης
447 913 562 949 τυχὸνῆ
588 913 683 948 ἕτερός
705 921 746 944 τις
771 911 869 938 ὑποδε-

73 958 184 993 δηκὼς.
200 959 284 985 Ὅθεν
301 959 350 985 καὶ
363 958 437 985 κατὰ
449 958 529 985 τοῦτο
541 958 596 985 ἔδει
613 958 660 984 τὸν
676 957 744 984 Θεὸν
767 957 872 993 ἄνθρω-

77 1014 130 1031 πον
145 1005 287 1038 γενέσθαι,
302 1005 346 1031 ἵνα
360 1005 475 1040 ἄπειρον
499 1006 549 1040 τὴν
566 1005 645 1038 ἀξίαν
667 1005 736 1040 ἔχων
767 1004 869 1039 δυνηθῇ

74 1051 111 1077 τὰ
125 1051 317 1085 ἁμαρτήματα
342 1050 523 1078 διαλύσασθαι
539 1050 599 1081 ,τῶν
623 1050 788 1086 ἀνθρώπων·
804 1050 873 1085 ὅπερ

75 1096 159 1126 ἄλλος
174 1095 297 1121 οὐδέποτ’
315 1095 347 1121 ἂν
356 1095 484 1129 ἐδυνήθη,
499 1095 549 1122 οὐκ
560 1095 686 1129 ἄγγελος,
702 1095 752 1121 οὐκ
768 1094 874 1129 ἄνθρω-

77 1150 142 1172 ττος,
163 1140 258 1172 Οὐδεὶς
277 1140 331 1175 γὰρ
344 1140 377 1167 ἂν
392 1140 509 1176 ὲξισώοη
528 1143 559 1176 τῇ
583 1141 646 1176 ἀξίᾳ
661 1140 708 1167 τοῦ
729 1140 873 1176 Θεανθρώ-

80 1194 134 1212 που
155 1186 244 1220 Λόγου
250 1206 257 1212 .

115 1233 166 1258 Διά
182 1232 268 1258 ταῦτ-ι
283 1233 374 1259 τοίνυν
391 1233 422 1259 οὗ
433 1233 475 1259 δετ
490 1232 584 1266 λέγειν
595 1232 637 1259 ὅτι
653 1233 764 1259 ἑδὺνατο
782 1233 795 1259 ὁ
809 1232 875 1263 Θεὸς

82 1276 130 1303 τὸν
144 1276 288 1312 ἄνθρωπον
304 1278 342 1313 μὴ
352 1278 502 1312 συγχωρεῖν
516 1280 607 1304 πεσεῖν
620 1278 658 1308 είς
669 1277 719 1312 τὴν
729 1278 875 1313 ἁμαρτίαν.

83 1321 172 1348 Τοῦτο
186 1322 241 1356 γὰρ
253 1322 298 1349 τὸν
312 1323 391 1356 λόγον
407 1323 454 1349 τοῦ
471 1321 646 1354 αὺτεξουσίου
666 1323 782 1358 ἀναιρεῖ.
805 1323 834 1350 '0
849 1324 876 1350 δὲ

84 1367 152 1398 Θεὸς
163 1367 213 1402 τὴν
227 1367 301 1400 τάξιν
312 1368 366 1395 τῶν
377 1368 548 1403 πραγμάτων
560 1369 609 1395 οὐκ
620 1369 738 1403 ἀναιρεῖ,
750 1368 817 1396 ἀλλὰ
826 1369 878 1395 σώ-

82 1412 136 1443 ζει.
146 1412 216 1439 Οὔτε
234 1413 380 1448 μὴνλὲγειν
392 1413 465 1445 είκδς
477 1415 518 1441 ὄτι
531 1413 642 1440 ἐδύνατο
652 1415 716 1441 ἄνευ
731 1415 878 1447 διαλύσεως

87 1459 140 1494 τῆς
156 1459 296 1494 ἁμαρτίας
320 1459 366 1486 τὸν
389 1458 534 1495 ἄνθρωπον
559 1459 692 1494 καθᾶραι.
716 1460 803 1486 Τοῦτο
825 1462 879 1496 γὰρ

86 1504 138 1540 τήν
151 1505 230 1538 τάξιν
244 1505 293 1540 τῆς
303 1505 476 1540 δικαιοσύνης
488 1505 605 1540 ἀναιρεῖ.
622 1505 747 1532 Φαίνεται
762 1506 852 1532 τοίνυν
866 1507 880 1532 ὁ

915 263 959 290 illa
981 263 1069 294 nobis,
1095 262 1202 296 justitia
1227 259 1338 290 cernite,
1365 263 1440 294 parta
1466 262 1551 285 esset.
1569 256 1605 283 At
1631 257 1705 283 enim
1742 251 1745 253 ’

916 309 987 337 Deus
1007 308 1098 344 justus
1118 313 1170 336 est.
1187 307 1423 340 Qumnadmouum
1441 304 1524 337 igitur
1539 302 1707 337 exposcebat

913 355 1026 391 justitize
1047 355 1127 387 ratio,
1145 354 1184 381 ita
1207 354 1309 380 factum
1331 355 1383 379 cst.
1401 349 1546 377 Sufﬁciens
1570 356 1636 375 vero
1656 348 1706 374 hu-

917 402 989 430 mani
1007 402 1113 437 generis
1130 400 1241 428 oll‘cnsze
1257 398 1358 427 solutio
1374 396 1452 424 a‘Dci
1472 395 1542 423 Filio
1562 395 1634 422 facta
1648 395 1706 421 visa

915 455 967 481 est,
980 450 1026 484 qui
1041 449 1171 476 nimirum
1191 450 1332 480 assumpta
1352 452 1445 476 carne,
1460 443 1573 471 omnino
1593 442 1708 469 inﬁnitae

916 493 1069 528 dignitatis,
1093 492 1228 526 nullique,
1251 496 1308 518 tmn
1329 495 1362 518 ut
1386 489 1468 522 Deus,
1493 493 1549 515 tum
1571 492 1602 514 ut
1623 487 1706 514 homo

917 539 1055 568 obnoxius
1082 544 1195 574 peccato
1220 539 1303 565 esset.
1320 537 1459 570 Quantum
1478 535 1561 570 igitur
1580 533 1640 568 ejus
1662 533 1705 559 di-

917 586 1007 620 gnitas
1023 585 1180 620 praestabat,
1203 587 1279 610 tanto
1301 587 1328 609 et
1352 582 1459 609 facilius
1483 580 1624 608 hominum
1642 586 1705 605 cum

919 633 974 659 Deo
989 630 1162 658 inimicitiam
1186 628 1336 656 dissolvere
1352 627 1451 662 potuit.
1468 626 1523 654 Nec
1543 625 1616 653 enim
1630 625 1705 656 latet,

918 678 963 711 qui
989 676 1084 710 majori
1111 675 1193 711 pollet
1218 674 1361 709 dignitate,
1389 678 1452 707 puta
1479 680 1536 704 rex,
1562 671 1619 698 sive
1637 670 1708 696 alius

919 723 1054 758 quispiam
1071 729 1228 758 procerum,
1245 721 1309 748 dum
1327 727 1421 754 preces
1431 718 1512 746 oll'crt
1529 717 1564 744 ad
1580 717 1708 751 injuriam

919 761 1040 803 aliquam
1059 768 1228 798 diluendam,
1245 767 1335 802 potius
1358 765 1494 797 exaudiri,
1508 772 1589 800 quam
1604 765 1626 791 si
1649 763 1711 798 quis

921 824 972 852 pro
987 817 1082 844 eadem
1098 815 1198 850 injuria
1214 814 1360 849 supplicet,
1376 816 1439 847 puta
1454 812 1544 844 miles,
1562 811 1619 838 sive
1633 811 1712 845 quis-

922 863 984 899 quis
998 862 1071 890 alius
1084 861 1216 896 dignitate
1233 860 1346 887 inferior
1359 864 1413 886 est.
1430 857 1535 885 Idcirco
1551 857 1667 885 decebat
1682 861 1713 883 ut

922 909 994 936 Deus
1012 915 1062 943 per
1076 908 1150 934 hunc
1167 907 1276 933 modum
1294 905 1376 932 homo
1396 904 1482 936 lieret,
1501 908 1528 930 ut
1545 903 1591 938 qui
1608 903 1712 929 iulinita

921 954 1054 990 dignitate
1083 953 1220 988 pollebat,
1252 951 1393 978 hominum
1421 955 1532 985 peccata
1560 948 1714 976 dissolvere

922 1005 1026 1037 posset,
1051 999 1124 1035 quod
1151 1005 1233 1025 nemo
1258 1005 1377 1032 unquam
1405 996 1477 1024 alius
1500 996 1643 1030 potuisset,
1661 1001 1713 1020 non

923 1046 1046 1082 angelus,
1061 1053 1114 1072 non
1132 1045 1232 1076 homo;
1246 1043 1336 1071 nullus
1346 1043 1418 1071 enim
1431 1042 1490 1078 pari
1505 1041 1640 1077 dignitate
1651 1047 1714 1066 cum

926 1091 1014 1120 \‘cibo
1032 1091 1084 1118 Deo
1106 1091 1215 1118 homine
1230 1093 1281 1117 est.

963 1226 1028 1254 Eam
1046 1227 1128 1261 igitur
1148 1225 1184 1252 ob
1197 1231 1310 1251 causam
1331 1222 1401 1249 haud
1427 1221 1572 1249 dicendum
1587 1225 1630 1248 est
1643 1239 1651 1253 ,
1667 1227 1717 1255 po~

927 1273 1014 1301 tuisse
1037 1271 1120 1299 Dcum
1141 1278 1195 1298 non
1213 1270 1368 1304 permitti-re
1384 1273 1413 1295 ut
1433 1269 1515 1295 homo
1530 1268 1557 1294 in
1573 1272 1714 1303 peccatum

928 1319 1050 1346 caderet.
1069 1317 1125 1345 lloc
1149 1317 1221 1344 enim
1249 1316 1327 1343 liberi
1351 1315 1454 1342 arbitrii
1475 1315 1606 1341 rationem
1625 1314 1715 1346 tollit;

929 1365 1001 1391 Deus
1016 1368 1107 1390 autem
1126 1370 1216 1390 rerum
1232 1361 1355 1390 ordinent
1378 1369 1431 1388 non
1458 1361 1537 1392 tollit,
1561 1361 1608 1388 sed
1626 1366 1718 1387 servat

929 1410 1106 1437 incolumem.
1123 1409 1158 1436 At
1175 1415 1265 1443 neque
1278 1416 1327 1442 par
1338 1412 1425 1435 estut
1444 1407 1579 1439 dicamus,
1596 1407 1720 1442 potuisse

931 1456 1034 1491 absque
1060 1454 1167 1489 peccati
1189 1454 1373 1482 dissolutione
1390 1453 1531 1480 hominem
1552 1452 1717 1480 emundare.

932 1501 989 1529 lloc
1013 1501 1086 1528 enim
1104 1500 1218 1536 justitia:
1236 1499 1307 1527 tollit
1332 1499 1467 1527 ordinem.
1505 1498 1603 1534 Liquet
1635 1498 1718 1533 igitur

84 1551 154 1582 Θιὶις
161 1550 254 1577 ὅτιδιά
261 1550 308 1578 τοῦ
319 1551 436 1578 θανάτου
445 1551 491 1578 τοῦ
505 1551 569 1578 Υἱοῦ
581 1552 663 1579 αὑτοῦ
671 1551 721 1587 τὴν
731 1553 785 1578 τῶν
794 1561 874 1586 πραγ-

934 1548 1017 1575 Deum
1033 1555 1081 1583 per
1094 1551 1208 1575 mortem
1222 1546 1289 1574 Filio
1302 1546 1342 1574 sui
1356 1553 1445 1573 rerum
1457 1546 1582 1574 ordinem
1594 1553 1720 1574 servasse

78 1597 182 1632 ’μάτων
211 1598 332 1632 ἐτήρησε
352 1597 430 1630 τάξιν
440 1598 488 1624 καὶ
507 1598 579 1624 κατά
591 1598 641 1632 τὴν
652 1598 732 1632 φύσιν
746 1598 793 1625 καὶ
808 1599 879 1624 κατὰ

85 1642 136 1677 τὴν
156 1643 344 1677 δικαιοσύνην.
362 1643 418 1670 Καὶ
438 1644 505 1678 ἡμῖν
520 1643 597 1670 οὐδὲν
609 1644 711 1671 ἄτοπον
724 1644 878 1675 ἀκολουθεῖ,

88 1688 198 1722 λέγουσι
221 1689 267 1714 τὸν
286 1689 347 1715 Υἰὺν
364 1689 412 1715 τοῦ
429 1689 498 1716 Θεοῦ
515 1689 662 1724 ἄνθρωπον
684 1689 814 1723 γενέσθαι
832 1691 879 1716 καὶ

87 1734 247 1761 ἀποθανεῖν.
269 1733 372 1766 ’Ἀλλως
396 1743 426 1761 τε
443 1737 473 1761 ὲν
498 1736 554 1766 τοῖς
573 1734 621 1761 τοῦ
644 1734 713 1761 Θεοῦ
733 1735 825 1770 ἔργοις
848 1735 878 1761 οὐ

86 1778 167 1805 τοῦτο
180 1780 293 1805 σκοπεῖν
308 1779 359 1811 δεῖ,
377 1780 420 1806 ὅτι
435 1779 496 1806 τόδε
510 1788 537 1806 τι
553 1780 600 1806 καὶ
616 1780 651 1808 δι’
667 1781 761 1816 ἑτέρου
777 1780 879 1816 τρόπου

88 1825 199 1851 ἒδύνατο
214 1825 353 1859 γενέσθαι,
372 1826 438 1852 ἀλλὰ
450 1826 508 1858 πῶς
525 1826 558 1853 ἂν
570 1827 745 1862 οίκειοτέρως
758 1827 877 1861 ἐγένετο,

88 1872 137 1898 καὶ
155 1872 179 1897 εί
194 1871 232 1906 μὴ
249 1871 278 1898 τὸ
296 1871 406 1907 ἄριστόν
421 1873 496 1899 ἐστιν
509 1872 597 1905 οὕτως
611 1873 648 1906 ὡς
666 1873 733 1908 ἔχει.

127 1958 158 1984 ει
174 1958 196 1984 δ’
210 1958 251 1984 ὅτι
264 1958 393 1994 λέγομεν,
411 1960 442 1986 '0
459 1959 525 1991 Θεὸς
538 1959 670 1992 ἀπέθανε,
687 1960 740 1988 τῶν
756 1961 879 1988 ἀπίστων

91 2012 132 2034 τις
147 2003 207 2035 πῶς
220 2003 333 2030 δύναται
350 2004 479 2038 γενέσθαι
495 2003 574 2031 τοῦτο
588 2004 725 2040 διαπορεῖ,
741 2005 812 2032 ὥστε
833 2015 877 2033 νο-

91 2050 181 2084 μίζειν
207 2050 249 2076 ὅτι
275 2049 290 2076 ό
316 2049 383 2081 Θεὸς
405 2051 445 2080 είς
472 2050 674 2086 ἁνθρωπότητα
704 2052 879 2088 μετεϐλήοηο

92 2096 149 2122 ἀλλ’
164 2096 246 2131 ἡμεῖς
263 2096 341 2123 τοῦτο
353 2097 403 2132 οὐχ
419 2096 491 2138 οῦτω
503 2096 632 2132 λέγομεν.
646 2096 687 2124 Τὰ
698 2098 753 2133 γὰρ
765 2097 881 2133 σώματά

93 2143 145 2168 εἰσι
160 2143 194 2168 τὰ
222 2142 429 2177 μεταεάλλοντα
441 2143 480 2174 είς
497 2143 613 2178 ἄλληλα,
639 2143 677 2175 ὡς
692 2143 746 2179 ἀὴρ
769 2144 824 2180 πῦρ
838 2145 881 2178 γί·

93 2197 176 2220 νεται,
191 2188 231 2220 εἰς
244 2188 300 2224 πῦρ
317 2188 487 2223 μεταϐάλλον
498 2197 506 2206 ·
521 2190 556 2216 τὰ
569 2189 597 2216 δὲ
613 2189 750 2224 ἀσώματα
762 2189 801 2225 τῷ
816 2190 881 2226 δρας

931 1593 1108 1626 incolumem,
1127 1593 1184 1620 sive
1200 1593 1262 1628 quis
1287 1600 1411 1620 naturam
1430 1597 1544 1627 spectet,
1568 1592 1625 1619 sive
1639 1592 1719 1626 justi-

931 1639 1007 1666 tiam.
1026 1638 1081 1666 Nec
1098 1639 1211 1666 absurdi
1231 1639 1334 1672 aliquid
1351 1638 1484 1673 sequitur,
1501 1646 1533 1665 co
1551 1639 1621 1673 quod
1642 1638 1720 1665 dica-

930 1693 992 1712 mus
1010 1685 1054 1712 Dei
1073 1684 1172 1712 Filium
1187 1684 1289 1712 factum
1303 1692 1365 1712 esse
1382 1685 1520 1712 hominem
1535 1692 1566 1711 ac
1582 1690 1719 1711 mortuum

930 1737 1004 1757 csse.
1023 1729 1135 1757 Accedit
1149 1750 1156 1762 ,
1173 1737 1228 1757 non
1249 1730 1300 1757 hoc
1319 1729 1498 1764 spectandum
1514 1729 1541 1756 iu
1563 1729 1610 1756 Dei
1627 1729 1720 1764 operi-

932 1776 994 1808 bus,
1010 1776 1133 1810 potuisse
1153 1775 1205 1803 hoc
1219 1780 1266 1802 aut
1285 1775 1349 1802 illud
1365 1775 1412 1803 tali
1427 1775 1468 1803 vel
1486 1775 1532 1804 tali
1551 1775 1633 1802 modo
1647 1775 1718 1806 ﬁeri,

930 1823 978 1850 sed
1001 1822 1140 1856 quomodo
1174 1822 1382 1849 convenientius
1396 1822 1526 1856 quodque
1541 1821 1642 1849 factum
1664 1822 1718 1852 sit;

931 1875 963 1896 ac
979 1876 1042 1895 num
1061 1868 1194 1902 optimum
1210 1867 1244 1894 sit
1259 1868 1330 1902 quod
1347 1867 1388 1895 sic
1401 1875 1430 1895 se
1443 1875 1487 1895 res
1504 1867 1631 1899 habeant,
1645 1875 1677 1894 ac
1690 1875 1721 1894 se

930 1914 1040 1941 habent.

965 1960 1014 1988 Sin
1029 1965 1119 1988 autem
1137 1960 1240 1988 idcirco
1255 1960 1328 1996 quod
1349 1960 1467 1988 dicimus
1481 1960 1565 1988 Deum
1582 1965 1720 1988 mortuum

929 2013 1002 2039 esse,
1029 2005 1178 2033 infidelium
1196 2005 1295 2040 aliquis
1319 2005 1434 2037 dubitet,
1459 2013 1578 2041 quonam
1594 2006 1621 2034 id
1641 2007 1722 2034 modo

929 2052 989 2080 ﬁeri
1005 2052 1102 2087 possit,
1116 2056 1149 2078 ut
1161 2052 1349 2080 existimemus
1368 2051 1452 2079 Deum
1476 2052 1504 2079 in
1526 2057 1650 2080 naturam
1672 2053 1717 2080 hu-

932 2104 1041 2125 manam
1058 2102 1194 2125 mutatum
1223 2098 1305 2125 esse?
1329 2098 1526 2132 respondemus
1551 2099 1576 2126 id
1594 2106 1644 2126 nos
1665 2106 1721 2126 nou

930 2144 1033 2172 dicere.
1054 2143 1157 2178 Nempe
1176 2150 1292 2178 corpora
1312 2148 1385 2176 sunt,
1403 2151 1464 2179 qua;
1478 2144 1529 2171 alia
1544 2144 1571 2172 in
1585 2144 1638 2172 alia
1656 2152 1718 2172 mu-

931 2195 1034 2230 tantur,
1052 2194 1116 2225 puta
1132 2197 1179 2218 aer
1198 2190 1269 2225 ignis
1283 2189 1409 2223 eﬂlcilur,
1426 2190 1498 2226 quod
1511 2191 1538 2218 in
1557 2192 1646 2227 ignem
1663 2200 1722 2219 mu-

93 2234 178 2270 στικῷ
191 2234 242 2268 τῆς
259 2234 351 2261 αὐτῶν
370 2235 513 2270 δυνάμεως
538 2235 660 2262 ἑνοῦνται
679 2236 736 2271 τοῖς
759 2244 874 2270 σωματι-

933 2242 1014 2264 tctur.
1032 2237 1193 2271 Incorporea
1210 2243 1279 2263 vero
1303 2243 1360 2263 sua
1373 2236 1414 2263 vis
1429 2235 1546 2263 eﬂicacia
1561 2237 1722 2272 corporibus

93 2280 160 2311 κοῖς,
177 2280 224 2306 καὶ
242 2279 276 2306 δι’
296 2280 388 2307 αὐτῶν
409 2280 549 2316 διήκουσιν
563 2289 571 2297 ·
596 2281 722 2317 ὥσπερὴ
747 2281 821 2317 ψυχὴ
844 2286 882 2318 τῷ

94 2326 199 2360 σώματι
215 2326 333 2353 ἑνοῦται.
353 2326 383 2352 Εἰ
399 2327 455 2362 δὲή
471 2327 544 2362 ψυχὴ
559 2327 598 2361 τῷ
620 2327 726 2362 σώματι
749 2328 880 2363 ἑνουμένη

93 2371 122 2397 οὐ
150 2371 351 2406 μεταϐάλλεται
376 2373 437 2400 κατ’
463 2374 576 2400 οὐσίαν·
612 2374 704 2409 πολλῷ
736 2374 837 2409 μᾶλλον
867 2376 881 2401 ό

94 2417 263 2449 ἀπλούαατος
281 2418 347 2450 Θεὸς
363 2419 443 2446 πλέον
458 2419 474 2455 ἢ
491 2420 525 2446 ἂν
537 2419 610 2447 εῐποι
624 2429 664 2451 τις
674 2421 787 2448 δύναται
803 2421 880 2448 ἐνοῦ-

94 2464 153 2490 σοαι
168 2465 224 2496 τοῖς
250 2464 370 2498 σώμασι,
390 2466 427 2501 μὴ
455 2466 703 2501 μεταδαλλόμενος.
728 2467 809 2494 Ἀλλὰ
832 2468 879 2495 καὶ

94 2510 122 2537 τὸ
137 2510 192 2545 ⁴ιιῦρ
204 2510 251 2537 τὸν
267 2511 376 2546 σίδηρον
391 2511 504 2546 πύρινον
519 2511 614 2545 ποιῶν,
629 2512 659 2538 οὐ
676 2512 877 2547 μεταϐάλλεται

96 2557 135 2588 εις
155 2558 206 2592 τήν
231 2557 280 2583 τοῦ
296 2558 380 2593 πυρὸς
407 2558 511 2585 οὐσίαν.
535 2558 606 2586 Ἀλλ’
621 2560 650 2585 ἐν
677 2559 726 2593 μὲν
742 2561 798 2590 τοῖς
824 2561 882 2586 κτι-

97 2611 178 2637 σμασι
195 2602 258 2629 κατ’
283 2602 362 2630 ἀλλον
381 2603 481 2639 τρόπον
494 2605 507 2630 ὁ
521 2603 588 2635 Θεὸς
611 2603 689 2630 οίκεῖ·
716 2605 762 2630 καὶ
778 2604 882 2637 τούτοις

96 2649 214 2679 unum,
228 2650 284 2680 τοῖς
302 2649 352 2684 μὲν
366 2650 470 2681 πλεῖον,
482 2651 539 2681 τοῖς
555 2649 583 2678 δὲ
607 2649 728 2680 ἔλαττον,
745 2650 817 2676 κατὰ
832 2651 883 2685 τὴν

96 2694 240 2728 ἀναλογίαν
253 2694 302 2729 τῆς
321 2694 411 2721 αὐτῶν
429 2695 537 2728 φύσεως
549 2695 596 2721 καὶ
612 2694 783 2729 τελειότητος
802 2695 881 2729 μετέ·

97 2740 191 2775 χεσοαι
211 2740 358 2775 λεγόμενος
382 2741 542 2776 ἀμιθέκτως
555 2749 562 2756 ·
587 2742 616 2767 ὲν
629 2741 658 2767 δὲ
674 2742 706 2776 τῇ
730 2741 883 2775 προσλήψει

97 2786 181 2823 ταύτῃ
194 2786 246 2820 τῆς
268 2787 380 2821 σαρκὸς,
397 2787 431 2822 ήν
458 2787 472 2813 6
487 2787 555 2819 Θεὸς
578 2787 668 2822 ἐαυτῷ
694 2787 880 2822 ὑπεστήσατο,

98 2833 262 2868 ὑψηλότερον
276 2834 377 2868 τρόπον
391 2835 437 2861 καὶ
455 2835 498 2860 ἐπ’
512 2834 618 2860 ἐκείνου
641 2833 721 2868 μόνον
739 2834 881 2869 συμϐάντα

99 2880 143 2907 καὶ
159 2880 392 2916 ἀπορῤητότεριιν,
406 2881 451 2907 καὶ
471 2879 566 2916 μεῖζον
582 2879 599 2916 ἢ
612 2880 627 2907 6
641 2879 702 2911 νοῦς
716 2880 881 2907 καταλαῦείν

934 2281 1078 2313 uniuntur,
1098 2287 1186 2315 eaque
1201 2280 1353 2316 pervadunt
1367 2287 1400 2307 ac
1414 2284 1574 2315 penetrant;
1589 2283 1722 2316 quemad-

933 2327 1043 2354 modum
1060 2327 1150 2354 auima
1167 2327 1274 2362 corpori
1292 2326 1396 2354 uuitur.
1413 2327 1490 2360 Quod
1505 2328 1528 2354 si
1546 2328 1636 2355 anima
1659 2336 1723 2356 cor-
1745 2322 1766 2371 ς’

931 2374 990 2408 pori
1016 2372 1092 2400 unita
1116 2380 1170 2400 non
1199 2376 1320 2400 mutatur
1343 2373 1493 2401 secundum
1519 2374 1722 2407 substantiam;

931 2419 1029 2454 potiori
1042 2419 1122 2454 longe
1135 2418 1241 2446 ratione
1253 2419 1331 2454 cujus
1343 2427 1451 2447 summa
1462 2420 1636 2455 simplicitas,
1649 2420 1722 2449 Deus

930 2473 962 2493 ac
981 2467 1067 2501 magis
1081 2473 1163 2500 quam
1184 2465 1256 2493 ullus
1269 2466 1361 2494 verbis
1383 2471 1556 2501 assequatur,
1582 2468 1656 2495 nulla
1679 2469 1723 2495 sui

931 2513 1082 2539 mutatione
1099 2512 1260 2546 corporibus
1286 2512 1358 2539 uniri
1378 2516 1477 2547 potest.
1500 2512 1573 2546 Quin
1588 2518 1615 2540 et
1630 2514 1703 2549 ignis
1714 2535 1722 2546 ,

934 2558 1050 2592 ignitum
1064 2557 1188 2585 faciendo
1206 2558 1319 2590 ferrum,
1334 2565 1388 2585 non
1404 2563 1524 2586 mutatur
1540 2559 1567 2586 in
1590 2559 1654 2587 ferri
1673 2569 1722 2587 na—

935 2607 1035 2629 turam.
1052 2601 1153 2630 Verum
1175 2602 1228 2630 alio
1246 2604 1327 2630 modo
1349 2602 1421 2631 Deus
1438 2604 1465 2631 in
1481 2605 1580 2632 creatis
1598 2605 1720 2638 habitat;

935 2649 1043 2684 illisque
1059 2649 1167 2680 unitur,
1184 2648 1244 2676 aliis
1264 2649 1336 2684 plus,
1352 2650 1414 2678 aliis
1430 2650 1536 2683 minus;
1560 2651 1605 2685 qui
1624 2660 1722 2687 nempe

937 2703 986 2730 pro
1005 2702 1100 2728 eorum
1124 2699 1229 2722 naturae
1253 2696 1364 2723 modulo
1388 2704 1421 2724 ac
1445 2696 1622 2731 perfectionis
1646 2703 1722 2725 extra

936 2749 1044 2768 omnem
1070 2741 1303 2776 participationem
1322 2742 1481 2777 participari
1495 2743 1612 2770 dicatur.
1628 2743 1656 2771 In
1671 2745 1723 2771 hac

937 2792 1028 2814 autem
1053 2787 1146 2815 carnis
1170 2794 1378 2823 assumptione,
1403 2796 1484 2823 quam
1510 2789 1561 2816 sibi
1579 2790 1636 2824 ipse
1651 2789 1724 2817 Deus

937 2834 1069 2867 condidit,
1085 2833 1176 2861 altiori
1192 2834 1283 2866 modo,
1298 2841 1330 2861 ac
1352 2835 1398 2869 qui
1415 2842 1448 2862 eo
1470 2835 1643 2862 solummodo
1657 2843 1725 2862 cun—

937 2881 1041 2917 tingat,
1065 2880 1272 2916 abstrusiusque
1297 2887 1329 2909 ac
1350 2880 1436 2915 magis
1460 2888 1542 2916 quam
1567 2888 1643 2908 mens
1669 2881 1723 2907 ulla
1744 2895 1746 2898 ν

1690 2963 1705 2985 I/
