1950 3070
257 165 310 196 ϐἓἹ

256 225 485 260 comprehendere
502 225 590 253 valcat
615 225 688 262 (nam
716 234 803 261 neque
820 230 922 254 natura:
943 227 1041 254 divina:
1056 232 1078 260 Λ

257 270 308 295 vim
322 277 353 296 ac
366 269 550 297 cml'.tcitnICIll
564 277 640 297 mens
659 271 776 297 humana
791 271 857 298 satis
869 272 976 305 assequi
994 279 1040 305 po-

256 315 329 348 trst),
341 318 498 349 tantumque
514 316 606 343 unitus
620 320 672 347 est,
688 320 717 342 ut
729 323 788 350 qua:
804 317 906 343 unione
919 322 1042 343 conserta

257 366 319 388 sunt
332 381 338 392 ,
358 360 408 387 alia
433 361 467 386 ab
485 360 545 392 aliis
562 361 753 395 inseparabilis
770 365 915 394 maneant;
936 361 1043 389 tametsi

256 414 310 440 quo
327 410 447 439 tempore
465 410 551 432 morte
567 405 677 432 functus
695 411 735 432 est
748 427 755 439 ,
772 407 864 433 anima
890 414 904 433 a
929 413 1043 441 Corpore

256 444 391 486 tantisper
408 452 583 479 abscesserit.
607 452 740 486 Quodque
763 460 869 479 stnnma
894 453 952 480 haec
978 455 1043 480 unio

254 498 311 530 sit,
343 497 458 524 alterum
488 497 599 524 alterius
628 498 738 524 nomine
763 502 947 534 nuncupatur!
972 497 1043 525 Deus

256 545 347 574 homo,
364 551 395 570 ac
416 543 496 570 homo
520 542 609 576 Deus;
635 543 778 578 amboqne,
798 551 850 570 una
868 544 971 571 scilicet
993 544 1044 578 hy-

255 589 371 624 postasis
392 597 422 616 ac
438 596 565 623 persona,
581 589 651 616 idem
670 589 738 617 Deus
753 594 779 616 ct
795 590 877 616 homo
890 590 1041 616 secundum

256 635 328 662 aliud
350 640 431 669 atque
453 634 537 661 aliud.
554 634 790 667 Quemadmodum
807 636 889 662 etiam
909 635 989 662 homo
1005 636 1043 662 vi-

255 681 322 706 dens
337 685 418 714 atque
434 680 560 714 audiens,
582 689 636 707 non
649 681 798 708 secundum
816 681 884 708 idem
901 682 973 709 videt
991 690 1041 708 au-

255 728 368 761 ditque;
386 727 432 754 sed
448 727 562 754 alterum
578 727 698 761 quidem,
714 735 766 761 qua
784 727 911 754 facultate
925 728 1041 760 vivendi;

255 773 383 806 alterum,
401 781 452 807 qua
470 773 596 800 audiendi
612 773 740 808 praeditus
754 778 805 800 est.

290 828 376 863 llujus
401 833 491 855 autem
506 828 627 860 unionis,
646 828 759 855 ‘nullum
783 829 921 862 proprium
952 837 1043 857 exem-

255 874 328 908 plum
348 878 399 900 est.
418 873 445 900 Si
470 873 543 900 enim
567 873 641 900 velut
665 873 815 900 naturalrm
835 875 992 908 (potentiam
1014 875 1041 901 in

255 919 416 953 corporibus
435 918 635 946 consideratam
653 919 770 953 exempli
796 919 858 947 loco
880 921 1041 955 produxeriT

257 974 328 997 unus,
349 970 395 992 aut
411 965 456 999 qui
474 965 500 991 in
517 965 599 992 corde
619 969 753 997 versatur,
771 972 924 992 sermonem
936 985 945 999 ,
963 965 1041 993 foris-

254 1019 307 1044 que
330 1009 490 1037 intermedia
508 1017 573 1036 vove
595 1009 807 1041 manifestatur,
829 1010 869 1036 vel
894 1011 979 1037 animi
1007 1011 1040 1038 ad

253 1064 364 1091 corpus,
382 1057 422 1082 vel
437 1056 517 1090 'ignis
540 1053 572 1082 ad
591 1055 693 1082 ferrum
710 1056 756 1082 illo
773 1056 913 1083 incensum
933 1057 1040 1084 habitu-

253 1102 344 1129 dinem
370 1109 524 1136 nexumque
542 1101 702 1133 dixerimus,
729 1101 797 1128 nihil
819 1102 892 1136 quod
917 1102 954 1129 sit
976 1110 1041 1136 pro-

253 1148 341 1182 prium
357 1147 456 1174 dicturi
472 1155 580 1174 sumus.
599 1146 661 1174 ll.rc
677 1147 747 1174 enim
773 1155 825 1175 non
851 1147 907 1182 ipsa
932 1155 994 1175 vere
1009 1155 1041 1175 ac

252 1202 300 1228 per
315 1201 344 1221 se
360 1193 529 1225 exsistcntia,
548 1193 688 1227 magisque
703 1192 879 1219 continentur
892 1199 975 1228 atque
994 1193 1042 1220 ha‘

252 1241 362 1270 bentur,
378 1247 459 1274 quam
487 1239 543 1273 ipsa
567 1238 723 1266 contineant
740 1245 771 1265 ac
788 1238 913 1266 habeant.
933 1240 966 1265 At
986 1238 1032 1266 Dei

251 1285 338 1314 Filius
357 1286 415 1320 ipse
434 1293 497 1312 vere
524 1292 555 1311 ac
572 1291 620 1318 per
638 1291 668 1312 se
681 1285 827 1317 exsistens,
846 1285 992 1319 vivensque
1008 1292 1041 1313 ac

251 1331 389 1367 perfectus
405 1336 461 1364 cst;
479 1338 509 1357 ac
535 1331 606 1357 velut
626 1330 691 1365 quid
710 1331 827 1358 nobilius
851 1330 1041 1365 praestantius-

251 1387 316 1414 que,
331 1383 500 1412 assumptam
516 1378 659 1404 humanam
678 1377 797 1404 continet
820 1377 965 1412 habetque.
990 1376 1042 1405 Ne-

251 1431 306 1458 que
331 1423 440 1450 domum
464 1423 534 1450 sicut
560 1422 677 1449 dicimus
693 1425 817 1448 naturam
835 1420 982 1448 humanam
1004 1428 1037 1448 ex

253 1468 358 1497 duabus
376 1467 503 1502 partibus
519 1466 620 1501 (anima
645 1465 748 1493 scilicet
771 1470 798 1492 et
819 1466 946 1500 corpore)
973 1472 1040 1493 con-

252 1519 336 1541 stare.
352 1512 418 1539 Nam
433 1517 458 1539 ct
472 1513 561 1539 anima
580 1511 697 1547 (tametsi
716 1511 837 1538 omnium
858 1510 961 1545 judicio
978 1519 1040 1538 cor-

252 1567 317 1595 pore
345 1559 461 1586 nobilior
481 1561 533 1589 est,
558 1555 742 1592 imperfectior
770 1556 948 1584 nihilominus
973 1562 1013 1584 est
1029 1576 1036 1588 ,
1054 1570 1075 1601 ο

252 1612 334 1640 quam
354 1610 382 1631 nt
406 1611 458 1630 una
475 1603 531 1636 ipsa
556 1602 693 1630 hominem
709 1601 859 1637 perfectum
876 1602 1034 1637 constituat)

253 1651 292 1677 sic
307 1656 416 1683 quoque
429 1648 579 1682 eodemque
593 1647 674 1674 modo
693 1647 823 1678 dicimus,
837 1645 936 1674 Christi
954 1652 1037 1674 natu-

252 1703 311 1722 ram
327 1702 358 1721 ex
377 1698 453 1729 parle
468 1692 578 1720 conﬂari
594 1691 693 1719 deitate
707 1698 739 1718 ac
762 1691 933 1718 humanitate
947 1698 955 1723 ;
975 1690 1036 1717 Dei-

253 1745 296 1768 ωε
311 1740 384 1766 enim
401 1746 533 1773 nusquam
551 1745 612 1773 pars
628 1742 677 1765 est.
693 1737 760 1764 Nam
778 1737 867 1764 omnis
881 1744 954 1771 pars,
972 1736 1036 1771 quid

253 1785 440 1820 imperfectum
454 1789 505 1815 est,
519 1791 570 1811 nec
587 1783 692 1816 Deitati,
706 1790 767 1810 cum
784 1782 977 1817 perfectissima
991 1783 1037 1814 sit,

253 1832 307 1858 ulla
321 1831 422 1858 additio
436 1830 484 1863 fit;
499 1829 545 1857 sed
560 1830 602 1857 sic
615 1829 743 1861 dicimus,
760 1828 861 1856 Christi
877 1828 1035 1863 hypostasin

252 1885 299 1905 seu
318 1884 463 1912 personam
479 1884 512 1903 ex
531 1875 635 1903 Deitate
650 1882 710 1903 esse
724 1879 756 1908 ,ει
771 1874 960 1906 humanitate;
980 1881 1036 1901 non

251 1922 325 1947 velut
340 1920 419 1947 ambo
441 1921 495 1947 haec
510 1920 570 1954 ejus
585 1923 677 1955 partes
691 1919 747 1947 sint
758 1939 765 1952 ,
787 1919 834 1947 sed
859 1920 931 1954 quod
951 1919 1038 1946 amba:

251 1970 356 1993 naturae
380 1964 542 1992 immutabili
563 1972 633 1991 nexu
660 1966 686 1991 in
711 1971 795 1991 unum
813 1965 984 1999 copulentur.
1001 1965 1037 1992 At

251 2019 340 2046 tneque
354 2010 473 2038 dicimus
493 2017 526 2037 ex
545 2010 651 2037 duabus
665 2009 825 2038 substantiis
842 2018 923 2038 unam
940 2018 1036 2045 quam:

251 2065 333 2092 quam
351 2056 459 2084 tertiam
478 2061 605 2083 naturam
621 2060 851 2090 contemperatam
871 2063 943 2088 esse;
966 2057 1037 2083 sicut

251 2105 342 2130 vinum
368 2107 394 2130 et
415 2110 486 2137 aqua
511 2102 537 2128 in
563 2109 646 2129 unum
669 2106 864 2135 temperantur,
881 2102 953 2137 quod
971 2110 1039 2129 ncu-

885 168 1083 199 MANUELIS
1096 168 1137 198 CA
1144 167 1248 199 LECJ'Z

1094 226 1222 262 ἐξισχύει.
1247 226 1363 261 ἐπείπερ
1382 226 1490 254 οὖδξτδ
1505 226 1651 262 δραστικὸν
1673 227 1722 260 τῆς
1738 226 1816 258 θείας
1832 227 1891 261 φύ-

1095 282 1163 304 σεως
1177 274 1190 299 ό
1205 273 1266 305 νοῦς
1279 274 1292 299 ὁ
1309 272 1477 306 ἀνθρώπινος
1503 273 1669 299 καταλαῦείν
1688 273 1816 305 δὲνατσι,
1836 274 1892 300 καὶ

1093 318 1220 345 τοσοῦτον
1232 319 1347 353 ἦιιωται,
1362 318 1431 345 ὥστε
1443 318 1476 345 τὰ
1491 318 1659 354 συναφθέντα
1672 319 1814 353 ἀχώριστα
1828 319 1893 345 δια-

1097 366 1199 399 μεῖναι,
1217 365 1241 392 εί
1263 365 1311 392 καὶ
1325 366 1340 400 ἡ
1355 365 1514 400 ἀνθρωπίνη
1530 365 1605 400 ψυχὴ
1627 366 1656 392 ὲν
1673 365 1711 400 τῷ
1730 365 1822 401 καιρῷ
1839 365 1892 392 τοῦ

1095 411 1212 438 θανάτου
1230 411 1276 438 τοῦ
1295 411 1423 447 σώματος
1439 412 1508 447 πρὸς
1536 412 1626 446 ὀλίγον
1643 412 1735 446 διέστη
1747 420 1753 427 ·
1775 413 1825 438 καὶ
1843 413 1893 438 διὰ

1094 457 1144 492 τὴν
1158 457 1247 492 ἄκραν
1261 458 1358 484 ἕνωσιν
1373 458 1403 484 τὸ
1418 457 1512 492 ἕτερον
1528 458 1566 492 τῷ
1582 457 1628 484 ταῦ
1651 459 1745 492 ἐτέρου
1767 458 1861 492 ὀνόμα
1883 467 1899 484 ιν

1095 501 1224 535 λέγεσθαι
1238 501 1281 538 ἦν,
1299 504 1345 529 τὸν
1366 503 1433 530 Θεὸν
1451 504 1594 539 ἄνθρωπον
1609 504 1656 530 καὶ
1673 504 1717 530 τὸν
1734 504 1892 538 ἄνθρωπον

1095 547 1171 579 Θεὸν,
1191 550 1238 574 καὶ
1260 549 1414 583 ἀμφότερα,
1438 549 1563 575 τουτέστι
1578 548 1626 583 τὴν
1651 547 1717 583 μίαν
1732 549 1892 575 ὑπόστασιν

1095 593 1140 619 τὸν
1155 594 1237 619 αὐτον
1252 594 1318 620 Θεὸν
1339 596 1385 620 καὶ
1401 595 1544 630 ἄνθρωπον
1565 595 1625 621 κατ’
1645 595 1709 622 ἄλλο
1734 597 1779 622 καὶ
1794 595 1865 621 ἄλλο
1881 603 1889 611 ·

1095 637 1189 674 ὥσπερ
1207 639 1252 665 καὶ
1266 641 1279 665 ό
1295 639 1439 674 ἄνθρωπος
1461 640 1531 675 ὁρῶν
1553 642 1600 668 καὶ
1620 641 1737 674 ἀκούων,
1759 642 1791 667 ού
1814 643 1891 669 κατὰ

1094 683 1125 708 τὸ
1139 684 1204 709 αὐτὸ
1232 685 1282 719 ὁρᾷ
1308 685 1354 712 καὶ
1379 686 1493 712 ἀκούει·
1517 686 1584 713 ἀλλὰ
1610 687 1640 714 τὸ
1659 687 1709 722 μὲν
1739 688 1810 714 κατὰ
1835 689 1890 723 τὴν

1095 730 1228 764 ὁρατικὴν
1247 731 1372 765 δύναμιν,
1389 732 1418 757 τδ
1431 731 1459 759 δὲ
1475 733 1546 760 κατὰ
1561 733 1610 769 τὴν
1624 734 1802 769 ἀκουατικήν.

1131 819 1310 855 Παράδειγμα
1322 821 1350 847 δὲ
1367 822 1417 856 τῆς
1432 822 1556 855 ἑνώσεως
1569 823 1670 858 ταύτης
1684 825 1734 851 οὒκ
1747 825 1824 852 ἔστιν
1836 826 1886 852 οὐ-

1094 864 1138 891 δὲν
1154 866 1263 892 οἰκεῖον.
1280 867 1310 892 El
1323 867 1378 902 γὰρ
1394 867 1488 903 ὥσπερ
1509 869 1628 905 φυσικὴν
1644 869 1769 904 δύναμιν
1783 871 1835 906 τὴν
1854 873 1885 898 ἐν

1094 912 1148 942 τοῖς
1165 911 1272 944 σώμασι
1286 912 1389 948 θεωρηυ
1396 914 1478 949 μένην
1488 915 1528 945 ὡς
1539 915 1711 950 παράδειγμα
1726 917 1882 951 προϐαλοῦ-

1094 966 1155 990 μεν,
1172 958 1186 992 ἢ
1204 959 1249 984 τὸν
1266 959 1295 985 ὲν
1312 959 1413 995 καρδίᾳ
1426 960 1515 993 λόγον,
1530 960 1560 991 ὃς
1574 961 1618 986 διὰ
1633 961 1682 995 τῆς
1698 963 1792 995 φωνῆς
1813 963 1884 995 ἔξω-

1094 1003 1140 1029 θεν
1153 1003 1293 1038 δηλοῦται,
1308 1004 1324 1037 ἢ
1339 1004 1387 1040 τὴν
1402 1005 1490 1040 ψυχὴν
1507 1006 1574 1041 πρὸς
1590 1006 1619 1032 τὸ
1636 1006 1725 1042 σῶμα,
1749 1007 1765 1042 ἢ
1783 1009 1813 1034 τὺ
1826 1009 1884 1042 πῦρ

1093 1049 1160 1084 πρὸς
1180 1049 1226 1076 τὸν
1253 1050 1364 1086 σίδηρον
1388 1051 1594 1087 ὲκπυρούμενον
1623 1053 1777 1085 ὑπἀὐτοῦ.
1805 1055 1884 1081 οὐδὲν

1092 1094 1209 1129 ἐροῦμεν
1231 1096 1342 1122 οἰκεῖον.
1362 1096 1453 1123 Ταῦτα
1473 1098 1527 1132 γὰρ
1553 1097 1729 1124 ἀνυπόστατά
1751 1099 1818 1132 εἰσι,
1835 1102 1884 1127 καὶ

1094 1139 1204 1173 μᾶλλον.
1222 1140 1396 1174 περιέχονται
1411 1141 1428 1175 ἢ
1455 1143 1640 1177 περιέχουσιν.
1659 1144 1688 1171 ’0
1700 1145 1730 1172 δὲ
1748 1147 1812 1177 Υῐδς
1834 1147 1882 1173 τοῦ

1091 1185 1159 1212 Θεοῦ
1173 1186 1354 1218 ὲνυπόστατός
1368 1188 1425 1214 ἐστι
1445 1190 1492 1215 καὶ
1512 1189 1565 1221 ζῶν
1584 1191 1630 1218 καὶ
1646 1191 1748 1223 τέλειος
1759 1200 1766 1208 ·
1783 1194 1830 1220 καὶ
1844 1194 1881 1225 ὡς

1091 1231 1255 1267 τιμιώτερον
1267 1234 1313 1260 καὶ
1324 1235 1449 1268 κρεῖττον
1461 1237 1584 1272 περιέχει
1599 1237 1645 1272 τὴν
1658 1239 1882 1274 πρυσληφθείσαν

1091 1277 1265 1314 ἀνθρωπίνην
1280 1279 1371 1314 φύσιν.
1391 1282 1429 1308 Ού
1446 1283 1500 1317 μὴν
1513 1283 1568 1310 οὐδ’
1589 1283 1684 1320 ὥσπερ
1700 1285 1818 1320 λέγομεν
1840 1287 1881 1313 ὅτι

1091 1324 1108 1358 ἡ
1126 1324 1284 1360 ἀνθρωπίνη
1299 1326 1429 1360 φύσις-ὲκ
1440 1327 1487 1354 δύο
1505 1329 1596 1365 μερῶν
1615 1329 1768 1363 σύγκειται,
1783 1333 1880 1366 σώμα-

1091 1378 1135 1401 τος
1148 1370 1195 1396 καὶ
1214 1370 1303 1406 ψυχῆς
1326 1375 1385 1407 (καὶ
1402 1373 1456 1409 γὰρ
1474 1375 1490 1409 ἡ
1511 1374 1595 1411 ψυχὴ,
1614 1376 1639 1402 εἰ
1662 1377 1709 1403 καὶ
1726 1379 1880 1414 τιμιωτέρα

1092 1417 1137 1443 τοῦ
1151 1417 1277 1452 σώματος
1294 1419 1478 1454 ὁμολογεῖταῄ
1494 1422 1553 1448 ἀλλ’
1567 1422 1613 1449 οὖν
1630 1424 1728 1459 ἀτελής
1748 1425 1823 1451 ἐστιν
1840 1427 1880 1458 είς

1091 1463 1122 1489 τὸ
1139 1465 1270 1499 συστῆσαι
1298 1464 1366 1499 μόνη
1383 1466 1486 1492 τέλειον
1507 1467 1663 1503 ἄνθρωπον)
1675 1477 1682 1484 ”
1697 1471 1766 1496 κατὰ
1784 1471 1880 1498 τοῦτον

1092 1510 1137 1536 τὶν
1153 1509 1254 1544 τρόπον
1281 1509 1399 1544 λέγομεν
1415 1511 1455 1537 ὅτι
1479 1513 1496 1548 ἠ
1519 1513 1566 1539 τοῦ
1595 1514 1715 1549 Χριστοῦ
1740 1515 1823 1549 φύσις
1848 1517 1879 1542 ἐκ

1094 1554 1194 1589 μέρους
1211 1554 1352 1589 σύγκειται
1368 1556 1417 1591 τῆς
1439 1557 1567 1593 θεότητος
1582 1560 1630 1586 καὶ
1645 1561 1858 1595 ἀνθρωπότητος
1871 1570 1878 1578 '

1090 1601 1106 1634 ὴ
1124 1600 1177 1635 γὰρ
1202 1600 1298 1636 θεότης
1326 1603 1410 1637 μέρος
1429 1603 1479 1630 οὐκ
1505 1603 1590 1632 ἐστιν.
1612 1606 1719 1637 ’Δτελὲς
1745 1607 1800 1642 γάρ
1819 1609 1878 1634 ἐστι

1092 1646 1146 1672 πᾶν
1162 1645 1262 1680 μέρος·
1285 1647 1332 1673 καὶ
1347 1648 1380 1682 τῇ
1399 1647 1509 1684 θεότητι
1535 1649 1691 1686 τελειοτάτη
1716 1651 1786 1691 οὔσῃ
1802 1653 1878 1680 οὐδὲν

1092 1691 1276 1725 προστίθεταιε
1295 1692 1352 1719 ἀλλ’
1371 1692 1442 1720 οὕτω
1469 1694 1594 1729 λέγομεν,
1611 1697 1652 1723 ὅτι
1681 1698 1697 1732 ἡ
1725 1697 1876 1730 ὑπόστασις

1091 1737 1138 1763 τοῦ
1151 1737 1270 1771 Χριστοῦ
1295 1739 1367 1766 ἐστιν
1383 1740 1415 1766 ἐκ
1429 1738 1555 1775 θεότητος
1579 1742 1626 1768 καὶ
1643 1743 1854 1779 ἀνθρωπότητος
1865 1755 1872 1761 ·

1092 1782 1140 1816 οὐχ
1159 1782 1196 1814 ὼς
1212 1782 1342 1817 ἑκατέρου
1357 1784 1459 1812 τούτων
1473 1786 1576 1820 μέρους
1588 1787 1673 1821 liv-tog,
1688 1788 1755 1816 ἀλλὰ
1770 1790 1814 1817 διὰ
1826 1791 1875 1826 τήν

1090 1827 1278 1863 ἀμετάϐλητον
1304 1829 1401 1856 ἕνωσιν
1423 1831 1463 1862 είς
1480 1831 1508 1857 ἐν
1521 1832 1575 1858 τῶν
1599 1832 1646 1859 δύο
1662 1834 1783 1868 φύσεων.
1806 1836 1875 1863 Ἀλλ’

1089 1873 1150 1900 οὐδὲ
1164 1873 1281 1909 λέγομεν
1295 1875 1336 1901 ὅτι
1357 1876 1389 1902 ὲκ
1410 1876 1459 1902 δύο
1482 1877 1582 1904 οὐσιῶν
1598 1879 1649 1913 μία
1664 1888 1706 1911 τις
1720 1881 1800 1916 τρίτη
1815 1883 1876 1909 ἀνε-

1091 1919 1179 1954 κράθη
1195 1920 1290 1954 φύσις,
1309 1920 1404 1956 ὥσπερ
1417 1921 1487 1954 οἶνος
1502 1923 1548 1950 καὶ
1563 1923 1636 1959 ὕδωρ
1649 1926 1689 1957 είς
1708 1925 1737 1952 ἓν
1754 1927 1876 1962 ἀνακρα-

1090 1964 1170 1991 Θέντα
1187 1966 1235 1992 καὶ
1251 1967 1402 2001 μηδέτερον
1417 1967 1456 1993 ὕν-
1472 1967 1530 1994 ἁλλ¹
1540 1969 1581 1995 ὅτι
1597 1970 1644 1996 καὶ
1657 1971 1729 2006 μετὰ
1742 1971 1792 2007 τὴν
1806 1973 1875 2000 ἔνω-

1090 2019 1132 2037 σιν
1149 2011 1308 2046 διαμένουσι
1331 2013 1377 2039 δύο
1393 2014 1488 2048 φύσεις
1503 2014 1711 2051 διακεκριμέναι
1731 2017 1853 2053 ἀλλήλων
1865 2028 1874 2037 ·

1089 2058 1120 2083 ού
1148 2058 1208 2084 καθ’
1227 2059 1376 2086 ὑπόστασιν
1395 2060 1471 2095 (μίαν
1488 2061 1540 2095 γὰρ
1557 2062 1706 2089 ὑπόστασιν
1731 2064 1876 2100 ὁμολογοῦ-

1092 2105 1165 2139 μεν),
1183 2105 1242 2132 ἀλλ’
1258 2106 1320 2132 ὅσον
1337 2107 1408 2133 κατὰ
1425 2107 1474 2142 τὴν
1489 2107 1543 2134 τῶν
1562 2108 1669 2142 φύσεων
1689 2110 1818 2146 ιδιότητα.

250 2156 322 2179 trum
337 2158 430 2178 eorum
455 2155 514 2182 est;
538 2149 586 2177 sed
604 2149 675 2183 quod
706 2148 787 2176 etiam
817 2154 879 2183 post
905 2150 1033 2177 unionem
1054 2158 1164 2180 maneat
1180 2153 1278 2187 duplex
1303 2159 1413 2188 natura,
1434 2155 1543 2190 aliaque
1575 2157 1610 2184 ab
1632 2156 1684 2184 alia
1725 2158 1874 2199 distincta;

251 2206 303 2226 non
325 2195 492 2232 hypOstatice
511 2203 544 2222 ac
568 2202 690 2230 personae
714 2196 818 2223 ratione
844 2196 937 2230 (unam
957 2197 1031 2224 enim
1052 2200 1216 2228 conﬁtemur
1231 2201 1389 2236 hypostasin
1406 2209 1438 2230 ac
1457 2206 1625 2239 personam),
1643 2205 1690 2232 sed
1706 2207 1778 2240 quod
1811 2195 1874 2235 aui:

250 2249 296 2272 net
309 2244 343 2271 ad
362 2248 519 2270 naturarum
538 2242 743 2276 proprietatem.

285 2290 363 2324 Quod
382 2297 445 2317 vero
459 2296 514 2316 uno
530 2288 654 2315 omnium
673 2295 808 2316 consensu
824 2295 960 2324 receptum
975 2294 1035 2324 est,
1049 2292 1076 2321 D

250 2337 372 2364 divinam
401 2340 524 2362 naturam
554 2333 667 2361 inﬁnitis
692 2335 779 2362 modis
803 2336 944 2364 nobilitate
967 2344 1037 2371 prte-

251 2387 341 2413 stare,
356 2387 388 2407 ac
402 2386 462 2406 cum
479 2386 510 2406 ea
525 2386 584 2413 quae
600 2379 706 2406 minora
722 2384 786 2407 sunt
802 2382 1038 2415 praestat-tioribus

250 2427 329 2460 quasi
344 2426 500 2452 cohaereant
515 2424 640 2459 velutque
656 2425 691 2452 ab
706 2426 747 2452 eis
767 2426 917 2460 pendeant;
934 2427 1038 2454 idcirco

251 2479 305 2499 non
330 2471 446 2508 dicimus
467 2473 592 2497 naturam
612 2471 758 2498 humanam
777 2471 823 2498 Dei
845 2477 969 2499 naturam
995 2481 1039 2500 as~

250 2517 413 2554 sumpsisse,
441 2516 510 2549 sed,
534 2515 619 2543 Deum
640 2522 765 2544 naturam
791 2517 960 2550 humanam;
985 2527 1037 2545 non

251 2564 330 2598 quasi
347 2563 374 2589 in
393 2562 477 2589 Deum
493 2562 539 2589 illa
565 2562 668 2589 mutata
693 2563 739 2594 sit,
761 2563 808 2590 sed
832 2564 902 2598 quod
922 2564 975 2591 Deo
991 2573 1037 2591 co-

251 2608 371 2641 haeserit,
399 2609 494 2642 illique
512 2607 637 2643 copulata
665 2608 710 2635 sit.
737 2607 842 2635 Idcirco
869 2609 942 2636 velut
970 2610 1036 2644 quid

251 2658 310 2692 ipse
329 2655 510 2691 praestantius,
526 2655 671 2682 humanam
689 2654 769 2682 habet.
793 2659 929 2685 naturam.
953 2656 1036 2682 habe-

251 2709 350 2738 turque
366 2705 423 2738 ipsa
438 2709 454 2729 a
470 2701 561 2729 divina
580 2705 689 2728 natura.
707 2700 785 2728 Velut
801 2701 937 2728 hominem
948 2721 954 2731 .
974 2709 1036 2728 cum

251 2749 429 2786 principalius
453 2748 489 2775 sit
508 2754 542 2775 ac
561 2747 688 2778 nobilius,
709 2754 820 2774 manum
845 2747 944 2774 habere
968 2747 1037 2774 dici-

252 2802 329 2829 mus;
351 2803 403 2822 non
429 2799 518 2821 autem
542 2793 615 2828 quod
642 2800 738 2820 manus
762 2793 860 2820 habeat
884 2793 1033 2820 hominem.

252 2841 391 2876 Siquidem
410 2840 491 2875 igitur
507 2845 594 2874 partes
617 2844 707 2867 essent
732 2837 821 2865 Deitas
835 2844 861 2866 et
881 2838 1037 2866 humanitas

252 2889 301 2923 (ita
319 2887 446 2915 nimirum
463 2891 491 2914 ut
507 2893 538 2913 ex
555 2887 594 2913 eis
612 2891 665 2912 una
681 2888 777 2911 natura
800 2883 956 2912 communis
971 2893 1037 2912 COll-

1131 2292 1209 2319 Ἐπεὶ
1223 2293 1251 2320 δὲ
1268 2292 1441 2328 ὡμολόγηται
1464 2294 1546 2329 ή-τοῦ
1567 2295 1634 2322 Θεοῦ
1659 2296 1740 2330 φύσις
1769 2298 1871 2334 ἀπείρῳ

1088 2339 1180 2373 μέτρῳ
1193 2339 1357 2373 τιμιωτέραν
1375 2339 1422 2365 τοῦ
1444 2339 1473 2366 δὲ
1498 2342 1663 2376 τιμςωτέρου
1686 2343 1720 2369 τὰ
1746 2343 1873 2371 ἐλάττονα

1086 2383 1193 2418 ἔχονται
1210 2385 1257 2410 καὶ
1271 2385 1326 2410 οἱον
1342 2385 1539 2420 ὲκκρέμανται·
1554 2386 1598 2413 διὰ
1614 2387 1692 2414 τοῦτο
1707 2389 1737 2415 ού
1755 2389 1872 2425 λέγομεν

1086 2430 1127 2456 ὅτι
1140 2431 1157 2466 ὴ
1173 2430 1329 2466 ἀνθρωπίνη
1355 2431 1435 2465 φύσις
1458 2432 1508 2467 τὴν
1524 2432 1570 2459 τοῦ
1589 2432 1658 2460 Θεοῦ
1686 2435 1870 2469 προσελάσετο

1089 2476 1181 2510 φύσιν·
1192 2476 1248 2502 ἀλλ’
1260 2477 1274 2503 ὁ
1288 2476 1354 2508 Θεὸς
1367 2477 1416 2512 τὴν
1428 2477 1603 2514 ἀνθρωπίνην
1619 2480 1765 2507 άνελάσετο
1778 2480 1868 2514 φύσινι

1087 2522 1135 2556 οὐχ
1151 2522 1188 2552 ὡς
1206 2523 1245 2553 εἰς
1260 2522 1326 2548 Θεὸν
1353 2523 1579 2557 μεταϐληθείσαν,
1609 2525 1667 2552 ἀλλ’
1695 2526 1733 2558 ὡς
1749 2526 1788 2562 τῷ
1813 2527 1871 2563 Θεῷ

1086 2569 1324 2601 προσπεφυκυῖαν.
1351 2568 1401 2594 Διὰ
1415 2569 1494 2595 τοῦτο
1508 2570 1556 2596 καὶ
1568 2570 1605 2602 ὡς
1618 2571 1799 2607 τιμιώτερον,
1815 2573 1870 2608 ἔχει

1086 2614 1136 2647 μὲν
1151 2613 1199 2649 τὴν
1215 2613 1388 2648 ἀνθρωπίνην
1403 2613 1495 2649 φύσιν,
1509 2615 1599 2650 ἔχεται
1614 2616 1643 2642 δὲ
1660 2617 1729 2653 αὕτη
1756 2618 1808 2644 ὑπὸ
1823 2620 1870 2652 τῆς

1086 2657 1160 2689 θείας
1172 2658 1290 2691 φύσεως·
1303 2659 1396 2693 ὥσπερ
1410 2661 1424 2685 ὁ
1435 2660 1483 2694 μὲν
1498 2661 1641 2696 ἅνθρωπος
1652 2663 1869 2699 ἁρχοειδέστερον

1086 2705 1115 2731 ὃν
1131 2706 1178 2731 καὶ
1193 2705 1354 2741 τιμιώτερον
1369 2706 1442 2740 ἔχειν
1458 2705 1507 2741 τὴν
1524 2708 1602 2742 χεῖρα
1619 2708 1746 2744 λέγομεν,
1761 2710 1819 2736 ἀλλ’
1840 2711 1868 2737 σὺ

1091 2751 1137 2777 τὸν
1153 2751 1296 2786 ἄνθρωπον
1312 2753 1328 2786 ἡ
1345 2752 1414 2787 χείρ.
1430 2752 1460 2778 Εἰ
1475 2753 1564 2778 τοίνυν
1577 2753 1648 2789 μέρη
1663 2752 1734 2790 ἦσαν
1747 2756 1763 2790 ἡ
1780 2756 1869 2793 θεότης

1093 2798 1138 2823 καὶ
1153 2798 1169 2832 ἡ
1187 2797 1375 2832 ἁνθρωπότης,
1393 2798 1430 2829 ὡς
1450 2799 1479 2831 ἐξ
1503 2799 1594 2826 αὐτῶν
1608 2800 1784 2828 συνίστασθαι
1810 2803 1870 2836 μίαν

1087 2843 1169 2878 φύσιν
1187 2844 1290 2877 κοινὴν,
1309 2844 1346 2875 ὡς
1359 2846 1389 2870 ἐκ
1401 2844 1490 2879 ψυχῆς
1510 2845 1556 2872 καὶ
1573 2846 1699 2881 σώματος
1717 2848 1870 2884 ἄνθρωπον,

1087 2888 1217 2923 ἐλέγομεν
1231 2888 1263 2914 ἂν
1279 2889 1319 2915 ὅτι
1338 2891 1383 2916 καὶ
1404 2891 1417 2917 ὁ
1433 2891 1498 2922 Θεὸς
1515 2891 1640 2926 ἐχει·τδν
1655 2893 1812 2928 ἄνθρωπον,
1825 2897 1869 2921 καὶ
