1950 3070
101 139 165 171 6‘25

595 143 643 173 DE
659 144 870 174 PRINCIPIIS
890 146 996 176 FIDEI
1017 145 1251 176 (ΖΑΤΗΟῙᾸΟΕ.

1682 143 1735 173 ίῑὲίῖ

104 196 124 230 ή
146 195 327 232 ἀνθρωπότης
345 197 394 232 τὴν
413 198 538 233 θεότητα.
557 198 594 230 ὡς
609 204 657 226 καὶ
681 201 726 226 ἐπὶ
743 199 789 226 τοῦ
807 199 902 235 σώμα-

966 202 1073 231 ηῖςιίιτοι.
1091 206 1119 228 ιιι
1135 210 1167 229 ex
1188 202 1279 228 anima
1306 205 1332 228 et
1347 209 1462 236 corpore
1479 200 1611 227 conititur
1634 201 1739 233 homo),

104 250 157 273 τος
173 242 231 277 ἔχει
247 244 353 278 καὶτῆς
368 244 467 279 ψυχῆς.
483 246 537 273 Καὶ
548 247 612 282 γὰρ,
632 248 664 274 'll
676 248 760 283 ψυχὴ,
775 247 902 282 λέγομεν,

106 286 170 322 ἔχει
186 287 278 322 σῶμα,
294 288 352 320 καὶ,
372 290 408 316 Τὸ
425 289 505 324 σῶμα
524 289 581 326 ἔχει
596 291 698 326 ψυχήν.

955 247 1121 279 diceremus,
1147 251 1203 273 tum
1226 247 1307 273 Deutn
1327 246 1427 273 habere
1455 246 1606 277 hominum,
1633 251 1689 272 ιιιιη
1714 249 1742 271 et

958 291 1154 318 humanitatem
1176 292 1278 319 habere
1298 292 1447 320 Deilalem:
1466 292 1504 318 ttti
1529 291 1612 318 etiam
1639 298 1669 318 sc
1697 298 1741 317 res

109 335 198 363 habet
213 337 239 363 in
254 337 345 364 anima
360 341 388 364 et
399 345 523 373 corpore.
540 339 660 368 Dicimus
675 340 748 368 enim
762 348 769 367 :
801 340 897 367 Anima
917 347 1016 375 corpus
1037 340 1118 368 habet
1136 349 1142 367 :
1162 349 1194 368 ac
1211 351 1217 367 :
1233 341 1338 375 Corpus
1351 341 1470 368 animam
1489 340 1580 367 habet.

157 383 237 410 Ἐπεὶ
249 385 337 411 τοίνυν
349 386 362 411 ὁ
375 386 523 421 μονογενὴς
538 387 600 418 Υἱὸς
613 387 660 414 τοῦ
677 388 905 420 Θεοῦ,τουτέστιν

109 430 125 456 ὁ
144 429 193 455 τοῦ
208 429 276 456 Θεοῦ
290 430 386 464 Λόγος,
402 431 484 466 φύσιν
497 432 674 468 ἀνθρωπίνην
690 434 733 461 διὰ
748 434 798 467 τῆς
818 443 903 470 προσ-

112 473 226 507 λήψεως
243 473 309 508 ἔχει,
325 475 470 502 ἀκολουθεῖ
486 476 580 503 τοῦτον
606 475 676 504 εἴναι
694 478 874 514 ὑποκείμενον
888 479 904 514 ἢ

114 519 267 547 ὑπόστασιν
284 521 300 557 ἢ
319 521 467 555 πρόσωπον
481 522 531 556 τῆς
546 522 721 558 ἀνθρωπίνης
737 525 854 559 φύσεως.
868 525 906 552 Τὸ

115 565 175 600 γὰρ
191 567 252 591 τινὰ
270 565 350 599 φύσιν
369 567 431 600 ἔχον
445 568 593 600 ὑπόστασις
608 569 719 603 λέγεται
732 572 779 604 τῆς
798 570 907 605 φύσεως

116 610 238 649 ξκείνης·
254 611 347 646 ὥσπερ
362 613 392 639 τὸ
417 612 499 647 φύσιν
522 614 605 640 ἵππου
631 615 691 650 ἕχον
727 616 904 651 ὑπόστασιςῆ

117 656 302 692 ὑποκείμενον
327 658 374 685 τοῦ
400 659 484 686 ἵππου
499 660 605 695 λέγεται
620 659 700 690 εἶναι.
726 663 779 688 Καὶ
796 663 874 697 εἴπερ
888 663 904 699 ἡ

118 703 230 738 φύσιςή
248 704 364 738 ἐχομένη
381 705 462 740 νοερὰ
477 706 545 739 ἐστι,
562 707 623 733 τότε
640 708 741 742 μᾶλλον
759 709 906 742 πρόσωπον

117 748 240 781 λέγεται.
255 750 338 777 Πάλιν
354 751 383 784 ἐξ
399 751 486 778 ἀῖδίου
504 752 565 788 ἔχον
593 754 641 789 τὴν
666 755 741 782 θείαν
759 756 851 790 φύσιν,
875 756 905 782 οὔ

86 826 92 830 κ
119 793 192 820 κατὰ
213 795 314 830 τρόπον
343 797 505 829 συνθέσεως,
535 799 593 825 ἀλλ’
617 799 707 834 ἁπλῆς
731 794 906 836 ταυτότητος,

119 838 231 874 λέγεται
245 842 292 867 καὶ
306 842 357 876 τῆς
374 843 451 875 θείας
468 844 575 877 φύσεως
594 845 741 877 ὑπόστασις
763 847 779 882 ἢ
797 847 907 882 πρόσω-

118 893 183 917 πον,
210 887 328 914 καθόσον
343 888 464 921 δηλονότι
489 890 601 917 δυνατόν
628 892 702 918 ἔστιν
731 881 908 926 ἐκφαίνεσθαι
924 881 945 908 Β

118 934 153 959 τὰ
169 933 229 960 θἐἶα
253 936 310 966 τοῖς
325 937 507 970 ἀνθρωπίνοις
523 938 665 971 ὀνόμασιν,
689 938 719 966 Ὀ
740 939 829 965 τοίνυν
844 939 907 970 Υἱὸς

119 979 169 1006 τοῦ
180 980 248 1007 Θεοῦ
267 981 446 1019 ὑπόστασιςῆ
465 984 611 1019 πρόσωπόν
628 985 687 1011 ἐστι
712 985 765 1011 τῶν
789 985 836 1012 δύο
859 985 909 1021 φύ-

121 1033 202 1058 σεων,
230 1026 280 1060 τῆς
301 1026 376 1059 θείας
401 1028 502 1065 δηλαδὴ
519 1029 564 1055 καὶ
590 1029 641 1063 τῆς
668 1030 852 1066 ἀνθρωπίνης,
880 1033 908 1058 ἐν

118 1070 182 1098 δυσὶ
199 1071 316 1105 φύσεσιν
333 1073 383 1106 ὑφε
389 1073 469 1105 στώς.

158 1117 190 1144 El
207 1117 236 1144 δὲ
250 1117 326 1149 λέγει
340 1128 391 1151 τις.
409 1120 470 1146 Ὂτι
488 1122 576 1156 ἐπεὶὴ
593 1122 751 1158 ἀνθρωπίνη
768 1122 848 1158 φύσις
859 1125 909 1152 οὐκ

120 1164 180 1190 ἔστι
198 1165 373 1201 συμϐεϐηκὸς
389 1167 418 1193 ἐν
443 1167 523 1202 αὐτῇ,
548 1168 617 1194 ἀλλὰ
643 1170 758 1204 πρᾶγμα
786 1171 909 1204 ὑφεστὼς

123 1209 170 1235 καὶ
187 1209 266 1236 οὐσία
298 1211 398 1246 μερικὴ
424 1212 583 1248 ἀνθρωπίνη
599 1214 674 1248 παρὰ
696 1215 746 1250 τὴν
761 1216 910 1244 ὑπόστασιν

120 1254 169 1281 τοῦ
182 1255 251 1282 Θεοῦ
264 1256 352 1290 Λόγου
370 1258 461 1285 δοκεῖ’
477 1259 520 1285 διὰ
544 1261 571 1286 τί
587 1261 667 1288 τοῦτο
682 1261 730 1288 δύο
746 1263 910 1295 ὑποστάσεις

121 1300 193 1328 εἶναι
211 1303 240 1329 ὲν
266 1303 305 1337 τῷ
330 1303 439 1338 Χριστῷ
455 1305 485 1331 οὐ
503 1305 544 1332 δεῖ
559 1307 720 1340 κατανοεῖν;
741 1309 804 1335 Ὅτι
822 1309 910 1335 ἐκεῖνο

120 1348 289 1383 ὀνομάζεται
318 1349 466 1380 ὑπόστασις
492 1349 506 1376 ὃ
530 1351 561 1377 οὐ
585 1352 740 1387 περιέχεται
759 1353 804 1380 ὑπ’
830 1354 909 1381 ἄλλου

123 1395 346 1431 ἀρχοειδεστέρου
366 1396 413 1421 καὶ
430 1397 604 1430 τιμιωτέρου.
625 1398 657 1424 ῚΙ
673 1398 726 1434 γὰρ
742 1399 788 1425 τοῦ
804 1399 910 1435 ἀνθρώ-

123 1449 178 1467 που
200 1442 261 1476 κεὶρ
277 1441 353 1468 οὐσία
373 1440 423 1470 μέν
439 1440 480 1472 τίς
506 1446 580 1470 ἐστιν
596 1465 603 1477 ,
630 1445 661 1471 οὐ
692 1445 744 1481 μὴν
763 1446 911 1479 ὑπόστασις

123 1488 245 1522 λέγεταιι
263 1489 320 1524 ἔχει
335 1491 389 1526 γὰρ
404 1492 487 1527 αὐτὴν
499 1491 563 1519 ἄλλο
580 1501 606 1519 τι
628 1493 848 1527 άρχοειδέστερον
865 1494 912 1521 καὶ

314 1537 354 1567 ὃν.
382 1538 620 1587 δᾶνορωποςηΕί
639 1540 755 1587 γὰρ-μὴ
771 1541 850 1568 τοῦτο
865 1539 910 1576 ἦν,
928 1558 949 1587 c

126 1581 203 1608 οὐδὲν
220 1582 323 1609 ἐκώλυε
341 1583 474 1618 πρόσωπα
499 1584 585 1612 πολλὰ
602 1585 649 1612 καὶ
674 1585 774 1617 πολλὰς
791 1586 913 1614 ὑποστά-

128 1636 184 1658 σεις
201 1629 229 1654 ὲν
243 1628 283 1663 τῷ
298 1629 434 1665 ἀνθρώπῳ
445 1630 598 1665 ὁμολογεῖν.
617 1632 670 1658 Καὶ
686 1633 702 1667 ἠ
726 1632 808 1666 φύσις
823 1633 915 1660 τοίνυν

126 1675 143 1707 ἡ
159 1673 318 1709 ἀνθρωπίνη
345 1675 373 1702 ὲν
399 1675 437 1710 τῷ
460 1676 572 1712 Χριστῷ
596 1677 649 1703 ὑπὸ
675 1679 839 1713 τιμιωτέρου
865 1679 914 1713 τῆς

127 1719 203 1751 θείας
221 1720 330 1754 φύσεως
345 1721 543 1756 προσείληπται
558 1731 564 1738 ·
579 1723 627 1749 καὶ
642 1723 685 1751 διὰ
702 1724 781 1750 τοῦτο
796 1725 913 1760 ἐχομένη

126 1765 174 1791 ὑπ’
186 1765 306 1800 ἐκείνης,
333 1766 437 1794 οὐκέτι·
453 1768 500 1794 καὶ
520 1768 594 1800 ἰδίως
620 1769 773 1801 ὑπόστασις
790 1770 912 1804 λέγεται.

128 1808 175 1842 Εἷς
189 1811 218 1837 δέ
235 1812 294 1838 ἐστι
309 1812 353 1839 διὰ
373 1813 423 1848 τὴν
438 1813 486 1846 τῆς
507 1814 684 1846 ὑποστάσεως
710 1815 835 1850 ἑνότητα·
857 1815 915 1842 ἀλλ’

127 1857 158 1883 οὐ
176 1856 223 1884 δύο
239 1857 343 1893 κυρίως
357 1858 467 1885 δύναται
483 1859 623 1893 λέγεσθαι,
639 1860 692 1887 Δύο
707 1860 800 1895 μέντοι
819 1862 917 1896 φύσεις

129 1902 203 1937 ἔχειν
217 1904 231 1929 ὸ
246 1904 362 1938 Χριστὸς
377 1903 486 1935 οἰκείως
503 1904 663 1941 ῥηθήσεται.
679 1907 734 1934 Καὶ
749 1908 803 1942 γὰρ
820 1907 849 1932 ὲν
866 1907 917 1942 μιᾷ

131 1949 280 1976 ὑποστάσει
292 1951 306 1976 ὁ
318 1951 399 1990 ante;
413 1952 472 1978 ἐστι
486 1951 554 1984 Θεὸς
565 1953 612 1978 καὶ
624 1952 778 1988 ἄνθρωπος,
790 1953 916 1989 καθάπερ

131 1995 262 2027 πολλάκις
279 1997 398 2031 εἴρηται.

165 2088 211 2113 Δεῖ
224 2087 314 2114 τοίνυν
328 2088 358 2115 τὸ
375 2089 440 2122 περὶ
457 2090 505 2123 τῆς
522 2089 689 2123 σαρκώσεως
713 2089 760 2116 τοῦ
776 2089 842 2116 Υἱοῦ
869 2090 916 2117 τοῦ

131 2132 199 2159 Θεοῦ
225 2134 377 2169 μυστήριον
405 2131 600 2170 ἀναμφιϐόλως
614 2135 765 2170 ὁμολογεῖν.
791 2136 846 2162 Καὶ
862 2135 917 2170 γὰρ

131 2179 147 2212 ἡ
162 2179 342 2215 Χριστιανικὴ
354 2180 445 2212 πίστις
461 2181 585 2216 ἀρχικῶς
603 2181 652 2215 μὲν
670 2182 698 2208 ὲν
719 2183 752 2216 τῇ
769 2181 817 2215 τῆς
835 2182 916 2215 ἁγίας

991 388 1059 421 Quia
1087 389 1167 422 igitur
1194 389 1351 422 nnigeuitus
1378 388 1424 416 Dei
1451 388 1535 414 Filius
1561 388 1618 420 (Dei
1637 387 1743 414 scilicet

957 436 1085 470 Verbum)
1103 440 1226 462 naturam
1245 436 1402 466 humanam,
1418 434 1490 469 quod
1506 441 1565 461 eam
1582 441 1740 468 assumpse-

957 483 1004 514 rlt.
1029 483 1123 514 habet,
1149 483 1179 509 ﬁt
1207 488 1378 516 consequens
1399 488 1460 507 esse
1478 488 1540 506 enm
1569 479 1739 514 suppositum

957 538 1003 557 seu
1023 529 1177 564 hypostasin
1194 532 1240 555 aut
1258 535 1399 562 personam
1418 531 1521 554 naturae
1534 526 1671 552 humanm.
1690 525 1743 551 lla-

958 575 1024 602 hens
1046 575 1118 600 enim
1145 574 1264 604 aliquam
1288 577 1424 604 naturam,
1452 571 1513 606 ejus
1536 575 1640 597 naturae
1657 571 1743 604 hypo-

957 620 1039 647 stasis
1052 620 1163 647 dicitur.
1183 618 1218 646 Ut
1236 619 1307 652 quod
1323 618 1385 652 equi
1403 622 1526 644 naturam
1544 616 1635 644 habet.
1659 615 1743 650 hypo-

955 665 1038 692 stasis
1066 672 1114 691 seu
1148 663 1318 697 suppositum
1360 662 1422 695 equi
1455 669 1515 687 rsse
1558 659 1666 685 dicitur.
1705 657 1743 684 Ac

956 710 1091 745 siquidem
1120 714 1215 736 natura
1239 717 1297 742 qin
1316 708 1430 734 habetur
1451 706 1604 740 intelligens
1618 704 1664 735 sit,
1679 707 1744 729 tunc

958 764 1073 791 persona
1101 757 1191 790 potius
1219 759 1401 788 nuncupatur.
1431 754 1469 780 Ac
1494 761 1599 784 rursus,
1627 751 1697 777 quod
1711 750 1745 777 ab

957 810 1058 831 arti-mo
1083 802 1164 830 habet
1186 802 1304 828 divinam
1328 806 1451 828 naturam
1487 808 1539 826 non
1558 807 1590 827 ex
1607 800 1744 834 composi-

960 851 1044 881 tione,
1062 849 1108 877 sed
1123 849 1238 884 simplici
1257 850 1297 884 (ut
1313 848 1350 875 ita
1368 848 1474 881 loquar)
1500 847 1651 879 identitate.
1663 847 1745 873 etiam

961 897 1059 924 divina:
1087 902 1189 923 natura:
1214 894 1369 930 hypostasis
1392 894 1503 926 dicitur,
1536 901 1584 921 seu
1616 900 1744 928 persona,

961 948 1097 978 quatenus
1112 942 1215 970 scilicet
1232 940 1360 968 humanis
1377 940 1490 967 vocibus
1507 939 1598 966 divina
1618 939 1746 973 exsplen-

961 990 1073 1018 deseere
1091 993 1215 1023 possunt.
1232 987 1326 1022 Itaque
1357 987 1402 1013 Dei
1425 986 1510 1013 Filius
1530 986 1684 1021 hypostasis
1706 990 1747 1012 est

962 1043 1010 1063 seu
1027 1043 1142 1070 persona
1163 1035 1279 1069 duplicis
1296 1039 1417 1065 naturas;
1432 1032 1530 1060 divitia:
1542 1032 1648 1060 scilicet
1665 1036 1748 1067 atque

963 1081 1098 1112 humanae,
1114 1079 1140 1107 in
1158 1084 1273 1114 utraque
1289 1086 1352 1106 vere
1362 1079 1509 1106 exsislrns.

1000 1126 1047 1154 Sin
1070 1131 1160 1153 autem
1186 1125 1285 1160 aliquis
1303 1125 1374 1152 dicat
1388 1133 1394 1151 :
1408 1125 1476 1152 Cum
1502 1129 1597 1151 natura
1627 1124 1747 1151 humana

963 1180 1015 1200 non
1042 1173 1078 1200 sit
1103 1172 1240 1203 accidens,
1265 1171 1311 1199 sed
1330 1178 1373 1198 res
1395 1178 1459 1198 vere
1479 1170 1624 1199 exsistrus.
1642 1174 1668 1196 et
1684 1170 1748 1196 sub-

964 1219 1062 1248 stantia
1088 1218 1234 1254 singularis
1251 1218 1368 1245 humana
1385 1221 1480 1252 praeter
1497 1216 1541 1243 Dei
1560 1215 1641 1242 Verbi
1662 1215 1748 1250 hypo-

964 1266 1050 1292 stasin
1071 1272 1134 1292 esse
1154 1263 1290 1294 videatur.
1318 1263 1413 1298 quidni
1435 1262 1495 1290 duae
1509 1262 1670 1297 hypostases
1697 1268 1746 1287 seu

965 1319 1087 1347 persome
1118 1310 1298 1345 intelligendas
1332 1315 1396 1337 sunt
1431 1309 1458 1336 in
1496 1306 1627 1336 Christo?
1668 1306 1747 1339 Quod

965 1360 1094 1386 nimirum
1121 1358 1185 1386 illud
1210 1362 1323 1385 vocatur
1350 1355 1515 1390 hyposlasis,
1539 1354 1612 1389 quod
1639 1362 1692 1380 non
1714 1353 1749 1379 ab

966 1405 1019 1432 alio
1046 1402 1233 1438 principaliori
1257 1409 1289 1429 ac
1324 1400 1450 1428 nobiliori
1482 1400 1650 1427 continetur.
1683 1398 1750 1426 Nam

966 1457 1063 1477 manus
1083 1448 1201 1476 hominis
1223 1447 1375 1476 substantia
1406 1446 1530 1480 quautam
1563 1449 1617 1477 est,
1635 1451 1685 1471 nec
1708 1448 1751 1469 ta-

965 1502 1026 1521 men
1044 1493 1200 1529 hypostasis
1224 1492 1344 1524 dicitur;
1370 1492 1443 1526 quod
1466 1498 1526 1518 eam
1550 1491 1632 1517 homo
1659 1489 1751 1521 habet,

966 1548 1009 1568 res
1025 1540 1127 1568 scilicet
1143 1539 1321 1574 principalior
1344 1537 1526 1572 nobiliorque.
1555 1536 1622 1562 Nam
1639 1535 1689 1562 nisi
1711 1535 1753 1562 sie

965 1591 1047 1619 esset,
1077 1589 1181 1613 vetaret
1220 1584 1287 1611 nihil
1321 1584 1414 1619 plures
1440 1590 1572 1617 personas
1605 1582 1752 1616 pluresque

966 1633 1125 1667 hypostases
1152 1631 1180 1658 in
1205 1630 1314 1657 homine
1345 1629 1462 1656 coliteri.
1494 1628 1587 1662 Itaque
1602 1627 1685 1654 etiam
1703 1627 1753 1653 hu-

967 1684 1046 1704 mana
1070 1677 1096 1703 iu
1119 1676 1230 1704 Christo
1254 1680 1352 1703 natura
1385 1682 1400 1702 a
1434 1673 1623 1709 priestaotiuro
1646 1672 1752 1706 (divina

966 1723 1069 1751 scilicet
1083 1724 1188 1757 natura)
1214 1727 1354 1755 aSsumpta
1377 1726 1418 1748 est
1449 1729 1455 1748 :
1481 1727 1512 1746 ac
1536 1719 1606 1751 ideo,
1629 1726 1691 1746 cum
1719 1719 1754 1746 ab

968 1767 1011 1794 illa
1036 1767 1180 1798 habeatur,
1195 1773 1248 1793 non
1274 1766 1330 1799 jam
1355 1765 1462 1800 proprie
1474 1772 1506 1792 ac
1521 1772 1568 1799 per
1581 1772 1610 1792 se
1623 1764 1753 1799 hyposla-

967 1812 1005 1840 sis
1033 1812 1144 1840 dicitur.
1174 1811 1300 1839 Christus
1313 1811 1398 1843 enim,
1422 1811 1456 1838 ob
1481 1818 1606 1844 persona:
1620 1817 1652 1837 ac
1667 1810 1755 1845 hypu-

967 1859 1048 1887 stasis
1067 1858 1209 1889 unitatem,
1223 1865 1293 1884 unus
1309 1861 1368 1889 est;
1384 1864 1432 1884 nec
1448 1857 1502 1883 duo
1524 1855 1632 1890 proprie
1662 1856 1754 1882 vocari

967 1908 1067 1940 potest.
1082 1904 1152 1930 Duas
1169 1907 1257 1930 tamen
1274 1907 1387 1929 naturas
1404 1902 1506 1928 habere
1526 1900 1636 1936 proprie
1660 1901 1755 1928 dicen-

967 1951 1017 1978 dus
1032 1953 1084 1977 est.
1120 1948 1224 1975 Etenim
1249 1947 1276 1974 in
1304 1955 1358 1975 una
1385 1947 1525 1982 hypostasi
1556 1954 1604 1973 seu
1636 1952 1754 1980 persona

968 1995 1039 2023 idem
1077 1998 1119 2022 est
1152 1993 1223 2020 Dens
1257 1983 1284 2019 et
1319 1993 1410 2023 homo,
1443 1991 1481 2018 uti
1513 1991 1614 2025 saepius
1647 1990 1752 2017 dictum

967 2045 1020 2069 est.

1004 2086 1097 2120 Itaque
1122 2092 1234 2112 necesse
1251 2089 1293 2110 est
1311 2088 1339 2109 ut
1363 2083 1431 2110 citra
1454 2082 1536 2109 ullam
1556 2082 1753 2109 dubitationem

968 2133 1125 2168 mysterium
1144 2130 1336 2159 incarnatiords
1351 2129 1409 2156 Filii
1427 2128 1473 2155 Dei
1488 2129 1678 2156 conﬁteamur.
1712 2127 1758 2155 Et-

967 2179 1041 2207 enim
1065 2177 1220 2205 Christiaua
1248 2176 1314 2203 [ides
1347 2175 1436 2209 primo
1459 2173 1572 2209 quidem
1603 2175 1630 2201 in
1646 2173 1756 2202 confes-

132 2225 247 2258 Τριάδος
263 2226 392 2261 ὁμολογίᾳ
410 2227 580 2254 συνίσταται·
603 2227 676 2259 ἰδίως
691 2227 720 2254 δὲ
735 2228 764 2254 ὲν
778 2227 817 2261 τῷ
830 2236 911 2254 σταυο

970 2225 1047 2254 sionc
1063 2228 1165 2253 sanctas
1180 2221 1325 2250 Trinitatis
1334 2221 1478 2250 consistit:
1491 2220 1665 2255 singulariter
1677 2228 1753 2250 vero.

134 2271 172 2304 ρῴ
188 2273 324 2306 καυχᾶται
357 2273 402 2299 τοῦ
430 2274 533 2308 Κυρίου
563 2273 643 2308 ἡμῶν
666 2273 754 2308 Ἰησοῦ
784 2274 915 2308 Χριστοῦ,

131 2318 178 2342 xz‘t
193 2318 222 2344 ὲν
237 2318 312 2352 αὐτῷ
326 2319 376 2353 τὴν
394 2320 533 2355 σωτηρίαν
547 2319 770 2354 ἀπεκδεχόμεθα.
790 2329 799 2345 ι
819 2320 848 2346 Ὀ
863 2318 918 2355 γὰρ

132 2363 178 2390 τοῦ
209 2364 328 2399 σταυροῦ
357 2365 444 2399 λόγος,
467 2376 476 2392 ι
496 2366 534 2397 ὥς
562 2374 630 2400 φησι
660 2365 776 2397 Παῦλος,
802 2375 811 2391 ι
830 2367 854 2392 εἰ
872 2367 918 2392 καὶ

133 2411 188 2442 τοῖς
213 2410 411 2445 ἀπολλυμένοις
438 2412 529 2447 μωρία
559 2413 646 2444 ἐστὶν,
668 2411 737 2440 ἀλλά
754 2412 809 2443 τοῖς
835 2411 918 2444 σωζο-

136 2455 225 2490 μένοις
242 2456 308 2491 ἡμῖν
322 2455 436 2490 δύναμις
453 2456 521 2482 Θεοῦ
543 2457 613 2483 ἐστι.
633 2456 687 2484 Καὶ
701 2456 727 2483 εί
751 2464 792 2488 τις
808 2457 838 2483 τὸ
850 2457 918 2491 πρέ-

136 2509 185 2527 πον
199 2501 247 2527 καὶ
262 2501 336 2532 erat;
355 2501 461 2528 εὐσεϐεῖ
483 2502 588 2537 διανοίᾳ
610 2503 658 2529 ἐπὶ
681 2502 729 2529 τοῦ
753 2503 856 2533 πάθους
873 2504 919 2530 καὶ

132 2546 179 2572 τοῦ
193 2547 310 2574 θανάτου
325 2546 372 2574 τοῦ
393 2548 514 2583 Χριστοῦ
539 2548 648 2583 θεωροῖ,
676 2549 804 2576 τοσοῦτον
821 2550 919 2583 σοφίας

135 2592 214 2626 βάθος
230 2594 355 2628 εὑρήσει,
373 2593 408 2625 ὡς
426 2595 469 2620 ἀεὶ
484 2595 517 2621 τὰ
541 2595 604 2630 περὶ
619 2594 722 2621 τούτων
749 2595 919 2630 λογιζομένῳ

136 2638 219 2672 μείζω
235 2639 280 2665 καὶ
296 2639 382 2665 πλείω
393 2639 559 2674 θεωρήματα
573 2642 717 2677 συναντᾷν,
732 2641 779 2668 καὶ
788 2643 820 2676 τῇ
838 2642 921 2678 πείρᾳ

135 2684 284 2717 λαμϐάνειν
301 2684 401 2719 ἀληθὲς
416 2683 498 2718 εἶναι,
523 2686 537 2712 ὃ
553 2694 636 2720 φησιν
656 2687 670 2712 ὁ
691 2687 772 2716 αὐτὸς
791 2686 922 2713 Ἀπόστο-

135 2730 188 2760 io:
207 2739 216 2755 ι
235 2730 334 2765 Ἡμεῖς
353 2730 526 2766 κηρύττομεν
542 2732 660 2766 Χριστὸν
686 2733 896 2767 ἐσταυρωμένον
911 2740 918 2748 '

141 2774 275 2806 Ἰουδαίοις
298 2776 350 2810 μὲν
365 2776 521 2810 σκάνδαλον,
545 2777 658 2812 Ἕλλησι
673 2778 700 2804 δὲ
716 2778 838 2812 μωρίαν·
855 2779 921 2814 ἡμῖν

173 2866 195 2881 ⁷⁵
209 2867 294 2894 Galat.
311 2874 349 2899 γι,
373 2866 414 2894 Η.
452 2867 494 2894 "l
511 2868 573 2895 Cor.
595 2876 613 2902 ι,
639 2869 679 2895 ίὸ.

969 2273 996 2300 in
1006 2279 1039 2300 eo
1053 2270 1236 2306 utgloricmur
1249 2269 1275 2295 in
1285 2275 1367 2296 cruce
1383 2268 1488 2294 Domini
1499 2267 1585 2295 nostri
1600 2266 1665 2295 Jesu
1678 2267 1758 2294 Chri-

969 2318 1002 2346 sti
1018 2317 1053 2350 7‘,
1070 2321 1152 2351 atque
1168 2316 1194 2342 in
1210 2323 1241 2342 ea
1262 2314 1378 2341 salutem
1401 2318 1594 2348 exspectemus
1621 2321 1628 2340 :
1659 2323 1669 2338 ι
1693 2312 1757 2339 Ver-

970 2365 1033 2392 bum
1044 2363 1114 2391 euim
1127 2361 1228 2393 crucis,
1241 2360 1331 2395 inquit
1346 2359 1458 2392 Paulus,
1471 2360 1522 2387 etsi
1536 2359 1569 2386 iis
1582 2359 1629 2393 qui
1642 2364 1756 2393 pereunt

969 2410 1083 2438 stultitia
1098 2414 1152 2441 est,
1166 2408 1245 2436 nobis
1257 2413 1345 2435 tamen
1359 2407 1405 2443 qui
1416 2407 1531 2435 salutem
1544 2405 1754 2440 consequimur.

972 2455 1019 2483 Dei
1043 2456 1130 2482 virtus
1147 2459 1190 2482 est
1199 2455 1246 2482 ⁷⁸.»
1267 2453 1304 2482 Ac
1319 2453 1341 2481 si
1357 2453 1420 2488 quis
1441 2453 1513 2488 quod
1529 2452 1606 2480 decet
1616 2459 1648 2479 ac
1675 2452 1756 2479 olliei'i

969 2507 1011 2529 est
1022 2500 1148 2535 religiosa
1161 2504 1250 2527 mente
1268 2499 1294 2527 in
1303 2500 1430 2534 passione
1438 2507 1470 2526 ac
1484 2498 1585 2526 Christi
1595 2502 1682 2525 morte
1690 2505 1755 2524 con-

971 2547 1139 2578 sideraverit,
1160 2550 1263 2573 tantam
1285 2545 1401 2572 oﬂ'emlel
1415 2538 1556 2580 sapientiae
1573 2543 1756 2572 altitudinem,

970 2600 998 2621 ut
1015 2601 1122 2628 semper
1135 2593 1169 2620 de
1182 2592 1233 2620 illis
1244 2593 1335 2619 animo
1348 2592 1489 2626 cogitanti.
1506 2591 1606 2625 majora
1625 2591 1758 2624 pluraque

969 2640 1134 2666 theoremata
1160 2646 1312 2672 sensusque
1328 2642 1473 2664 occurrant
1484 2657 1492 2669 .
1509 2637 1623 2672 ipsoque
1634 2636 1671 2662 rei
1683 2634 1756 2670 peri-

969 2686 1031 2713 culo
1044 2692 1138 2711 verum
1153 2691 1215 2712 esse
1227 2688 1369 2719 agnoscat,
1386 2684 1459 2718 quod
1477 2685 1513 2711 ait
1545 2683 1615 2710 idem
1641 2683 1757 2717 Aposto-

969 2732 1013 2759 lus
1031 2740 1037 2758 :
1058 2740 1067 2756 ι
1082 2730 1136 2758 Nos
1147 2730 1325 2764 praedicamus
1345 2730 1483 2758 Christum
1500 2729 1681 2759 crueilixmu;
1709 2726 1757 2753 Ju-

970 2776 1036 2805 dazis
1051 2775 1162 2811 quidem
1199 2775 1369 2809 scandalum,
1386 2776 1487 2826 Graecis
1499 2779 1585 2803 autem
1602 2773 1754 2806 stultitiam,
