1950 3070
101 147 159 180 633

598 149 648 180 DE
662 149 878 180 PRINCIPIIS
891 148 998 180 FIDE!
1018 150 1255 183 CATHOLICKE.

1679 155 1734 186 634

98 208 185 238 αὺτδς
205 205 369 237 ’Δπὸστολος
385 198 479 241 φησὶν,
496 215 506 233 α
529 207 562 233 Εί
575 206 630 242 γὰρ
643 207 682 242 τῷ
696 208 743 234 τοῦ
760 206 819 239 ἑνὸς
835 217 894 235 πα-

947 207 1018 236 idem
1049 210 1214 245 Apostolus:
1232 219 1242 236 ι
1262 209 1290 238 Si
1321 210 1394 238 cnim
1422 211 1503 239 unius
1528 210 1627 239 delicto
1659 220 1734 246 mors

100 252 270 289 ραπτώματι
295 251 310 278 ὁ
340 251 455 283 θάνατος
472 251 630 279 ἐΰασίλευσε
647 252 682 280 δι’
705 253 777 286 ὲνδς,
801 254 893 289 πολλῷ

100 299 204 334 μᾶλλον
216 299 242 325 οἱ
262 297 391 329 λαϐόντες
404 298 461 334 ’τὴν
485 299 648 334 περισσείαν
665 300 715 334 τῆς
728 297 832 337 δωρεᾶς
846 302 893 328 καὶ

98 345 152 379 τῆς
178 344 352 380 δικαιοσύνης
381 344 553 380 βασιλεύουσι
584 346 628 373 διὰ
655 346 702 373 τοῦ
721 344 780 378 ἐνδς
803 346 892 382 Ἰησοῦ

98 389 235 423 Χριστοῦ.
254 398 264 415 ι
283 389 341 416 Ἵνα
357 390 449 416 τοίνυν
460 390 590 426 ἑκάτερον
605 392 671 426 ἡμῖν
684 392 714 418 ἐν
727 389 816 428 ὲαυτῷ
827 393 894 419 ὑπο-

100 435 191 472 δείξῃ,
207 435 254 463 καὶ
269 435 360 462 θανεῖν
376 437 423 463 καὶ
437 437 587 472 ἀναστῆναι
612 438 696 474 ὴθὲλη
704 447 751 466 σεν
764 448 771 454 ·
789 439 893 466 ἀποθα-

102 482 161 508 νεῖν
178 481 240 516 μὲν,
258 482 302 508 ῐνα
317 482 392 517 ἡμᾶς
407 482 457 517 τῆς
472 482 612 518 ἁμαρτίας
628 482 777 521 καθαρίσῃ,
791 485 828 517 ὦς
844 494 894 520 φη.

104 534 148 552 σιν
172 527 186 553 ὁ
213 527 384 558 ’Δπόστολος,
403 536 412 553 ι
436 527 543 564 Ὠσπερ
572 528 632 555 ἐστὶ
658 531 714 561 τοῖς
737 529 893 565 ἀνθρώποις

104 571 181 604 ἅπαξ
199 572 358 604 ἀποθανεῖν,
375 572 446 600 οὕτω
460 573 509 600 καὶ
523 575 537 600 ὸ
555 572 673 610 Χριστὸς
698 575 772 608 ἅπαξ
787 581 893 611 προση-

104 618 188 654 νέχθη
204 620 243 650 εις
255 619 286 646 τὸ
295 619 433 654 ἁμαρτίας
448 619 588 654 ἐξαλεῖψαι
604 620 711 648 πολλῶν
722 629 729 637 ⁸
749 632 759 649 ι
777 623 894 659 ἀναστῆ-

103 673 149 690 ναι
163 665 192 691 δὲ
207 665 349 699 ἠθέλησεν,
367 665 412 692 ἵνα
425 666 497 702 ἡμᾶς
513 666 559 694 τοῦ
575 667 693 694 Θανάτου
709 667 893 705 ἐλευθερώσῃ.

105 712 190 738 Ὀθιν
203 712 218 738 ὸ
236 713 398 744 Ἀπόστολος
411 714 489 749 φησὶ,
507 723 516 740 t
539 714 658 749 Χριστὸς
673 716 704 742 ἐκ
716 715 822 751 νεκρῶν
834 715 895 752 ἐξῆ.

104 766 216 793 γερται,
232 758 345 793 ἀπαρχὴ
361 758 417 785 τῶν
441 761 653 795 κεκοιμημένων
663 768 670 776 ”
684 761 726 788 ὅτι
742 762 776 788 δι’
790 761 895 797 ἀνθρώ-

104 810 159 829 που
182 803 196 830 ὁ
225 802 352 837 θάνατος,
379 805 426 832 καὶ
444 804 478 831 δι’
507 805 653 840 ἀνθρώπου
679 807 827 839 ἀνάστασις
849 816 894 834 νε·

105 849 194 885 κρῶν.
219 858 228 875 ι
672 843 678 848 ’

140 895 178 922 To
210 895 261 929 μὲν
290 893 337 924 οὖν
364 897 537 932 ἀποτέλεσμα
563 898 610 926 τοῦ
638 898 755 927 θανάτου
781 901 810 927 ὲν
838 901 895 932 τοῖς

107 943 271 978 μυστηρίοις
284 943 460 978 λαμϐάνομεν
473 944 535 971 ὅσον
550 945 619 980 πρὸς
631 945 680 981 τὴν
694 946 743 981 τῆς
756 947 895 981 ἁμαρτίας

107 988 217 1022 ἄφεσιν.
234 990 289 1017 Καὶ
310 989 364 1024 γὰρ
381 990 425 1017 διὰ
446 990 496 1024 τῆς
508 991 650 1027 δυνάμεως
664 991 711 1018 τοῦ
729 993 831 1024 πάθους
848 993 895 1020 τοῦ

107 1033 229 1074 Χριστοῦ
242 1036 275 1062 τὰ
288 1035 425 1071 μυστήρια
434 1036 584 1071 ἐνεργοῦσι.
602 1037 829 1073 «Συνθαπτόμεθα
841 1040 895 1074 γὰρ

106 1073 183 1115 αῦτῷ
202 1081 247 1108 διὰ
257 1082 304 1108 τοῦ
320 1081 506 1117 βαπτίσματος
517 1092 542 1109 ἰ
558 1085 605 1111 καὶ
625 1084 672 1111 διὰ
684 1085 733 1119 τῆς
752 1073 895 1117 κοινωνίας

104 1127 152 1153 τδν
168 1126 284 1154 θάνατον
300 1127 383 1154 αὑτοῦ
399 1128 624 1164 καταγγέλλομεν
636 1137 644 1145 ο
662 1129 709 1156 καὶ
725 1130 769 1156 διὰ
785 1130 895 1157 πάντων

104 1173 201 1208 νεκροὶ
216 1174 248 1208 τῇ
272 1173 396 1209 ἁμαρτίᾳ
418 1174 543 1208 γίνεσθαι
567 1174 786 1210 ὑπισχνούμεθα.
811 1176 847 1202 Τὸ
867 1177 894 1203 δὲ

104 1218 283 1253 ἀποτέλεσμα
297 1220 347 1254 τῆς
359 1220 534 1251 ἀναστάσεως
548 1219 596 1247 τοῦ
612 1220 732 1256 Χριστοῦ
747 1222 809 1249 ὅσον
826 1224 893 1256 πρὸς

105 1264 156 1298 τὴν
172 1264 220 1291 τοῦ
238 1264 355 1292 θανάτου
381 1265 541 1301 ἀπαλλαγὴν
556 1267 585 1292 ὲν
601 1266 639 1302 τῷ
658 1267 729 1294 τέλει
757 1268 810 1293 τῶν
828 1268 894 1294 αίὼ-

105 1319 160 1337 νων
174 1310 308 1346 ὀψόμεθα,
325 1311 389 1337 ὅταν
409 1312 508 1343 πάντες
523 1312 567 1339 διὰ
584 1313 633 1347 τῆς
649 1312 696 1339 τοῦ
713 1313 831 1348 Χριστοῦ
849 1314 894 1340 δυ-

105 1357 214 1391 νὶμεως
230 1357 393 1391 ἀναστῶμεν
407 1366 413 1373 ·
429 1358 490 1385 ὅθεν
503 1350 585 1393 φησὶν
601 1359 615 1385 ὁ
637 1358 810 1393 Ἀπόστολος,
826 1367 835 1386 t
861 1360 892 1387 Et

106 1403 200 1438 νεκροὶ
208 1403 259 1430 οὐκ
269 1403 436 1439 ἐγείρονται,
450 1404 509 1431 οὐδὲ
520 1405 637 1440 Χριστὸς
651 1405 810 1441 ἐγήγερται,
824 1406 894 1442 Ἄρα

107 1447 156 1474 οὖν
171 1448 304 1484 ματαίαή
321 1449 411 1481 πίστις
434 1449 524 1485 ὴμῶν.
544 1451 615 1486 'Apct
628 1449 668 1479 ἔτι
684 1451 768 1487 ἐσμὲν
783 1452 812 1479 ἐν
834 1454 895 1485 ταῖς

107 1494 256 1529 ἁμαρτίαις
271 1494 360 1530 ἡμῶν.
375 1504 384 1521 ι
403 1494 458 1522 Καὶ
474 1496 563 1528 πάλιν,
582 1506 591 1523 t
607 1497 636 1524 El
653 1498 708 1534 γὰρ
727 1499 894 1534 πιστεύομεν

105 1540 147 1566 ὅτι
163 1539 265 1572 Ἰησοῦς
276 1540 395 1587 ἀπέθανε
408 1540 456 1568 καλ⁵
471 1542 580 1577 ἀνέστη.
593 1542 664 1570 οὕτω
677 1545 724 1571 καὶ
738 1545 752 1571 ὁ
763 1545 828 1577 Θεὸς
838 1546 901 1578 τοὺς
913 1555 935 1587 C

106 1587 289 1621 κίιμηθέντας
297 1586 340 1614 διὰ
356 1588 402 1614 τοῦ
416 1588 504 1624 Ἰησοῦ
517 1589 576 1622 ἄξει
591 1589 640 1616 σὺν
656 1591 738 1626 αὐτῷ.
755 1601 764 1618 ι
780 1593 833 1619 Καὶ
846 1593 899 1620 πά-

105 1631 174 1663 λιν,ι
192 1631 223 1658 Et
237 1631 377 1667 ὁΧριστδς
388 1634 553 1669 κηρύττεται
568 1635 610 1662 ὅτι
620 1635 720 1672 ἀνέστη
735 1636 767 1663 ὲκ
783 1637 897 1672 νεκρῶν,

106 1676 168 1708 πῶς
192 1676 265 1708 τινὲς
290 1677 414 1711 λέγουσιν
438 1680 467 1705 ὲν
487 1679 551 1714 ὑμῖν
566 1680 607 1706 ὃτι
628 1680 775 1712 ἀνάστασις
790 1682 897 1717 νεκρῶν

107 1723 159 1749 οὐκ
175 1722 261 1756 ἐστινς
282 1723 316 1749 Et
334 1723 357 1749 δ’
369 1724 518 1756 ἀνάστασις
526 1723 632 1759 νεκρῶν
648 1727 698 1752 οὐκ
714 1726 798 1760 ἐστιν,
812 1727 872 1754 οὐδὲ
885 1728 900 1754 ό

107 1768 225 1804 Χριστὸς
245 1769 403 1804 ὶγήγερται.
426 1769 458 1796 El.
480 1770 509 1797 δὲ
530 1770 649 1807 Χριστος
664 1772 714 1799 οὐκ
736 1772 896 1809 ἐγήγερται,

109 1815 226 1850 μάταιον
241 1814 272 1841 τὺ
288 1815 421 1850 κήρυγμα
436 1814 526 1851 ἡμῶν.
551 1826 561 1843 ι
577 1818 661 1845 Πάλιν
679 1819 745 1854 φησὶ
765 1820 834 1854 πρὸς
850 1820 898 1847 Τι-

108 1860 206 1896 μόοεον
218 1860 343 1896 γράφων,
358 1871 368 1886 ε
392 1860 448 1894 Τὰς
466 1863 560 1898 μωρὰς
575 1863 623 1890 καὶ
640 1864 822 1897 ἀπαιδεύτους
845 1866 896 1900 ζη-

107 1906 200 1942 τήσεις
215 1906 360 1942 παραιτοῦ.
374 1907 468 1945 Πολλοὶ
486 1909 541 1944 γὰρ
561 1909 763 1944 προκόπτουσιν
777 1911 816 1942 είς
831 1911 895 1937 ἀσέ-

108 1951 196 1984 ϐειαν,
210 1953 256 1978 καὶ
271 1954 285 1979 ό
300 1953 378 1986 λόγος
393 1953 482 1980 αὐτῶν
497 1954 534 1985 ὡς
548 1955 703 1990 γάγγραινα
718 1957 803 1991 νομὴν
825 1956 895 1991 ἔχει,

109 1994 146 2024 ὧν
173 1999 248 2024 ἐστιν
272 1998 404 2032 Υμεναῖος
429 1999 475 2025 καὶ
504 1999 626 2035 Φίλητος,
652 2001 676 2027 οἳ
699 2001 748 2036 τῆς
770 2001 897 2036 ἀληθείας

109 2042 249 2074 ἐξέπεσον,
261 2042 388 2076 λέγοντες
406 2043 454 2079 τὴν
478 2044 625 2072 ἀνάστασιν
640 2046 694 2072 τῶν
711 2047 817 2081 νεκρῶν
844 2047 895 2082 ἤδη

107 2088 245 2115 mnam.
270 2098 279 2114 ι
305 2085 385 2115 Οὗτοι
399 2089 453 2124 γὰρ
469 2090 518 2116 οὐκ
533 2089 660 2122 ἐδόξαζον
679 2091 785 2127 νεκρῶν
803 2092 896 2127 σωμά-

113 2144 164 2162 των
178 2135 336 2167 ἀνάστασιν,
351 2136 416 2163 ἀλλὰ
433 2137 481 2171 τὴν
495 2137 544 2172 τῆς
561 2137 652 2172 ψυχῆς
667 2138 720 2165 ἀπὸ
734 2138 834 2169 κακίας
857 2139 897 2170 εἰς

109 2182 210 2217 ἀρετὴν
228 2181 393 2216 μεταὸολὴν,
407 2184 452 2209 καὶ
468 2182 522 2208 tim
537 2183 585 2217 τῆς
602 2183 706 2217 πλάνης
719 2184 757 2215 εἰς
769 2183 818 2219 τὴν
831 2183 897 2218 ἀλή-

944 255 1068 291 regnavit
1104 265 1150 291 per
1171 265 1269 290 unum,
1299 257 1384 284 ntulto
1417 258 1505 293 magis
1537 258 1734 286 abundantiam

943 301 1068 328 muneris
1085 306 1112 328 et
1137 302 1252 336 justitize
1284 302 1462 337 accipientes,
1495 303 1649 338 regnabttnt
1684 312 1733 339 per

944 353 1027 374 unum
1046 345 1140 375 Jesutn
1167 347 1307 375 Christum
1324 348 1357 375 °‘.
1382 357 1391 373 ι
1409 347 1445 376 Ut
1476 347 1558 383 igitur
1588 352 1734 384 utrumque

942 392 1022 420 nobis
1039 393 1066 420 in
1083 393 1143 428 ipso
1164 398 1372 425 monstraretur,
1389 401 1450 420 cutn
1469 395 1549 427 mori,
1570 398 1625 421 tum
1639 401 1734 422 resur-

943 446 1006 473 gere
1029 439 1133 472 voluit;
1151 439 1267 466 alterum
1293 438 1415 474 quidem,
1444 442 1474 466 ut
1503 447 1552 466 nos
1571 446 1586 466 a
1618 445 1731 474 peccato

943 485 1098 518 mundaret,
1130 486 1166 513 uti
1197 487 1235 513 ait
1270 485 1442 521 Apostolus:
1463 495 1473 512 ‹
1492 485 1731 519 Quemadmodum

943 535 1074 557 statutum
1089 535 1131 558 est
1143 530 1298 559 hominibus
1315 531 1398 559 semel
1412 531 1479 558 mori
1493 539 1500 564 ;
1513 532 1554 559 sic
1565 536 1592 558 et
1603 531 1731 559 Christus

943 576 1027 603 semel
1038 575 1144 604 oblatus
1160 577 1245 605 estad
1262 577 1412 604 multorum
1422 577 1535 603 delenda
1546 582 1655 612 peccata
1668 578 1708 609 “;
1721 587 1731 604 ι

943 621 1058 649 alterunt
1078 629 1154 653 vero,
1171 626 1201 649 ut
1217 629 1266 650 ttos
1280 628 1294 649 a
1312 626 1399 649 morte
1416 622 1554 649 liberaret.
1571 622 1678 650 Idcirco
1694 623 1733 649 ait

943 667 1112 702 Apostolus:
1136 678 1145 694 ι
1161 669 1288 696 Christus
1313 669 1465 696 resurrexit
1490 675 1504 695 a
1525 669 1654 701 mortuis,
1677 669 1734 702 pri—

944 714 1028 741 mitiae
1041 714 1236 742 dormientium
1250 724 1257 743 :
1275 714 1339 750 quia
1353 722 1399 750 per
1415 715 1551 742 hominem
1569 715 1734 742 resurrectio

945 763 1116 787 mortuorum
1128 760 1162 787 ³⁷.
1185 770 1195 787 ι

910 873 934 904 Β
984 888 1076 916 Hortis
1097 889 1189 924 itaque
1203 889 1329 917 eti‘ectum
1342 889 1370 917 in
1381 889 1560 918 sacramentis
1575 890 1738 925 recipimus,

947 935 1019 969 quod
1035 935 1142 963 scilicet
1159 935 1257 963 attinet
1271 936 1304 964 ad
1320 937 1421 971 peccati
1446 937 1649 964 remissionem.
1669 937 1734 964 Ete-

947 981 1002 1007 nim
1021 987 1190 1009 sacramenta
1216 982 1317 1009 virtute
1335 982 1471 1017 passionis
1487 983 1590 1011 Christi
1616 991 1736 1018 operan-

947 1031 1001 1054 tur.
1022 1036 1030 1052 ι
1051 1028 1256 1062 Consepelimur
1271 1028 1343 1055 enint
1357 1029 1410 1063 ipsi
1424 1035 1472 1064 per
1498 1028 1665 1063 baptismum
1675 1029 1709 1062 ⁸⁸,
1722 1038 1733 1055 ι

946 1080 978 1100 ac
995 1074 1233 1105 communicando,
1249 1079 1363 1102 mortent
1389 1074 1449 1109 ejus
1484 1074 1677 1102 annuntianttts
1691 1075 1734 1105 ":

946 1119 1106 1154 cunctisque
1125 1124 1248 1147 mortuos
1266 1128 1315 1148 nos
1339 1124 1450 1156 peccato
1473 1121 1643 1156 pollicentur.
1663 1120 1736 1148 Επε-

946 1171 1006 1192 ctus
1032 1169 1121 1192 autem
1138 1167 1347 1194 resurrectionis
1362 1167 1481 1201 Christi,
1501 1167 1574 1205 quod
1589 1167 1687 1194 attinet
1701 1167 1735 1194 ad

947 1211 1010 1242 hoc.
1042 1216 1071 1238 ut
1100 1211 1151 1247 ipsi
1176 1212 1314 1240 immunes
1334 1221 1348 1240 a
1370 1218 1457 1240 morte
1491 1214 1589 1244 simus,
1620 1214 1646 1240 in
1678 1213 1732 1239 line

946 1258 1106 1284 saeculorum
1122 1258 1286 1292 videbimus,
1302 1267 1364 1286 cum
1383 1267 1478 1286 omnes
1503 1268 1551 1294 per
1574 1259 1675 1286 Christi
1689 1266 1735 1294 po-

947 1305 1059 1330 tentiam
1092 1312 1277 1340 resurgetntts.
1313 1305 1387 1333 Unde
1417 1306 1454 1333 ait
1481 1305 1651 1341 Apostolus:
1671 1314 1680 1331 t
1704 1305 1734 1332 Si

946 1352 1046 1377 mortui
1065 1358 1117 1377 non
1129 1358 1280 1385 resurgent,
1293 1359 1342 1379 nec
1355 1351 1481 1380 Christus
1494 1352 1652 1379 resurrexit.
1667 1351 1737 1385 Ergo

945 1403 1013 1423 vana
1046 1399 1088 1424 est
1119 1396 1185 1424 ﬁdes
1217 1402 1320 1424 nostra.
1360 1396 1429 1432 Ergo
1469 1398 1558 1424 adhuc
1588 1405 1683 1424 sumus
1709 1397 1736 1424 in

947 1442 1064 1476 peccatis
1080 1442 1181 1470 nostris
1193 1443 1227 1470 ’°.
1247 1451 1256 1468 I
1272 1442 1311 1469 Ac
1324 1448 1439 1470 rursus:
1460 1452 1470 1469 t
1489 1443 1518 1470 Si
1551 1443 1623 1470 enint
1641 1442 1731 1470 credi-

946 1494 1006 1514 mus
1020 1488 1091 1522 quod
1105 1488 1183 1516 Jesus
1199 1493 1323 1516 mortuus
1339 1492 1381 1516 est
1397 1493 1424 1516 et
1457 1489 1621 1520 resurrexit,
1649 1489 1687 1515 ita
1706 1492 1735 1514 et

953 1532 1025 1560 Deus
1045 1540 1092 1561 eos
1111 1535 1156 1568 qui
1189 1535 1370 1568 dormierunt,
1401 1542 1448 1569 per
1463 1534 1604 1562 Christum
1620 1535 1737 1562 adducet

951 1587 1011 1606 cum
1028 1587 1060 1606 eo
1075 1579 1109 1607 ".
1133 1579 1166 1607 Et
1198 1587 1315 1607 rursus:
1344 1589 1353 1606 t
1373 1580 1400 1607 Si
1423 1580 1549 1608 Christus
1570 1581 1736 1615 praedicatur

950 1626 1022 1661 quod
1037 1626 1187 1654 resurrexit
1215 1634 1230 1653 a
1246 1626 1373 1660 mortuis,
1402 1627 1542 1662 quomodo
1557 1627 1668 1661 quidam
1696 1626 1738 1654 di—

949 1676 1015 1698 cunt
1045 1671 1071 1697 in
1085 1671 1174 1703 vobis,
1203 1673 1334 1706 quoniam
1364 1673 1533 1700 resurrectio
1562 1676 1733 1700 mortuorum

950 1724 1004 1744 non
1023 1717 1087 1744 est?
1108 1716 1135 1744 Si
1156 1720 1246 1744 autent
1278 1722 1448 1745 mortuorum
1479 1718 1646 1746 resurrectio
1680 1725 1736 1746 non

948 1767 1001 1795 est,
1019 1770 1070 1791 nec
1088 1763 1213 1792 Christus
1241 1765 1411 1797 resurrexit;
1442 1765 1464 1792 sl
1489 1769 1580 1792 autern
1611 1764 1737 1792 Christus

950 1817 1004 1836 non
1018 1810 1180 1842 resurrexit,
1198 1811 1288 1838 inanis
1303 1813 1346 1838 est
1372 1810 1532 1845 praedicatio
1557 1814 1649 1838 nostra
1663 1811 1698 1836 ".
1722 1819 1733 1836 ι

950 1854 1050 1889 Ailque
1068 1862 1163 1882 rursus
1194 1854 1227 1882 ad
1249 1855 1423 1882 Timotheum
1442 1855 1565 1883 scribens
1579 1863 1587 1882 :
1603 1865 1613 1881 ι
1633 1855 1736 1883 Stultas

950 1906 976 1928 et
993 1902 1052 1928 sine
1067 1901 1209 1936 disciplina
1236 1902 1403 1936 qutestiOnes
1432 1902 1532 1929 devita.
1556 1901 1630 1929 Multi
1659 1901 1733 1928 enim

951 1945 1138 1981 proﬁciutttjad
1156 1946 1335 1980 impietatem,
1355 1951 1382 1974 ct
1401 1953 1493 1974 sermo
1512 1954 1607 1973 eorum
1627 1950 1735 1973 utcatt-

949 1999 996 2019 cer
1011 1992 1105 2026 serpit,
1130 1999 1162 2019 ex
1181 1993 1281 2026 quibus
1307 1997 1348 2019 est
1372 1992 1534 2028 Hymenaeus
1550 1996 1577 2020 et
1597 1991 1733 2023 Philetus.

949 2037 995 2072 qui
1012 2045 1026 2064 a
1043 2037 1156 2068 veritate
1169 2038 1342 2070 exciderunt,
1364 2037 1487 2065 dicentes
1503 2038 1732 2065 resurrectionem

947 2091 1009 2111 esse
1019 2084 1074 2118 jam
1094 2084 1192 2111 iactam
1204 2085 1238 2111 ”.
1264 2093 1272 2109 ι
1293 2084 1326 2111 Hi
1358 2085 1430 2111 enim
1461 2092 1514 2111 tton
1538 2084 1736 2112 existimabant

949 2131 1006 2158 fore
1026 2138 1170 2164 corporunt
1183 2133 1427 2162 resurrectionem,
1455 2131 1502 2158 sed
1524 2130 1608 2158 animi
1625 2138 1639 2157 a
1667 2130 1734 2157 vitio

947 2178 981 2204 ad
999 2177 1126 2204 virtutem
1145 2177 1336 2207 mutationem,
1359 2181 1386 2204 et
1407 2177 1440 2203 al)
1468 2183 1564 2204 ert-ore
1579 2176 1612 2203 ad
1630 2176 1733 2203 verita-

111 2227 204 2253 οειαν·
221 2229 269 2254 καὶ
282 2227 332 2263 τὴν
350 2228 413 2262 περὶ
429 2227 495 2254 Θεὸν
513 2228 661 2262 ἐπίγνωσιν
678 2229 826 2256 ἀνάστασιν
839 2229 894 2256 ἐλε-

949 2226 1000 2248 tettt
1015 2231 1021 2254 ;
1037 2222 1137 2256 Deique
1147 2221 1271 2249 notitiam
1282 2229 1313 2249 ac
1324 2222 1401 2249 [idem
1414 2229 1474 2249 esse
1490 2230 1518 2250 re
1529 2222 1730 2250 surrectiouctn

111 2282 159 2307 γον
181 2271 251 2300 εῐναι
273 2274 341 2308 ὅπερ
358 2274 372 2300 ό
401 2274 563 2306 Ἀπόστολος
579 2273 739 2310 ἀνατρέπει,
755 2276 802 2303 καὶ
820 2277 896 2302 πᾶσα

109 2320 124 2353 ἠ
138 2318 198 2344 οεία
213 2318 318 2353 Γραφὴ,
337 2318 429 2345 αὐτῶν
444 2319 498 2346 τῶν
522 2321 656 2355 σωμάτων
673 2321 822 2347 ἀνάστασιν
836 2320 895 2346 ἔσε-

110 2365 170 2389 σθαι
185 2364 311 2397 λέγουσα.
335 2364 364 2390 '0
381 2366 431 2399 μὲν
447 2365 502 2401 γὰρ
519 2366 682 2397 Ἀπόστολος
697 2366 774 2401 φησὶ,
789 2375 798 2392 ι
812 2364 895 2392 Σπεί-

110 2417 185 2444 ρεται
204 2409 284 2444 σῶμα
294 2410 419 2444 ψυχικὸν,
433 2410 570 2446 ἐγείρεται
583 2411 662 2446 σῶμα
678 2410 872 2445 πνευματικόν.
882 2420 891 2437 ι

110 2455 166 2485 καὶ,
185 2463 195 2480 ‹
205 2455 327 2490 Ἀνάγκη
345 2455 374 2482 τὸ
390 2455 510 2490 φθαρτὸν
523 2456 602 2483 τοῦτο
614 2454 774 2484 ἐνδύσασθαι
789 2455 896 2491 ἀφθαρ-

71 2503 76 2507 ”
111 2498 172 2524 σίαν
184 2506 191 2514 ·
208 2499 255 2525 καὶ
270 2499 300 2525 τὸ
315 2499 412 2534 Θνητδν
427 2498 506 2527 τοῦτο
521 2501 683 2527 ἐνδύσασθαι
699 2501 862 2528 ἀθανασίαν.
882 2510 891 2527 ι

116 2544 160 2570 Ἐν
181 2544 210 2570 δὲ
231 2544 270 2578 τῷ
288 2545 447 2581 Εὑαγγελίῳ
469 2548 544 2582 παρὰ
564 2547 611 2574 τοῦ
636 2547 756 2582 Χριστοῦ
775 2547 894 2582 είρηται,

950 2267 1089 2295 dicebant.
1115 2267 1191 2301 Quod
1208 2268 1355 2303 Apostolus
1372 2269 1480 2301 evertit,
1497 2269 1641 2303 omnisque
1653 2276 1731 2295 sacra

951 2312 1100 2348 Scriptura,
1118 2321 1178 2348 quae
1195 2314 1318 2349 ipsorum
1333 2320 1480 2349 corporum
1498 2313 1730 2341 resurrectionem

949 2359 1070 2386 futuram
1095 2359 1178 2387 dicat.
1200 2361 1245 2387 Ait
1270 2367 1385 2395 namque
1395 2361 1543 2395 Apostolus
1559 2368 1566 2393 ;
1581 2368 1590 2385 t
1607 2360 1736 2387 Semina-

950 2411 995 2432 tur
1009 2412 1108 2440 corpus
1130 2406 1259 2438 animale,
1283 2407 1400 2440 resurgit
1425 2413 1522 2441 corpus
1544 2404 1702 2440 spiritale".
1720 2413 1732 2430 ι

947 2450 981 2478 Et
996 2458 1091 2478 rursus
1110 2460 1117 2478 :
1139 2461 1147 2477 ι
1166 2451 1279 2486 Oportet
1297 2451 1473 2486 cerruptibile
1488 2452 1539 2478 hoc
1562 2451 1673 2478 induere
1690 2450 1739 2477 in-

948 2497 1163 2532 corruptionem,
1178 2502 1206 2524 et
1222 2497 1334 2524 tnertale
1351 2497 1401 2524 hoc
1415 2497 1525 2524 induere
1544 2496 1735 2523 immortalita—

949 2543 1048 2571 tem".
1067 2552 1076 2569 ›
1105 2543 1134 2570 ln
1162 2543 1308 2577 Evangelio
1338 2548 1428 2570 autem
1453 2551 1467 2570 a
1492 2542 1602 2570 Christo
1628 2542 1733 2570 dictum

112 2598 122 2614 ι
148 2590 279 2625 Ἔρχεται
295 2591 365 2627 ὥρα.
383 2594 430 2619 καὶ
446 2593 493 2620 νῦν
508 2594 593 2625 ἐστιν,
610 2594 653 2620 ὅτε
668 2595 691 2620 οἱ
707 2595 799 2629 νεκροὶ
813 2594 894 2621 ἀκού-

947 2594 983 2618 est
1003 2599 1010 2617 :
1031 2599 1039 2616 ι
1057 2589 1135 2616 Venit
1153 2590 1230 2622 hora,
1245 2593 1271 2617 et
1283 2596 1355 2616 nunc
1366 2594 1417 2622 est,
1435 2589 1545 2623 quando
1571 2589 1670 2616 mortui
1687 2596 1739 2615 au-

111 2643 206 2662 σονται
221 2637 271 2671 τῆς
285 2639 376 2673 φωνῆς
390 2639 436 2666 τοῦ
451 2639 516 2666 Υίοῦ
534 2640 581 2666 τοῦ
596 2639 664 2666 Θεοῦ
678 2648 685 2655 '
701 2641 749 2667 καὶ
769 2642 793 2668 οι
814 2640 896 2667 ἀκού.

111 2689 206 2713 σαντες
229 2682 372 2717 ζήσονται·
404 2694 413 2710 ι
441 2688 490 2712 καὶ
522 2686 604 2713 πάλιν
630 2695 639 2712 t
667 2687 798 2721 Ἔρχεται
823 2685 895 2720 ὥρα..

110 2724 139 2750 ἐν
187 2726 287 2758 πάντες
304 2728 328 2754 ot
349 2729 379 2754 ἐν
402 2730 459 2760 τοῖς
488 2731 630 2765 μνημείοις
659 2731 821 2757 ἀκούσονται
847 2732 897 2766 τῆς

945 2637 1020 2664 dient
1036 2644 1128 2664 vocettt
1145 2636 1205 2663 Filii
1222 2635 1288 2668 Dei;
1306 2638 1333 2662 et
1347 2635 1393 2670 qui
1412 2636 1556 2668 audierint,
1573 2635 1700 2662 vivent“.
1720 2643 1732 2660 ι

949 2683 981 2710 Et
996 2690 1093 2710 rursus
1109 2690 1117 2709 :
1136 2691 1145 2707 ι
1167 2680 1244 2709 Venit
1260 2682 1336 2714 hora,
1352 2681 1379 2708 in
1396 2689 1449 2717 qua
1463 2689 1556 2709 omnes
1574 2682 1619 2717 qui
1635 2681 1662 2708 in
1676 2687 1736 2708 mo-

951 2728 1089 2756 numentis
1112 2732 1186 2761 sunt,
1211 2728 1323 2759 audient
1346 2735 1438 2755 vocem
1451 2728 1528 2764 ejus;
1543 2733 1569 2755 et
1589 2727 1738 2762 procedens

144 2797 167 2832 θξ
179 2795 264 2832 Βοιιι.
279 2804 305 2830 ν,
322 2797 364 2826 17.
402 2800 425 2817 ⁸⁸
444 2800 525 2828 lleltr.
537 2808 574 2828 tx.
590 2801 636 2829 27.
671 2801 695 2818 ⁸⁷
707 2801 717 2828 Ι
731 2801 793 2829 Cor.
813 2810 856 2832 xv.
871 2801 894 2828 94

954 2798 976 2816 αθ
990 2785 1095 2827 Coloss.
1111 2797 1194 2829 ".12.
1234 2795 1458 2832 “leoninae.
1495 2794 1736 2832 '°ler._xtt._l_g.

154 2831 167 2872 _l
177 2829 338 2872 Thess._;tlv,
372 2833 412 2862 15.

472 2836 495 2852 ⁸⁸
515 2836 529 2863 l.
540 2836 603 2864 Cor.
616 2845 641 2869 ν,
663 2836 694 2863 12
709 2845 787 2872 seqq.

112 2864 134 2881 ⁹⁴
149 2865 231 2895 tua".
243 2867 327 2898 v.25.

839 2837 861 2853 "
877 2837 896 2864 ll
914 2834 985 2864 Tim.
1002 2843 1031 2867 tt,
1051 2834 1087 2861 ‘25
1111 2837 1138 2861 ct
1171 2833 1213 2859 t6.

1270 2831 1292 2848 ﬂ
1309 2831 1318 2858 t
1336 2832 1398 2859 Cor.
1419 2839 1463 2865 xv,
1481 2833 1525 2859 tt.
1578 2830 1671 2857 "ibid.
1687 2829 1730 2856 53.
