1950 3070
92 151 152 184 637

604 157 652 187 DE
674 157 887 188 PRlNClPiiS
909 158 1013 190 FlDEl
1033 161 1263 193 CATHOLICIE.

1676 164 1730 196 638

95 211 182 246 ἐδόθη
203 211 278 245 αὑτῷ
300 211 316 246 ὴ
334 211 406 246 ἀρχὴ
418 211 466 238 καὶ
480 211 496 247 ἡ
508 212 575 248 τιμὴ
592 214 640 239 καὶ
654 214 670 248 ἡ
686 213 809 248 βασιλεία
821 222 828 229 ⁸
845 213 891 240 καὶ

950 223 992 242 ior
1007 221 1033 243 et
1046 224 1170 251 regnum.
1191 222 1218 244 et
1231 224 1326 244 omnes
1341 216 1442 251 populi,
1464 217 1551 245 tribus
1577 221 1604 244 et
1630 218 1730 252 lingua:

97 258 207 288 πάντες
236 258 261 283 οἱ
291 257 362 289 λαοὶ,
389 258 471 291 φυλαὶ
488 258 536 284 καὶ
553 258 675 292 γλῶσσαι
700 259 890 286 δουλεύσουσιν

97 303 190 337 αὐτῷ.
210 304 243 330 'H
271 303 379 336 ἐξουσία
407 304 489 330 αὐτοῦ
516 305 625 338 ἐξουσία
644 305 762 337 αἰώνιος,
780 306 840 340 ἥτις
859 306 890 332 οὐ

100 349 317 384 παρελεύσεται,
334 351 381 376 καὶ
401 352 417 385 ὴ
431 350 554 384 βασιλεία
569 351 652 377 αὑτοῦ
664 351 694 377 οὐ
709 351 892 387 διαφθαρήσε-

46 401 51 404 ‘
98 403 169 421 ται·
196 396 259 422 »καὶ
278 395 318 422 ἔτι
346 396 438 430 φησὶν,
469 406 478 422 ι
508 397 659 430 Ἐθεώρουν
679 397 730 428 ἕως
750 395 780 424 οὗ
803 397 890 433 θρόνοι

99 440 240 474 ἐτέθησαν
252 449 259 456 ·
277 441 324 467 καὶ
345 441 359 467 ὸ
375 442 490 473 Παλαιὸς
510 442 622 477 ἡμερῶν
638 443 765 469 ἐκάθισε·
780 443 827 469 καὶ
843 451 891 469 πο-

100 489 193 520 ταμὸς
219 487 305 522 πυρὸς
329 484 420 514 εἷλκεν
438 487 594 521 ἔμπροσθεν
616 488 699 514 αὑτοῦ
714 497 721 504 ·
738 488 785 514 καὶ
806 488 892 523 χίλιαι

102 532 228 566 χιλιάδες
248 533 436 567 ἐλειτούργουν
451 533 544 568 αὐτῷ·
568 535 615 561 καὶ
641 533 737 569 μύριαι
763 534 892 570 μυριάδες

103 578 342 613 παρειστήκεισαν
359 578 443 613 αὐτῷ.
457 579 604 614 Κριτήριον
614 578 734 611 ἐκάθισε,
746 580 793 606 καὶ
806 579 893 614 βίὸλοι

103 623 298 658 ἀνεῴχθησαν,
322 634 332 650 ›
348 625 394 650 καὶ
409 624 443 650 τὰ
457 625 548 651 λοιπάδ

151 669 307 695 Ἐλεύσεται
321 670 411 696 τοίνυν
422 670 436 695 ὁ
446 669 510 700 Υἱὸς
524 669 570 695 τοῦ
585 670 729 704 ἀνθρώπου
745 672 773 697 ὲν
784 672 816 705 τῇ
830 671 892 707 δόξῃ

105 713 193 740 αὑτοῦ
209 714 278 748 μετὰ
292 714 346 740 τῶν
360 714 483 748 ἀγγέλων
498 714 580 741 αὑτοῦ
593 723 600 730 ·
617 716 664 741 καὶ
683 715 782 747 πάντες
797 717 820 742 οἱ
838 717 893 743 ἀπὸ

105 761 161 794 τῆς
180 760 296 792 κτίσεως
314 761 416 794 κόσμου
433 762 463 787 ἐκ
477 761 532 787 τῶν
554 762 659 796 νεκρῶν
674 762 891 796 ἀναστήσονται·

110 815 121 830 ι
141 806 196 833 Καὶ
211 807 292 841 ἡμεῖς
308 807 332 833 οἱ
355 806 456 838 ζῶντες
480 807 505 833 οἱ
531 808 753 842 περιλειπόμενοι
768 808 826 842 ἅμα
846 809 893 835 σὺν

107 851 203 882 αὐτοῖς
228 851 503 886 ἀρπαγησόμεθανὲν
528 852 655 886 νεφέλαις
678 853 718 884 εἰς
741 853 893 887 ἀπάντησιν

107 896 157 923 τοῦ
182 897 286 931 Κυρίου
312 897 351 927 εὶς
377 897 464 931 ἁέρα’
482 905 491 921 ι
521 897 568 923 καὶ
592 898 799 931 παραστήσεται
818 899 893 925 πᾶσα

108 943 194 977 φύσις
209 942 369 978 ἀνθρώπων,
384 943 456 969 ὥστε
469 944 560 977 κρῖναι
581 944 683 975 ζῶντας
710 943 756 970 καὶ
769 944 894 978 νεκρούς.

109 989 211 1023 Κρινεῖ
222 988 250 1015 δὲ
268 989 318 1023 οὐχ
334 989 372 1020 ὡς
382 989 526 1024 ἄνθρωπος
542 989 646 1021 ἁπλῶς,
664 990 693 1015 ἐν
712 990 744 1024 τῇ
763 990 895 1015 ταπεινώ-

109 1041 154 1059 σει
174 1033 225 1068 τῆς
245 1034 345 1068 σαρκὸς
361 1033 493 1068 δηλονότι,
511 1034 579 1061 ἀλλὰ
604 1035 672 1069 μετὰ
687 1035 737 1070 τῆς
750 1035 826 1068 δόξης
847 1036 896 1070 τῆς

109 1078 240 1112 θεότητος
253 1078 389 1110 ἐξουσίας.
406 1079 511 1113 Ὠσπερ
525 1079 579 1114 γὰρ
596 1079 722 1114 λέγομεν,
742 1079 801 1106 Ὅτι
814 1081 826 1105 ό
842 1080 897 1106 Κύ-

110 1133 171 1159 ριος
183 1124 234 1158 τῆς
250 1124 329 1159 δόξης
340 1125 500 1159 ἐσταυρώθη
515 1126 563 1152 καὶ
575 1125 694 1152 ἀπέθανε
708 1125 777 1152 καθὸ
790 1126 896 1160 ἀνθρω-

108 1180 173 1204 πος,
190 1171 261 1198 οὕτω
289 1172 337 1198 καὶ
360 1173 448 1206 κρινεῖ
466 1172 515 1207 μὲν
538 1172 575 1203 ὡς
605 1171 757 1207 ἄνθρωπος,
779 1171 835 1198 ἀλλ’
860 1171 896 1203 ὡς

111 1218 217 1252 Κύριο;
230 1218 279 1252 τῆς
293 1218 382 1253 δόξης.
407 1218 475 1244 Τότε
494 1227 502 1243 ι
526 1218 583 1244 Πᾶν
603 1217 666 1252 γόνυ
695 1218 800 1252 κάμψει
816 1218 896 1244 ἔπου-

112 1262 212 1298 ρινίων
235 1263 283 1288 καὶ
310 1263 439 1296 ὲπιγεὲων
463 1263 510 1289 καὶ
532 1262 727 1297 καταχθονίων,
749 1263 796 1289 καὶ
821 1263 897 1290 πᾶσα

111 1307 226 1341 γλῶσσα
239 1307 468 1342 ἐξομολογήσεται
486 1309 526 1334 ὃτι
544 1307 646 1342 Κύριος
663 1308 766 1342 Ἰησοῦς
781 1308 899 1342 Χριστὸς

111 1356 153 1386 εἰς
169 1354 248 1387 δόξαν
262 1353 331 1380 Θεοῦ
349 1354 466 1389 Πατρός.
488 1364 497 1380 ι
513 1354 568 1380 Καὶ
585 1354 599 1380 ὁ
615 1354 665 1388 μὲν
677 1355 768 1388 ἅρχων
779 1354 824 1380 τοῦ
837 1353 900 1380 6x6—

111 1409 176 1431 τους
200 1399 422 1434 παραδοθήσεται
454 1399 494 1430 εις
523 1399 622 1425 καῦσιν
650 1399 736 1433 πυρὸς
757 1400 827 1433 μετὰ
843 1399 898 1424 τῶν

112 1446 238 1480 ἀγγέλων
260 1445 354 1477 αὐτοῦ,
375 1445 444 1472 καθὸ
469 1453 536 1480 φησι
578 1444 679 1480 Δανιὴλ
703 1446 716 1471 ὁ
743 1445 898 1479 προφήτης.

113 1492 215 1518 Τοῦτον
228 1490 283 1526 γὰρ
303 1500 312 1516 ι
332 1491 424 1517 ἀνελεί
441 1490 479 1525 τῷ
497 1489 634 1525 πνεύματι
645 1489 692 1516 τοῦ
707 1490 840 1524 στόματος
851 1490 899 1516 αὺ-

945 263 1064 289 servient
1089 262 1124 289 ei.
1145 262 1267 290 Potestas
1290 262 1349 296 ejus
1382 267 1501 296 potestas
1528 269 1638 294 aeterna.
1668 272 1728 298 quae

946 315 997 334 non
1015 307 1191 334 rertransibit
1212 317 1218 334 :
1237 311 1264 334 et
1280 314 1393 341 regnum
1417 306 1476 341 ejus
1492 314 1546 333 non
1564 314 1729 341 corrumpe-

945 357 989 380 tur
1000 353 1037 380 ⁸.»
1066 354 1164 388 Aitque
1189 353 1277 380 adhuc
1293 362 1300 380 :
1319 353 1505 386 «Aspiciebam
1530 352 1618 379 donec
1634 352 1726 378 throni

945 400 1024 435 positi
1042 404 1117 431 sunt,
1141 404 1168 427 et
1187 399 1324 434 Antiquos
1341 399 1446 426 dierum
1463 398 1551 430 sedit;
1575 403 1602 425 et
1628 398 1728 425 ﬂumen

945 445 1015 480 ignis
1031 445 1155 472 trahebat.
1170 444 1196 471 in
1213 448 1359 478 conspectu
1373 443 1446 477 ejus.
1463 444 1533 470 Mille
1547 443 1630 470 millia
1648 443 1730 469 mini-

946 491 1071 518 strabant
1087 491 1122 521 ei.
1137 495 1164 517 et
1179 490 1267 517 decies
1290 489 1390 516 millies
1421 494 1534 516 centena
1560 488 1643 522 millia
1659 487 1729 515 assi-

945 537 1054 564 stebant
1067 536 1104 564 ei.
1123 536 1258 564 Judicinm
1277 536 1357 568 sedit,
1373 540 1400 562 et
1416 535 1477 562 libri
1494 535 1579 570 aperti
1597 539 1660 561 sunt
1683 538 1730 561 iet

946 591 1006 619 qua:
1019 588 1171 618 sequuntur
1188 583 1208 610 ⁷.

982 675 1078 710 Itaque
1098 678 1230 701 venturus
1240 678 1281 701 est
1295 672 1378 699 Filius
1392 671 1510 698 hominis
1536 671 1562 697 in
1590 669 1731 704 majestate

947 728 996 749 sua
1019 728 1081 747 cum
1096 720 1200 754 angelis
1216 719 1307 746 suis“:
1329 724 1477 751 omnesque
1495 724 1509 743 a
1534 715 1626 742 mundi
1651 721 1731 741 crea—

947 767 1021 793 tione
1036 774 1050 793 a
1063 765 1179 793 mortuis
1196 768 1339 798 resurgcnt
1352 771 1359 790 ι
1373 772 1382 788 ι
1399 762 1508 797 Nosque
1521 762 1567 795 qui
1579 761 1696 788 vivimus
1704 763 1732 786 et

947 811 1048 840 residui
1067 819 1174 843 sumus,
1194 810 1275 837 simul
1291 817 1352 837 eum
1371 808 1425 836 illis
1444 808 1581 842 rapientur
1600 807 1628 833 in
1650 805 1732 833 nubi—

947 857 998 884 bns
1012 851 1119 884 obviam
1142 856 1257 882 Domino
1281 855 1308 881 in
1323 862 1385 882 aera
1401 854 1422 886 ',
1443 863 1452 880 ι
1475 853 1630 887 astabitque
1644 850 1734 878 omnis

947 910 1027 932 sexus
1040 902 1193 934 hominum,
1209 906 1239 928 ιιι
1252 900 1356 936 Ῑιιιιὶεοι
1382 900 1459 927 vivos
1473 904 1500 926 et
1525 903 1658 926 mortuos.
1684 896 1733 924 Ju-

947 949 1049 977 dieabit
1072 952 1174 977 autem.
1195 954 1249 973 non
1267 951 1296 974 ut
1316 946 1477 981 simpliciter
1490 946 1572 972 homo
1589 944 1627 979 (in
1641 943 1732 971 carnis

947 995 1052 1023 scilicet
1068 994 1247 1026 humilitate),
1277 993 1325 1021 sed
1345 1001 1404 1021 cum
1435 993 1574 1029 majestate
1603 991 1733 1026 potentia:

948 1041 1070 1068 Deitatis.
1085 1040 1241 1074 Sicutenim
1263 1039 1391 1070 dicimus,
1406 1038 1551 1066 Dominum
1567 1036 1730 1072 majestatis,

947 1094 1000 1122 qua
1013 1087 1095 1114 homo
1107 1091 1174 1119 erat,
1189 1084 1350 1113 crucifixum
1363 1092 1422 1112 esse
1436 1089 1464 1112 et
1486 1088 1624 1111 mortuum
1634 1083 1656 1099 ¹⁶
1671 1093 1677 1109 :
1693 1083 1733 1114 sic

946 1133 1079 1168 judicabit
1094 1132 1202 1167 quidem
1216 1136 1245 1159 ut
1258 1132 1351 1162 homo,
1378 1131 1424 1158 sed
1440 1135 1470 1158 ut
1490 1129 1621 1158 Dominus
1648 1128 1732 1161 maje-

948 1179 1037 1206 statis.
1051 1178 1129 1206 Tunc
1147 1187 1155 1203 ι
1173 1177 1263 1205 Omne
1274 1185 1343 1212 genu
1355 1176 1487 1211 ﬂectetur,
1501 1175 1664 1208 caelestium,
1681 1179 1734 1201 ter-

948 1225 1075 1252 restrium
1101 1228 1129 1252 et.
1153 1223 1333 1254 inl‘ernornm,
1349 1226 1376 1249 et
1389 1223 1480 1250 omnis
1501 1223 1593 1257 lingua
1624 1221 1735 1248 eonilte-

949 1272 1033 1301 bitur.
1046 1271 1110 1305 quia
1127 1269 1268 1297 Dominus.
1284 1269 1364 1297 Jesus
1388 1269 1516 1297 Christus
1542 1272 1583 1296 est
1597 1268 1622 1294 iu
1646 1267 1734 1302 gloria

948 1316 995 1343 Dei
1014 1315 1102 1343 Patris
1121 1315 1152 1342 υ.
1174 1324 1183 1340 ι
1204 1314 1243 1341 Ae
1266 1314 1374 1348 quidem
1404 1314 1531 1349 princeps
1559 1313 1734 1350 tenebrarum

950 1361 1071 1389 tradetur
1090 1369 1100 1386 ι
1118 1360 1144 1387 in
1161 1359 1315 1387 incendium
1332 1359 1401 1395 ignis
1413 1359 1435 1375 "
1450 1369 1459 1385 ι
1473 1367 1536 1387 cum
1553 1359 1656 1394 angelis
1666 1359 1734 1390 suis.

949 1406 1174 1442 quemadmodum
1197 1406 1241 1436 ait.
1254 1405 1346 1433 Daniel
1371 1405 1518 1440 propheta.
1553 1404 1631 1432 Hunc
1661 1405 1734 1432 eniut

953 1461 962 1478 ι
984 1451 1128 1478 interﬁciet
1154 1451 1250 1485 spiritu
1281 1451 1338 1479 oris
1367 1451 1408 1478 sui
1425 1450 1482 1483 ",r
1514 1451 1735 1486 quandoquidem

953 1507 962 1523 ‹
979 1498 1068 1524 omnia
1084 1501 1173 1532 portat
1192 1497 1275 1524 verbo
1284 1497 1391 1524 virtutis
1402 1505 1457 1524 sua
1468 1497 1501 1528 ιδ.
1519 1506 1527 1522 ι
1542 1502 1570 1524 nt
1585 1501 1680 1524 auctor
1691 1501 1734 1524 est

113 1537 172 1569 τοῦ,
197 1546 206 1562 ι
223 1537 317 1571 ἐπειδὴ
335 1546 344 1563 ι
368 1537 401 1563 τὰ
416 1537 505 1563 πάντα
521 1536 599 1571 φέρει
614 1535 652 1570 τῷ
668 1536 773 1570 ῥήματι
786 1535 836 1570 τῆς
850 1536 897 1560 δυ.

950 1545 1060 1572 divinus
1080 1543 1236 1577 Apostolus.
1262 1542 1402 1571 Reddetur
1416 1551 1481 1571 vero
1494 1543 1608 1578 singulis
1624 1544 1738 1578 quihus-

113 1585 224 1616 νάμεως
240 1583 335 1615 αὐτοῦ,
355 1592 364 1609 ι
386 1582 458 1610 κατὰ
473 1582 518 1608 τὸν
537 1582 608 1609 θεῖον
626 1581 800 1608 Ἀπόστολον.
822 1582 900 1608 Ἀπο-

114 1632 259 1665 δοθήσεται
276 1630 304 1656 δὲ
319 1629 374 1656 τῶν
389 1628 542 1664 ἀνθρώπων
564 1629 672 1663 ἑκάστῳ
695 1630 766 1655 κατὰ
782 1628 816 1654 τὰ
833 1628 900 1662 ἔργα

114 1677 214 1704 αὐτῶν.
231 1676 285 1702 Καὶ
301 1675 327 1701 οι
341 1675 389 1710 μὲν
400 1674 500 1701 δίκαιοι
510 1673 643 1708 ἀνάλογον
658 1673 840 1709 λαμπρότητι
854 1674 900 1700 καὶ

114 1722 254 1758 φωτισμὸν
278 1721 325 1749 καὶ
343 1721 400 1752 τοῖς
422 1720 532 1754 σώμασι
557 1720 605 1746 καὶ
632 1720 691 1750 ταῖς
713 1719 813 1754 ψυχαῖς
831 1719 901 1746 κατὰ

115 1770 164 1804 τὴν
188 1767 335 1801 ἀναλογίαν
359 1767 408 1801 τῆς
434 1766 536 1800 ἀρετῆς
553 1765 681 1797 ἑκάστου,
698 1766 747 1792 καὶ
762 1765 811 1799 τῆς
829 1765 900 1800 ὑπὲρ

115 1815 161 1842 τοῦ
175 1813 243 1842 Θεοῦ
257 1814 307 1841 καὶ
319 1813 368 1848 τῆς
384 1812 502 1842 πίστεως
516 1811 714 1842 κακοπαθείας⁸
730 1811 755 1837 ei
772 1811 800 1837 δὲ
816 1819 901 1844 πονη-

117 1862 159 1897 pol.
179 1861 248 1887 κατὰ
264 1860 310 1887 τὸν
326 1859 407 1886 αὐτὴν
422 1858 523 1894 τρόπον
538 1857 724 1892 ἀπολήψονται
735 1858 829 1888 σκότος
841 1858 901 1888 ταῖς

115 1909 215 1944 ψυχαῖς
229 1907 320 1934 αὐτῶν
345 1906 392 1932 καὶ
407 1906 465 1936 τοῖς
492 1904 611 1939 σώμασι,
632 1904 705 1930 κατὰ
721 1904 751 1930 τὸ
768 1903 901 1937 ἀνάλογον

116 1956 166 1990 τῆς
183 1955 298 1981 ἑκάστου
325 1952 425 1983 κακίας
449 1951 496 1977 καὶ
520 1951 663 1985 πονηρέσς.
682 1949 736 1976 Καὶ
756 1948 810 1984 γὰρ
827 1949 901 1982 λέγει

119 2002 167 2035 μὲν
179 1999 259 2029 αὐτὸς
275 1999 289 2024 ὁ
306 1998 418 2032 Κύριος,
443 2005 452 2022 ι
471 1996 532 2027 Ὀτι
547 1996 572 2021 oi
589 1995 688 2021 δῐκαιοι
703 1994 856 2029 λάμψουσιν
865 1994 902 2025 ὡς

116 2046 227 2081 ὁῆλιος·
242 2053 251 2070 ι
267 2044 344 2078 λέγει
358 2043 386 2068 δὲ
406 2043 419 2068 ὁ
438 2042 571 2077 μακάριος
596 2039 712 2072 Παῦλος,
731 2048 740 2066 ι
758 2040 902 2074 Σπείρεται

119 2092 198 2127 σῶμα
211 2090 336 2126 ψυχικὸν,
353 2088 489 2123 ἐγείρεται
505 2087 585 2121 σῶμα
603 2086 799 2120 πνευματικόν·
827 2094 835 2112 ι
854 2085 903 2112 καὶ

117 2138 166 2169 τὰς
191 2137 323 2170 διαφορὰς
349 2134 456 2164 δεικνὺς
487 2133 536 2167 τῆς
560 2132 765 2167 λαμπρότητος,
792 2132 901 2165 ἐπάγει,

122 2194 130 2210 ι
153 2183 237 2217 ’Δλλη
253 2181 316 2214 δόξα
331 2180 419 2215 ἡλίου,
432 2179 479 2206 καὶ
495 2178 562 2213 ἄλλη
577 2178 639 2211 δόξα
656 2177 781 2213 σελήνης.
802 2177 903 2212 Ἀστὴρ

950 1597 1003 1625 que
1012 1589 1168 1616 hominibus
1193 1588 1272 1623 ju’xta
1285 1595 1367 1622 opera
1379 1596 1486 1616 eorum.
1505 1588 1543 1615 Ae
1558 1588 1667 1622 quidem
1691 1587 1738 1623 ju-

953 1636 1000 1669 s:i,
1026 1643 1076 1670 pro
1097 1634 1231 1669 cujusque
1256 1633 1375 1666 virtutis,
1403 1633 1506 1669 Deique
1526 1641 1557 1661 ac
1572 1634 1633 1661 ﬁdei
1654 1641 1737 1661 causa

950 1681 1149 1709 exantlatorum
1165 1681 1289 1707 laborum
1303 1680 1418 1711 ratione.
1442 1680 1649 1707 convenientem
1675 1687 1738 1707 eor-

952 1727 1063 1763 poribus
1077 1734 1109 1753 ac
1120 1726 1265 1753 animabus
1277 1725 1450 1760 splendorem
1466 1725 1600 1760 recipient
1614 1732 1646 1752 ac
1676 1725 1740 1753 illu-

951 1773 1111 1800 strationem
1129 1780 1137 1799 :
1155 1771 1218 1798 mali
1230 1778 1306 1804 vero,
1331 1770 1425 1798 eodem
1447 1771 1528 1797 modo
1540 1778 1590 1805 pro
1607 1770 1739 1805 cujusque

952 1818 1062 1846 malitia:
1083 1825 1115 1845 ac
1141 1817 1287 1852 pravitatis
1303 1816 1419 1847 ratione.
1442 1816 1568 1843 tenebras
1582 1816 1657 1851 justo
1670 1824 1738 1851 pra:-

951 1863 1006 1890 mio
1028 1862 1237 1897 respondentes,
1263 1861 1408 1889 animabus
1435 1861 1493 1888 suis
1519 1862 1737 1896 corporibusque

951 1909 1096 1944 recipient.
1116 1907 1224 1935 Etenim
1254 1906 1291 1934 ait
1307 1908 1365 1942 ipse
1382 1907 1516 1935 Dominus
1533 1916 1543 1935 :
1560 1917 1569 1933 ι
1584 1907 1740 1941 Fulgebunt

950 1955 1017 1990 justi
1032 1955 1103 1982 sicut
1121 1954 1161 1981 sol
1177 1954 1209 1981 ".
1229 1962 1238 1979 ι
1259 1953 1358 1980 Beatus
1371 1957 1460 1980 autem
1474 1953 1594 1980 Rullus:
1612 1963 1622 1979 ‹
1648 1953 1738 1981 Semi-

953 2005 1032 2028 natur
1048 2007 1148 2035 corpus
1169 1999 1297 2030 animale.
1314 2003 1408 2034 surget
1419 2006 1520 2033 corpus
1534 1999 1657 2033 spiritale
1670 2000 1704 2027 ".
1725 2009 1736 2026 ι

953 2046 1164 2080 Splendorisquc
1181 2046 1364 2072 diversitatem
1390 2045 1548 2077 ostendens,
1570 2045 1713 2079 subjungit
1729 2054 1737 2073 :

955 2101 965 2118 ‹
979 2092 1036 2119 Alia
1052 2094 1094 2119 est
1111 2091 1221 2118 claritas
1238 2090 1315 2122 solis,
1331 2094 1358 2117 et
1374 2089 1425 2117 alia
1433 2089 1635 2117 claritaslunre.
1655 2089 1739 2117 Stella

952 2136 1077 2163 differta
1096 2135 1172 2163 stella
1198 2134 1224 2161 in
1248 2134 1371 2162 claritate
1397 2134 1429 2160 ".
1450 2143 1460 2160 ι
1487 2127 1662 2168 Rursumque
1689 2135 1739 2166 ait,

954 2180 1020 2213 fore,
1045 2184 1076 2207 ut
1096 2184 1124 2207 et
1147 2180 1236 2214 ipsum
1251 2186 1352 2213 corpus
1367 2183 1492 2206 nostrum
1510 2179 1738 2208 transformetur.

119 2231 231 2265 ἀστέρος
246 2228 368 2263 διαφέρει
383 2227 411 2254 ὲν
423 2226 498 2261 δόξῃ.
520 2234 529 2251 ι
547 2225 602 2251 Καὶ
614 2225 696 2252 πάλιν
710 2224 784 2258 λέγει
798 2225 840 2251 ὅτι
855 2225 897 2250 καὶ

955 2231 985 2253 ιιι
999 2225 1034 2253 sit
1046 2224 1185 2265 conforme
1199 2224 1307 2259 corpori
1321 2224 1454 2252 claritatis
1473 2224 1532 2252 Filii
1542 2224 1612 2259 ejus.
1624 2225 1741 2252 Praeter-

121 2277 185 2304 αὐτὸ
201 2276 231 2302 ab
255 2275 336 2308 σῶμα
355 2273 433 2308 ήμῶν
456 2271 778 2307 μετασχηματισθήσεται
806 2271 846 2302 εις
873 2270 903 2296 τὸ

120 2323 245 2358 γενέσθαι
263 2320 424 2355 σύμμορφον
441 2317 480 2354 τῷ
493 2318 598 2353 σώματι
615 2317 664 2353 τῆς
679 2316 758 2352 δόξης
774 2317 821 2344 τοῦ
837 2317 903 2343 Υἱοῦ

157 2416 259 2443 “Dan.
290 2423 340 2442 vn.
372 2414 415 2447 15,
441 2414 483 2441 Η.

122 2453 142 2470 ’⁸
159 2451 278 2485 Philipp.
300 2458 331 2481 II,
359 2449 392 2485 Ιθ

120 2496 164 2520 ιν,
188 2486 234 2518 ιι,
266 2485 310 2512 ιι.

546 2413 556 2428 ⁷
581 2412 646 2440 ibid.
677 2412 708 2440 9-
734 2411 777 2438 12.

446 2449 467 2464 ¹²
487 2449 552 2475 Dan.
572 2455 620 2478 vn,
636 2447 678 2474 il.

122 2580 243 2614 probata,
266 2578 359 2614 lectio.
383 2577 468 2614 Adde.
487 2576 623 2614 pernitiem
647 2577 742 2614 ipsum»
763 2577 901 2614 habuisse,

121 2612 166 2648 qni
193 2613 335 2648 προσήχθη
361 2612 518 2648 reddiderit,
533 2612 574 2638 vel
594 2612 625 2638 ὲκ
642 2612 705 2648 Δτῷν
730 2612 900 2648 6__reluleril.

122 2646 172 2686 Alii
187 2646 259 2676 enim
275 2646 395 2686 ’ἐνώπιον
410 2647 499 2686 ,αὐτοῦ
521 2646 730 2686 ξξροσηνὲχθηῖ.
744 2646 798 2674 Nec
822 2647 901 2674 aliter

122 2685 267 2712 videantur
290 2682 465 2717 Septuaginta
483 2681 634 2717 reddidisse
658 2690 666 2708 ι
687 2682 847 2715 vileturque
868 2689 898 2708 ea

122 2727 185 2748 vox.
198 2722 226 2745 et
243 2718 316 2751 quod
339 2717 375 2744 ita
391 2717 452 2751 quis
473 2724 565 2744 coram
582 2716 694 2743 sistatur
708 2724 741 2744 ac
755 2720 900 2750 prmsente-

123 2760 177 2785 tur,
197 2753 250 2780 vim
268 2752 411 2786 quamdam
427 2751 614 2786 subjectionis.
636 2751 663 2777 in
675 2758 707 2778 eo
718 2752 764 2785 qui
781 2759 899 2785 praesen-

123 2793 203 2820 tatur,
224 2785 339 2814 innucre
354 2795 361 2813 :
376 2793 408 2813 ac
421 2786 522 2819 optime
537 2786 567 2820 in
582 2785 678 2812 Filium
698 2786 815 2813 hominis
829 2793 898 2813 con-

124 2823 205 2853 venit.
230 2822 281 2849 sub
305 2822 364 2855 ipso
388 2824 520 2854 conceptu
548 2819 609 2847 Filii
636 2820 763 2851 hominis,
789 2821 899 2848 Christo

126 2858 227 2886 scilicet
252 2861 281 2884 ut
307 2855 419 2888 homini,
441 2856 484 2884 cui
509 2857 548 2883 sic
568 2855 628 2883 data
651 2855 796 2890 judiciaria
810 2856 899 2883 omnis

833 2412 844 2427 ⁸
870 2410 964 2438 Matth.
998 2419 1062 2443 xw,
1087 2412 1132 2438 5|.

716 2447 739 2463 "
758 2446 777 2473 Il
795 2445 878 2473 Thes.
895 2454 925 2478 ιι,
940 2447 968 2474 8.

366 2483 388 2500 "
407 2484 525 2518 Philipp.
543 2482 644 2516 ιιι,⁶2ι).
685 2482 705 2498 ’⁸
719 2481 799 2509 Rom.
816 2488 875 2513 Vlll,
906 2481 952 2509 21.

956 2279 987 2299 ea
1016 2272 1066 2303 ait,
1099 2270 1186 2305 ipsam
1217 2274 1343 2298 naturam
1368 2270 1559 2297 liheratumiri
1580 2271 1740 2298 aservituto

956 2317 1149 2352 Corruptionis.
1168 2316 1194 2343 in
1211 2316 1362 2344 claritatem
1378 2316 1512 2344 libertatis
1527 2317 1644 2344 tiliorum
1655 2316 1738 2344 Dei”:

1186 2413 1197 2428 ⁵
1225 2411 1232 2438 1
1251 2411 1347 2438 Thess.
1366 2419 1402 2441 iv,
1433 2410 1476 2438 16.

1019 2447 1040 2462 ⁸⁸
1065 2446 1148 2474 llebr.
1179 2447 1240 2478 ι,5.

1530 2409 1574 2436 ¹⁰Ι
1592 2409 1655 2436 Cor.
1671 2417 1700 2436 ll.
1713 2410 1739 2435 8.

1295 2445 1421 2473 "illatlh.
1435 2453 1494 2478 xm,
1517 2445 1561 2472 L5.
1620 2444 1640 2460 "
1656 2444 1741 2472 lCor.

953 2582 1088 2612 potestas.
1107 2577 1144 2604 nti
1159 2583 1252 2604 noster
1265 2576 1378 2603 Caleeas
1390 2575 1511 2612 exponit,
1527 2580 1556 2602 ut
1571 2579 1597 2602 et
1612 2573 1740 2612 lliorony-

954 2609 1015 2639 inus
1029 2613 1068 2639 .\la
1085 2613 1122 2638 th.
1141 2620 1237 2642 xxvm.
1252 2613 1323 2646 quod
1347 2612 1386 2638 ita
1411 2611 1446 2637 ibi
1466 2611 1580 2646 habetur
1595 2618 1602 2638 '.
1620 2609 1687 2646 Dato
1701 2614 1739 2646 es}

953 2648 1018 2674 milii
1044 2647 1129 2674 omnis
1158 2644 1285 2681 potestas,
1311 2650 1365 2674 etc.
1394 2645 1628 2681 ΔΙιικηἘνώπιον
1642 2644 1738 2681 gemo

953 2683 1128 2717 προσήγαγον
1143 2679 1235 2708 αὐτόν.
1260 2680 1394 2717 Justinus.
1419 2683 1455 2717 in
1471 2680 1541 2717 Dial.
1563 2689 1621 2706 cum
1641 2679 1738 2717 Tigp/t.

953 2715 1007 2743 Καὶ
1034 2715 1127 2752 ὴαρῆν
1152 2716 1268 2752 ἐνώπιον
1296 2715 1389 2752 αὐτοῦ,
1414 2715 1461 2752 και
1488 2715 1738 2752 οἱ-πσιρεσιηκότες

956 2749 1131 2787 προσήγαγον
1148 2751 1239 2787 αὐτόν.
1260 2750 1313 2778 Nec
1331 2751 1410 2785 longe
1425 2750 1505 2787 aliter
1517 2750 1597 2785 Cypr.
1617 2757 1635 2776 ιι
1651 2749 1737 2787 Testi-

955 2782 1102 2813 m'anio'rulit
1120 2795 1129 2813 .'
1148 2785 1180 2812 Et
1199 2787 1270 2813 stetit
1286 2786 1312 2812 in
1328 2782 1465 2820 conspectu
1481 2782 1593 2820 ejus-{et
1611 2785 1654 2819 qui
1671 2782 1739 2810 ussi-

953 2822 1055 2849 slelmut
1071 2822 1103 2855 ei,
1123 2822 1271 2849 obtulerunt
1287 2829 1357 2848 exon.
