1950 3070
221 149 277 181 69

850 151 1047 182 MANUELIS
1066 152 1218 183 CALEC/E

1790 155 1853 186 610

223 213 319 241 nempe
350 208 400 236 hoc
421 209 512 237 rolcns
539 209 608 244 fore,
638 215 670 238 ut
695 215 723 238 et
747 211 851 246 reliqua
881 214 1001 238 creatura

1058 209 1152 237 αὐτοῦ.
1169 210 1229 236 Ἔτι
1248 209 1278 236 δὲ
1290 210 1335 237 καὶ
1353 211 1440 246 αὐτὴν
1455 210 1503 246 τὴν
1525 211 1606 246 φύσιν
1626 211 1849 247 ἐλευθερωθήσε-

223 252 391 286 splendidior
418 255 463 281 sit.
488 255 592 282 Etenim
622 253 652 284 ut
685 261 843 284 sanctorum
869 257 1005 291 quispiam

223 297 281 324 ait:
305 307 314 323 ι
330 298 564 331 Quemadmodum
583 302 610 335 in
636 303 723 330 nostri
749 303 862 338 gratiam
885 304 1006 338 subjecta

223 342 274 370 fuit
295 346 473 379 corruptionl,
507 348 547 375 sic
569 356 620 375 una
648 349 710 377 festi
742 350 878 384 particeps
905 351 954 377 erit
975 358 1007 378 ac

223 387 352 423 triumphi
376 398 424 424 pro
449 391 563 420 victoria
589 394 741 426 honuinum,
774 395 890 430 ejusque
905 395 1006 423 laboris

223 435 373 462 mercedem
395 438 519 471 recipiet.
540 446 595 473 quo
611 440 774 472 servivitlin
791 442 841 469 hoc
859 441 1006 470 conferens

223 482 253 505 ut
266 479 343 507 electi
356 489 590 515 procreat-cntum
613 494 622 511 ι
638 485 742 514 Idcirco
757 487 840 514 etiam
857 488 895 515 ait
911 489 1004 521 Isaias,

223 524 290 552 solis
322 528 408 554 lucem
435 531 639 565 septemplicius
664 532 721 559 lore
739 541 746 560 :
767 533 913 568 lunamque
932 535 1006 567 quali

224 577 295 597 nunc
329 572 370 599 sol
405 574 509 609 t'nlgore
551 579 711 605 nticaturnm
745 588 753 606 :
787 579 845 607 fore
887 581 1005 616 denique

223 625 318 645 novam
336 624 434 648 terram
449 630 481 648 ac
499 623 598 650 εαξΙιιιιι
619 626 755 652 ιιονιιιιιη.

259 774 335 801 Tum
366 778 544 811 apostolicum
573 780 638 809 illud
673 783 848 818 implebilur;
887 795 895 812 ι
937 787 1004 816 Cum

223 819 366 847 tradiderit
384 829 496 856 regnum
526 824 580 852 Deo
592 831 619 853 et
636 826 718 861 Patri,
745 834 810 857 tunc
824 836 850 857 et
865 831 921 865 ipse
940 833 1005 861 snb-

1059 255 1122 282 σθαι
1147 264 1229 290 φησιν
1259 257 1313 283 ἀπὸ
1342 257 1388 292 τῆς
1407 257 1529 289 δουλείας
1545 258 1594 292 τῆς
1616 258 1720 292 φθορᾶς
1732 260 1772 289 εἰς
1790 259 1849 286 τὴν

1058 300 1138 333 δόξαν
1154 301 1204 336 τῆς
1221 302 1378 338 ἐλευθερίας
1396 303 1449 330 τῶν
1471 305 1573 330 τέκνων
1590 304 1636 331 τοῦ
1649 304 1719 331 Θεοῦ
1731 313 1738 321 ·
1752 305 1845 340 δηλῶν

1057 346 1097 372 ὅτι
1113 347 1161 374 καὶ
1177 348 1192 382 ἡ
1210 348 1276 382 ἄλλη
1298 349 1387 379 κτίσις
1404 350 1584 385 λαμπροτέρα
1600 351 1686 378 ἔσται.
1704 351 1759 377 Καὶ
1774 351 1845 385 γὰρ,

1057 392 1129 418 καθά
1149 393 1215 427 φησί
1231 402 1274 424 τις
1289 394 1346 420 τῶν
1372 395 1468 429 ἁγίων,
1495 405 1503 421 ι
1526 396 1632 430 Ὥσπερ
1660 396 1784 430 ὑπετάγη
1807 398 1844 431 τῇ

1058 438 1144 473 φθορᾷ
1155 439 1188 465 δι’
1200 440 1284 474 ἡμᾶς,
1298 441 1369 467 οὕτω
1382 443 1620 477 συμπανηγυρίσει
1632 443 1680 468 καὶ
1694 442 1848 477 συνθριαμ-

1057 485 1150 511 ίεύσει
1167 487 1212 511 ἐπὶ
1225 488 1257 521 τῇ
1274 486 1328 512 τῶν
1350 487 1502 522 ἀνθρώπων
1514 489 1588 524 νίκῃ.
1606 489 1654 516 καὶ
1671 489 1844 524 ἀπολήψεται

1058 532 1102 558 τδν
1119 533 1214 566 μισθὸν
1232 532 1279 559 τοῦ
1296 535 1417 567 καμάτου
1441 535 1488 568 τῆς
1515 535 1665 567 διακονίας.
1688 536 1721 570 ἢν
1735 537 1847 562 συνετὲ-

1056 575 1151 602 λευσεν
1171 577 1210 607 εἰς
1229 577 1279 611 τήν
1292 573 1402 612 γένεσιν
1420 579 1475 605 τῶν
1491 579 1637 607 ἔκλεκτῶν.
1662 589 1672 606 ι
1699 581 1744 606 Διὸ
1767 581 1815 607 καὶ
1829 581 1845 607 ό

1063 621 1177 653 Ἡσαΐας
1196 622 1270 656 λέγει
1288 623 1335 649 τοῦ
1354 623 1429 658 ἡλίου
1449 623 1479 650 τὸ
1499 624 1557 658 φῶς
1577 625 1763 652 ἐπταπλάσιον
1780 625 1845 652 ἐσε-

1058 667 1129 700 σθαι,
1144 667 1192 694 καὶ
1205 668 1253 701 τὴν
1271 669 1386 703 σελήνην
1400 669 1518 704 λάμψειν
1535 671 1572 702 ὡς
1590 669 1637 696 νῦν
1651 671 1664 697 ὁ
1677 671 1752 706 ἥλιος
1765 679 1772 686 ·
1795 671 1845 698 καὶ

1057 712 1154 747 καινὴν
1169 713 1280 740 ἔσεσθαι
1301 714 1362 749 γῆν,
1378 715 1424 741 καὶ
1440 716 1533 742 καινὴν
1550 716 1676 751 οὐρανόν.

1091 780 1158 807 Τότε
1167 781 1198 807 τὸ
1209 782 1386 809 ἀποστολικδν
1396 783 1483 810 ἐκεῖνο
1494 784 1713 820 πληρωθήσεται,
1730 793 1739 810 ‹
1755 784 1845 812 Ὅταν

1056 827 1169 861 παραδῷ
1185 828 1233 863 τὴν
1251 828 1388 862 βασιλείαν
1408 829 1445 864 τῷ
1458 829 1517 864 Θεῷ
1538 832 1584 858 καὶ
1604 831 1702 866 Πατρὶ,
1718 831 1780 857 τότε
1794 832 1843 858 καὶ

220 865 330 900 jicietur
343 868 378 899 ci.
399 870 443 903 qui
456 871 572 906 subjecit
587 873 623 900 illi
640 875 731 902 omnia
749 877 782 904 '°.
797 886 806 903 ι
824 876 864 904 Pii
882 879 953 906 enim
972 887 1001 907 ac

1055 873 1136 905 αὐτὸς
1144 874 1346 909 ὑποταγήσεται
1357 875 1395 909 τῷ
1402 877 1564 909 ὑποτάξαντι
1574 877 1648 912 αὺτῷ
1658 877 1692 904 τὰ
1702 878 1802 905 πάντα.
1828 887 1838 903 ι

219 913 298 946 justi,
328 916 453 957 praasenti
490 925 546 944 arvo
563 920 596 946 ad
637 919 776 949 Christum
817 920 1004 959 attendentes,

223 965 327 993 proque
343 968 374 986 co
385 953 418 988 ac
431 961 474 989 ille
491 963 516 989 in
538 966 675 994 mandatis
700 967 784 1000 dedit,
812 969 938 997 \‘irltttcm
957 979 1004 998 cn-

222 1002 319 1037 lentes,
349 1013 394 1040 pcr
421 1007 508 1042 ipsum
532 1010 682 1044 spiiiialcm
713 1019 789 1039 suam
813 1014 1005 1043 administrant

221 1049 315 1080 vitam.
339 1059 398 1086 quae
421 1053 530 1088 quidem
559 1064 630 1083 nunc
660 1057 687 1084 in
713 1058 822 1086 Christo
845 1061 1005 1090 abscondita

221 1100 263 1122 cst
277 1097 310 1129 ",
327 1103 419 1131 postea
435 1107 498 1127 vero
512 1109 564 1128 una
577 1110 638 1129 cum
663 1103 723 1137 ipso
738 1110 779 1132 est
795 1107 1000 1136 manifestanda.

221 1138 324 1169 Idcirco
357 1144 438 1171 etiam
473 1147 510 1173 illi
529 1147 585 1182 ejus
620 1149 765 1178 hzeredilas
799 1157 934 1180 vocantur
972 1163 1005 1182 ac

221 1194 346 1221 regnum,
380 1197 447 1222 quos
471 1192 598 1220 nimirum
633 1199 661 1222 ut
686 1196 779 1228 homo,
816 1206 863 1232 per
891 1204 1004 1227 mortem

219 1238 296 1258 suam
321 1241 352 1260 ac
376 1236 536 1270 sanguinem
553 1237 606 1265 Deo
628 1247 659 1266 ac
682 1241 754 1268 Patri
778 1243 932 1272 adducit“.
954 1248 1004 1273 Per

220 1275 308 1310 ipsum
326 1279 397 1305 enim
422 1288 562 1310 accessum
588 1284 734 1314 habuimus
758 1289 790 1315 ad
817 1289 898 1317 Dcttm
915 1296 942 1318 et
955 1291 1005 1318 Pa-

220 1325 300 1355 trem,
326 1325 369 1351 cui
385 1327 475 1354 omnia
495 1329 611 1364 subjecit
628 1339 636 1363 ;
653 1332 685 1358 ad
702 1333 813 1367 Inccque
828 1336 958 1370 scipsnm,
975 1341 1004 1364 ut

223 1377 232 1393 ι
252 1369 461 1405 primogenitum
478 1373 503 1400 in
522 1375 613 1402 multis
625 1375 755 1405 fratribus
767 1380 790 1394 "
810 1389 818 1404 ι
834 1369 892 1408 fieri
908 1381 1004 1416 digna-

221 1419 288 1448 tmn,
314 1421 414 1445 nostra:
445 1419 721 1455 salutispontiﬁcem
749 1425 1001 1461 etdispcnsatorem

219 1460 355 1494 effectum.
377 1469 405 1491 ut
421 1464 560 1494 hominem
581 1468 699 1497 adducet
719 1460 846 1506 Patrique
860 1474 1002 1509 subjiciet;

219 1513 248 1535 ut
259 1513 348 1536 autem
363 1509 444 1544 Deus,
458 1513 503 1547 qui
518 1521 579 1541 cum
591 1514 669 1543 Patre
680 1521 707 1544 et
723 1517 823 1552 Spiritu
837 1520 881 1554 sit,
893 1522 1002 1550 minime

219 1555 405 1590 Sllbjiriendus
419 1543 474 1586 εέιξ
837 1543 881 1554 ---ν
1015 1543 1037 1576 C

1003 1628 1017 1636 Α

229 1686 232 1690 λ
255 1666 326 1694 Idem
351 1670 454 1704 itaque,
479 1675 509 1699 ut
529 1673 637 1708 quidem
653 1673 745 1708 homo,
762 1677 948 1712 subjiciendus
962 1685 1003 1708 est

219 1714 294 1746 quod
304 1721 414 1742 carnem
429 1722 547 1745 creatam
563 1721 759 1756 assumpscrit;
774 1727 804 1750 ut
814 1728 902 1751 autem
920 1725 1001 1759 Deus,

219 1759 330 1792 perinde
349 1761 401 1788 sibi
424 1763 563 1797 subjectos
584 1766 719 1800 subjiciet,
739 1772 768 1795 ut
789 1770 834 1804 qui
851 1778 921 1799 unus
939 1779 1000 1799 eum

220 1803 299 1832 Patre
320 1813 352 1833 ac
375 1806 474 1842 Spiritu
499 1809 569 1838 Deus
594 1811 639 1838 sit.
654 1812 760 1840 Idcirco
772 1815 853 1842 etiam
871 1821 900 1844 ut
917 1817 1002 1852 Deus,

218 1860 280 1879 eum
295 1852 374 1882 Patre
391 1859 418 1882 et
443 1856 559 1891 Spiritu,
584 1859 657 1887 velut
676 1868 746 1888 unus
756 1862 850 1896 judex.
862 1863 1001 1898 judicatu-

218 1906 265 1926 rus
278 1904 320 1927 est
341 1909 347 1928 :
369 1906 471 1929 utvero
498 1903 588 1936 homo,
616 1906 692 1933 solus
710 1906 768 1942 ipse
787 1908 871 1942 judcx
885 1911 1000 1940 sedebit.

218 1945 324 1973 Etenim
340 1955 401 1975 cum
417 1948 469 1976 illis
486 1958 547 1984 qua:
567 1958 667 1987 corpus
693 1954 856 1990 msigninnt,
887 1957 1001 1993 ejusque

218 1994 335 2028 propriis
358 1995 429 2023 notis
455 2003 586 2026 venturus
610 2003 660 2031 est,
687 2004 714 2027 ut
738 2005 764 2028 et
789 2000 877 2030 Judazi
900 2004 1001 2032 intelli-

217 2044 290 2073 gant,
309 2042 432 2069 eumdem
461 2043 548 2078 ipsum
577 2053 647 2079 esse,
673 2048 717 2081 qui
734 2048 768 2075 ab
784 2049 876 2077 illisin
891 2058 999 2078 crucem

216 2090 294 2114 artus
313 2092 370 2120 est;
395 2088 511 2124 indeque
534 2097 696 2127 arguantur,
717 2096 864 2131 cunctique
894 2098 1001 2127 videant

216 2132 337 2161 infideles
348 2141 379 2162 ac
391 2143 627 2172 compnngantur;
646 2145 779 2176 quotquot
795 2143 926 2171 nimirum
939 2153 997 2173 ιιινο

216 2179 268 2205 hoc
284 2181 456 2213 pradicatum
472 2182 547 2210 illum
562 2192 615 2212 non
630 2193 801 2221 receperunt,
817 2197 865 2216 nec
876 2190 935 2225 ejus
950 2191 998 2218 do-

215 2225 302 2250 ctrina
319 2227 442 2253 conversi
462 2232 541 2261 sunt;
560 2229 606 2256 sed
622 2231 648 2257 in
665 2239 716 2258 suo
730 2239 823 2260 errore
842 2242 998 2269 permanse-

215 2273 288 2295 runt.
303 2269 406 2297 Etenim
424 2271 458 2298 de
482 2273 527 2299 illo
542 2281 573 2299 cx
591 2282 623 2301 eo
648 2276 718 2310 quod
733 2277 813 2304 boum
831 2279 930 2306 dictum
949 2280 999 2308 Da—

217 2315 279 2342 nicli
299 2321 341 2344 cst
361 2326 367 2344 :
393 2327 402 2343 ι
428 2318 546 2346 l‘Itdatus
569 2325 611 2348 est
630 2321 654 2348 ei
682 2323 850 2358 principatus
867 2329 892 2352 ct
912 2326 998 2355 honor

214 2366 242 2388 ct
264 2369 375 2396 regnum
403 2364 436 2391 ’³.
471 2373 479 2390 ι
508 2365 547 2392 Ac
562 2374 666 2399 rursus,
691 2369 763 2402 quod
781 2369 837 2404 ipse
868 2371 997 2399 Dominus

214 2407 274 2433 ait:
295 2417 303 2433 ι
322 2407 402 2435 Pater
434 2417 487 2436 non
509 2411 611 2445 judicat
633 2421 815 2449 quemquam,
843 2417 890 2444 sed
918 2425 998 2446 omne

211 2453 344 2487 judicium
362 2455 434 2482 dedit
450 2455 517 2483 Filio
535 2457 566 2484 “.
595 2467 604 2484 ι
624 2459 701 2492 Quod
717 2461 804 2495 ipsum
814 2462 847 2490 de
863 2463 909 2490 illo
923 2465 997 2492 acci-

214 2500 299 2534 pitur,
325 2506 458 2535 quatenus
481 2503 563 2530 homn
586 2510 637 2537 cst,
656 2507 692 2533 uti
705 2507 822 2536 dicimus
841 2517 847 2536 :
865 2510 944 2538 divus
959 2516 1000 2538 ta-

214 2553 275 2573 men
291 2545 502 2582 Chrysoslomus
518 2550 542 2576 in
561 2559 610 2578 sua
628 2551 653 2578 in
666 2551 798 2581 Joannem
813 2556 995 2591 expositione,

213 2592 295 2618 etiam
310 2592 343 2619 de
360 2593 449 2620 divina
462 2596 638 2628 generatione
650 2597 854 2633 interpretatur,
872 2600 966 2630 dicens
988 2610 996 2629 :

217 2647 226 2663 ι
248 2637 279 2664 ΕΙ.
291 2644 319 2665 ιιι
331 2639 464 2674 intelligas
484 2641 551 2669 hanc
563 2644 726 2677 particulam
740 2645 821 2678 dedit,
836 2646 906 2673 idem
923 2648 995 2682 quod

214 2684 488 2720 genuit,signilicare,
511 2689 573 2715 audi
595 2697 627 2716 ex
645 2690 700 2716 alio
724 2690 783 2718 loco
801 2692 920 2727 idipsum
950 2693 997 2719 de-

214 2730 345 2758 claratum
365 2742 371 2759 :
388 2731 462 2760 Sicut
474 2735 543 2761 enim
559 2734 640 2763 Pater
657 2737 737 2764 vitam
754 2738 830 2765 habet
852 2747 879 2765 ιιι
906 2744 1000 2766 remel-

250 2839 270 2854 "
299 2838 349 2865 lsa.
376 2847 441 2870 xxx,
460 2839 510 2869 26.
526 2844 624 2870 ctuv,
651 2843 690 2868 l7.
730 2843 751 2858 ¹⁰
769 2843 850 2870 lCor.
871 2850 914 2873 xv.
931 2843 976 2871 24.

217 2873 237 2889 ¹⁸
254 2874 318 2900 Dan.
346 2882 394 2908 vn,
419 2875 461 2902 Μ.
500 2876 521 2891 ³⁸
539 2874 616 2904 Juan.
633 2885 657 2911 v,
672 2877 716 2904 22-.

1017 2844 1037 2860 “
1067 2843 1173 2871 Culess.
1202 2843 1281 2876 111,5.

1056 919 1086 945 Οἱ
1101 919 1154 954 γὰρ
1174 920 1294 952 εὐσεϐεῖς
1308 923 1354 948 καί
1366 922 1464 949 δίκαιοι
1480 923 1550 948 κατὰ
1565 923 1594 949 τὸ
1611 923 1696 958 παρὸν
1711 924 1779 958 πρὸς
1794 923 1841 950 τον

1055 966 1172 999 Χριστδν
1197 967 1412 1000 ἀποϐλέποντες,
1442 969 1488 995 καὶ
1510 969 1560 1005 τὴν
1577 969 1676 1004 ἀρετὴν
1701 970 1772 996 κατὰ
1788 970 1840 1001 τὰς

1055 1010 1165 1042 ἐντολὰς
1179 1011 1261 1037 αὑτοῦ
1288 1021 1351 1046 μετε
1358 1014 1496 1047 ρχιῐμενοι,
1510 1013 1544 1039 δι’
1572 1014 1654 1041 αὑτοῦ
1671 1015 1720 1049 τὴν
1735 1014 1841 1041 ἑαυτῶν

1055 1059 1226 1093 οἰκονομοῦσι
1239 1061 1429 1095 πνευματικὴν
1442 1060 1524 1095 ζωήν·
1539 1061 1588 1096 τὴν
1600 1061 1646 1087 νῦν
1662 1061 1711 1095 μὲν
1727 1062 1754 1088 ὲν
1765 1061 1843 1096 αὐτῷ

1055 1105 1094 1140 τῷ
1110 1106 1221 1141 Χριστῷ
1238 1106 1442 1141 κρυπτομένην,
1465 1106 1581 1141 ὕστερον
1597 1107 1624 1134 δὲ
1641 1107 1714 1142 αὐτῷ
1733 1116 1840 1142 συμφα-

1055 1153 1232 1186 νερουμένην.
1251 1153 1301 1179 Διὰ
1317 1153 1397 1179 τοῦτο
1413 1154 1460 1179 καὶ
1475 1153 1580 1180 ἐκείνου
1607 1154 1777 1188 κληρονομία
1793 1155 1841 1181 καὶ

1056 1196 1178 1230 βασιλεία
1193 1196 1318 1230 λέγονται
1333 1193 1406 1224 οὗτοι
1418 1205 1424 1212 ”
1442 1197 1490 1230 οὓς
1507 1198 1551 1229 ,ιῖις
1576 1198 1719 1233 ἄνθρωπος
1731 1199 1775 1226 διὰ
1791 1200 1840 1226 τοῦ

1055 1242 1151 1269 ἑαυτοῦ
1168 1242 1284 1269 θανάτου
1300 1244 1347 1269 καὶ
1362 1244 1478 1277 αἵματος
1500 1245 1633 1278 προσάγει
1653 1245 1691 1280 τῷ
1706 1245 1766 1281 Θεῷ
1790 1247 1840 1273 καὶ

1055 1288 1151 1323 Πατρί.
1170 1288 1210 1315 Δι’
1225 1289 1308 1315 αὑτοῦ
1323 1289 1377 1324 γὰρ
1390 1290 1457 1323 προς
1470 1289 1515 1317 τὸν
1526 1290 1592 1318 Θεὸν
1607 1290 1654 1318 καὶ
1669 1292 1778 1327 Πατέρα
1789 1293 1840 1326 τὴν

1055 1334 1239 1369 προσαγωγὴν
1252 1336 1420 1370 ἐσχήκαμεν·
1431 1335 1460 1367 ὄ;
1473 1336 1547 1369 αὐτῷ
1559 1337 1594 1363 τὰ
1607 1337 1696 1364 πάντα
1707 1338 1838 1370 ὑπέταξε“

1055 1383 1100 1408 καὶ
1116 1382 1156 1409 ἔτι
1181 1383 1289 1415 ἑαυτὸν,
1303 1383 1340 1414 ὠς
1370 1393 1379 1409 ι
1404 1384 1578 1419 πρωτότοκον
1592 1385 1620 1411 ἐν
1638 1385 1746 1417 πολλοῖς
1762 1386 1840 1412 ἀδελ-

1054 1429 1114 1462 φοῖς
1137 1437 1146 1453 ι
1163 1423 1302 1462 γενέσθαί
1318 1429 1538 1464 καταξιώσαντα,
1562 1431 1609 1458 καὶ
1633 1432 1764 1467 ἀρχιερέα
1791 1433 1841 1459 καὶ

1053 1473 1194 1508 οἰκονόμον
1209 1475 1257 1508 τῆς
1270 1475 1347 1510 ἡμῶν
1356 1476 1493 1511 σωτηρίας
1504 1477 1665 1512 γενόμενον.
1681 1477 1718 1509 ὼς
1732 1479 1839 1512 ἀνορω-

1055 1527 1105 1544 πον
1122 1520 1264 1554 προσάξει,
1279 1521 1327 1548 καὶ
1341 1521 1542 1557 ὑποταγήσεται
1569 1523 1609 1559 τῷ
1635 1523 1722 1558 Πατρί
1735 1532 1742 1539 ·
1758 1524 1795 1555 ὡς
1808 1524 1838 1551 δὲ

1054 1565 1120 1596 Θεὸς
1134 1566 1172 1592 ὢν
1193 1567 1262 1600 μετὰ
1281 1567 1327 1594 τοῦ
1346 1568 1452 1603 Πατρδς
1468 1569 1516 1595 καὶ
1525 1568 1572 1596 τοῦ
1599 1569 1768 1604 Πνεύματος,
1788 1572 1838 1606 οὐχ

1054 1611 1269 1647 ὑποταγήσεται.

1087 1679 1189 1707 Ὢστεὸ
1203 1681 1292 1713 αὐτὸς,
1307 1681 1373 1708 καθὸ
1388 1682 1437 1716 μὲν
1449 1682 1604 1718 ἄνθρωπος,
1618 1684 1837 1720 ὑποταγήσεται,

1051 1726 1114 1752 ἔπει
1131 1727 1244 1762 κτιστὴν
1276 1728 1443 1763 προσείληφε
1471 1730 1578 1764 σάρκα·
1606 1731 1673 1757 καθὸ
1702 1731 1731 1757 δὲ
1757 1731 1835 1763 Θεδς,

1051 1772 1149 1808 ἐπίσης
1175 1773 1225 1808 τὴν
1250 1774 1390 1810 ὑποταγὴν
1404 1775 1493 1812 ἑαυτῷ
1513 1776 1650 1810 ὑποτάξει,
1663 1777 1700 1809 ὡς
1713 1775 1752 1808 εἷς
1771 1778 1836 1810 Θεὶς

1052 1817 1122 1852 μετὰ
1143 1817 1191 1844 τοῦ
1217 1819 1324 1853 Πατρδς
1349 1820 1398 1847 καὶ
1417 1820 1465 1847 τοῦ
1486 1821 1656 1856 Πνεύματος.
1683 1823 1732 1849 Διὰ
1757 1823 1835 1850 τοῦτο

1050 1864 1098 1889 καὶ
1112 1863 1150 1894 ὡς
1175 1863 1224 1898 μὲν
1246 1864 1314 1896 Θεὸς
1335 1866 1404 1901 μετὰ
1430 1866 1477 1893 τοῦ
1498 1867 1609 1903 Πατρδς
1623 1869 1714 1904 κρινεῖ
1724 1869 1770 1896 καὶ
1785 1869 1834 1896 τοῦ

1051 1908 1220 1944 Πνεύματος,
1236 1909 1275 1942 ὡς
1293 1907 1333 1942 εἷς
1350 1912 1449 1947 κριτής
1461 1920 1469 1928 '
1486 1912 1523 1944 ὡς
1537 1913 1565 1940 δὲ
1586 1913 1740 1949 ἄνθρωπος,
1753 1915 1834 1946 αὐτὸς

1052 1955 1145 1990 μόνος.
1172 1955 1228 1983 Καὶ
1253 1956 1308 1991 γὰρ
1337 1957 1406 1992 μετὰ
1425 1958 1479 1985 τῶν
1505 1959 1671 1994 σωματικῶν
1694 1960 1832 1987 ἐλεύσεται

1049 2001 1244 2036 χαρακτήρων,
1261 2003 1304 2030 ἵνα
1321 2004 1370 2030 καὶ
1381 2004 1404 2030 ol
1426 2004 1547 2031 Ἰουδαῖοι
1566 2006 1774 2042 κατανοήσωσιν
1784 2006 1834 2033 αὐ-

1050 2047 1095 2073 τὸν
1115 2048 1222 2075 ἐκεῖνον
1241 2045 1322 2080 εῖναι,
1336 2048 1382 2076 τὸν
1401 2049 1448 2076 ὑπ’
1464 2050 1556 2077 αὐτῶν
1583 2051 1775 2086 σταυρωθέντα
1795 2053 1835 2082 εἰς

1049 2093 1160 2129 ἔλεγχον
1177 2094 1279 2125 αὐτῶν,
1294 2095 1340 2121 καὶ
1367 2095 1469 2128 πάντες
1498 2096 1523 2122 οε
1544 2096 1654 2124 ἄπιστοι
1678 2097 1832 2124 θεάσωνται
1858 2097 1860 2100 ’

1049 2139 1097 2165 καὶ
1114 2139 1361 2175 καταισχυνθῶσιν,
1378 2141 1403 2167 οἰ
1424 2149 1455 2175 γε
1472 2140 1550 2176 ὲντῷ
1562 2142 1677 2175 παρόντι
1690 2141 1768 2168 αἰῶνι
1787 2150 1836 2176 κη-

1051 2184 1212 2219 ρυττόμενον
1236 2185 1286 2211 οὐκ
1315 2185 1449 2220 ἐδέξαντο,
1475 2187 1536 2213 οὐδὲ
1553 2187 1597 2214 διὰ
1625 2188 1673 2222 τῆς
1703 2187 1833 2214 διδασκα-

1052 2230 1111 2262 λίας
1127 2231 1211 2257 αὑτοῦ
1230 2231 1455 2267 ἐπεστράφησαν,
1469 2232 1537 2260 ἀλλὰ
1553 2235 1586 2269 τῇ
1605 2233 1710 2260 ἑαυτῶν
1730 2233 1833 2268 ἐνέμει-

1052 2285 1101 2304 ναν
1116 2277 1214 2313 πλάνῃ.
1235 2277 1287 2304 Καὶ
1298 2277 1352 2313 γὰρ
1376 2278 1448 2304 κατὰ
1465 2278 1496 2305 τὸ
1515 2278 1687 2314 ἀνθρώπινον
1703 2278 1742 2313 τῷ
1767 2287 1833 2312 προ-

1051 2323 1123 2357 φήτῃ
1151 2322 1249 2358 Δανιὴλ
1278 2323 1396 2359 εἴρηται,
1421 2333 1431 2349 r
1455 2325 1510 2351 Καὶ
1536 2324 1615 2359 ἐδόοη
1640 2324 1713 2359 αὑτῷ
1729 2325 1745 2359 ὴ
1761 2324 1832 2358 ἀρχὴ

1051 2368 1128 2403 καὶὴ
1147 2369 1213 2404 τιμὴ
1233 2370 1281 2396 καὶ
1298 2370 1314 2404 ή
1334 2369 1468 2402 βασιλεία.
1491 2379 1500 2396 ι
1517 2370 1572 2397 Καὶ
1593 2371 1684 2404 πάλιν,
1698 2371 1766 2405 ὅπερ
1785 2370 1834 2396 αὑ-

1050 2414 1096 2446 τὸς
1114 2416 1127 2441 ό
1147 2416 1248 2450 Κύριος
1262 2414 1349 2447 εἶπεν,
1368 2415 1417 2442 «Ὀ
1435 2415 1527 2451 Πατὴρ
1544 2417 1631 2451 κρίνει
1645 2417 1750 2450 οὐδένα,
1765 2418 1833 2444 ἀλλὰ

1052 2461 1142 2488 πᾶσαν
1159 2461 1208 2496 τὴν
1224 2461 1315 2496 κρίσιν
1336 2462 1436 2488 δέδωκε
1451 2463 1488 2497 τῷ
1501 2463 1569 2498 Υἱῴ.
1593 2465 1644 2490 ιὊ
1664 2463 1832 2498 λαμῶνετςιι

1054 2507 1103 2542 μὲν
1121 2508 1166 2534 καὶ
1180 2507 1251 2534 κατὰ
1265 2509 1294 2536 τὸ
1307 2507 1471 2542 ἀορώπινον,
1486 2509 1522 2540 ὡς
1551 2509 1677 2544 λέγομεν·
1692 2511 1705 2536 ὁ
1721 2510 1748 2536 δὲ
1762 2510 1832 2542 Gaio;

1049 2554 1242 2589 Χρυσόστομος
1259 2555 1306 2581 καὶ
1325 2554 1371 2581 ἐπὶ
1392 2555 1441 2589 τῆς
1465 2555 1540 2587 θείας
1557 2556 1709 2590 γεννήσεως
1726 2555 1833 2590 ἐξηγεῑκ

1049 2608 1093 2626 ται
1113 2601 1143 2627 ὲν
1157 2600 1194 2635 τῷ
1211 2600 1284 2627 κατὰ
1308 2600 1447 2634 Ἰωάννην,
1462 2601 1561 2634 λέγων,
1578 2609 1587 2626 ι
1613 2601 1667 2627 Καὶ
1685 2602 1728 2628 ῐνα
1745 2601 1831 2636 μάθῃς

1049 2647 1089 2673 ὅτι
1109 2647 1138 2673 τὸ
1155 2646 1246 2673 ἔδωκε
1261 2647 1321 2673 ἀντὶ
1332 2647 1379 2672 τοῦ
1393 2646 1562 2680 ἐγέννησέν
1576 2648 1660 2675 ἐστιν,
1674 2648 1790 2674 ἄκουσον
1804 2647 1832 2680 ἐξ

1049 2693 1142 2728 ἑτέρου
1156 2692 1234 2719 τοῦτο
1249 2693 1314 2718 αὺτδ
1328 2692 1502 2727 δηλούμενον·
1521 2701 1529 2719 ι
1549 2693 1661 2727 Ὠσπερ
1681 2694 1736 2727 γὰρ
1749 2693 1764 2719 ό
1778 2695 1833 2720 Πα-

1050 2738 1105 2773 τὴρ
1119 2737 1269 2773 ἐχειζωὴν
1293 2738 1328 2765 ἐν
1344 2738 1459 2772 ἑαυτῷ,
1486 2738 1582 2772 οὕτως
1608 2739 1701 2765 ἔδωκε
1719 2739 1767 2765 καὶ
1794 2738 1833 2771 τῷ

1322 2844 1344 2858 ²¹
1361 2842 1442 2870 Rom.
1458 2850 1484 2876 ν,
1499 2843 1516 2869 ει
1565 2843 1588 2859 ¹³
1613 2841 1692 2871 Rom.
1706 2850 1764 2876 \'Ill,
1787 2844 1830 2873 29.
