1950 3070
197 130 254 164 643

829 129 1029 160 MANUELIS
1045 129 1196 159 CALECE

1776 126 1847 158 6U:

193 186 309 212 allii-mat
323 189 350 212 ct
367 184 463 212 beatus
476 183 647 218 Augustinus
665 193 671 210 :
695 182 847 210 1Vidchunt
863 183 935 210 enim
951 188 978 210 et

1043 184 1172 218 ιονηροίς,
1188 183 1261 209 καὶὸ
1277 181 1413 216 “magis;
1432 181 1609 215 Αὑγουπῖιοέ
1624 181 1681 216 (83)
1695 181 1848 218 διισχυρί-

195 235 244 268 ipsi
262 233 289 260 in
317 240 395 267 quem
420 236 593 266 pupugerunt
613 231 664 262 “’3
684 241 692 256 ι
714 236 762 258 ct1
795 231 933 259 Videhnnt
954 231 981 258 iti

195 280 338 313 majestate
355 282 485 312 magnact
503 281 635 311 potestate
645 277 678 305 ³ο.
699 287 708 304 ι
732 286 741 303 1
767 277 825 304 Non
852 277 924 304 enim
955 277 981 303 in

195 325 361 356 infirmitate,
391 324 489 358 inquit,
508 325 659 351 secundum
672 331 753 358 quam
767 323 908 358 judicatus
930 327 982 355 est,

193 377 255 396 eum
269 369 407 400 videbunt,
423 368 470 396 sed
486 369 512 395 in
539 368 660 403 potentia
690 367 917 402 majestatis,qna
941 371 984 394 est

191 415 376 450 judicaturns.
395 424 403 440 ι
423 413 550 449 Tumque
569 414 674 441 inducit
688 414 888 446 difﬁcultatem,
907 413 982 448 quod

195 467 274 486 more.
286 467 299 486 s
317 467 347 487 ac
358 460 501 494 praemium
522 461 548 486 in
562 459 821 494 repromissionibus
833 459 984 494 repositum

196 504 223 530 in
236 511 268 531 eo
284 505 369 536 sit,ut
382 505 453 532 Deus
466 505 592 531 videatur
609 513 638 531 :1
664 504 750 536 Beati.
775 505 862 536 enim,
884 503 985 532 mundo

195 549 288 581 corde,
305 550 433 584 quoniam
449 549 501 583 ipsi
523 548 607 576 Deum
636 548 766 576 videltunt
782 549 803 565 ³¹
820 557 828 582 ;
848 558 857 574 ι
873 549 985 583 quinam

196 596 253 627 iiut,
271 600 338 623 utet
354 595 417 622 mali
429 596 455 622 in
469 595 610 629 majestate
623 602 671 622 sua
685 602 746 622 cum
759 594 887 622 videant?
899 594 985 627 Quam

195 642 358 674 et‘solvens,
374 642 412 668 ait
425 649 432 668 :
447 650 499 668 non
514 641 624 668 Deitatis
638 640 772 668 visionem
791 640 869 667 bonis
883 645 910 668 et
924 647 983 667 ma-

196 687 229 714 Iis
243 695 417 713 communem
431 687 488 713 fore
504 686 588 721 (hanc
607 686 681 713 enirn
709 686 812 713 sanctis
846 686 985 720 propriam

195 731 282 766 esse),
305 732 352 759 sed
367 732 492 766 corporis
508 732 534 758 in
556 732 697 765 majestate
714 728 859 759 visionem.
888 731 988 759 Tradet

196 777 280 812 igitur
293 786 405 812 regnum
420 778 474 804 Deo
491 784 517 804 et.
541 777 614 804 Patri
636 778 671 809 ",
703 785 799 812 nempe
825 777 987 805 adducenda

199 823 290 850 fideles
306 823 340 849 ad
366 822 453 850 Patris
482 823 580 857 suique
607 827 635 849 et
670 822 786 856 Spiritus
811 823 898 849 sancti
928 822 987 857 (qui

1038 229 1126 260 ζεται.
1146 238 1154 253 ι
1173 227 1304 262 Ὄψονται
1320 236 1328 252 ι
1349 227 1402 262 γὰρ
1421 227 1467 253 καὶ
1483 225 1555 253 οὗτοι
1583 236 1591 252 ι
1609 227 1648 258 εις
1671 226 1700 253 ὃν
1717 228 1847 261 ἐξεκέν-

1035 281 1148 308 τησαν,ι
1169 273 1226 304 καὶ,
1237 282 1246 298 1
1261 272 1393 307 Ὄψονται
1416 274 1562 308 ἐρχόμενον
1575 273 1644 308 μετὰ
1661 273 1740 306 δόξης
1760 273 1846 300 πο).-

1035 319 1086 354 λῆς
1103 320 1149 346 καὶ
1163 319 1331 354 δυνάμεως.»
1352 329 1360 345 ι
1379 320 1415 346 Οὐ
1428 320 1482 354 γὰρ
1497 321 1524 345 ἐν
1539 321 1571 354 τῇ
1587 319 1725 354 ἀσθενείᾳ,
1746 320 1843 354 φησὶ.

1041 375 1050 391 1
1072 366 1134 392 καθ’
1150 366 1183 400 ἣν
1199 366 1337 399 κέκριται,
1354 365 1465 399 ὀψο-κιαι
1478 364 1570 396 αὐτὸν,
1587 365 1646 391 ἀλλ’
1663 366 1692 391 ὲν
1716 366 1748 398 τῇ
1784 364 1844 390 δυ-

1037 411 1118 445 νάμει
1136 411 1186 445 τῆς
1211 408 1320 446 δόξηςῇ
1338 412 1439 445 κρινεῖ.
1459 419 1467 435 ι
1483 408 1549 436 Εἶτα
1574 410 1692 445 ἀπορίαν
1708 410 1841 444 εἰσάγει,

1038 458 1079 484 ’ὁτι
1104 458 1128 483 ει
1141 457 1226 491 γέρας
1241 457 1289 482 καὶ
1308 455 1426 483 ἐπαολόν
1446 457 1521 482 ἐστιν
1536 456 1565 483 ὲν
1578 456 1756 490 ἐπαγγελίαις
1771 456 1843 482 κεί-

1039 512 1130 538 μενον,
1150 502 1264 537 ὄψεσθαι
1278 503 1324 529 τὸν
1349 502 1431 529 Θεόν.
1461 512 1470 528 1
1490 502 1630 537 Μακάριοι
1649 511 1659 527 ι
1688 502 1742 537 γὰρ
1776 510 1786 527 1
1809 502 1841 527 οἱ

1039 548 1158 582 καθαροὶ
1173 550 1205 582 τῇ
1222 548 1333 582 καρδίᾳ,
1349 548 1391 574 ὅτι
1407 546 1484 574 αὐτοὶ
1509 546 1556 573 τὸν
1573 546 1641 574 Θεὸν
1673 546 1801 581 ὕψονται.
1826 555 1837 570 ι

1039 595 1104 626 Καὶ,
1126 604 1136 620 1
1161 594 1246 621 Πάλιν
1259 594 1416 628 ὀφθήσομαι
1434 592 1510 628 ὑμῖν,
1530 593 1577 620 καὶ
1587 592 1842 628 χαρήσεταιὺμῶν

1040 641 1056 674 ἡ
1071 640 1181 675 καρδία.
1207 649 1216 666 ι
1235 639 1297 671 Πῷς
1312 640 1359 666 καὶ
1372 640 1397 665 οἱ
1411 639 1526 674 πονηροὶ
1552 639 1664 673 δψονται
1691 639 1778 665 αὑτὸν
1803 639 1841 664 ἐν

1041 688 1074 721 τῇ
1093 686 1156 722 δόξῃ
1177 686 1278 719 αὐτοῦς
1314 687 1347 714 "0
1359 686 1406 713 καὶ
1428 686 1499 713 λύων
1531 686 1624 720 φησὶν,
1648 686 1685 711 οὐ
1710 685 1760 719 τὴν
1781 685 1840 719 τῆς

1041 731 1169 767 θεότητος
1185 732 1303 767 θεωρίαν
1324 731 1434 758 ἔσεσθαι
1456 731 1549 766 κοινὴν
1573 732 1630 762 τοῖς
1657 730 1769 764 ἀγαθοῖς
1785 732 1840 756 καὶ

1039 778 1096 808 τοῖς
1113 778 1241 811 πονηροῖς
1256 775 1336 811 (αὕτη
1350 776 1406 811 γάρ
1419 777 1494 802 ἐστιν
1508 777 1524 811 ὴ
1539 777 1595 807 τοῖς
1608 776 1696 810 ἁγίοις
1720 776 1840 810 ἐξαίρε-

1041 821 1109 856 τος),
1123 821 1191 847 ὰὶλὰ
1205 822 1255 856 τὴν
1272 822 1301 847 ὲν
1317 823 1350 856 τῇ
1374 821 1438 857 δόξῃ
1460 821 1508 848 τοῦ
1543 822 1667 860 σώματος
1698 821 1837 856 θεωρίαν.

197 869 270 896 Deus
285 876 356 896 unus
377 876 409 895 ac
434 876 515 896 verus
526 868 579 902 est)
594 869 724 895 visionem
734 875 766 895 ac
788 868 983 902 cognitionem,

1043 867 1204 900 [Ιαραδώσει
1221 868 1311 893 τοίνυν
1327 867 1378 902 τὴν
1404 867 1546 902 βασιλείαν
1563 867 1602 902 τῷ
1618 867 1685 902 ,Θεῷ
1702 867 1749 893 καὶ
1777 869 1839 894 Πα-

200 923 210 940 ‹
229 920 259 940 ιιι
273 914 308 940 sit
321 914 392 941 Deus
406 914 498 941 omnia
516 914 542 940 in
561 913 690 941 omnibus
702 914 736 941 ³³.
754 923 763 939 ι
782 913 860 940 Nune
877 913 985 948 quidem

197 959 336 986 credimus
353 964 380 987 et
392 967 543 994 speramus,
555 959 626 994 quod
644 967 696 986 non
715 959 837 986 videmus
855 968 862 986 :
882 967 891 984 1
906 958 985 992 Qnol

196 1005 268 1032 enim
282 1006 354 1033 vich
369 1007 443 1041 quis,
460 1006 523 1040 quid
538 1011 566 1033 et
585 1011 678 1041 sperat
691 1006 734 1033 “‘3
752 1015 761 1031 ι
780 1005 990 1041 inquitAposto—

196 1051 259 1078 lus:
276 1051 319 1077 usi
334 1056 423 1078 autent
441 1052 513 1086 quod
530 1059 585 1078 non
598 1051 735 1084 videmus,
750 1059 906 1086 speramus,
937 1058 985 1085 per

197 1096 355 1130 patientiam
372 1101 575 1130 exspectamus,
594 1098 684 1123 donec
711 1105 756 1124 rex
770 1096 796 1123 in
821 1096 915 1131 requie
939 1103 989 1123 sua

197 1141 259 1168 erit.
279 1150 288 1166 ι
305 1140 336 1168 Ει
353 1150 448 1169 rursus
467 1150 474 1168 :
496 1151 503 1167 1
529 1141 655 1174 Quamliu
682 1150 779 1169 smnus
814 1142 841 1169 in
863 1149 987 1176 corpore.

198 1187 406 1222 peregrinantur
423 1195 436 1214 a
459 1188 584 1215 Domino.
598 1187 649 1215 Per
671 1188 750 1215 fidem
767 1188 838 1215 enim
868 1188 990 1215 ambula-

199 1241 270 1266 mus,
286 1241 341 1260 non
355 1242 404 1268 per
423 1234 541 1268 speciem
554 1234 604 1261 ²⁰.ι
625 1235 656 1261 lit
675 1243 681 1262 :
705 1243 716 1260 1
735 1234 813 1261 Nunc
828 1234 880 1261 vita
898 1240 986 1261 vestra

198 1279 359 1306 abscondita
375 1283 417 1306 est
435 1280 461 1306 in
489 1279 620 1312 Christo;
650 1288 711 1307 eum
741 1285 832 1307 autem
863 1280 990 1308 Christus

199 1324 422 1352 manifestabitur
439 1325 491 1352 vita
513 1330 614 1358 vestra,
635 1331 698 1353 tunc
714 1330 741 1353 et
755 1333 804 1352 vos
828 1325 989 1353 manifesta-

199 1369 296 1396 bimini
314 1378 376 1397 eum
396 1371 456 1404 ipso
474 1371 502 1397 in
523 1371 610 1404 gloria
637 1370 668 1397 ".
689 1380 697 1396 ι
715 1371 747 1398 Et
765 1379 771 1397 :
789 1380 798 1396 1
827 1370 902 1398 Nunc
929 1371 992 1404 qui-

200 1418 260 1442 dem
275 1424 321 1451 per
337 1417 477 1450 speculum
488 1422 514 1444 et
529 1417 554 1443 in
564 1417 717 1451 aenigmate.
732 1421 797 1444 tunc
810 1421 902 1444 autem
916 1417 990 1443 vide-

201 1460 292 1487 liimus
305 1460 373 1488 facie
386 1461 419 1488 ad
439 1461 535 1488 faciem
552 1462 584 1488 ".
605 1470 614 1486 ι
734 1458 737 1461 ’

1043 914 1098 948 τρὶ,
1119 913 1230 947 ἀγαγὼν
1241 913 1362 948 δηλονότι
1380 915 1442 945 τοὺς
1459 914 1577 946 πιστοὺς
1588 915 1627 945 εἰς
1642 914 1694 949 τὴν
1708 907 1837 948 ὒεωρὶαν

1043 958 1092 985 καὶ
1107 959 1207 992 γνῶσιν
1218 959 1264 985 τοῦ
1277 960 1385 994 Πατρὺς
1416 960 1464 987 καὶ
1483 960 1583 986 ἑαυτοῦ
1609 961 1655 986 καὶ
1669 959 1714 986 τοῦ
1748 959 1836 993 ἁγίου

1044 1004 1214 1038 Πνεύματος,
1227 1004 1274 1030 τοῦ
1294 1004 1352 1035 ἐνὸς
1365 1004 1412 1031 καὶ
1425 1004 1551 1038 ἀληθινοῦ
1568 1004 1647 1037 Θεοῦ,
1662 1011 1672 1030 1
1684 1005 1730 1031 ἴνα
1783 1006 1836 1030 αὐ-

1042 1049 1087 1081 τὸς
1099 1050 1112 1075 ό
1127 1050 1193 1080 Θεὲς
1205 1050 1238 1076 τὰ
1253 1050 1343 1076 πάντα
1356 1051 1384 1076 ἐν
1399 1051 1478 1077 πᾶσι.
1490 1060 1499 1076 ι
1520 1050 1577 1077 Νῦν
1589 1050 1638 1085 μὲν
1651 1050 1705 1085 γὰρ
1716 1051 1835 1076 πιστεύ-

1041 1104 1108 1131 ομεν
1119 1097 1165 1122 καὶ
1181 1096 1328 1130 ἐλπίζομεν
1339 1097 1352 1123 ὃ
1367 1098 1397 1123 οὐ
1416 1096 1552 1131 βλέπομεν
1562 1105 1569 1113 ·
1591 1107 1600 1122 1
1620 1098 1652 1123 Ὀ
1665 1097 1719 1131 γὰρ
1734 1096 1834 1131 βλέπει

1042 1150 1094 1173 τις.
1110 1141 1135 1168 τί
1152 1142 1199 1168 καὶ
1216 1142 1336 1175 ἑλπίξε;;
1351 1152 1359 1169 ι
1378 1144 1460 1178 φησιν
1472 1145 1485 1170 Ii
1502 1143 1671 1174 ’Λπὸστολος.
1691 1143 1737 1169 «Εἰ
1759 1143 1788 1169 δὲ
1818 1143 1834 1169 ὃ

1041 1187 1072 1213 οὺ
1100 1187 1236 1222 βλέπομεν
1263 1188 1421 1223 ἐλπίζομεν,
1454 1188 1489 1215 δι’
1511 1189 1650 1224 ὑπομονῆς
1682 1188 1834 1222 ἀπεκδεχό-

1044 1232 1124 1266 μεθα,
1139 1233 1191 1264 ἕως
1206 1231 1236 1260 οὗ
1250 1234 1264 1260 6
1278 1233 1405 1268 βασιλεὺς
1425 1235 1455 1260 ὲν
1488 1234 1640 1261 ἀναπαύσει
1664 1233 1748 1260 αὑτοῦ
1774 1234 1832 1268 (84)

1041 1278 1129 1304 ἔσται.
1149 1287 1157 1303 ι
1177 1278 1232 1304 Καὶ
1249 1279 1341 1312 πάλιν,
1360 1287 1369 1304 ι
1387 1279 1503 1314 Ἐιρόσον
1514 1280 1598 1314 ἐσμὲν
1613 1280 1642 1305 ὲν
1654 1280 1691 1314 τῷ
1707 1279 1831 1314 σώματι,

1041 1323 1239 1359 ἀποδημοῦμεν
1261 1326 1293 1352 ὲκ
1306 1325 1355 1351 τοῦ
1378 1326 1492 1361 Κυρίου.
1510 1327 1559 1352 Διὰ
1573 1326 1690 1356 πίστεως
1710 1327 1765 1360 γὰρ
1783 1334 1833 1351 πε-

1044 1370 1227 1404 ριπατοῦμεν,
1242 1370 1272 1396 οὐ
1286 1370 1330 1397 διὰ
1358 1371 1459 1403 εἴδους.
1480 1381 1489 1396 ι
1524 1372 1588 1404 Καὶ,
1609 1381 1618 1397 1
1652 1371 1710 1397 Νῦν
1729 1371 1746 1406 ἡ
1774 1372 1833 1406 ζωὴ

1042 1416 1120 1450 ὑμῶν
1133 1416 1289 1451 κέκρυπται
1306 1417 1336 1443 ἐν
1358 1417 1397 1452 τῷ
1412 1416 1523 1452 Χριστῷ
1536 1425 1543 1432 ⁶
1559 1417 1623 1444 ὅταν
1641 1417 1669 1443 δὲ
1684 1417 1698 1444 ὁ
1710 1417 1833 1452 Χριστὸς

1043 1462 1189 1498 φαν;ρωθῇ
1209 1462 1295 1497 ήζωὴ
1313 1462 1402 1498 ὑμῶν,
1419 1464 1478 1489 τότε
1494 1463 1542 1490 καὶ
1568 1463 1647 1498 ὑμεῖς
1671 1461 1833 1498 φανερωθή-

203 1507 284 1532 σεσθε
301 1506 350 1532 σὺν
363 1506 437 1540 αὐτῷ
451 1507 480 1534 ἐν
500 1507 573 1543 δόξῃ.
594 1517 603 1533 ι
622 1507 687 1541 Καὶ,
703 1517 712 1533 1
727 1507 785 1534 Νῦν
797 1509 846 1543 μὲν
867 1507 901 1534 δι’
912 1508 1046 1543 ἐσόπτρου
1058 1508 1107 1535 καὶ
1141 1509 1171 1534 ὲν
1200 1509 1355 1544 αἰνίγματι,
1382 1509 1445 1537 τότε
1481 1510 1509 1537 δὲ
1536 1509 1658 1545 ὀψόμεθα
1685 1510 1832 1544 πρόσωπον

203 1551 272 1585 πρὸς
296 1551 455 1585 πρόσωπον.
478 1560 487 1576 ι

239 1598 302 1626 Ιιωο
311 1598 383 1625 enim
396 1599 476 1626 nobis
487 1599 621 1633 promissa
637 1600 706 1627 visio
726 1604 776 1631 cst,
805 1607 866 1634 qua:
880 1600 917 1628 sit
933 1599 988 1628 fini,i

1083 1600 1159 1636 Α’ύτη
1173 1601 1227 1636 γὰρ
1246 1601 1314 1636 ἡμῖν
1330 1601 1346 1635 ἡ
1364 1601 1465 1636 θεωρία
1481 1602 1509 1627 ἐν
1525 1601 1671 1636 ὑποσχέσει
1699 1602 1770 1634 ἐστι,
1787 1602 1831 1628 τέ-

204 1645 326 1672 omnium
344 1644 546 1678 operationum,
562 1645 705 1672 aclietitize
718 1650 819 1673 aeterna
835 1646 968 1681 perfectio
982 1655 989 1672 :

205 1689 282 1717 1Filii
297 1689 369 1717 enim
390 1689 438 1717 Dei
452 1697 558 1723 sumus,
571 1690 660 1725 inquit
671 1690 792 1719 Joannes
808 1691 990 1727 Evangelista,

204 1741 230 1764 et
245 1736 366 1764 nondum
383 1737 509 1771 apparuit
525 1737 590 1771 quid
610 1738 725 1765 erimus.
756 1737 867 1765 Scimus
899 1742 991 1765 autem

205 1783 276 1817 quod
294 1790 356 1809 cum
370 1783 536 1817 apparuerit,
549 1783 654 1811 similes
677 1784 700 1811 ei
714 1784 827 1818 erimus,
840 1784 904 1819 quia
919 1784 993 1811 vide-

206 1828 297 1855 bimus
315 1837 377 1856 cum
393 1829 475 1856 sicuti
494 1834 537 1856 est
561 1829 595 1857 ⁸⁹.
616 1838 625 1855 ι
661 1830 720 1864 Ipse
748 1830 829 1857 etiam
858 1830 993 1858 Dominus

216 1882 254 1902 ait
269 1883 276 1901 :
294 1884 303 1901 1
322 1875 384 1901 Haec
396 1879 438 1902 est
453 1875 506 1902 vita
523 1881 634 1906 interna.
645 1881 673 1902 ut
685 1880 851 1910 cognoscant
863 1880 889 1904 te
902 1877 990 1904 solum

207 1921 289 1948 lieum
306 1929 412 1955 verum,
427 1926 454 1948 et
469 1929 548 1956 quem
560 1921 657 1948 misisti
667 1921 760 1949 Jnsum
774 1922 914 1949 Christum
930 1923 965 1949 ⁸ο.
978 1931 988 1948 ι

207 1966 243 1994 De
257 1966 306 1994 hac
321 1967 402 1994 etiam
420 1968 446 1994 in
472 1974 587 2002 persona
602 1967 647 1994 Dei
665 1968 704 1995 ait
720 1968 802 1995 David
818 1977 825 1994 :
847 1967 993 2003 1Longitu-

205 2012 268 2039 dine
283 2013 388 2040 dierum
405 2013 514 2048 replebo
530 2020 604 2044 eum,
620 2017 644 2039 et
661 2013 803 2040 ostendam
816 2012 853 2040 illi
870 2013 991 2041 salutare

206 2065 295 2085 meum
314 2058 350 2086 ".
368 2067 378 2084 ι
393 2057 427 2084 Et
439 2058 517 2092 quasi
546 2057 604 2093 ipse
623 2065 638 2085 a
653 2065 705 2085 se:
736 2067 745 2083 1
765 2058 852 2086 Unam
883 2058 949 2093 petii
976 2065 991 2085 a

187 2100 188 2103 “
205 2101 332 2135 Domino,
351 2103 420 2130 hanc
447 2103 585 2138 requiram
601 2111 610 2131 :
627 2108 656 2130 ut
684 2103 834 2130 inhabitem
864 2103 892 2130 in
912 2103 993 2131 domo

1044 1646 1090 1677 λος
1102 1644 1169 1673 οὖσα
1187 1647 1281 1673 πασῶν
1308 1647 1362 1673 τῶν
1376 1647 1512 1681 ἐργασιῶν
1523 1647 1571 1673 καὶ
1593 1648 1702 1679 αἰώνιος
1714 1648 1764 1681 τῆς
1788 1649 1832 1674 εὐ-

1047 1692 1186 1726 φροσύνης
1201 1692 1353 1724 τελείωσις.
1372 1702 1380 1717 1
1401 1692 1461 1718 Υἱοὶ
1474 1693 1528 1728 γάρ
1544 1694 1628 1727 ἐσμεν
1648 1693 1695 1720 τοῦ
1725 1693 1804 1726 Θεοῦ,
1818 1705 1827 1720 ι

1046 1738 1129 1773 φησιν
1145 1739 1158 1764 ὁ
1175 1737 1378 1773 Εὑαγγελιστὴς
1407 1738 1546 1772 Ἰωάννης,
1568 1748 1577 1763 1
1604 1739 1653 1765 καὶ
1671 1738 1747 1766 οὔπω
1763 1740 1829 1774 ἐφα-

1045 1784 1152 1819 νερώθη
1170 1783 1196 1809 τί
1214 1783 1343 1818 ἐσόμεθα.
1361 1784 1481 1818 Οἴδαμεν
1494 1784 1522 1810 δὲ
1537 1785 1577 1810 ὃτι
1590 1786 1655 1811 ὅταν
1672 1787 1828 1821 φανερωθῇ,

1047 1830 1136 1864 ὅμοιοι
1159 1830 1234 1865 αὑτῴ
1261 1830 1393 1864 ἐσόμεθα,
1416 1831 1457 1856 ὅτι
1479 1830 1602 1866 ὀψόμεθα
1631 1831 1714 1858 αὐτὸν
1740 1833 1829 1864 καθώς

1046 1876 1116 1902 ἐστι.
1139 1884 1147 1900 ι
1165 1874 1217 1901 Καὶ
1237 1875 1318 1906 αὺτὲς
1333 1876 1346 1901 ὁ
1365 1875 1467 1910 Κύριος
1481 1876 1604 1911 εἴρηκεν,
1624 1885 1634 1902 ‹
1651 1876 1724 1912 Αὕτη
1757 1879 1828 1904 ἐστὶν

1046 1922 1062 1956 ἡ
1080 1921 1190 1954 αἰώνιος
1207 1921 1275 1954 ζωὴ,
1288 1921 1331 1948 ἵνα
1351 1922 1508 1955 γινώσκωσι
1533 1923 1563 1948 οὲ
1585 1922 1629 1948 τὸν
1644 1923 1725 1958 μόνον
1740 1923 1829 1959 ἀληθι-

1047 1966 1093 1994 νὸν
1105 1967 1245 2005 θεὸν,ξιαὶ
1271 1966 1301 1992 ὃν
1328 1966 1494 1998 ἀπέστειλας
1527 1966 1631 2001 Ἰησοῦν
1661 1967 1787 2003 Χριστόν.
1816 1977 1825 1993 ι

1047 2011 1115 2046 Περὶ
1126 2011 1230 2046 ταύτης
1255 2011 1303 2038 καὶ
1318 2011 1332 2036 ό
1348 2011 1431 2038 Δαὸὶδ
1455 2013 1487 2038 ὲκ
1513 2012 1660 2047 προσώπου
1685 2013 1737 2039 τοῦ
1763 2013 1826 2040 Θεοῦ

1047 2058 1134 2091 λέγει,
1155 2066 1164 2082 ι
1182 2057 1362 2092 Μακρότητος
1377 2058 1491 2093 ἡμερῶν
1507 2058 1640 2093 ἐμπλήσω
1667 2060 1758 2091 αὐτὸν,
1783 2061 1827 2086 καὶ

1047 2102 1128 2136 δείξω
1140 2102 1216 2137 αὐτῷ
1227 2103 1259 2128 τὸ
1279 2103 1412 2138 σωτήριόν
1437 2111 1499 2138 μευ.
1534 2113 1544 2129 ι
1567 2104 1624 2130 Καὶ
1645 2105 1709 2140 παρ’
1736 2105 1825 2138 αὐτοῦ,

241 2219 272 2235 ⁸³⁸
286 2218 402 2245 Zachar.
416 2225 466 2248 xu,
481 2218 525 2245 ίυ.
565 2217 587 2253 ⁸9
616 2217 711 2253 Matth.
737 2224 811 2253 sxw.
834 2217 880 2243 50.
898 2216 958 2253 __“

1043 2216 1134 2253 ,t_h.7v,
1152 2217 1178 2244 8.
1229 2218 1250 2233 ³¹
1267 2217 1275 2244 1
1294 2217 1359 2245 Cor.
1380 2226 1424 2250 xv,
1451 2219 1497 2246 24.
1536 2218 1582 2245 ²³1
1608 2219 1674 2247 Cor.
1702 2229 1746 2253 xv,
1780 2221 1821 2248 28.

204 2253 227 2269 "
242 2254 321 2281 Betti.
338 2260 397 2285 νιιι,
415 2253 460 2280 24.
523 2253 545 2268 ³⁸
577 2252 642 2279 ibid.
660 2251 705 2284 25,
733 2251 813 2278 Cant.
840 2259 859 2283 ι,
894 2251 938 2278 ll.

1003 2251 1026 2267 “
1054 2251 1073 2278 ll
1093 2252 1157 2280 Cor.
1171 2260 1197 2284 v,
1213 2252 1239 2279 6.

205 2288 246 2315 "l
261 2287 329 2315 Joan
357 2295 398 2318 ιιι,
415 2287 442 2314 2.
481 2287 504 2303 ⁸ο
522 2286 602 2314 Joan.
620 2294 688 2318 xui,
709 2286 736 2313 5.
774 2287 796 2302 ⁸*
815 2287 888 2314 l’sal.
906 2294 951 2320 cx,
971 2286 1014 2314 l6.

1290 2253 1312 2268 ²⁷
1325 2253 1432 2282 Culoss.
1448 2262 1488 2286 ιιι,
1500 2254 1527 2282 5.
1580 2254 1602 2271 ³³
1613 2255 1677 2284 Cor.
1699 2264 1758 2288 xm,
1785 2257 1824 2283 ts.

203 2365 315 2395 interitu
335 2369 383 2392 aut
398 2365 457 2400 eius
481 2370 579 2398 morte,
595 2366 641 2393 sed
664 2365 721 2392 sola
744 2366 937 2393 immutatione
959 2373 991 2394 ac
1008 2371 1029 2398 ι)
1079 2367 1137 2400 (83)
1154 2368 1269 2400 August.
1296 2368 1321 2395 in
1341 2367 1484 2400 Psal.crx..
1497 2373 1525 2396 et
1549 2373 1583 2396 tr.
1598 2369 1642 2401 l9,
1661 2369 1687 2396 in
1698 2369 1775 2397 Joan.

204 2409 274 2430 nova
287 2402 423 2432 claritate,
436 2401 462 2427 in
479 2401 577 2428 caelum
594 2401 696 2435 Deique
706 2406 885 2432 consnectum
900 2405 990 2428 trans-

204 2436 309 2464 ferendi
325 2443 453 2467 eramus;
480 2435 552 2470 quod
569 2436 658 2470 ipsum
681 2436 747 2470 justi
773 2443 820 2469 per
841 2436 990 2469 Christum,

203 2471 366 2505 conligurati
392 2471 453 2504 ejus
482 2471 562 2497 morti
586 2475 612 2498 et
638 2471 847 2503 resurrectioni,
873 2471 992 2505 perfecte

203 2507 312 2535 demum
337 2507 364 2533 in
389 2506 594 2533 resurrectione
610 2506 729 2533 universi
748 2506 855 2540 generis
879 2506 991 2532 humani

203 2546 426 2575 consequentur;
451 2541 541 2575 ipsum
567 2540 669 2569 Christi
694 2548 807 2575 regnum
825 2540 880 2568 Deo
896 2545 992 2575 sponte

204 2576 369 2610 subjectum.
382 2580 408 2602 ct
422 2577 448 2602 in
462 2583 516 2610 quo
532 2575 602 2604 Deus
619 2575 655 2603 sit
669 2576 771 2608 omnia,
789 2575 872 2603 futuri
888 2584 895 2602 :
913 2575 993 2602 malis

206 2613 274 2646 ipsis
299 2612 411 2646 perinde
435 2618 481 2645 per
499 2612 647 2645 potentiam
670 2611 777 2638 deitatis
796 2610 937 2644 subiectis,
964 2614 992 2646 ιιι

205 2645 248 2673 vel
279 2645 459 2673 renitentibus
475 2647 502 2673 in
530 2647 569 2673 eis
593 2647 648 2679 fiat,
676 2646 807 2680 quidquid
837 2646 907 2672 Deus
934 2645 992 2672 fieri

206 2682 338 2708 decrevit.
367 2681 504 2708 PotuiSset
529 2680 643 2709 Caleeas
671 2681 724 2708 alia
749 2682 800 2708 hoc
830 2685 992 2715 argumento

208 2718 356 2751 prosequi,
386 2717 457 2750 quod
484 2717 594 2750 quidam
630 2721 787 2743 sanctorum
819 2716 991 2751 (prii-serti":

207 2752 289 2786 Creg.
306 2751 399 2787 Nyss.)
415 2751 559 2779 videantur
571 2752 651 2786 quasi
672 2751 834 2785 Origeniane
848 2751 933 2787 locuti
947 2751 992 2775 πει

207 2788 255 2821 τῆς
267 2786 517 2819 ἀποκαταστάσεως
528 2795 535 2820 ;
548 2789 649 2822 quibus
661 2787 828 2822 exponendis
841 2786 884 2812 alii
899 2786 991 2812 itidem

207 2822 314 2849 laborat
320 2828 408 2850 erunt.

311 2912 327 2926 ο

1081 2403 1137 2436 (84)
1157 2403 1188 2429 '0
1205 2403 1356 2436 ,βασιλεὺς
1378 2404 1413 2430 ἐν
1433 2404 1603 2431 ἀναπαύσει
1623 2405 1727 2432 αὑτοῦ.
1744 2405 1823 2432 Scho-

1045 2437 1081 2474 lia
1106 2437 1186 2474 Rom.
1203 2446 1235 2474 es
1262 2437 1383 2474 Sytnsév
1407 2439 1572 2465 ἀναπαύσει.
1591 2439 1683 2467 (ἓτωςο
1703 2439 1777 2474 Vulg.
1798 2442 1823 2467 ἐν

1044 2472 1207 2499 ἀνακλίσει·
1224 2473 1250 2498 in
1272 2473 1405 2504 accubitu,
1430 2481 1476 2500 seu
1492 2474 1624 2506 rerubilu,
1648 2475 1684 2501 uti
1710 2472 1780 2502 Hier.
1794 2484 1823 2503 ex

1044 2506 1162 2542 Origene
1182 2507 1314 2549 reddidit._
1330 2507 1412 2535 llebr.
1429 2508 1568 2549 cireuitum
1580 2514 1695 2549 sonant,
1714 2517 1729 2536 a
1747 2512 1823 2549 verbo

1117 2561 1125 2574 ,
1140 2542 1213 2577 quod
1231 2542 1258 2568 in
1274 2543 1367 2570 orbem
1383 2544 1535 2577 antiquitus
1552 2545 1586 2572 ad
1607 2552 1729 2572 mensam
1754 2546 1823 2572 sedc-

1047 2581 1128 2604 rcnt:
1150 2585 1165 2603 a
1190 2585 1244 2611 quo
1262 2585 1338 2605 more
1367 2586 1417 2605 nce
1441 2583 1566 2606 nostrum
1586 2579 1708 2611 plerique
1732 2580 1822 2607 abhor-

1049 2587 1128 2604 rctlt:
1150 2587 1165 2603 a
1190 2587 1244 2611 quo
1262 2587 1338 2605 more
1367 2587 1417 2605 nec
1441 2587 1566 2606 nostrum
1585 2587 1708 2614 plerique
1732 2587 1822 2607 abhor-

1049 2617 1117 2648 rent.
1131 2612 1285 2648 Comment.
1302 2613 1327 2639 in
1349 2614 1429 2640 Cant.
1447 2612 1556 2641 Eusebii
1572 2622 1681 2641 nomine
1696 2615 1735 2641 sic
1750 2622 1823 2648 expo-

1047 2647 1110 2683 nitr:
1135 2646 1178 2683 ᾯς
1203 2647 1236 2673 ἂν
1260 2648 1318 2683 εἴης
1335 2648 1454 2682 καθέδρα
1479 2649 1612 2683 βασιλέως
1628 2657 1634 2663 ·
1659 2654 1687 2674 ιιι
1709 2650 1745 2676 sis
1760 2646 1822 2676 sedes

1046 2682 1133 2715 regis;
1158 2682 1300 2719 iungitque
1325 2683 1525 2719 superioribus.
1543 2690 1580 2711 uti
1604 2688 1631 2710 et
1655 2684 1732 2711 l’liilo
1749 2685 1821 2719 Carp.

1046 2724 1125 2744 secus
1152 2724 1184 2744 ac
1212 2717 1290 2752 Vulg.
1322 2723 1352 2745 nt
1377 2718 1544 2754 significetur
1570 2723 1684 2746 ornatus
1712 2717 1820 2754 sponsae,

1046 2759 1134 2813 ilusque
1159 2753 1222 2780 dum
1244 2753 1324 2789 digna
1350 2752 1443 2789 sponsi
1471 2756 1552 2781 sedes
1568 2759 1594 2781 et
1609 2752 1753 2782 accubitus
1768 2752 1824 2782 ora;

1067 2796 1079 2813 ‘.l
1097 2807 1103 2813 ι

1067 2796 1103 2814 ιιι.
