1950 3070
132 115 196 173 ag.

621 147 670 178 DE
690 147 904 179 PRINCIPIIS
925 149 1031 180 FIDEI
1051 150 1285 184 CATHOLiCrE.

1704 155 1758 186 646

131 211 143 228 ι
165 203 239 230 Μίαν
252 203 398 240 ᾐτησάμην
422 206 496 240 παρὰ
527 205 642 241 Κυρίου*
668 203 770 242 ταύτην
798 207 918 242 ζητήσω,

976 207 1081 235 Dnmini
1098 210 1225 237 outnifms
1240 211 1336 239 diebus
1353 211 1414 239 vita:
1432 219 1498 240 mea:
1516 222 1522 240 :
1540 217 1568 240 ιιι
1581 214 1686 242 videant
1714 215 1758 250 ju-

128 249 163 275 τὸ
177 250 318 276 κατοικεῖν
335 259 369 284 με
392 251 422 277 ὲν
436 251 505 286 οἴκῳ
518 252 621 286 Κυρίου
646 253 734 283 πάσας
750 253 799 284 τὰς
817 253 923 288 ἡμέρας

128 296 184 327 τῆς
198 295 271 331 ζωῆς
290 305 353 331 μουι
407 298 454 324 τοῦ
486 298 598 334 θεωρεῖν
627 307 660 334 με
682 299 729 331 τὴν
752 301 924 335 τερπνότητα

130 341 253 375 Κυρίου.
275 351 284 367 ›
303 342 383 368 Ὥστε
397 343 451 369 ἀπὸ
467 344 518 377 τῆς
543 343 660 370 ἐνταῦθα
674 344 793 376 πίστεως
809 345 848 376 εἰς
875 345 924 380 τὴν

132 386 293 420 μέλλουσαν
309 389 418 423 ἐκείνην
435 389 481 415 καὶ
504 389 625 425 ἄρρητον
644 390 798 416 ἀπόλαυσιν
822 399 923 417 καταν-

130 432 264 467 τήσομεν.
284 433 336 460 Καὶ
350 435 402 469 γάρ
431 443 524 470 φησιν,
561 435 670 467 (Αὐτὸς
696 437 711 462 ὁ
734 436 826 471 Πατὴρ
850 436 922 470 φιλεῖ

132 479 220 514 ὑμᾶς,
237 481 278 507 ὄτι
298 482 378 517 ὑμεῖς
394 483 445 517 ἐμὲ
458 483 639 517 πεφιλήκατε,
656 484 704 510 καὶ
717 483 919 510 πεπιστεύκατε

130 526 178 552 ὅτι
194 527 250 560 ἐγὼ
262 528 337 564 παρὰ
352 529 399 555 τοῦ
420 529 527 564 Πατρδς
543 530 665 565 ἐξῆλθον.
695 529 822 564 Ἐξῆλθον
846 529 922 563 παρὰ

130 573 182 598 τοῦ
212 574 329 609 Πατρὸς,
363 576 410 602 καὶ
436 576 555 612 ἐλήλυθα
582 577 621 605 είς
648 576 693 602 τδν
721 576 833 611 κόσμον.
868 575 954 602 Πάλιν

132 622 274 657 Πατέρα.)

172 670 252 698 Οὕτω
267 671 333 705 γοῦν
350 671 468 699 ἐνταῦθα
481 672 647 707 πιστεύομεν
670 673 711 699 ὅτι
737 672 819 703 αὺτδς
841 673 855 698 ὁ
880 669 920 703 εἷς

131 716 184 749 τῆς
198 716 313 751 Τριάδος
329 718 342 743 ό
361 718 392 744 ὲκ
409 717 455 743 τοῦ
471 717 538 745 Θεοῦ
554 720 601 745 καὶ
627 719 733 754 Πατρὸς
750 717 920 753 γεννώμενος

133 762 231 792 ἁῖδίως
246 763 292 789 καὶ
309 763 469 797 oppetiere);
485 765 533 790 καὶ
545 764 759 800 ἁνεκφοιτήτως,
785 766 856 792 κατὰ
871 765 920 799 τὴν

132 807 231 833 οὐσίαν
254 808 312 838 ίσος
326 806 364 833 ὢν
380 808 454 843 αὐτῷ
469 810 518 836 καὶ
544 810 647 845 ἀληθὴς
664 810 727 842 Υἱὸς
765 810 846 837 αὑτοῦ
873 811 920 836 καὶ

134 851 237 885 Λόγος,
251 852 286 878 δι’
298 852 328 879 οὗ
345 853 379 879 τὰ
400 854 490 881 πάντα
506 855 628 889 ἐγένετο,
650 855 788 883 κατελθὼν
818 857 849 882 ὲκ
865 856 920 882 τῶν

133 897 274 931 οὐρανῶν,
293 898 409 925 ἀνέλαϐε
437 899 526 935 σάρκα
554 901 586 926 ὲκ
607 901 655 935 τῆς
676 901 759 935 ἁγίας
787 901 920 929 Θεοτόκου

133 944 182 969 καὶ
198 944 379 979 ἀειπαρθένου
392 946 502 980 Μαρίας
518 946 563 973 διὰ
589 946 638 982 τὴν
668 947 805 982 ἡμετέραν
831 956 921 983 σωτη-

134 990 210 1024 ρίαν,
240 989 304 1017 ἄνευ
323 991 459 1026 ἁμαρτίας
492 994 538 1019 καὶ
562 993 653 1027 πάσης
682 992 852 1025 ἀλλοιώσεως
874 995 921 1020 καὶ

132 1036 239 1070 τροπῆς
252 1044 259 1052 ·
278 1037 324 1063 καὶ
340 1036 498 1072 ἐσταυρώθη
511 1039 581 1065 κατὰ
594 1040 623 1064 τὸ
641 1036 823 1074 ἀνθρώπινον,
842 1040 920 1073 γενό-

134 1089 217 1114 μενος
231 1081 301 1117 ὑπὲρ
317 1083 396 1117 ἡμῶν
409 1083 516 1118 κατάρα
528 1092 534 1099 ·
559 1084 606 1110 καὶ
622 1085 766 1111 ἀποθανὼν
783 1085 920 1120 κατῆλθεν

132 1128 164 1152 έν
178 1127 217 1162 τῷ
229 1127 279 1162 ᾃὸη
299 1129 368 1162 μετὰ
382 1129 473 1164 ψυχῆς
487 1130 523 1160 ὡς
534 1130 611 1161 Θεὸς,
628 1132 674 1157 καὶ
685 1133 718 1166 τῇ
735 1132 812 1167 τρίτῃ
829 1132 919 1166 ἡμέρᾳ

132 1173 254 1205 ἀναστὰς
273 1175 305 1200 ὲκ
315 1175 370 1200 τῶν
384 1176 500 1210 νεκρῶν,
517 1177 567 1211 τὴν
578 1177 719 1212 ἡμετέραν
735 1178 918 1209 συνανέστησε

132 1218 227 1251 φύσιν,
259 1220 304 1245 καὶ
316 1220 456 1256 ἀνελήφθη
471 1222 512 1253 εἰς
528 1224 590 1254 τοὺς
609 1223 753 1257 οὐρανοὺς,
768 1225 815 1250 καὶ
830 1225 919 1251 ἐκάθι-

132 1271 180 1289 σεν
208 1264 236 1289 ὲν
261 1264 338 1299 δεξιᾷ
368 1264 416 1291 τοῦ
440 1265 509 1292 Θεοῦ
535 1267 582 1293 καὶ
611 1268 733 1302 Πατρός⁸
764 1269 795 1294 τὸ
828 1269 919 1304 ὁμότι-

134 1317 186 1343 μον
216 1309 266 1343 τῆς
292 1310 372 1342 ἀξίας
398 1311 445 1337 τοῦ
475 1312 504 1337 ἐν
536 1311 612 1347 δεξιᾷ
641 1313 821 1348 σημαίνοντος
832 1322 843 1336 ἰ
872 1315 918 1341 καὶ

134 1354 217 1380 πάλιν
237 1356 250 1380 ὁ
275 1355 356 1387 αὐτὲις
381 1356 522 1384 ἐλεύσεται
547 1359 639 1393 κρῖναι
669 1359 772 1392 ζῶντας
799 1360 843 1386 καὶ
874 1369 917 1386 νε-

132 1400 227 1435 κροὺς.

172 1446 203 1472 Εἰ
217 1446 308 1473 τοίνυν
320 1446 427 1479 τούτοις
444 1449 622 1485 πιστεύομεν,
649 1451 745 1486 πόρῤω
761 1451 851 1487 πάσης
866 1453 918 1487 ἀμ-

135 1491 262 1525 φιϐολίας
276 1492 325 1526 τῆς
341 1493 492 1529 μελλούσης
510 1495 590 1530 δόξης
607 1495 656 1522 καὶ
673 1496 791 1531 θεωρίας
806 1500 917 1524 ἐπιτευ-

972 253 1256 282 cunditatentDomini
1287 255 1320 283 δ’.
1344 265 1352 281 ι
1384 257 1478 292 Itaque
1507 266 1522 285 a
1550 258 1612 290 ﬁde,
1643 267 1704 293 qua:
1733 261 1759 286 in

972 299 1098 330 prseseuti
1113 304 1166 330 est.
1183 300 1217 326 ad
1234 301 1353 327 l'uturam
1375 302 1446 328 illam
1470 303 1598 337 nullath
1613 304 1758 331 verborum

973 343 997 370 vi
1013 344 1201 378 explicabilem
1216 346 1420 380 jucunditatem
1435 349 1620 376 deveniamus.
1651 349 1756 376 Etenim

973 388 1010 416 ait
1025 397 1031 416 :
1050 399 1058 415 ι
1080 389 1150 425 Ipse,
1172 391 1253 419 Pater
1265 397 1338 420 amat
1355 401 1413 424 vos,
1426 394 1490 429 quia
1509 403 1556 422 vos
1573 403 1615 421 tne
1632 397 1757 428 amastis,

973 439 1001 464 et
1017 436 1172 465 ercdidistis
1188 439 1251 473 quia
1267 447 1316 475 ego
1329 448 1344 467 a
1357 439 1437 467 Patre
1451 441 1531 468 exivi.
1549 441 1626 469 Exivi
1638 450 1652 469 a
1667 443 1757 474 Patr»,

974 485 1001 509 et
1015 483 1073 509 veni
1093 483 1119 509 in
1149 483 1304 513 mundum:
1342 485 1440 512 iterum
1458 487 1580 522 relinquo
1612 489 1757 520 mundum,

974 535 1001 557 et
1013 530 1082 557 vado
1095 531 1127 557 ad
1147 530 1252 558 Patrem
1266 531 1299 558 ⁵³.
1321 541 1331 557 ι

978 576 1080 611 ἀφίημι
1111 578 1156 604 τὴν
1187 577 1300 611 κόσμον,
1340 578 1387 604 καὶ
1423 579 1575 614 πορεύομαι
1608 580 1676 614 πρὸς
1713 581 1759 606 τὶν

1011 670 1049 696 Ita
1065 669 1148 704 igitur
1164 669 1209 697 hic
1221 669 1370 702 credimus,
1383 670 1471 704 ipsum
1490 678 1572 697 unum
1600 679 1634 698 ex
1664 677 1759 698 sancta

974 716 1117 748 Trinitate,
1136 724 1168 743 ex
1185 715 1239 742 Deo
1257 720 1284 743 et
1305 716 1386 743 Patre
1411 717 1446 743 ab
1473 721 1576 743 aeterno
1590 722 1616 743 et
1645 717 1757 748 illibate,

974 762 1096 796 nihilque
1110 769 1142 788 eo
1158 761 1328 794 cxeedendo,
1343 766 1448 793 natum,
1463 762 1593 796 a-qualem
1614 763 1650 789 illi
1663 769 1760 790 secun-

973 808 1036 835 dum
1057 808 1252 840 substantiam,
1267 815 1416 843 verumque
1435 808 1493 842 ejus
1509 807 1608 835 Filium
1626 816 1659 836 ac
1690 808 1757 835 Ver-

973 854 1048 885 bum,
1063 861 1111 888 per
1122 860 1202 887 quem
1218 853 1288 880 facta
1305 859 1369 881 sunt
1406 853 1508 886 omnia,
1543 854 1753 880 descendentem

974 900 1007 928 de
1022 900 1109 931 caelis,
1126 907 1237 927 carnem
1254 907 1286 926 ex
1307 904 1401 926 sancta
1415 899 1461 926 Dei
1481 899 1620 927 Genitrice
1634 907 1758 935 semper-

974 954 1026 981 quc
1036 946 1145 979 Virgine
1160 946 1257 978 Maria,
1272 950 1382 980 propter
1403 950 1524 972 nostram
1542 946 1668 978 salutem,
1699 946 1759 973 abs-

973 1000 1027 1027 que
1039 997 1150 1028 peccato
1164 993 1286 1026 citraque
1303 999 1411 1019 omnem
1429 991 1606 1019 mutationem
1619 996 1644 1018 et
1656 992 1757 1023 labem,

974 1039 1170 1074 assumpsisse,
1193 1046 1234 1070 ac,
1250 1042 1385 1072 quatenus
1397 1037 1490 1070 homo,
1521 1037 1681 1065 cruciﬁxum
1697 1044 1758 1064 esse

973 1085 1075 1113 factum
1108 1091 1157 1119 pro
1199 1084 1281 1111 nobis
1312 1083 1524 1111 maledictum“
1551 1089 1755 1118 mortuumque,

972 1131 1062 1159 anima
1074 1131 1173 1158 comite
1186 1129 1213 1156 in
1227 1129 1363 1156 infernum
1396 1134 1427 1156 ut.
1460 1128 1545 1156 Deum
1568 1129 1754 1162 descendisse,

972 1177 1069 1210 dieque
1084 1176 1162 1203 tertia
1193 1179 1378 1209 resurgentem
1396 1182 1411 1201 a
1446 1175 1575 1206 mortuis,
1605 1175 1755 1202 humanum

971 1229 1057 1257 genus
1072 1229 1124 1248 una
1140 1228 1232 1248 secum
1251 1221 1415 1247 suscitasse:
1434 1224 1516 1253 atque
1548 1220 1575 1246 in
1598 1219 1683 1247 cmlos
1711 1227 1753 1247 re-

971 1271 1091 1302 ceptant,
1119 1267 1147 1294 in
1179 1267 1225 1293 Dei
1243 1273 1275 1293 ac
1301 1265 1389 1292 Patris
1423 1264 1534 1292 dextera
1566 1265 1756 1292 consedisse:

974 1321 1072 1348 nempe
1081 1314 1154 1348 quod
1172 1320 1186 1339 a
1202 1312 1307 1339 dextris
1315 1311 1425 1344 dicitur,
1459 1312 1531 1346 paris
1551 1319 1612 1338 cum
1623 1319 1656 1338 eo
1669 1311 1758 1346 digni-

971 1358 1177 1386 tatishouorem
1203 1358 1395 1392 signiﬁcante;
1423 1357 1548 1385 eumdem
1563 1365 1661 1385 rursus
1693 1366 1759 1385 vcn-

972 1411 1062 1432 turum
1083 1409 1112 1431 ut
1122 1404 1226 1439 judicet
1242 1404 1318 1432 vivos
1334 1409 1361 1432 et
1377 1409 1510 1431 mortuos.

1007 1451 1035 1478 Si
1049 1451 1130 1485 igitur
1145 1450 1186 1477 his
1203 1450 1281 1477 ﬁdem
1295 1449 1543 1481 accommodamus,
1558 1449 1626 1476 citra
1646 1457 1753 1476 onmem

971 1496 1136 1524 dubietatem
1151 1495 1269 1523 futuram
1301 1495 1415 1529 gloriam
1448 1502 1480 1522 ac
1504 1494 1637 1522 visionem
1660 1502 1755 1522 conse-

132 1537 232 1583 ξὸμεθα
262 1538 314 1564 «⁷0
328 1538 379 1572 γὰρ
393 1538 461 1573 ἔχων
502 1540 549 1570 τὰς
573 1541 682 1573 ἐντολάς
719 1551 780 1576 μου,
800 1551 809 1567 r
840 1544 917 1577 φησὶ,

971 1550 1085 1579 quemur
1101 1550 1108 1569 :
1130 1541 1196 1574 (Qui
1211 1541 1283 1568 enim
1300 1541 1380 1568 habet
1393 1541 1519 1567 mandata
1553 1548 1625 1573 mea,
1657 1542 1756 1574 inquit,

135 1590 144 1607 ι
161 1582 209 1608 καὶ
226 1583 316 1618 τηρῶν
345 1584 442 1615 αὐτὲις,
474 1585 579 1616 ἐκεῖνός
604 1586 677 1612 ἐστιν
691 1587 704 1612 ὁ
729 1587 844 1620 ἀγαπῶν
866 1598 911 1622 με.

137 1630 168 1656 ⁸0
185 1630 213 1656 δὲ
226 1631 341 1664 ἀγαπῶν
357 1640 390 1666 με
419 1632 629 1667 ἀγαπηθήσεται
665 1633 716 1660 ὑπὸ
745 1634 790 1662 τοῦ
808 1635 914 1670 Πατρός

134 1684 195 1710 μου,
213 1675 333 1713 καιὲγὼ
344 1677 481 1711 ἀγαπήσω
496 1677 589 1710 αὑτὸν,
607 1679 655 1706 καὶ
682 1679 825 1714 ἐμφανίσω
841 1681 915 1716 αὑτῷ

132 1721 278 1755 ἐμαυτόν.)
298 1722 364 1753 Καὶ,
392 1722 471 1749 ιἘὰν
481 1723 606 1757 ἀγαπᾶτέ
622 1732 668 1758 με,
683 1725 733 1756 τὰς
745 1725 853 1755 ἐντολάς
863 1734 914 1760 μου

133 1764 279 1799 τηρήσετε·
295 1766 342 1792 καὶ
358 1766 413 1799 ἐγὼ
428 1766 560 1801 ἐρωτήσω
576 1767 622 1794 τὸν
639 1768 758 1804 Πατέρα,
773 1770 820 1796 καὶ
835 1770 915 1798 ἄλλον

134 1810 313 1845 Παράκλητον
328 1811 411 1838 δώσει
432 1812 508 1847 ὑμῖν,
530 1812 575 1840 ἵνα
602 1813 671 1850 μένῃ
688 1815 748 1850 μεθ’
773 1816 851 1850 ὑμῶν
876 1817 916 1847 εἰς

131 1856 178 1882 τὸν
193 1856 292 1890 αίῶνα,
307 1856 337 1883 τὺ
357 1857 475 1892 Πνεῦμα,
499 1858 550 1893 τῆς
578 1859 718 1892 ἀληθείας,
744 1859 758 1886 ὃ
781 1861 794 1886 ὁ
814 1861 915 1896 κόσμος

132 1902 164 1927 οὐ
180 1901 290 1927 δύναται
322 1901 436 1928 λαϐεῖν·
468 1913 477 1929 ι
508 1905 532 1930 οί
560 1904 702 1938 φιλοῦντες
725 1905 846 1940 δηλονότι
871 1908 916 1933 τὸν

134 1947 246 1980 κόσμον.
278 1948 343 1979 Καὶ,
366 1957 376 1973 ι
396 1947 481 1974 Πάλιν
506 1949 632 1985 ἔρχομαι,
655 1951 702 1977 καὶ
718 1952 916 1988 παραλήψομαι

135 1992 206 2027 ὑμᾶς
222 1993 290 2028 πρὸς
314 1994 433 2028 ἐμαυτόν
444 2002 452 2010 ο
470 1994 514 2021 ἵνα
528 1996 596 2022 ὅπου
611 1997 669 2031 εἰμὶ
684 1996 751 2031 ἐγὼ,
780 1998 827 2023 καὶ
838 1998 916 2033 ὑμεῖς

133 2036 193 2074 ἦτε.
213 2048 222 2065 ι
238 2038 300 2071 Καὶ,
318 2049 327 2066 ι
342 2040 427 2071 Θέλω,
455 2040 558 2076 Πάτερ,
582 2041 629 2074 οὓς
651 2041 770 2074 δέδωκάς
792 2051 847 2077 μοι,
872 2043 915 2069 ἵνα

133 2086 199 2112 ὅπου
215 2086 272 2120 εἰμὶ
285 2085 351 2119 ἐγὼ,
366 2085 487 2112 κάκεῖνοι
511 2083 562 2113 ὦσι
588 2087 648 2122 μετ’
670 2088 747 2122 ἐμοῦ,
773 2088 817 2114 ἶνα
848 2088 916 2115 θεω-

136 2131 202 2165 ρῶσι
218 2131 267 2166 τὴν
282 2131 361 2164 δόξαν
388 2132 421 2167 ἢν
435 2132 555 2164 δέδωκάς
572 2142 628 2168 μοι,
658 2133 700 2160 ὅτι
716 2134 864 2170 ἠγάπησάς
883 2143 915 2170 με

136 2176 189 2212 πρὸ
205 2177 358 2212 καταῦολῆς
381 2178 494 2213 κᾶσμου.
515 2187 523 2203 ι

171 2232 180 2247 ι
205 2223 323 2250 Πάντοτε
360 2221 406 2250 οὖν
466 2226 514 2251 σὺν
544 2223 636 2259 Κυρίῳ
668 2225 807 2259 ἐσόμεθα,

134 2269 178 2295 τὸν
198 2270 270 2296 θεῖον
284 2270 458 2303 ’Λπόσεολον,
477 2271 524 2297 καὶ
548 2271 702 2306 χαρήσεται
718 2271 797 2306 ἡμῶν
814 2272 830 2306 ἡ
847 2280 915 2306 καρ-

134 2317 186 2347 δία,
206 2316 283 2351 καὶή
309 2317 382 2351 χαρὰ
411 2316 490 2351 ἡμῶν
523 2316 728 2351 πεπληρωμένη
752 2315 837 2348 ἔσεαι,
868 2318 915 2343 καὶ

133 2361 334 2396 ταύτηνοὺδεὶς
347 2362 420 2396 αἴρει
436 2362 484 2396 ἀφ’
508 2362 597 2396 ἡμῶν,
614 2361 652 2392 ὡς
668 2363 681 2387 ὁ
704 2361 802 2396 Κύριός
819 2371 913 2397 φησιν,

133 2407 175 2432 ὅτε
202 2407 292 2432 οὐκέτι
310 2407 338 2433 ὲν
356 2406 517 2441 παροιμίαις
537 2406 649 2441 λαλήσει
671 2407 748 2440 ἡμῖν,
762 2405 830 2433 ἀλλὰ
843 2407 914 2442 παῤ-

135 2451 214 2486 ρησῐᾳ
231 2450 353 2486 περὶτοῦ
367 2450 473 2485 Πατρὸς
485 2450 568 2477 αὐτοῦ
582 2451 729 2484 ἀναγγελεῖ
740 2451 816 2486 ἡμῖν.
832 2460 840 2476 ι
858 2451 912 2478 Τοῦ

134 2497 237 2531 ΙΙατρθις
258 2507 267 2522 ι
285 2496 314 2524 δὲ
346 2496 443 2529 εἰπὼν,
470 2497 562 2524 δίδωσι
589 2497 636 2523 καὶ
657 2497 752 2524 ἑαυτὸν
773 2498 844 2532 μετὰ
865 2497 912 2524 τοῦ

107 2564 111 2576 τ
133 2542 208 2575 ἁγίου
241 2541 405 2576 Πνεύματος
435 2542 606 2573 ἀδιαστᾰτως
635 2541 763 2569 νοεῖσθαι.
790 2540 836 2573 Εἷς
859 2543 913 2576 γὰρ

132 2589 195 2620 Θεός
217 2589 274 2615 ἐστι
297 2588 367 2623 μετὰ
381 2587 428 2614 τοῦ
459 2579 564 2623 Πατρὸς
594 2587 640 2614 καὶ
669 2588 717 2614 τοῦ
744 2587 913 2622 Πνεῦμα-τος.

135 2633 288 2666 Τουτέστιν,
308 2633 366 2659 Οὐκ
383 2631 493 2658 ἔσονται
521 2633 679 2667 ὁμοιότητες
700 2633 747 2659 καὶ
779 2627 925 2668 σύμϐολα,¹

133 2679 180 2713 τῆς
194 2678 318 2714 ὁράσεως
334 2677 482 2712 γινομένης
499 2677 644 2711 πρόσωπον
669 2678 739 2712 πρὸς
755 2679 913 2712 πρόσωπον.

135 2723 182 2751 Καὶ
200 2724 254 2758 γάρ
266 2723 374 2759 «mast
398 2722 573 2755 Ἀπόστολος,
592 2731 601 2748 ι
617 2723 703 2751 Ὅταν
721 2723 786 2758 ἔλθῃ
808 2723 839 2749 τὸ
868 2722 915 2749 τέ-

167 2817 188 2833 ⁸¹
206 2818 278 2846 Psal.
295 2825 369 2849 xxrt,
383 2818 410 2845 4.
447 2817 558 2845 "Juan.
575 2825 631 2850 xvi,
646 2818 692 2847 27.
729 2817 850 2845 “Galat.
867 2823 909 2846 tn.
924 2815 966 2843 l5.

964 1595 991 1618 et
1006 1593 1096 1617 servat
1106 1596 1148 1620 ea,
1165 1581 1210 1615 ille
1220 1591 1261 1614 est
1277 1587 1322 1622 qui
1334 1586 1422 1621 diligit
1439 1594 1491 1613 me.
1502 1585 1553 1620 Qui
1568 1591 1656 1612 autem
1670 1586 1758 1621 diligit,

965 1643 1019 1667 me,
1051 1634 1179 1669 diligetur
1209 1641 1223 1660 a
1243 1632 1324 1660 Patre
1341 1635 1513 1666 meo,etego
1542 1631 1652 1666 diligam
1681 1639 1756 1662 eum,

964 1686 992 1708 et
1018 1679 1204 1707 manifestabo
1218 1678 1243 1705 ei
1264 1677 1440 1712 meipsum“.
1458 1686 1468 1703 ι
1487 1676 1519 1704 Et
1535 1686 1542 1704 :
1562 1686 1571 1703 ι
1591 1677 1619 1704 Si
1637 1676 1752 1711 diligitis

966 1734 1020 1758 me,
1031 1725 1156 1752 mandata
1173 1731 1231 1751 mea
1244 1723 1399 1756 servabitis,
1416 1728 1442 1750 et
1457 1729 1506 1758 ego
1523 1723 1623 1758 rogabo
1636 1721 1757 1757 Patrem,

965 1775 992 1799 et
1013 1770 1095 1797 alium
1126 1769 1296 1796 Paracletum
1325 1768 1400 1795 dabit
1422 1767 1509 1799 vobis,
1527 1767 1657 1802 Spiritum
1681 1766 1754 1793 veri-

969 1816 1042 1848 tatis,
1067 1822 1148 1850 quem
1177 1813 1294 1841 mundus
1310 1821 1362 1840 non
1375 1817 1465 1847 potest
1479 1812 1605 1847 accipere
1622 1812 1645 1827 “
1663 1822 1670 1839 :
1693 1821 1704 1839 ι
1736 1811 1754 1839 ii

966 1861 1120 1896 scilicetqui
1132 1860 1224 1887 tnundi
1237 1866 1331 1887 amore
1340 1864 1476 1886 tenentur.
1489 1858 1536 1885 Et:
1550 1868 1559 1884 ι
1572 1859 1671 1886 lterum
1680 1858 1756 1885 veni-

966 1914 1021 1939 am,
1040 1910 1068 1934 et
1099 1905 1228 1940 accipiam
1245 1913 1293 1933 vos
1307 1905 1339 1932 ad
1360 1905 1504 1939 meipsum,
1525 1909 1553 1931 ut
1570 1904 1613 1931 ubi
1627 1913 1676 1939 ego
1695 1911 1754 1931 sum

966 1959 992 1981 et
1016 1960 1065 1980 vos
1085 1952 1144 1980 sitis
1171 1952 1221 1977 ‘7'»
1240 1950 1295 1978 Et:
1318 1960 1327 1977 ι
1358 1950 1436 1984 Volo,
1461 1950 1551 1983 Pater,
1572 1957 1642 1985 quos
1655 1950 1753 1976 dedisti

967 1998 1043 2029 mihi,
1072 2003 1100 2024 ut
1129 1997 1173 2024 ubi
1198 2004 1249 2032 ego
1264 2003 1338 2030 sum,
1373 1995 1454 2023 etilli
1489 1996 1543 2023 sint
1577 2002 1694 2026 mecum,
1725 1999 1755 2021 ut

968 2042 1077 2070 videant
1092 2042 1256 2073 claritatem,
1266 2048 1347 2076 quam
1362 2040 1460 2068 dedisti
1473 2041 1549 2070 mihi.
1563 2041 1626 2075 quia
1638 2040 1754 2067 dilexisti

967 2095 1010 2116 me
1037 2092 1099 2115 ante
1126 2087 1219 2114 mundi
1248 2086 1469 2114 constitutionem
1498 2086 1530 2112 λλ.
1547 2095 1556 2110 ι

845 2226 916 2252 κατὰ

1005 2228 1014 2245 ι
1026 2219 1137 2253 Semper
1146 2218 1227 2253 igitur
1236 2225 1298 2245 cum
1309 2217 1424 2245 Domino
1433 2219 1535 2245 erimus
1544 2218 1576 2251 δ’,
1591 2227 1600 2244 ι
1614 2218 1756 2246 uliauctor

967 2268 1009 2292 est
1021 2266 1113 2292 beatus
1122 2263 1233 2296 Paulus,
1245 2267 1271 2290 et
1282 2263 1411 2297 gaudebit
1434 2270 1481 2290 cor
1503 2263 1638 2297 nostrum,’
1652 2268 1753 2299 etgau-

967 2310 1041 2337 dium
1051 2314 1172 2336 nostrum
1183 2309 1291 2344 plenum
1305 2310 1367 2341 erit,
1378 2317 1428 2336 nec
1437 2309 1535 2343 aliquis
1556 2309 1644 2344 ipsum
1654 2310 1728 2337 tollet
1739 2317 1754 2336 a

968 2356 1059 2389 nobis,
1072 2356 1108 2382 uti
1120 2355 1312 2382 Dominusaitll
1329 2355 1438 2390 quando
1447 2363 1499 2382 non
1515 2355 1542 2382 in
1559 2355 1756 2389 proverbiislo—

965 2407 1064 2436 quetur
1077 2401 1167 2434 nobis,
1177 2402 1222 2429 sed
1233 2402 1320 2436 palam
1329 2402 1362 2429 de
1371 2401 1451 2429 Patre
1465 2409 1515 2429 suo
1528 2401 1698 2429 annuntiabit
1707 2408 1756 2428 no-

965 2448 1049 2476 bis“.
1059 2447 1126 2474 Cum
1139 2447 1187 2481 ait,
1201 2457 1209 2472 ι
1222 2447 1255 2474 de
1262 2447 1349 2475 Patre.
1365 2457 1374 2473 ›
1386 2447 1505 2482 seipsqu
1516 2456 1568 2474 una
1581 2455 1612 2474 ac
1622 2447 1754 2482 Spiritum

966 2498 1091 2520 sanctum
1102 2493 1147 2520 dat
1159 2493 1285 2528 intelligi.
1302 2492 1378 2521 Unus
1390 2494 1461 2520 enim
1476 2493 1547 2521 Deus
1557 2501 1618 2521 cum
1635 2492 1715 2520 Patre
1723 2500 1755 2521 ac

970 2539 1071 2575 Spiritu
1086 2543 1137 2572 est,
1154 2539 1211 2567 lloe
1219 2545 1270 2573 est,
1289 2539 1347 2567 Non
1360 2541 1478 2575 amplius
1491 2541 1568 2575 signa
1585 2546 1665 2568 erunt
1676 2547 1707 2568 ac
1717 2541 1754 2568 si-

970 2586 1100 2618 mulacra,
1132 2594 1191 2613 eum
1223 2586 1360 2613 futurasit
1386 2586 1457 2614 visio
1488 2586 1558 2614 facie
1575 2587 1608 2614 ad
1643 2586 1753 2614 faciem.

969 2631 1122 2658 Eteuiutait
1137 2632 1302 2665 Apostolus:
1318 2641 1327 2657 ι
1344 2632 1412 2659 Cum
1431 2632 1535 2659 venerit
1560 2631 1632 2667 quod
1651 2631 1755 2667 perfec-

967 2682 1024 2704 tum
1040 2682 1092 2707 est.
1107 2681 1172 2704 tunc
1186 2677 1367 2706 evacuabitur
1382 2679 1454 2713 quod
1468 2687 1500 2706 ex
1535 2683 1612 2713 parte
1622 2683 1664 2705 est
1687 2678 1720 2705 η.
1741 2686 1750 2702 ι

965 2721 1051 2757 llujus
1064 2722 1306 2756 contemplationis
1325 2724 1473 2758 imaginem
1486 2731 1517 2751 ae
1532 2725 1645 2759 ligurum
1659 2722 1754 2750 habuit

1635 2813 1658 2830 δ’
1671 2814 1751 2842 Joan.

1018 2816 1041 2832 "
1061 2814 1141 2843 Joan.
1159 2824 1215 2846 xtv.
1235 2817 1280 2843 2|.
1332 2815 1355 2831 ⁸⁸
1369 2814 1448 2842 Jnau.
1465 2823 1519 2847 xxv,
1536 2814 1579 2842 l5.

135 2859 186 2882 τιν.
203 2853 230 2881 3.
269 2853 292 2870 ⁵⁸
307 2852 386 2881 Joan.
406 2861 470 2887 wn,
487 2853 533 2880 ﬁt.
571 2854 594 2869 "
612 2855 619 2880 l
634 2853 730 2881 Thess.
750 2860 786 2886 tv,
820 2852 862 2880 Π.
900 2853 922 2868 δυ
943 2850 1022 2879 Joan.
1041 2859 1096 2885 xvi,
1112 2852 1156 2879 2:2.
1195 2852 1217 2868 ⁸¹
1239 2851 1304 2879 ibid.
1318 2851 1362 2877 ‘25.
1402 2850 1442 2877 ⁶¹Ι
1461 2852 1524 2878 Cor.
1544 2857 1601 2882 xui,
1620 2850 1663 2876 l0.
