1950 3070
246 206 296 240 651

865 208 1060 240 MANUELIS
1079 209 1232 241 CALEC/E

1825 212 1887 245 652

246 266 352 294 det-ium
369 273 449 293 omne
463 269 489 293 et
512 272 575 300 spes
602 264 802 300 inquisitioque
833 270 930 299 cesset,
943 266 1033 301 visque

1090 267 1138 294 ἐπὶ
1162 267 1248 304 μηδὲν
1271 267 1365 302 ἕτερον
1396 267 1549 305 ἑλκομένης
1578 269 1673 298 λοιπδν
1700 269 1750 306 τῆς
1781 271 1884 298 ἐπιθυ·

247 312 336 338 otunis
351 310 491 342 desiderii,
509 309 555 338 Dei
571 310 805 345 contemplatione
820 310 900 339 nobis
924 310 1035 346 implea-

226 376 229 379 -
248 363 303 389 tur,
318 365 381 384 cutn
395 357 462 384 illud
475 356 605 392 deinceps
621 356 648 384 in
661 357 765 384 nullam
777 357 858 384 aliatn
874 364 967 384 rerum
981 361 1036 385 ιη-

248 404 337 431 batur.
604 403 606 406 ’
903 424 906 426 -

282 449 342 482 Qua
356 449 448 487 itaque
463 447 569 476 ratione
583 449 711 476 humanae
724 453 830 476 natura:
848 453 1035 484 comparatum

245 500 299 528 est,
313 499 339 522 et
356 499 490 530 quantum
505 496 623 530 quisque
647 502 745 530 capere
763 499 861 530 potest,
880 495 928 522 Dci
956 495 1036 523 nobis

246 541 440 576 contemplatio
463 541 622 575 illucescet;
639 542 788 574 statimque
812 548 844 568 ac
867 541 1034 573 immediate,

247 592 310 621 post
333 587 470 622 expletunt
496 593 649 615 extremum
669 587 813 624 judicium,
832 586 947 622 quisque
963 587 1036 615 illius

247 635 327 660 ttercs
338 633 447 661 futurus
460 638 511 660 est.
522 633 549 660 Id
563 633 637 661 cttint
653 637 767 660 sanctus
781 633 941 660 tuuionenn
958 637 1036 660 vocat

249 687 346 714 «supra
358 679 592 714 intelligentiam”
603 679 787 706 immediatam
799 678 903 706 scilicet
911 686 972 706 cum
982 679 1036 706 Deo

247 727 496 761 consuetudinem;
513 734 597 762 supra
611 734 692 761 quant
707 726 813 754 srilicet
827 733 904 754 mens
916 726 1036 754 huntana

248 774 378 808 consequi
389 777 490 809 potest.
509 773 594 808 ldque
609 772 713 800 Paulus
730 772 839 800 dicebat
853 772 939 800 «facie
953 771 1036 800 adfa-

247 819 317 846 cietn
338 818 372 851 ⁶¹,
392 827 401 844 ι
418 818 538 845 Joannes
562 825 628 845 vero
642 817 829 853 evangelista:
860 816 1036 845 «Videbimus

247 873 310 892 cum
328 864 410 892 sicuti
428 864 519 892 est".t
538 864 613 891 lianc
625 871 708 899 porro
723 870 852 891 arcanam
880 863 979 890 utentis
996 863 1036 890 vi-

248 913 352 938 sionem
364 915 391 937 et
404 910 676 944 contemplationem,
684 909 823 944 iustorum
843 908 947 936 scilicet
958 908 1036 936 itere-

1089 313 1164 348 μίας.

1125 448 1219 481 Ὥστε,
1236 448 1305 475 καθὸ
1330 449 1452 483 πέφυκεν
1481 450 1498 485 ὴ
1533 450 1692 486 ἀνθρωπίνη
1720 451 1803 486 φύσις
1831 454 1885 480 καὶ

1086 495 1159 521 κατὰ
1173 495 1206 521 τὸ
1224 495 1338 522 δυνατδν
1351 496 1470 532 ἑκάστῳ,
1489 497 1506 532 ἡ
1520 497 1568 524 τοῦ
1591 497 1659 524 Θεοῦ
1691 498 1792 534 θεωρία
1817 500 1885 525 ὲπιο

1086 540 1190 576 λάμψει
1207 542 1285 577 ἡμῖν,
1302 542 1350 569 καὶ
1363 542 1533 578 κληρονόμος
1549 544 1634 579 αὐτῆς
1654 544 1769 577 ἕκαστος
1798 545 1883 571 ἔσται

1087 587 1118 612 ὲκ
1147 586 1194 613 τοῦ
1215 588 1374 622 παραυτίκα
1413 589 1460 616 καὶ
1487 590 1608 624 ἀμέσως,
1639 591 1689 625 τῆς
1714 593 1883 622 τελευταίας

1086 632 1205 668 κρίσεως
1237 635 1398 669 γενομένης.
1434 633 1522 662 Τοῦτο
1553 635 1608 670 γάρ
1644 637 1713 669 ἔστι,
1760 638 1834 674 ὅπερ
1866 639 1882 664 ὁ

1087 677 1165 711 ἅγιος
1186 677 1263 713 ὑπὲρ
1283 678 1361 706 γοῦν
1394 678 1508 707 ἕνωσιν
1536 681 1625 713 καλεῖ,
1653 680 1703 716 τὴν
1731 682 1802 717 πρὸς
1832 683 1882 709 τὶν

1087 723 1153 750 Θεὸν
1176 724 1279 757 ἀμεσον
1303 724 1424 759 ὁμιλίαν,
1448 726 1599 759 τουτέστιν,
1634 727 1704 763 ὑπὲρ
1727 727 1741 754 ὃ
1763 728 1880 755 δύναται

1086 770 1100 795 ό
1124 769 1294 804 ἀνθρώπινος
1333 770 1413 802 νοῦς·
1441 771 1488 799 καὶ
1520 773 1591 808 ὅπερ
1614 774 1629 799 ό
1657 773 1764 806 Παῦλος
1799 774 1879 808 ἔλεγε

1090 823 1099 840 ι
1120 815 1269 850 πρόςωπον
1282 817 1350 853 πρὸς
1368 818 1515 852 πρόσωπον
1525 827 1533 834 ·
1551 828 1561 846 ›
1584 822 1630 846 καὶ
1644 821 1658 848 ὁ
1669 821 1878 856 Εὑαγγελιστὴς

1093 861 1232 896 Ἰωάννης,
1253 872 1262 888 ι
1280 863 1420 898 Ὀψόμεθα
1435 865 1518 892 αὑτὸν
1547 866 1639 899 καθώς
1667 868 1737 894 ἔστι.
1762 867 1879 902 Ταύτην
1898 902 1901 904 _

1086 906 1174 942 δὲτὴν
1189 908 1256 934 κατά
1271 908 1334 935 νοῦν
1362 910 1483 945 ἀρρητον
1509 911 1570 945 ὄψιν
1596 913 1642 939 καὶ
1668 912 1798 949 θεωρίαν,
1826 914 1878 949 τὴν

247 958 357 985 ditatem
369 961 396 984 et
407 961 522 988 sortem,
548 964 631 991 quam
645 956 741 983 beatus
770 955 919 989 Dionysius
938 955 1033 983 «unio-

1086 951 1140 977 τῶν
1155 951 1268 979 δικαίων
1283 953 1480 988 κληρονομίαν,
1493 955 1526 989 ἢν
1545 956 1559 982 ὸ
1580 956 1717 991 μακάριο;
1732 958 1878 990 Διονύσιος

248 1007 410 1030 neutntente
430 1002 614 1037 superiorem.
637 1006 724 1033 vocat,
739 1008 856 1036 magnus
883 1000 1033 1036 Gregorius

247 1048 403 1083 Theologus
430 1055 558 1082 (regnum
585 1047 734 1075 caelorum»
761 1046 888 1080 allirtnat,
908 1054 988 1082 quem
1007 1051 1034 1074 et

247 1094 333 1129 prius,
354 1093 387 1121 iis
402 1101 463 1129 qua:
478 1094 603 1128 exposita
619 1098 696 1125 sunt,
719 1092 746 1119 id
770 1092 811 1119 vel
833 1092 953 1119 maxime
968 1099 1033 1119 sen-

247 1140 358 1167 tientem
370 1140 553 1167 ostendimus.
570 1138 599 1166 In
612 1146 643 1166 ea
657 1138 728 1165 enim
743 1137 873 1166 Oratione
887 1145 969 1172 quant
984 1137 1033 1164 hae

247 1186 306 1214 buit
320 1186 357 1214 ob
379 1186 488 1221 Plagam
507 1185 663 1220 grandinis,
685 1184 731 1211 tibi
747 1183 831 1211 futuri
847 1184 920 1211 illius
946 1187 1033 1211 status

247 1232 383 1266 meminit,
401 1235 586 1267 provocatque
596 1232 748 1263 auditores,
760 1235 790 1258 ut
807 1230 940 1257 memoria
953 1237 1032 1258 reco-

247 1278 314 1312 lunt,
340 1285 403 1313 qua:
428 1277 519 1313 iustos
551 1282 578 1304 et
602 1277 722 1311 injustos
745 1281 893 1311 exceptura
924 1277 1034 1312 praemia

247 1326 321 1353 sint:
341 1324 448 1357 (ραις.)
472 1324 571 1359 inquit,
587 1323 659 1351 «illic
681 1323 906 1358 patronusl’qum
922 1323 1034 1350 causifi-

246 1371 338 1399 catio?
353 1379 414 1406 qua:
434 1370 502 1398 falsa
517 1369 663 1398 defensio?
679 1369 752 1405 quod
776 1369 957 1397 artificiosum
973 1377 1033 1396 ver-

247 1418 344 1445 borum
371 1417 539 1445 lenocinium
554 1417 566 1443 ?
580 1416 691 1451 quando
719 1422 909 1452 proponentur
929 1417 1032 1450 throni,

246 1469 274 1492 et
287 1463 424 1498 Antiquus
435 1463 540 1490 dierum
553 1463 717 1497 praesidebit,
735 1468 761 1490 et
781 1463 840 1490 libri
865 1464 1032 1497 aperientur,

246 1513 274 1536 et
292 1509 390 1543 igneus
403 1509 504 1536 flttvius
515 1509 639 1536 volvetur
648 1508 691 1540 ⁶³;
708 1513 734 1536 et
752 1509 797 1535 lux
813 1516 828 1535 a
839 1509 937 1542 fronte,
947 1513 973 1535 et
984 1516 1032 1544 pa-

247 1559 314 1582 rata:
327 1554 446 1582 tenebrae
461 1555 484 1570 “
494 1575 501 1588 ,
516 1559 542 1581 et
555 1553 704 1589 procedettt
719 1555 766 1589 qtti
785 1554 854 1582 bona
871 1555 994 1582 fecerunt
1006 1555 1032 1582 itt

247 1600 478 1628 resurrectionem
500 1600 562 1628 vita:
575 1601 597 1616 “
609 1620 618 1633 ,
646 1608 719 1628 ttuttc
736 1601 762 1628 itt
786 1600 897 1628 Christo
915 1601 1032 1628 abscon-

246 1646 310 1673 ditae
322 1645 357 1679 “;
373 1646 420 1681 qui
433 1649 523 1673 autent
538 1645 607 1673 tuala
623 1649 748 1679 egerunt,
760 1646 788 1673 in
804 1647 1032 1674 resurrectionem

244 1692 351 1727 judicii,
364 1699 418 1728 Quo
434 1691 454 1719 ii
477 1693 523 1726 qui
544 1700 598 1719 non
613 1693 728 1719 credunt
745 1699 759 1719 a
774 1691 863 1719 Verbo
886 1699 933 1720 eos
957 1692 1032 1727 judi-

247 1742 336 1771 cantc,
351 1737 407 1772 jam
418 1737 595 1765 condemnati
610 1742 675 1765 sunt
688 1737 721 1764 ".
737 1739 827 1772 Atque
841 1738 902 1764 illos
923 1738 1033 1772 quidem

247 1784 295 1812 tux
312 1783 442 1818 excipiet,
455 1789 613 1819 sanctaque
625 1791 657 1811 ac
670 1785 752 1819 regia:
766 1783 921 1817 Trinitatis,
938 1785 1034 1819 purius

246 1831 303 1865 jam
318 1837 351 1859 ac
374 1831 476 1859 clarius
495 1830 645 1863 illucentis,
672 1835 814 1864 totamque
836 1837 866 1856 se
888 1837 950 1857 cum
977 1834 1034 1857 tota

249 1882 341 1905 mente
355 1877 510 1910 miscentis,
520 1877 716 1913 contemplatio
729 1878 767 1913 (tn
777 1886 829 1913 qua
842 1885 904 1913 ego,
920 1877 961 1905 vel
977 1877 1034 1904 sola

249 1923 366 1951 tttaximc
377 1929 491 1958 regnum
504 1924 637 1951 ctelorum
647 1926 765 1959 positum
776 1931 838 1952 esse
848 1923 970 1958 censeo),
984 1923 1034 1951 ltos

247 1975 339 1997 autent
351 1969 432 1997 simul
449 1977 512 1997 cuttt
528 1969 600 2002 aliis,
622 1970 664 1997 vel
687 1969 779 2004 potius
793 1974 857 1997 ante
870 1969 935 2004 alia,
961 1969 1034 1997 istud

247 2015 427 2049 excruciabit,
442 2015 516 2051 quod
532 2023 547 2043 a
571 2015 626 2043 Deo
639 2016 753 2051 projecli
773 2017 839 2048 sint,
858 2021 939 2052 atque
955 2015 1033 2043 inus-

248 2067 302 2089 tam
318 2062 346 2089 in
362 2062 529 2090 conscientia
548 2063 723 2097 sempiternae
753 2062 913 2097 ignominiae
939 2067 1031 2090 uolam

247 2113 369 2143 gerant.)
387 2108 426 2135 En
442 2107 591 2143 Gregorius
604 2116 713 2144 quoque
742 2112 901 2135 sanctorum
918 2108 1033 2136 haeredi—

249 2160 331 2183 tatcut
353 2162 417 2183 esse
432 2155 512 2182 docet
527 2155 574 2182 Dei
592 2148 849 2190 contemplationem
861 2175 869 2188 ,
889 2159 1033 2189 totuntque

248 2210 310 2229 cuttt
326 2201 374 2230 toti
397 2201 480 2229 menti
502 2201 623 2235 misceri,
639 2203 710 2237 quod
726 2206 754 2229 et
770 2208 883 2236 regnum
899 2201 1033 2229 caelorum

248 2250 339 2274 vocat.

1087 1007 1097 1024 ι
1116 997 1185 1033 ὑπὲρ
1209 999 1273 1026 νοῦν
1298 999 1395 1026 ἕνωσιν
1412 1010 1421 1026 ι
1451 1001 1538 1035 καλεῖ,
1561 1004 1575 1029 ὁ
1606 1003 1695 1038 μέγας
1722 1003 1876 1039 Γρηγόριος

1083 1045 1097 1071 ό
1114 1044 1246 1079 Θεολόγος
1274 1046 1328 1081 (87)
1374 1055 1383 1072 ι
1407 1047 1547 1081 βασιλείαν
1572 1049 1695 1084 οὐρανῶν
1713 1059 1723 1076 ι
1755 1051 1876 1083 τίθεται,

1085 1090 1113 1116 ὃν
1131 1091 1179 1118 καὶ
1192 1091 1327 1127 πρότερον
1341 1093 1395 1119 ἀπὸ
1407 1093 1462 1120 τῶν
1477 1094 1645 1122 ἐκτεθέντων
1657 1095 1736 1123 τοῦτο
1745 1098 1794 1124 καὶ
1802 1098 1876 1133 μάλα

1084 1136 1238 1170 φρονοῦντα
1267 1137 1439 1173 ἐδείκνυμεν.
1454 1138 1500 1165 Ἐν
1522 1139 1577 1175 γὰρ
1602 1139 1641 1175 τῷ
1671 1141 1780 1176 ῥηθέντι
1802 1142 1875 1176 λόγῳ

1083 1180 1129 1207 διὰ
1145 1181 1195 1216 τὴν
1211 1181 1318 1216 πληγὴν
1336 1182 1385 1217 τῆς
1410 1182 1543 1218 χαλάζης,
1573 1184 1623 1218 τῆς
1651 1185 1805 1221 μελλούσης
1823 1195 1875 1213 xz-

1085 1226 1242 1258 ταστάσεως
1274 1228 1462 1262 μεμνημένος,
1490 1228 1538 1255 καὶ
1566 1229 1630 1261 τοὺς
1654 1231 1796 1266 ἀκροατὰς
1827 1232 1874 1258 ἐπὶ

1083 1271 1133 1307 τὴν
1151 1271 1264 1306 μνήμην
1277 1273 1500 1308 προκαλούμενος
1516 1274 1572 1300 τῶν
1595 1275 1757 1309 μελλόντων
1784 1277 1874 1303 διαδέ-

1085 1316 1312 1349 ξασθαιδικαίους
1328 1318 1377 1345 καὶ
1392 1319 1513 1352 ἀδίκους,
1531 1330 1539 1346 ι
1555 1321 1603 1352 Τίς
1615 1323 1763 1357 συνήγορος
1775 1323 1842 1355 ἐκεῖ,
1862 1333 1871 1349 ι

1084 1363 1162 1399 φησὶ,
1181 1373 1190 1390 ι
1221 1365 1286 1391 ποία
1308 1364 1420 1400 σκῆψις,
1448 1366 1491 1398 τίς
1521 1367 1623 1403 ψευδὴς
1646 1368 1792 1402 ἀπολογία,
1808 1370 1874 1396 ποία

1084 1409 1232 1446 πιθανότης
1244 1411 1377 1447 ἔντεχνος,
1394 1413 1477 1448 ἡνίκα
1497 1413 1587 1449 θρόνοι
1614 1415 1800 1450 προτίθενται,
1826 1418 1874 1443 καὶ

1086 1455 1203 1486 Παλαιὸς
1220 1457 1333 1491 ἡμερῶν
1350 1458 1562 1493 προκαθέζεται,
1579 1461 1627 1488 καὶ
1650 1460 1738 1495 βίϐλοι
1770 1462 1873 1489 διανοί-

1084 1509 1189 1534 γονται,
1206 1502 1254 1528 καὶ
1269 1503 1394 1537 ποταμὸς
1410 1504 1497 1539 πυρὸς
1513 1505 1622 1532 ἕλκεται
1641 1507 1732 1533 καὶτὸ
1750 1508 1809 1542 φῶς
1820 1509 1873 1543 ἐμ-

1076 1546 1208 1580 ππροσθεν
1226 1546 1349 1582 (⁷88),καὶ
1360 1548 1390 1575 τὸ
1406 1550 1502 1581 σκότος
1517 1551 1719 1587 ἡτοιμασμένον
1730 1561 1738 1568 ⁸
1756 1554 1804 1581 καὶ
1823 1563 1873 1581 τιο-

1087 1592 1210 1627 ρεύονται
1241 1596 1266 1621 οἱ
1294 1595 1329 1621 τὰ
1347 1596 1440 1630 ἀγαθὰ
1467 1599 1633 1632 ποιήσαντες
1655 1600 1695 1631 εις
1722 1601 1873 1628 ἀνάστασιν
1900 1592 1905 1596 ’

1060 1645 1066 1653 ¹
1086 1640 1168 1674 ζωῆς,
1194 1640 1245 1675 τῆς
1265 1641 1294 1667 ὲν
1323 1642 1434 1677 Χριστῷ
1451 1642 1499 1669 νῦν
1526 1645 1727 1681 κρυπτομένης,
1745 1647 1770 1673 οι
1789 1648 1817 1674 δὲ
1837 1650 1872 1675 τὰ

1085 1686 1175 1719 φαῦλα
1191 1686 1344 1722 πράξαντες
1364 1688 1404 1720 είς
1420 1688 1572 1717 ἀνάστασιν
1588 1691 1705 1726 κρίσεως
1723 1700 1731 1709 ⁸
1759 1693 1793 1729 ἥν
1820 1695 1870 1729 ἤδη

1085 1732 1162 1767 παρά
1175 1733 1222 1759 τοῦ
1241 1733 1380 1768 κρίνοντος
1396 1735 1496 1768 αὐτοὺς
1517 1736 1605 1771 Λόγου
1620 1738 1644 1764 οἱ
1672 1739 1709 1774 μὴ
1733 1740 1873 1766 πιστεύον-

1084 1785 1130 1808 τες
1148 1779 1360 1815 κατεκρίθησαν.
1378 1781 1433 1808 Καὶ
1445 1782 1509 1814 τοὺς
1527 1783 1577 1817 μὲν
1590 1785 1620 1810 τὺ
1635 1785 1692 1819 φῶς
1708 1785 1870 1822 διαδέχεται,

1085 1825 1133 1850 καὶ
1148 1825 1163 1860 ή
1178 1825 1228 1860 τῆς
1240 1826 1319 1861 ἁγίας
1331 1827 1379 1854 καὶ
1393 1828 1537 1864 βασιλικῆς
1550 1829 1652 1865 θεωρία
1677 1832 1802 1866 Τριάδνς,
1829 1833 1872 1860 ἑλ-

1085 1870 1248 1907 λαμπούσης
1263 1873 1428 1908 τρανότερόν
1454 1882 1484 1900 τε
1513 1875 1562 1901 καὶ
1592 1877 1795 1912 καθαρώτερον,
1826 1881 1871 1905 καὶ

1084 1917 1149 1951 ὅλης
1168 1918 1220 1954 ὅλῳ
1234 1917 1275 1946 νοῒ
1287 1919 1460 1956 μιγνυμένης
1470 1921 1515 1957 (ἢν
1531 1922 1563 1957 δὴ
1580 1923 1626 1950 καὶ
1641 1925 1726 1959 μόνην
1753 1924 1871 1959 μάλιστα

1085 1963 1225 1999 βασιλείαν
1238 1965 1359 2000 οὐρανῶν
1375 1965 1430 2000 ἐγὼ
1446 1967 1580 2003 τίθεμαι)·
1596 1971 1652 2001 τοῖς
1678 1970 1706 1997 δὲ
1723 1971 1793 2006 μετὰ
1817 1972 1870 1998 τῶν

1085 2010 1172 2037 ἄλλων
1200 2009 1335 2045 βασάνων,
1360 2012 1463 2046 μᾶλλον
1490 2013 1519 2040 δὲ
1549 2015 1602 2049 πρὸ
1632 2017 1687 2042 τῶν
1721 2017 1820 2050 ἄλλων,
1842 2018 1871 2044 τὸ

1085 2056 1255 2092 ἀπερῤίφθαι
1269 2057 1348 2090 Θεοῦ,
1366 2060 1445 2094 καὶὴ
1477 2059 1505 2086 ἐν
1528 2060 1566 2095 τῷ
1596 2062 1728 2089 συνειδότι
1757 2065 1870 2100 αισχύνη

1084 2103 1171 2138 πέρας
1183 2104 1234 2130 οὐκ
1251 2104 1363 2139 ἔχουσα.
1381 2115 1390 2131 ι
1413 2106 1479 2132 Ἰδοὺ
1496 2107 1544 2134 καὶ
1558 2105 1634 2141 οὗτος
1651 2109 1700 2144 τὴν
1717 2111 1772 2136 τῶν
1785 2112 1871 2145 ἁγίων

1083 2149 1266 2185 κληρονομίαν
1285 2150 1334 2186 τὴν
1347 2150 1393 2177 τοῦ
1405 2151 1471 2179 Θεοῦ
1489 2152 1605 2189 θεωρίαν
1629 2153 1702 2182 εἶναι
1730 2157 1870 2185 διδάσκειο

1083 2195 1130 2221 καὶ
1149 2195 1210 2222 ὅλον
1227 2195 1281 2230 ὅλῳ
1296 2196 1335 2230 τῷ
1351 2195 1392 2223 νοτ
1416 2197 1579 2232 μίγνυσθαι,
1604 2199 1618 2226 ὃ
1631 2199 1662 2235 δὴ
1674 2201 1720 2227 καὶ
1733 2201 1871 2236 βασιλείαν

1084 2241 1208 2276 οὐρανῶν
1226 2241 1367 2277 ὀνομάζει.

284 2293 361 2321 llaud
381 2298 469 2321 tamen
503 2292 530 2320 in
555 2292 668 2320 dubium
689 2293 853 2326 vocandum,
868 2292 913 2328 qui
928 2292 986 2326 fiat,
1003 2297 1032 2320 ttt

1119 2287 1157 2313 Οὐ
1185 2287 1278 2322 μέντοι
1303 2287 1417 2322 ἀπορεῖν
1436 2287 1485 2321 δεῖ,
1501 2288 1561 2320 πῶς
1589 2290 1711 2325 ὀψόμεθα
1737 2292 1782 2319 τὴν
1805 2293 1870 2320 Θου

248 2340 320 2374 quod
350 2340 387 2367 ait
413 2339 524 2372 Paulus,
543 2347 553 2365 ι
574 2339 643 2366 facie
665 2339 698 2366 ad
714 2338 812 2367 facient
828 2339 851 2356 “
869 2349 879 2366 ι
894 2339 1035 2368 videamus

249 2384 334 2410 Deum
355 2384 490 2419 ;ipseque
516 2383 658 2416 Dominus,
693 2393 702 2410 ι
735 2383 810 2411 Beati
824 2384 926 2411 mundo
940 2384 1033 2417 corde,

248 2428 376 2461 quoniaut
404 2427 454 2461 ipsi
476 2427 560 2454 Deum
589 2427 718 2455 videbunt
744 2428 777 2455 ".
797 2437 808 2454 ι
826 2429 897 2456 Sane
925 2429 1034 2463 quidem

250 2474 402 2502 videbimus
418 2482 469 2510 pro
481 2482 514 2502 eo
527 2480 617 2502 tanton
632 2481 665 2501 ac
694 2475 792 2502 utentis
808 2480 908 2503 nostrae
921 2475 1036 2503 facultas

249 2521 361 2556 patitur,
376 2527 478 2557 quanta
509 2521 615 2548 scilicet
634 2525 728 2548 nostra
752 2521 933 2556 cognoscendi
948 2521 989 2549 vis
1003 2529 1036 2550 ac

248 2568 430 2603 intelligendi.
458 2566 535 2594 Nunc
561 2566 672 2601 quidem
698 2565 725 2593 itt
743 2566 847 2593 umbris
872 2566 995 2595 videmus
1008 2572 1035 2594 et

286 2661 307 2677 ⁶¹
322 2660 331 2687 1
345 2661 408 2688 Cor.
425 2667 487 2692 xttt,
510 2660 554 2687 με.
591 2659 615 2675 ⁶¹
632 2659 642 2686 Ι
658 2657 735 2687 loan.
757 2666 801 2690 tu,
813 2658 841 2684 ‘2.
887 2658 910 2674 "
927 2657 994 2685 Dan.
1008 2658 1055 2690 vit,
1068 2657 1152 2689 9.58.

1088 2341 1098 2359 ‹
1115 2333 1262 2368 πρόσωπον
1275 2333 1343 2368 πρὸς
1356 2333 1513 2368 πρόσωπον,
1532 2345 1542 2360 ι
1557 2335 1593 2367 ὣς
1607 2345 1672 2371 φησι
1688 2337 1793 2369 Παῦλος
1804 2347 1812 2353 ·
1825 2340 1870 2366 καὶ

1085 2380 1099 2407 ὸ
1117 2380 1229 2416 Κύριος,
1251 2389 1260 2406 ι
1280 2381 1419 2416 Μακάριοι
1434 2381 1459 2408 οἱ
1475 2382 1592 2418 καθαροὶ
1604 2386 1636 2419 τῇ
1655 2386 1808 2421 καρδίᾳ,ὃτι
1824 2389 1869 2414 αὑ-

1085 2425 1127 2452 τοὶ
1137 2426 1183 2452 τὸν
1207 2426 1276 2453 Θεὸν
1298 2426 1419 2461 ὄψονται.
1445 2436 1456 2453 ›
1491 2428 1629 2463 Ὀψόμεθα
1650 2430 1700 2465 μὲν
1723 2434 1788 2467 γὰρ,
1805 2433 1870 2460 ἀλλὰ

1087 2471 1178 2504 καθὼς
1193 2471 1232 2507 τῷ
1260 2472 1388 2508 ἡμετέρῳ
1405 2472 1444 2508 νῷ
1469 2473 1592 2507 δυνατὸν,
1614 2477 1685 2502 κατά
1697 2478 1727 2504 τὸ
1743 2479 1869 2513 ἀνάλογον

1087 2518 1248 2553 γνωστικόν.
1276 2518 1333 2546 Νῦν
1349 2519 1399 2555 μὲν
1414 2520 1468 2556 γὰρ
1481 2521 1511 2548 ὲν
1522 2524 1612 2554 σκιαῖς
1625 2524 1672 2550 καὶ
1685 2526 1715 2550 ὲν
1732 2526 1869 2561 αἰνίγμασι

1089 2564 1235 2600 βλέπομεν,
1251 2564 1321 2599 ειπερ
1336 2565 1351 2591 ό
1369 2564 1450 2598 αὐτὸς
1466 2566 1617 2603 Γρηγόριος
1633 2569 1647 2596 ὁ
1661 2569 1792 2605 Θεολόγος
1803 2580 1868 2606 γνωο

1202 2657 1224 2674 ⁸³
1240 2657 1308 2687 Jocl.
1321 2659 1406 2693 n,25.
1463 2661 1486 2676 “
1498 2660 1577 2689 Joan.
1598 2670 1625 2696 v,
1647 2662 1692 2690 29.
1731 2663 1754 2679 "‘
1766 2662 1866 2693 Coloss.

250 2704 291 2731 ut,
308 2696 334 2724 5.
374 2697 394 2713 ⁵⁷
410 2695 491 2723 Joau.
504 2703 545 2728 ut,
561 2695 604 2722 18.
644 2695 667 2710 ⁵³
680 2693 690 2720 l
704 2694 767 2722 Cor.
785 2701 844 2726 χιιι,
861 2693 904 2721 12.
943 2694 965 2709 ⁸⁹
982 2693 1033 2720 Mal

1096 2701 1122 2727 v,
1140 2694 1167 2722 ὅ.

285 2787 342 2822 (8'1)
362 2787 438 2816 Orat.
454 2787 498 2815 15.

286 2824 342 2862 (83)
362 2823 416 2862 K9)
434 2822 547 2862 ιςὸ-φῷς
566 2823 750 2862 ἔμπροσθεν.
779 2822 874 2862 Putem
891 2821 971 2862 (ξτες.
994 2830 1036 2862 r_e-

250 2856 372 2895 spexisse
385 2858 449 2886 illud
465 2856 522 2885 Jocl
539 2867 568 2890 ιι,
580 2858 597 2885 5
612 2856 690 2885 εΚαὶ
705 2856 860 2892 ἔμπροσθεν
875 2857 958 2883 αὐτοῦ
980 2857 1035 2892 πῦρ

250 2894 395 2921 ἀναλίσκον
410 2903 417 2910 ι
438 2893 494 2921 sive
513 2894 570 2923 φῶς
586 2894 623 2920 illi
640 2893 761 2923 obrepsit
777 2893 837 2919 loco
859 2892 956 2923 πυρὸς,
976 2893 1034 2920 sive

248 2894 395 2921 ἀναλίσκον
410 2903 417 2910 ι
438 2894 494 2921 sive
513 2894 570 2928 φῶς
586 2894 623 2920 illi
640 2894 761 2926 obrepsit
777 2894 837 2919 loco
859 2894 956 2926 πυρὸς,
976 2894 1032 2920 sive

250 2932 283 2959 de
301 2929 437 2958 industria
451 2930 487 2957 ita
507 2930 637 2962 mutavit;
660 2928 735 2963 quasi
751 2935 800 2962 pro
814 2927 908 2954 eodem
929 2927 1032 2956 balteus

1093 2786 1196 2830 lnutcu,
1210 2786 1283 2830 quod
1298 2788 1332 2814 sit
1345 2789 1378 2830 ad
1395 2793 1589 2830 torquentium,
1604 2793 1743 2830 cuntipso
1759 2794 1818 2829 igne
1832 2795 1868 2823 sic

1092 2827 1254 2859 torquente;
1279 2828 1381 2856 parata:
1405 2827 1486 2852 etiam
1512 2828 1641 2859 tenebrae.
1657 2827 1716 2856 dies
1737 2827 1782 2856 illa
1800 2835 1869 2857 tene-

1089 2857 1200 2897 brarum
1218 2862 1245 2898 et
1259 2858 1393 2898 caliginis.
1409 2859 1505 2898 Matth.
1522 2870 1584 2895 xxv,
1599 2857 1646 2894 54,
1660 2863 1732 2896 ignis
1745 2869 1868 2898 :ctt‘ruus,

1085 2892 1211 2962 gritlisipse
1224 2892 1350 2927 tenebrae,
1364 2894 1472 2924 diabolo
1485 2892 1597 2932 paratus
1610 2892 1712 2926 dicitur
1727 2904 1755 2927 et
1769 2892 1867 2935 angulis
