1950 3070
134 140 189 172 653

626 140 676 170 DE
698 139 909 171 PRlNClPIlS
927 137 1031 170 FIDE!
1052 136 1289 170 CATHOLIC/E.

1696 138 1750 171 654

133 199 255 233 ρίσματα
270 194 317 223 τοῦ
330 195 398 222 Θεοῦ
416 195 484 230 μετὰ
497 194 564 222 Θεὸν
581 193 673 228 ἔλεγεν
685 195 714 221 ἓν
730 196 785 226 τοῖς
800 195 918 228 θεολογι-

979 196 1134 230 l‘nigmalis,
1149 202 1210 229 qum
1226 194 1296 221 idem
1315 192 1462 227 Gregorius
1480 192 1633 229 Theologus
1647 194 1752 222 oratio-

133 245 192 274 κοῖς
217 242 300 269 αὑτοῦ
328 241 420 275 λόγοις
436 241 492 276 (89)
502 248 511 257 ⁸
538 241 696 276 Epp-qvain
710 240 738 266 δὲ
752 241 799 266 καὶ
812 240 872 266 τίνα
885 240 919 267 τὰ

133 287 313 322 γνωρίσματα
343 286 448 317 ταῦτα,
488 285 736 321 ἑπιφωνηματικῶς
767 285 918 320 ἐπήγαγεν,

137 342 147 360 ‹
165 334 272 367 ’Ὠσπερ
297 333 327 359 αἱ
353 332 414 358 καθ’
442 332 545 358 ὑδάτων
558 332 635 366 ἡλίου
653 332 728 358 σκιαὶ
753 331 799 357 καὶ
817 331 920 362 εἰκόνες

136 379 252 413 σαθραίς
265 378 343 413 ὕψεσι
358 377 575 413 παραδεικνῦσαι
586 377 631 403 τὸν
645 376 733 412 ἥλιον,
747 376 808 403 ἐπεὶ
820 376 858 412 μὴ
872 377 920 404 αὐ-

136 423 182 450 τὸν
199 423 384 458 προσὸλέπειν
403 420 458 448 οἷόν
483 430 524 454 τε,
549 421 589 456 τῷ
606 422 753 456 ἀκραιφνεῖ
773 422 820 448 τοῦ
832 421 921 456 φωτὸς

135 468 254 494 νικῶντα
269 467 318 502 τὴν
335 467 463 502 αῐσοησιν
473 476 480 484 υ
500 476 509 493 ι
530 468 591 493 τότε
607 468 634 494 δὲ
650 467 701 494 οὒκ
716 468 745 494 ὲν
765 468 854 499 σκιαῖς
865 467 921 494 οὐδ’

137 515 166 539 ἐν
178 514 348 548 αἰνιγμασιν,
364 514 423 540 ἀλλ’
447 514 527 541 αὐτὸν
544 514 590 540 τὸν
612 514 689 546 Θεὸν,
704 513 796 545 καθὼς
807 515 832 540 ot
847 514 921 548 ἆγιοί

139 568 235 594 φασιν,
246 561 276 586 οὔ
289 559 398 592 τελείως
411 560 461 594 τὴν
472 560 566 588 οὐσίαν
578 559 660 586 αὐτοῦ
676 560 878 590 κατανοοῦντες,
890 560 920 586 οὗ

138 606 193 640 γὰρ
218 605 316 640 ἔχομεν
337 606 368 632 τὸ
393 606 523 639 ἀνάλογον
540 607 706 640 γνωστικόν·
735 604 752 640 ἦ
772 606 826 640 γὰρ
852 603 922 639 ἦμεν

139 651 202 678 Θεοὶ
215 652 275 678 κατ’
291 652 386 682 αὑτὸν,
399 652 512 687 ἄναρχοι
528 653 576 678 καὶ
590 652 697 686 ἄπειροι
711 652 757 678 καὶ
771 651 923 686 ἀπερίγρα-

140 706 203 724 met
219 698 267 724 καὶ
283 697 393 730 τέλειοι,
411 698 591 732 γινώσκοντες
607 697 688 724 αὐτὸν
711 697 748 729 ὡς
762 697 842 728 αὐτὸς
859 698 922 724 ἐαυ-

138 743 194 769 τόν.
231 743 302 769 Ἀλλ’
321 743 406 775 οὕτως
425 743 558 777 ὀψόμεθα,
576 743 670 777 ὥσπερ
697 743 761 770 ὅταν
786 743 816 769 τὸ
845 742 923 778 ὄμμα

140 788 209 823 πρὸς
220 788 266 815 τὸν
276 789 354 824 ἥλιον
366 789 560 825 ἀνατείνωμεν,
584 789 634 821 τὰς
650 791 678 815 ὲν
692 790 747 819 τοῖς
763 789 857 816 ὕδασιν
872 790 923 816 αὑ-

139 834 187 860 τοῦ
205 835 284 864 σκιὰς
303 835 483 868 ὑπερϐάντες.
499 835 564 861 Τότε
580 835 628 869 μὲν
642 834 697 869 γὰρ
711 834 757 860 τὸν
772 834 848 869 ἥλιον
860 834 922 869 βλὲ-

139 888 202 907 ¹ιειν
216 880 342 914 εἴποιμεν
353 880 386 906 ἂν
399 879 488 915 ὀρθῶς
498 887 506 895 ·
524 880 554 905 οὐ
573 879 626 914 μὴν
645 879 769 914 ἀκριϐῶς
780 878 862 906 αὑτὸν
873 887 923 906 κα-

139 926 259 958 τανοεῖν,
284 924 347 951 οὔτε
373 925 404 951 τὸ
422 924 547 959 μέγεθος,
573 924 633 951 οὔτε
647 925 697 960 τὴν
710 925 816 956 οὐσίαν,
836 924 883 950 καὶ
896 925 925 950 τὸ

140 971 320 1005 ὑποκείμενον
343 970 374 997 τὸ
401 969 524 997 δεκτικὸν
543 970 592 996 τοῦ
608 970 697 1004 φωτός
708 978 715 985 ·
740 969 803 996 οὕτε
818 970 853 996 τὰ
866 969 926 996 κατ’

140 1018 223 1044 αὑτὸν
233 1017 334 1048 πάντα,
355 1017 384 1050 ἑξ
397 1013 434 1045 ὧν
449 1016 576 1048 σύνθετός
592 1017 668 1043 ἐστιν
679 1025 686 1032 ·
703 1017 779 1051 ὅμως
792 1015 926 1051 λεγόμεθα

141 1063 250 1099 βλέπειν
268 1063 314 1090 τὸν
329 1063 417 1098 ἥλιον.
445 1063 502 1090 Καὶ
516 1062 594 1089 τοῦτο
615 1062 665 1096 μὲν
692 1062 728 1094 ὠς
751 1061 926 1097 παράδειγμα

140 1109 267 1142 εἴληπται
278 1116 284 1124 ·
298 1108 360 1135 ὅθεν
379 1108 441 1136 οὐδὲ
460 1108 493 1134 τὰ
508 1107 604 1134 τούτου
620 1108 667 1134 καὶ
679 1108 725 1134 ἐπὶ
737 1107 804 1134 Θεοῦ
816 1106 924 1142 λαμΰά-

140 1163 199 1181 νειν
213 1154 254 1181 δεῖ
278 1155 378 1188 πάντα,
393 1155 438 1182 ἴνα
456 1154 494 1190 μὴ
511 1154 579 1189 πρὸς
594 1154 649 1185 τοῖς
666 1153 756 1184 ἄλλοις
783 1153 830 1180 καὶ
845 1161 924 1187 περι-

141 1201 266 1236 γραπτὸν
273 1201 320 1228 τὸν
334 1201 401 1227 Θεὸν
416 1199 627 1235 φαντασθῶμεν.

972 241 1051 267 nibus
1076 241 1134 267 suis
1160 239 1317 274 theologieis
1338 239 1454 270 dicebat,
1473 248 1483 265 ι
1502 239 1548 266 Dei
1567 240 1686 267 numinis
1701 247 1751 275 po-

971 287 1085 314 steriora
1111 285 1166 313 Deo
1181 285 1296 317 indicia;
1318 294 1327 310 ι
1343 292 1539 320 exponensque
1552 292 1675 320 quamam
1694 285 1754 313 lucc

971 330 1144 365 intelligenda
1177 329 1288 360 indicia,
1321 329 1395 356 velut
1422 329 1587 357 sententiam
1619 329 1752 357 claudens

971 377 1109 412 subjecit:
1136 385 1145 402 t
1173 375 1231 404 Non
1251 383 1330 403 secus
1355 375 1481 403 videlicet
1503 383 1535 402 ac
1551 375 1618 403 solis
1635 376 1661 402 in
1675 376 1752 410 aquis

971 423 1073 451 umbrae
1099 427 1181 457 atque
1210 421 1356 449 simulacra
1390 421 1506 448 inﬁrmis
1550 421 1637 448 oculis
1667 421 1752 448 solem

971 473 1167 504 reprtesentant
1190 477 1198 495 :
1223 467 1444 502 quandoquidem
1472 475 1534 494 cum
1557 467 1664 493 obtueri
1680 474 1752 501 ,nou

971 522 1128 550 possumus,
1151 518 1242 548 utpote
1269 513 1338 540 lucis
1365 512 1482 547 puritate
1508 519 1617 540 sensum
1646 519 1753 538 munem

972 564 1155 594 superantem.
1178 569 1188 585 ι
1219 557 1296 585 Tunc
1319 565 1382 585 vero
1410 565 1464 584 tton
1493 558 1520 584 in
1542 557 1645 585 umbris
1659 564 1708 584 nec
1726 557 1754 583 in

972 605 1134 639 aenigmatis,
1152 605 1198 631 sed
1215 605 1302 638 ipsutn
1316 602 1413 636 Deum,
1426 602 1465 630 uti
1476 602 1625 637 loquuntur
1643 601 1754 633 Sancti;

975 660 1026 678 non
1056 652 1116 686 ejus
1138 650 1255 685 perfecte
1283 641 1452 684 perspectam
1479 649 1610 676 habentes
1627 649 1756 676 substan-

974 698 1038 724 tiam
1055 706 1061 723 :
1085 704 1136 723 non
1153 696 1225 723 enim
1242 702 1273 722 ea
1292 695 1388 722 mentis
1403 698 1502 721 nostrae
1516 694 1558 722 vis
1568 698 1619 726 est,
1642 697 1671 720 ut
1683 692 1756 728 pari-

973 743 1024 770 bus
1045 742 1083 769 illi
1111 741 1199 768 modis
1218 739 1392 773 respondeat,
1414 738 1516 774 alioqui
1534 738 1606 765 haud
1622 745 1700 766 secus
1725 744 1758 764 ac

976 788 1022 815 ille
1043 787 1079 814 dii
1094 794 1229 818 essemus,
1242 785 1370 821 principii
1393 789 1529 820 expertes,
1542 783 1653 817 inﬁniti,
1672 783 1757 811 incir—

974 833 1145 868 cumscripti,
1169 831 1294 867 perfecti,
1311 831 1398 866 ipsum
1426 833 1634 866 cognoscentes,
1656 834 1686 856 ut
1701 829 1759 864 ipse

974 882 1094 915 scipsum
1118 878 1260 914 cognoscit
1283 886 1290 906 :
1311 878 1357 905 sed
1375 877 1414 905 sic
1429 885 1491 905 eum
1507 876 1672 909 videbimus.
1687 876 1759 903 velut

973 932 1035 953 cutn
1051 925 1186 959 superatis
1201 931 1261 959 quae
1276 923 1303 950 in
1317 924 1395 958 aquis
1418 927 1536 959 exstant,
1564 922 1629 950 solis
1644 921 1759 954 umbris,

975 970 1001 998 in
1015 970 1102 1005 ipsum
1132 969 1226 997 oculos
1255 969 1340 996 solem
1364 969 1574 996 intenderimus.
1590 967 1669 996 Tunc
1684 967 1762 995 enim

974 1021 1046 1043 recte
1062 1015 1184 1043 dicamur
1197 1014 1289 1042 videre
1303 1014 1405 1048 solem;
1419 1014 1526 1042 tametsi
1545 1021 1610 1041 eum
1638 1012 1761 1049 perfecte

975 1069 1034 1089 non-
1046 1061 1314 1096 perspiciamus,nee
1331 1054 1432 1096 quanta
1446 1060 1504 1095 ejus
1525 1060 1697 1095 magnitudo,
1711 1067 1762 1087 nec

977 1113 1077 1143 quanta
1095 1107 1248 1146 substantia
1273 1115 1305 1135 ac
1330 1107 1502 1142 suppositum
1522 1106 1609 1134 lucem
1632 1111 1761 1142 gestans;

976 1162 1027 1181 nec
1046 1153 1162 1189 denique
1178 1157 1280 1188 quanta
1295 1153 1355 1188 ejus
1371 1153 1474 1185 omnia,
1490 1160 1524 1180 ex
1536 1153 1636 1188 quibus
1646 1160 1760 1188 compo-

977 1200 1045 1227 situs
1060 1204 1111 1227 est.
1125 1199 1157 1228 Et
1173 1199 1223 1226 ltoc
1234 1199 1343 1234 quidem
1370 1199 1443 1226 velut
1465 1199 1619 1234 exemplum
1637 1206 1764 1232 assump-
1801 1227 1805 1233 ‘

142 1255 200 1277 tum
226 1254 286 1284 est;
315 1249 387 1277 unde
415 1257 465 1279 nec
489 1249 548 1285 ejus
575 1249 666 1277 omnia
679 1252 706 1276 et
723 1248 750 1276 in
768 1248 823 1276 Deo
847 1247 1002 1283 usurpanda
1025 1252 1098 1280 sunt,
1129 1255 1164 1275 ne
1186 1252 1283 1283 praeter
1315 1247 1378 1280 alia,
1411 1247 1492 1274 etiam
1523 1244 1608 1277 Deum
1643 1246 1765 1274 cirrunu

141 1298 275 1333 scriptum
290 1298 484 1334 intelligamus.

177 1344 317 1379 Μακάριοι
341 1346 430 1372 τοίνυν
460 1344 589 1380 ἐσόμεθα,
612 1344 654 1371 ὅτι
679 1343 693 1371 ὃ
716 1345 746 1371 οὐ
779 1344 924 1380 βλέπομεν,

142 1389 336 1425 ἀναμφιὸόλως
350 1390 525 1424 πιστεύομεν.
543 1391 593 1418 Διὰ
609 1390 665 1426 γὰρ
685 1391 734 1425 τῆς
749 1391 866 1421 πίστεως
881 1390 926 1415 ἐπὶ

143 1435 194 1470 τὴν
209 1435 328 1471 ἄρρητον
341 1436 389 1470 τῆς
404 1435 484 1470 ἁγίας
504 1436 618 1470 Τριάδος
635 1437 843 1470 καταντήσομεν
859 1434 928 1461 θεω-

145 1481 219 1516 ρίαν,
235 1483 282 1508 καὶ
295 1481 342 1508 τὸν
353 1481 419 1508 Θεὸν
433 1481 565 1516 ὀψόμεθα,
582 1481 653 1508 κατὰ
670 1481 719 1516 τὴν
740 1480 785 1507 τοῦ
801 1480 927 1515 Σωτῆρος

146 1526 294 1561 ὑπόσχεσιν
304 1534 311 1542 ·
328 1526 373 1552 ὅτε
388 1527 470 1553 αὐτὸν
481 1526 588 1561 ἔχοντες
598 1526 629 1553 τὸ
644 1526 757 1561 ἔσχατον
771 1525 883 1559 ἀγαθὸν,
898 1525 927 1551 οὐ

144 1571 296 1606 δεησόμεθα
307 1572 395 1604 τινόςυ
411 1571 479 1598 ἀλλὰ
504 1571 719 1606 πλησθησόμείία
730 1571 802 1607 ζωῆς
817 1571 929 1598 αἰωνίου

146 1617 289 1652 καὶχαρᾶς
303 1617 350 1643 καί⁸
365 1617 565 1651 ἀγαλλιάσεως,
583 1617 651 1644 καθὸ
670 1618 789 1652 πέφυκεν
804 1617 928 1649 ἕκαστος,

146 1665 218 1690 κατὰ
230 1663 280 1698 τὴν
297 1663 446 1696 ἀναλογίαν
463 1664 582 1695 πίστεως
604 1663 649 1690 καὶ
674 1663 720 1690 τοῦ
735 1664 858 1698 καμάτου
882 1663 931 1690 αὺ-

147 1707 222 1734 τῶν·
235 1708 282 1734 καὶ
299 1710 353 1744 γὰρ
370 1709 453 1743 μονὰς
468 1709 569 1740 πολλὰς
592 1710 667 1743 παρὰ
683 1708 721 1743 τῷ
737 1708 795 1742 Θεῷ
811 1708 931 1743 ἠκούσα-

149 1761 198 1787 μεν
215 1749 286 1780 εἶναι
296 1761 303 1768 ·
327 1754 366 1789 μὴ
392 1753 453 1780 κατ’
467 1754 558 1787 ὀλίγον
578 1753 608 1780 τὸ
623 1753 733 1780 δυνατὸν
746 1752 812 1788 ἡμῖν
826 1752 932 1788 λαμὸἀ-

147 1807 249 1831 νον-τες,
265 1799 347 1834 ἀτελῆ
373 1799 419 1826 καὶ
436 1801 503 1834 μετὰ
518 1800 608 1835 λύπης
629 1799 679 1835 τὴν
696 1800 810 1826 αἰωνίαν
825 1799 932 1833 ἐκείνην

148 1843 264 1879 Θεωρίαν
282 1845 328 1871 τοῦ
355 1845 423 1872 Θεοῦ
445 1846 492 1872 καὶ
505 1845 655 1872 ἀπόλαυσιν
670 1845 787 1880 ἔχωμεν,
806 1845 853 1871 καὶ
872 1843 932 1878 μετ’

147 1889 252 1922 ἐλπίδος
268 1891 316 1918 καὶ
331 1892 449 1925 ἐφέσεως
464 1892 545 1918 κάκεῖ
562 1891 689 1926 ζήσωμεν
699 1899 707 1907 ·
721 1891 769 1917 καὶ
786 1891 847 1917 τότε
861 1898 931 1925 συμ-

149 1935 263 1970 ϐήσεται
279 1933 347 1972 ἡμῖν
359 1937 468 1972 ἔχουσιν
481 1937 563 1964 αὑτὸν
579 1937 625 1963 τὸν
639 1937 716 1969 Θεὸν,
732 1934 762 1964 οὗ
777 1939 933 1972 γενομένοις

150 1984 240 2018 πάσης
256 1983 374 2016 θεωρίας
393 1984 558 2016 ἀνάπαυσις,
573 1984 641 2018 ὅπερ
653 1983 666 2009 ὁ
679 1983 825 2018 Προφήτης
839 1982 932 2017 φησὶν,

154 2040 164 2056 ι
188 2031 217 2056 ’0
233 2029 261 2056 δὲ
274 2030 377 2061 δίκαιος
392 2030 424 2056 ὲκ
440 2029 556 2061 πίστεως
567 2029 690 2065 ζήσεται.
708 2039 718 2057 ι

448 2158 627 2185 ΕΠΙΛΟΓΟΣ.

1013 1343 1087 1370 Beati
1105 1350 1169 1376 ergo
1189 1341 1302 1372 erimus,
1331 1340 1439 1375 quodid
1455 1340 1527 1374 quod
1551 1347 1603 1366 non
1630 1339 1765 1366 videmus.

981 1391 1048 1418 citra
1063 1396 1171 1416 omnem
1188 1386 1385 1414 dubitationem
1413 1386 1551 1414 credimus
1560 1386 1594 1413 "°.
1615 1385 1666 1413 Per
1684 1386 1764 1413 iidetn

979 1435 1063 1466 ettitu,
1079 1434 1111 1460 ad
1131 1441 1258 1460 arcanam
1277 1437 1378 1460 sanctze
1397 1431 1540 1460 Trinitatis
1557 1432 1766 1466 contemplatio-

981 1487 1041 1507 nem
1058 1479 1244 1510 deveniemus,
1271 1477 1423 1512 Deumque,
1438 1477 1515 1510 juxta
1537 1477 1609 1511 quod
1642 1477 1767 1504 Salvator

982 1526 1118 1561 pollicitus
1132 1525 1210 1557 est",
1226 1523 1311 1552 visuri
1326 1531 1421 1551 sumus
1435 1523 1555 1558 ;quantlo
1572 1523 1629 1557 ipsa
1647 1524 1766 1558 supremi

983 1571 1051 1598 Boni
1068 1571 1240 1606 possessione
1258 1570 1341 1601 beati,
1354 1570 1455 1597 nullius
1469 1569 1629 1605 egebimus;
1647 1572 1694 1597 sed
1712 1569 1767 1596 vita

986 1621 1087 1644 aeterna
1101 1620 1128 1643 et
1145 1616 1243 1650 gaudio
1260 1621 1287 1643 ct
1304 1616 1494 1647 exsultatione,
1508 1623 1557 1650 pro
1575 1623 1607 1642 eo
1619 1623 1651 1642 ac
1667 1615 1767 1650 cuique

981 1668 1167 1699 comparatum
1192 1667 1246 1695 est,
1273 1670 1321 1697 pro
1337 1662 1399 1689 ﬁdei
1431 1667 1530 1690 nostra;
1556 1662 1663 1691 ratione
1686 1667 1768 1696 atque

984 1709 1094 1740 laboris,
1125 1708 1305 1743 implebimur.
1342 1707 1449 1735 Etenim
1480 1708 1636 1735 mansiones
1668 1707 1767 1734 multas

982 1755 1051 1788 apud
1067 1753 1150 1781 Deutn
1167 1761 1228 1781 esse
1241 1753 1444 1786 audivimus";
1463 1761 1494 1779 ne
1508 1754 1637 1788 paulatim
1654 1753 1679 1780 id
1689 1753 1768 1788 cujus

983 1807 1097 1834 capaces
1117 1806 1213 1826 sumtts
1241 1799 1416 1832 accipientes,
1449 1798 1636 1834 imperfectam
1667 1803 1767 1825 etcum

985 1849 1101 1869 maerore
1117 1842 1267 1869 habeamus
1284 1847 1413 1869 teternam
1431 1842 1504 1869 illam
1522 1843 1568 1869 Dei
1597 1842 1768 1876 contempla-

983 1887 1082 1914 tionem
1098 1895 1129 1914 ac
1141 1887 1354 1921 jucuntlitatetu,
1368 1894 1450 1922 atque
1461 1888 1515 1914 illic
1528 1889 1610 1915 etiam
1628 1895 1675 1922 spe
1695 1888 1769 1915 desi-

982 1933 1112 1967 derioque
1138 1934 1219 1960 vitam
1248 1938 1434 1960 sustctttetnus
1461 1942 1469 1959 :
1500 1938 1611 1968 tumque
1629 1934 1768 1968 continget

984 1979 1064 2007 nobis
1082 1979 1165 2006 Deum
1181 1979 1269 2013 ipsum
1289 1969 1464 2012 habentiths,
1493 1979 1572 2015 cujus
1594 1979 1673 2007 nobis
1700 1980 1768 2006 atle-

985 2025 1078 2060 ptione
1114 2026 1204 2053 omnis
1236 2025 1355 2052 sutlauda
1385 2026 1578 2060 contemplatio
1609 2031 1663 2057 est,
1696 2026 1768 2060 quod

985 2071 1118 2106 propheta
1152 2071 1189 2098 ait
1225 2080 1232 2098 :
1271 2081 1280 2097 ι
1317 2070 1412 2098 Justus
1446 2077 1535 2098 autem
1571 2079 1603 2099 ex
1639 2071 1691 2098 (lJe
1727 2073 1769 2098 vi-

984 2123 1027 2146 vet
1045 2118 1077 2144 ⁷³.
1099 2127 1110 2143 ι

1265 2161 1473 2190 PERORATIO.

189 2203 243 2230 Ἵνα
272 2204 362 2231 τοίνυν
389 2204 435 2231 ἐπὶ
462 2204 492 2231 τὸ
515 2204 692 2239 ἐλπιζόμενον
717 2205 927 2241 καταντήσωμεν

1019 2209 1053 2238 Ut
1065 2210 1145 2245 igitur
1158 2209 1191 2236 ad
1211 2209 1308 2237 bonum
1322 2210 1348 2236 in
1362 2216 1409 2244 spe
1425 2209 1504 2237 nobis
1518 2209 1664 2244 repositum
1676 2217 1771 2244 pervr-

150 2251 261 2283 ἀγαθὸν,
279 2251 424 2284 ὀφείλομεν
437 2250 578 2276 πιστεύειν
597 2252 645 2277 καὶ
670 2250 788 2286 βεϐαίως
804 2252 931 2286 κατέχειν

148 2298 183 2322 τὰ
195 2296 316 2330 δόγματα
329 2296 378 2330 τῆς
393 2296 473 2331 ἁγίας
487 2296 534 2323 τοῦ
546 2296 614 2323 Θεοῦ
628 2296 801 2333 Ἐκκλησίας,
812 2298 845 2333 ἢν
855 2298 931 2333 μίαν,

149 2343 240 2376 ἁγίαν,
267 2341 414 2377 καθολικὴν
441 2343 487 2370 καὶ
515 2344 699 2379 ἀποστολικὴν
725 2345 931 2380 ὁμολογοῦμεν·

148 2389 200 2415 ὅσα
216 2389 281 2424 περὶ
295 2388 341 2416 τοῦ
368 2389 427 2421 ἑνὸς
443 2391 492 2417 καὶ
508 2391 727 2426 τρισυποστάτου
743 2391 811 2418 Θεοῦ
831 2391 933 2426 κηρύτ-

149 2443 191 2461 τει
203 2443 210 2450 ·
228 2436 278 2462 ὃσα
295 2444 324 2462 τε
341 2437 405 2470 περὶ
419 2436 466 2470 τῆς
482 2436 639 2471 οἰκονομίας
658 2437 768 2472 καὶτῆς
782 2437 933 2473 μελλούσης

151 2481 326 2512 ἀναστάσεως
354 2481 477 2508 διδάσκει
489 2491 496 2498 ·
514 2483 561 2509 καὶ
575 2482 664 2519 πάντα
688 2483 834 2517 φυλάττειν
851 2483 934 2517 ὑγιῶς

151 2526 198 2552 καὶ
213 2527 343 2561 γνησίως,
364 2528 434 2562 μήτε
454 2528 524 2555 κατὰ
537 2528 586 2563 τὴν
599 2530 701 2561 πίστιν,
717 2530 786 2564 μήτε
805 2530 875 2556 κατὰ
885 2529 935 2564 τὴν

150 2572 288 2599 πολιτείαν
300 2573 481 2608 χωλεύοντας.
500 2574 571 2609 Πρὸς
588 2574 639 2610 μὲν
655 2575 708 2612 γὰρ
724 2575 769 2602 τὸν
781 2575 835 2602 ἀπὸ
851 2576 936 2610 μόνης

146 2619 196 2653 τῆς
209 2622 326 2650 πίστεως
342 2619 498 2655 θαρροῦντα
512 2623 562 2656 τῆς
580 2622 690 2648 αἰωνίου
707 2621 780 2656 ζωῆς
795 2623 934 2656 ἐπιτυχεῖν

148 2665 161 2690 ὁ
178 2664 277 2699 Κύριος
299 2665 422 2701 εἴρηκεν,
451 2675 461 2692 ι
494 2667 531 2694 Οὐ
550 2668 603 2698 πᾶς
620 2669 634 2694 ό
647 2668 735 2702 λέγων
764 2676 818 2704 μοι,
835 2668 934 2704 Κύριε,

183 2757 208 2773 ⁷ο
232 2757 314 2785 Joan.
327 2766 373 2791 xx,
392 2759 438 2787 29.
475 2759 497 2776 '"
516 2758 610 2785 Matth.
628 2766 653 2791 ν,
675 2758 703 2788 8.

185 2839 241 2876 κερ)
254 2840 329 2868 Orat.
345 2840 391 2871 34.

984 2259 1103 2288 niamns,
1124 2263 1236 2283 necesse
1259 2261 1345 2283 estut
1364 2256 1521 2287 credamus.
1540 2264 1572 2283 ac
1592 2263 1694 2283 sattctze
1719 2256 1768 2283 Dei

985 2303 1122 2336 Ecclesiae,
1133 2310 1213 2337 quattt
1228 2309 1308 2328 uuam
1320 2307 1442 2329 sanctam
1450 2302 1611 2330 catholicam
1622 2307 1647 2329 et
1656 2307 1767 2337 aposto—

984 2348 1064 2375 lieatn
1081 2347 1256 2380 conﬁtemur,
1267 2347 1376 2375 decreta
1397 2348 1509 2376 iirmiter
1523 2353 1679 2383 teneamus;
1695 2357 1769 2384 qutt-

984 2402 1092 2428 cnnque
1110 2394 1238 2421 nimirutn
1256 2394 1289 2420 de
1313 2402 1367 2421 uno
1384 2401 1416 2421 ac
1430 2396 1500 2422 lrine
1522 2396 1684 2423 subsistcnli
1712 2397 1767 2423 Deo

984 2440 1129 2475 praedicat;
1147 2447 1194 2466 nec
1210 2447 1263 2467 non
1279 2447 1450 2475 quaecunque
1464 2442 1496 2469 de
1513 2442 1612 2469 Christi
1629 2444 1768 2478 mysterio,

984 2487 1072 2520 deque
1090 2485 1180 2512 futura
1195 2486 1396 2513 resutrectiune
1420 2487 1517 2520 docet;
1530 2495 1682 2523 ('ttllclaqllc
1703 2497 1770 2516 sane

985 2539 1016 2558 ac
1033 2539 1094 2558 vere
1126 2539 1276 2563 sctvcmus,
1296 2537 1324 2557 ut
1348 2540 1436 2566 neque
1467 2534 1539 2568 quod
1555 2535 1588 2561 ad
1612 2535 1692 2562 iidem
1708 2543 1766 2570 spc-

984 2583 1050 2610 ctat,
1067 2585 1115 2604 nec
1134 2578 1205 2612 quod
1220 2578 1253 2604 ad
1269 2577 1453 2612 disciplinam,
1471 2580 1619 2615 quidquam
1635 2581 1780 2610 claudicet

985 2631 1058 2650 tuus.
1086 2624 1206 2650 Adeunt
1233 2624 1342 2658 quidem
1369 2625 1414 2658 qui
1433 2633 1464 2652 ex
1486 2627 1543 2653 sola
1559 2626 1610 2653 title
1639 2632 1769 2655 a-ternzutt

987 2670 1069 2696 vitam
1099 2677 1129 2696 se
1162 2669 1322 2703 adepturum
1350 2672 1499 2705 prastnuit,
1517 2672 1586 2699 dixit
1612 2672 1768 2700 Dominus:

740 2759 762 2775 τ’
777 2758 857 2788 Ιδειη.
874 2769 931 2794 xtv,
949 2760 975 2787 '2.
1016 2761 1038 2776 ⁷³
1055 2759 1154 2787 Hahae.
1176 2767 1205 2792 Il,
1221 2761 1246 2788 4.
