1950 3070
122 63 187 96 661
592 65 762 95 ἸΟΔΝΝΕΞ
779 65 892 95 CYPAF

988 66 1060 96 ΥΓΑ.
1083 81 1117 86 --
1137 69 1303 100 NOTITIA.
1705 72 1758 105 662

121 117 239 151 ὁμοίως
261 116 342 151 μέχρι
360 115 406 143 τοῦ
420 116 524 148 τέλους.
537 117 619 144 Ὄοεν
637 118 690 145 οὐδ’
708 117 782 150 ἄξιον
802 119 890 146 ὲπαίνι

987 121 1008 148 γι)
1027 130 1085 149 eam
1103 123 1232 151 collatam
1247 131 1358 158 operam
1376 125 1456 152 laude
1470 126 1583 160 dignum
1608 125 1757 158 existimo;

124 162 259 196 ἐμαυτὸν
274 162 318 188 διὰ
334 161 414 188 τοῦτο
434 163 519 196 κρίνω
530 170 537 178 ·
552 162 622 198 πλὴν
638 165 661 190 εἰ
675 164 712 199 μὴ
726 164 861 198 λέγειτις,
875 175 894 191 κη

988 169 1112 203 αἰεὶ-(μήθ
1130 170 1199 196 forte
1214 170 1297 202 dicat,
1310 178 1341 198 ac
1356 175 1423 205 puto
1438 165 1545 203 merito,
1560 178 1592 198 ea
1605 178 1647 198 me
1676 171 1758 198 ratio-

124 206 214 242 οἶμαι
227 208 350 240 δικαίως,
368 209 409 234 ὅτι
422 208 489 234 καθὸ
507 209 588 243 μηδὲν
602 209 668 236 ἴδιον
680 208 757 249 ein-0v
770 212 816 237 καὶ
829 212 894 246 ἁσύι.

988 222 1015 241 1e
1039 216 1144 242 laudem
1159 216 1348 250 promeritum,
1364 216 1434 251 quod
1450 216 1516 243 nihil
1527 216 1667 251 proprium
1681 217 1758 244 dixe.

125 262 229 286 φωνον
243 255 277 288 τῇ
295 254 388 289 Γραφῇ
401 255 447 280 καὶ
458 255 514 286 τοῖς
527 254 624 289 ἁγίοιξ,
636 255 710 288 ἄξιος
722 256 841 284 ἐπαίνων
852 259 895 292 εέμ

987 261 1044 294 rim,
1075 265 1154 288 autre
1187 261 1333 295 Scripturis
1358 262 1514 296 sanctisque
1542 262 1696 289 dissonum.
1729 263 1757 289 ιι]

125 299 170 324 Τἣ
184 299 240 333 γὰρ
256 300 305 333 τὴν
321 300 451 334 Πατὲρων
464 300 555 326 πίστιν
572 300 619 328 καὶ
632 302 774 337 ὁμολογεῖν
789 303 835 329 καὶ
854 312 895 337 συγ

988 308 1050 335 anim
1061 307 1170 334 Patrum
1186 307 1264 334 ﬁdem
1280 307 1397 341 proﬁteri
1410 308 1445 334 sit
1460 316 1490 334 ac
1503 307 1692 341 conscribere;
1705 315 1758 342 quo

125 344 257 378 γράφειν
271 344 417 370 τοῦτ’ὲστί·
432 346 472 372 διὸ
485 346 577 373 πολλοὶ
587 349 792 381 στεφανοῦνται.
803 349 834 375 Et
845 350 895 376 δἐι

988 353 1089 381 tomine
1103 353 1180 380 multi
1195 356 1373 380 coronantur.
1389 351 1437 378 Sin
1455 356 1546 378 autem
1577 351 1682 378 idcirco
1715 351 1758 377 di-

126 390 245 422 τούτοις
261 389 293 417 οὗ
309 399 380 425 φημι
395 391 499 419 δίκαιον
513 392 654 424 ἀξιοῦσθαι
673 394 805 427 ἐπαίνων,
823 395 896 422 καθό-

986 409 1038 429 :am
1059 400 1128 427 haud
1145 407 1251 435 aequum
1262 407 1323 427 esse
1337 406 1379 426 me
1397 398 1502 425 laudem
1525 397 1663 431 consequi,
1686 397 1756 431 quod

127 435 213 461 ἄλλοι
231 436 425 469 χεκοπιάκασι,
438 437 493 466 ,καὶ
517 436 572 472 ἐγὼ
601 438 641 469 εις
664 439 710 465 τὸν
730 440 814 466 κόπον
832 440 897 466 αὑτό

1007 447 1026 474 il
1042 446 1244 477 laboraverunt.
1259 450 1285 472 et
1299 453 1349 480 ego
1369 444 1395 471 in
1412 444 1531 471 laborem
1548 443 1654 470 illorum
1673 442 1775 484 intra-;

128 481 317 517 εἰσελήλυθα·
345 483 436 518 πολλῷ
454 484 556 518 μᾶλλον
570 483 631 510 οὑδὲ
650 484 790 520 μέμψεωζ.
807 486 898 514 Ἐκάτε

986 491 1020 523 vi;
1039 489 1117 524 longe
1132 489 1229 524 potiori
1253 489 1357 516 ratione
1369 496 1419 516 nec
1430 495 1477 523 par
1494 487 1575 514 fuerit
1600 486 1662 514 inde
1692 486 1756 513 mihi

130 536 184 563 ρον
213 529 269 563 γὰρ
284 529 330 555 ἐπὶ
345 529 395 564 τὴν
410 529 586 557 διδασκαλίαν
609 531 659 566 τῆς
673 531 784 566 Γραφῆς
799 533 846 559 καὶ⁹
857 533 900 560 τοὶ

988 535 1142 569 ritupcrium
1157 535 1256 562 creari.
1274 533 1428 567 Utrumque
1454 533 1526 560 enim
1557 532 1583 559 in
1611 532 1758 566 Scriptura:

129 573 233 606 ἁγίους
249 574 460 609 ἀναδραμεϊτιι.
479 575 521 602 Τὰ
534 576 604 603 αὐτὰ
618 577 672 611 γὰρ
690 577 771 604 πάλιν
787 578 851 612 ὲρῶ,
883 578 899 605 ti

988 580 1130 608 loctrinam
1147 585 1309 614 sanctosque
1323 579 1430 606 redibit.
1449 578 1548 605 Eadem
1573 577 1646 604 enim
1662 584 1758 604 rursus

129 618 215 644 οὐδὲν
237 618 286 644 ἀπ’
314 620 435 653 ἐμαυτοῦ
465 621 531 647 tam
549 619 636 654 εἷπον,
652 622 718 649 ἀλλὰ
732 623 766 650 τὰ
781 623 856 658 παρὰ
871 624 899 650 τί

987 625 1041 654 lico
1058 634 1066 652 :
1081 625 1154 652 Nihil
1172 632 1188 652 a
1207 633 1250 652 me
1266 630 1344 659 atque
1359 624 1498 658 proprium
1516 629 1560 649 me
1586 622 1698 653 dixisse.
1711 622 1757 649 sed

130 663 221 695 ἁγίας
235 663 348 698 Γραφῆς
377 665 425 691 καὶ
449 665 503 692 τῶν
522 666 691 694 διδασκάλων
707 667 758 702 τῆς
778 668 824 695 τοῦ
838 669 900 696 ’Θεο

987 679 1041 707 tua:
1055 662 1089 698 ab
1108 670 1247 705 Scriptura
1259 677 1336 697 sacra
1353 677 1384 699 ac
1398 668 1445 695 Dei
1462 668 1591 696 Ecclesiae
1618 667 1757 701 magistris

138 708 310 742 Ἐκκλησίας
322 710 443 744 περὶτῆς
451 711 543 744 ὑγιοῦς
556 712 611 738 τῶν
619 713 790 748 Χριστιανῶν
804 715 906 742 πίστεω

989 718 1111 745 locentur
1124 716 1157 744 de
1168 723 1234 744 sana
1247 715 1464 742 Christianorum
1481 713 1543 745 ﬁde,
1564 713 1623 740 haec
1647 712 1759 747 selegis-

131 753 332 788 διδασκόμενα,
347 756 432 782 ταῦτα
450 756 643 791 ἐξελεξάμεθα,
662 758 681 785 ἃ.
695 759 741 785 καὶ
754 759 796 785 διὰ
813 760 861 795 τὴν
872 769 901 787 σα

988 771 1024 796 te;
1036 770 1123 797 eaque
1139 762 1196 797 ipsa
1213 761 1347 788 claritatis
1362 767 1443 787 causa
1460 758 1521 785 rudi
1536 764 1661 785 sermone
1690 764 1758 791 pau-

133 799 256 833 φήνειαν
277 799 419 833 ἰδιωτικῶς
434 802 480 828 καὶ
495 802 691 835 κεφαλαιωδῶς
718 804 789 831 κατὰ
802 805 831 832 τὸ
844 805 903 834 δυνο

988 809 1071 843 :isque
1086 806 1295 842 perstringendo
1309 805 1398 840 quoad
1422 804 1510 835 licuit,
1524 803 1695 830 defunctorie
1720 802 1758 830 le-

133 844 183 870 τὺν
195 845 226 870 ἐν
245 844 284 880 τῷ
305 846 419 879 παρόντι
434 847 625 882 σχεδιάσαντες
641 848 801 885 ὲξεθὲμεθα.

976 852 1099 887 viorique
1115 858 1198 886 opera
1214 850 1241 877 in
1253 850 1379 885 praesenti
1401 849 1469 876 libro
1486 848 1655 883 exposuisse.

135 951 1752 976 Μ

770 1053 855 1077 ANNO
872 1054 986 1077 DOMINI
1013 1054 1146 1077 κίταριν.

419 1163 793 1280 .JOANNES
853 1164 1463 1281 CYPARISSIM‘A

805 1459 1099 1516 NOTITIA

650 1580 771 1618 FABRIC.,
786 1581 911 1608 Bibliotli.
925 1581 971 1609 Gr.
989 1582 1031 1610 ed.
1051 1581 1154 1612 llarlcs,
1169 1586 1189 1608 t.
1202 1579 1247 1608 Xl.

1590 1686 1624 1710 α

181 1749 300 1778 Joannes
322 1750 522 1786 Cyparissiola,
545 1750 708 1785 cognomine
733 1748 865 1783 Sapiens.
887 1747 1002 1775 Palama‘.
1020 1747 1071 1783 ipsi
1088 1755 1200 1782 suppar,
1222 1752 1283 1783 post
1296 1756 1362 1774 ann.
1379 1746 1447 1775 1560
1463 1747 1572 1781 scripsit
1587 1746 1757 1781 Παλαμικιῖιν

149 1795 341 1829 παρασάσεων,
359 1795 584 1822 Palumiticarum
605 1794 844 1829 transgressionum
863 1792 948 1820 libros
966 1793 1001 1824 4,
1017 1799 1049 1819 ex
1065 1792 1165 1826 quibus
1183 1792 1302 1826 primum
1319 1796 1346 1819 ct
1365 1796 1493 1826 quartum
1508 1791 1626 1825 vulgavit
1641 1791 1759 1829 Combe-

149 1839 224 1865 lisius
242 1838 334 1866 Grazce
345 1843 372 1866 et
382 1838 481 1869 Latine
494 1837 520 1865 in
536 1838 665 1864 Auctario
681 1837 843 1868 novissimo,
861 1839 937 1870 parte
953 1835 1085 1868 secunda,
1103 1843 1129 1870 p.
1144 1836 1178 1864 68
1189 1841 1215 1863 et
1226 1835 1338 1863 83—105.
1353 1835 1430 1872 [lude
1444 1835 1540 1863 Latine
1558 1836 1584 1862 in
1599 1835 1668 1862 Bibl.
1682 1843 1755 1862 max.

149 1881 225 1910 Patr.
239 1882 324 1916 Lugd.
337 1887 403 1909 tom.
419 1882 465 1914 21,
483 1889 510 1916 p.
524 1880 666 1916 476-489.]
682 1881 762 1908 Liber
775 1880 909 1907 secundus
923 1883 948 1907 et
963 1879 1059 1907 tertius
1074 1880 1163 1907 adhuc
1178 1879 1272 1907 inediti
1287 1880 1382 1912 latent,
1398 1879 1469 1907 sicut
1481 1885 1507 1907 et
1519 1880 1569 1906 alia
1588 1879 1677 1914 spissa
1694 1880 1755 1913 ejus

149 1933 228 1960 opera
243 1931 361 1961 quatuor
380 1928 511 1953 adversus
531 1925 655 1952 eumdem
673 1925 828 1956 Palamam,
852 1928 881 1951 ut
902 1923 929 1957 Ι)
945 1923 1025 1957 Λόγοι
1052 1923 1083 1955 8,
1110 1923 1241 1951 adversus
1264 1923 1380 1950 Palamce
1397 1928 1501 1951 tomum
1520 1922 1634 1957 ejusque
1655 1931 1754 1950 novam

151 1970 226 1996 [idem
242 1977 250 1996 :
287 1970 322 2004 ἳι)
339 1969 385 1996 alii
405 1969 480 2004 λόγοι
496 1969 513 1997 8
529 1968 768 1996 criminationibus
791 1967 908 1994 Palamat
925 1967 952 1993 in
971 1966 1143 1994 adversarios
1159 1966 1192 1994 de
1207 1966 1323 1994 Lumine
1344 1966 1469 1994 iucreato
1491 1967 1704 2001 respondentes,
1726 1974 1758 1993 ac

150 2013 250 2047 aliquot
264 2013 462 2047 quaestionibus
491 2020 600 2040 onmem
620 2012 653 2039 de
673 2012 719 2038 illo
735 2010 984 2038 considerationem
1002 2010 1225 2044 complectentes.
1261 2010 1289 2044 5)
1308 2011 1389 2045 Λόγοι
1406 2015 1460 2038 tres
1498 2011 1627 2045 (quorum
1652 2010 1756 2044 primus

151 2058 175 2083 in
207 2057 295 2091 capita
321 2056 354 2084 75
373 2056 547 2092 dispescitur)
571 2061 667 2084 contra
692 2054 887 2082 Palamitarum
909 2054 1111 2081 anniversarias
1126 2053 1153 2081 in
1171 2054 1345 2081 adversarios
1366 2054 1440 2081 diras
1453 2059 1480 2081 et
1493 2055 1734 2082 exauctorationes
1747 2076 1754 2085 .

150 2101 206 2127 sive
220 2106 316 2128 contra
336 2101 444 2128 illorum
460 2100 641 2127 ἀποστασίαν.
679 2100 705 2134 4)
722 2107 791 2134 opus
802 2097 1081 2129 Auti-Palamiticum,
1095 2105 1177 2124 unum
1194 2102 1291 2124 cetera
1307 2096 1362 2124 fere
1378 2097 1470 2125 omnia
1489 2105 1602 2132 aequans
1617 2099 1758 2133 magnitu-

152 2144 222 2176 dine,
237 2148 264 2171 et
276 2151 338 2172 ante
350 2145 395 2171 illa
412 2145 493 2172 etiam
507 2145 541 2171 ab
553 2143 736 2179 Cyparissiota
753 2142 932 2178 publicatum.

183 2188 278 2215 Exstat
294 2193 322 2216 ct
335 2188 409 2215 aliud
425 2189 504 2215 istius
520 2187 712 2222 Cyparissiota:
730 2188 783 2214 huc
796 2190 932 2221 spectans.
951 2189 977 2213 et
992 2185 1072 2212 simul
1087 2184 1229 2220 mysticam
1246 2185 1358 2212 tradens
1372 2184 1537 2219 theologiam
1551 2206 1558 2218 ,
1574 2193 1643 2220 opus
1655 2186 1756 2213 subtile

151 2235 176 2257 et
191 2231 338 2264 eruditum,
355 2232 426 2266 quod
452 2230 613 2258 inscribitur
632 2229 761 2261 Ἕκθεσις
778 2229 921 2264 στοιχειὼδι

986 2230 1072 2265 ήσεων
1093 2229 1272 2264 θεολογικῶν,
1299 2230 1435 2264 Expositio
1457 2230 1627 2257 elcmenlaria
1647 2239 1756 2260 eorum.

151 2283 205 2309 quia
216 2276 248 2302 de
261 2275 314 2303 Dto
329 2285 345 2303 a
357 2276 483 2310 theologis
500 2275 636 2306 dicuntur,
653 2274 680 2301 in
692 2274 785 2301 decem
799 2273 916 2301 decades
930 2273 1040 2306 tributa,
1080 2273 1106 2307 Ι)
1124 2273 1157 2300 de
1173 2273 1307 2308 theologia
1320 2274 1487 2310 symbolice;
1525 2275 1553 2308 ‘2)
1570 2275 1604 2301 de
1618 2275 1753 2309 theologia

152 2321 381 2353 demonstrativa;
418 2321 445 2356 5)
461 2321 494 2348 de
509 2321 610 2348 divinis
627 2319 867 2352 enarrationibus;
905 2319 933 2354 ό)
953 2319 985 2346 de
1000 2320 1100 2347 divinis
1119 2321 1276 2348 nominibus
1294 2328 1444 2354 eorumque
1462 2321 1571 2355 origine
1584 2326 1611 2348 et
1624 2321 1755 2348 informa»

153 2366 240 2398 tione;
280 2365 307 2400 5)
323 2365 357 2392 de
372 2364 587 2399 proprietatibus
601 2363 756 2390 divinorum
773 2364 932 2396 nominum;
971 2363 997 2398 6)
1017 2363 1050 2390 de
1069 2363 1287 2398 apparitionibus
1302 2363 1388 2390 divini
1407 2364 1518 2392 luminis
1532 2373 1538 2398 ;
1579 2365 1605 2399 7)
1622 2365 1655 2393 de
1667 2366 1757 2392 divina

152 2409 372 2443 participatione;
410 2409 438 2443 8)
455 2407 488 2435 de
504 2407 637 2434 inﬁnitate
655 2407 701 2434 Dei
723 2407 750 2433 in
769 2408 921 2440 creaturls;
960 2406 988 2441 9)
1005 2407 1038 2434 de
1054 2407 1188 2434 iuliuitalc
1204 2408 1230 2434 in
1248 2407 1320 2440 Deo;
1339 2407 1383 2443 10)
1402 2408 1435 2435 de
1453 2408 1545 2435 divina
1570 2409 1755 2444 simplicitate.

153 2451 205 2478 llnc
221 2460 290 2487 opus
305 2452 398 2479 Graece
412 2455 547 2486 repertum
564 2450 696 2478 Messana:
712 2450 738 2477 in
755 2450 847 2477 Sicilia
865 2451 892 2477 in
910 2451 1071 2478 bibliotheca
1087 2451 1116 2477 D.
1131 2450 1248 2479 Joannis
1264 2451 1404 2486 LaSraris,
1422 2451 1587 2480 Franciscus
1602 2452 1755 2480 Turriautn

153 2495 242 2522 Latine
254 2503 317 2522 cum
329 2495 440 2523 scholiis
452 2495 555 2522 editum
571 2494 707 2521 dedicavit
726 2493 845 2521 Antonio
866 2494 1029 2529 Augustino,
1050 2495 1172 2530 arcltiep.
1191 2495 1408 2530 Tarraconensi,
1431 2497 1510 2525 Rom.
1531 2497 1609 2528 1581,
1631 2497 1662 2529 4;
1685 2501 1755 2525 unde

152 2545 272 2566 rccusum
288 2539 382 2566 Latine
397 2539 425 2566 in
437 2538 612 2566 Bibliothecis
627 2537 735 2565 Patrum
749 2537 907 2565 Coloniensi
919 2558 927 2571 .
943 2543 1010 2566 tom.
1028 2538 1059 2566 XI
1077 2559 1084 2571 ,
1101 2543 1128 2566 et
1141 2538 1317 2574 Lugtlunensi
1329 2559 1336 2572 ,
1353 2545 1419 2567 tom.
1436 2539 1505 2573 XXI,
1521 2549 1548 2574 p.
1565 2541 1628 2568 ὅτι.
1644 2540 1754 2577 (ham)

153 2585 232 2613 Paris.
246 2585 272 2612 in
289 2585 355 2613 bibl.
368 2585 444 2620 publ.
456 2585 518 2612 cod.
532 2583 611 2617 1246,
625 2589 689 2611 sunt
703 2583 781 2612 Joau.
793 2583 982 2620 Cyparissiotaa
1004 2586 1029 2624 ι)
1045 2585 1245 2613 Palamicarum
1262 2587 1512 2622 trausgressionum
1529 2588 1590 2615 libri
1607 2588 1633 2615 4,
1648 2588 1753 2614 Secum

153 2629 199 2656 dus
212 2628 348 2663 iueditus;
367 2629 410 2656 iuc
429 2638 436 2656 :
459 2628 598 2664 1196mm
613 2628 661 2662 μὲν
673 2625 740 2660 οὖν;
763 2628 859 2655 tertius
874 2628 954 2656 etiam
972 2629 1066 2656 incdit.
1083 2630 1153 2657 'Oaz
1173 2630 1223 2664 μὲν
1234 2627 1291 2658 οὖν,
1313 2630 1341 2660 Ξ)
1363 2630 1436 2658 Libri
1453 2635 1514 2658 octo
1533 2632 1665 2659 adversus
1678 2631 1757 2658 Pala-

155 2680 232 2704 mam,
247 2674 360 2708 ejusque
377 2681 474 2700 novam
492 2673 590 2704 ﬁdem;
620 2673 673 2699 inc.
697 2672 741 2703 Ὠς
756 2672 789 2698 ἂν
799 2673 825 2699 δὲ
842 2675 889 2700 καὶ
903 2672 925 2699 δι

992 2693 998 2701 ,
1017 2673 1044 2707 5)
1073 2673 1146 2700 Libri
1163 2679 1236 2706 octo,
1252 2674 1491 2703 criminationibus
1509 2675 1627 2702 Palama:
1646 2682 1757 2709 respou-

154 2716 259 2749 dentes;
280 2716 340 2744 init.
357 2717 393 2742 Τὸ
415 2717 506 2752 τρίτον
530 2715 631 2750 βιϐλίον
656 2716 724 2748 πρδς
750 2716 800 2748 τὰς
826 2717 887 2743 x10‘
900 2717 924 2752 ήε

986 2738 989 2744 .
1029 2718 1055 2752 4)
1075 2717 1147 2744 Libri
1163 2723 1217 2745 tres
1234 2722 1328 2745 contra
1351 2717 1545 2746 Palamitarum
1576 2718 1756 2746 ἀποστασίαν·

155 2758 209 2787 init.
228 2760 264 2786 Τὸ
287 2768 416 2795 τεταρταν
441 2760 543 2796 past-:97
565 2760 630 2793 πρός
650 2761 709 2791 τὰς.
748 2760 774 2793 5)
803 2761 923 2788 Atlvcrsu

986 2761 1051 2788 ilum
1069 2761 1310 2789 Thessaloniccus.
1332 2761 1578 2790 Antirrheticorum
1595 2763 1654 2789 libri
1675 2763 1756 2797 quin-
