1950 3070
180 96 237 129 667
677 114 681 118 ι
765 93 926 125 JOANNIS
946 92 1015 123 CYP

184 155 255 182 «Pax
284 153 357 184 Dei.)
383 152 481 187 inquit,
507 159 583 186 «qua:
607 156 755 186 exsuperat
782 159 889 179 omnem
901 156 964 177 sen-
980 148 1003 177 Α

182 209 244 229 sum
259 200 302 234 υς»
326 199 421 226 Pacem
438 198 566 225 nimirum
581 205 653 231 eam,
673 205 733 232 quae
748 202 894 232 exsuperet
911 206 971 225 om-

184 254 247 273 nem
267 252 390 276 sensum.
404 251 516 276 vocans.
532 251 586 278 qua
601 252 682 278 supra
699 252 780 278 quam
800 243 871 271 Deus
882 243 970 271 lactus

184 291 274 324 homo,
291 297 351 321 uos.
371 290 417 324 qui
431 289 536 316 inimici
560 296 681 321 eramus.
701 289 753 316 sibi
774 289 832 323 ipse
845 290 968 316 reconci-

183 336 258 363 liavit
271 345 278 368 ;
291 343 344 370 quo
353 335 417 370 quid
428 336 569 363 decentius
580 339 613 362 ad
621 335 749 363 eximiam
764 335 839 370 pacis
847 341 972 363 astruen-

183 383 245 410 dam
258 381 465 417 prazstantiam‘l

218 472 298 500 Enim
328 479 393 499 vero
419 471 511 499 audivi
535 476 563 499 et
578 479 673 507 pacem
700 472 920 508 progredientem
939 480 972 500 ac

185 523 379 552 revertentem,
395 519 417 546 si
434 519 563 554 indignus
578 519 672 550 fuerit,
685 521 732 554 qui
747 527 807 547 eam
826 521 970 555 suspiciat,

183 573 339 600 quanquam
353 564 407 592 Pax
425 565 473 592 tibi
486 566 496 581 °
510 585 518 597 .
543 565 598 592 Pax
615 566 674 593 viro
696 572 753 598 tuo,
770 565 823 593 Pax
837 566 892 593 ﬁlio
909 574 970 601 par-

183 611 248 638 vulo
259 612 285 644 ⁷;
307 619 463 646 quanquam
487 612 556 638 Deus
570 612 644 647 pacis
657 613 667 627 "
698 617 848 647 cunctaque
863 621 912 641 sus
923 615 971 641 de-

183 665 238 692 que
254 657 414 693 Scriptum,
431 658 506 693 pacis
516 664 579 686 sunt
600 659 689 692 plena.
700 659 769 692 Quin
784 659 838 686 imo
854 660 903 687 rite
915 659 973 687 ani-

185 711 259 731 mum
275 704 489 736 attendentibus,
517 704 606 731 omnis
622 711 723 738 quanta
750 709 799 737 est,
815 712 866 740 pax
894 706 930 732 sit
945 710 972 733 et

186 750 342 779 securitas:
364 750 456 777 nescio
479 756 567 777 tamen
584 751 721 785 quomodo
745 759 821 778 nova:
843 753 971 780 nuncin-

186 800 313 824 vcntores
334 795 395 823 ﬁdei
409 796 488 830 longa
501 798 697 831 protenderunt
710 798 911 832 oppositionum
925 799 971 827 de-
988 816 1009 845 Β

187 841 260 875 liria,
273 850 306 869 eo
319 842 424 870 scilicet
447 843 499 870 ﬁne
523 846 552 869 ut
572 843 715 876 unionem,
730 851 790 878 que
807 845 832 872 in
850 845 904 873 Deo
916 850 972 878 cst.

189 888 330 921 divellant,
360 895 464 923 nosque
488 896 502 916 a
520 888 680 917 dulcissima
711 898 775 924 pace
799 890 971 926 abrumpant.

188 931 295 967 Ubique
311 933 383 960 enim
396 939 456 961 cum
476 941 591 961 excessu
607 935 677 969 quod
693 936 861 962 contrarium
879 940 919 963 est
933 936 975 963 di-

187 980 313 1014 ligentes.
330 987 456 1015 magnum
471 980 546 1014 pacis
561 989 662 1008 munus
678 981 846 1015 dissolvere;
869 986 974 1010 tantas-

188 1033 241 1060 que
256 1026 378 1053 omnium
403 1026 539 1054 mentibus
564 1026 715 1061 iniecerunt
730 1028 859 1063 ineptias,
878 1033 906 1056 ut
919 1037 972 1057 non

187 1072 277 1099 solum
292 1079 307 1099 a
321 1073 470 1100 verissimis
486 1072 603 1101 decretis
627 1081 743 1102 avorare
767 1075 919 1107 studerent,
933 1076 974 1102 ni-

188 1118 283 1153 hilque
299 1125 394 1146 eorum
411 1127 471 1154 qua:
485 1119 518 1146 ad
543 1119 715 1147 Christianos
733 1128 747 1147 a
763 1121 897 1155 principio
911 1121 975 1148 atti—

188 1170 255 1192 nent
270 1164 461 1192 inconvulsum
479 1166 567 1193 sinere
593 1167 800 1200 contenderent,
820 1167 866 1194 sed
880 1174 907 1194 et
924 1177 974 1197 nos

188 1211 264 1245 ipsos
278 1212 422 1246 perplexas
447 1212 601 1244 redderent.
618 1214 716 1248 quibus
732 1215 866 1249 scripsere
882 1216 972 1249 libris,

189 1257 358 1289 dubitantes.
381 1266 446 1285 num
462 1259 573 1286 omnino
604 1260 728 1288 homines
751 1263 895 1295 exsistant.
913 1264 974 1291 Dei-

187 1311 241 1338 que
257 1304 412 1338 ﬁgmentum
427 1305 521 1332 audire
538 1306 704 1338 sustineant.
740 1308 786 1341 qui
805 1313 878 1335 tanta
895 1309 922 1336 in
943 1309 974 1337 il-

187 1349 244 1376 lum
261 1351 475 1379 temulentorum
498 1360 575 1379 more
590 1353 769 1382 deblaterent.
789 1354 883 1390 Neque
899 1356 972 1383 enim

188 1396 268 1424 aliam
283 1398 411 1426 existitno
427 1398 586 1433 Apostolum
596 1400 607 1415 ⁹
622 1399 716 1428 dicere
728 1400 924 1435 defectionem,
944 1403 971 1430 in

187 1443 319 1471 extremis
347 1445 516 1480 temporibus
541 1445 671 1476 futuram.
697 1455 778 1482 quam
792 1448 888 1483 utique
903 1449 974 1476 hanc

189 1489 311 1516 omnium
325 1497 422 1516 unam:
443 1496 579 1524 quatenus
596 1492 697 1519 scilicet
711 1493 781 1525 aliut.
802 1501 896 1522 eorum
913 1503 974 1530 qua:
987 1484 1009 1512 θ’

190 1534 238 1562 Dei
255 1539 318 1562 sttnt
332 1535 434 1569 aliquid
452 1541 594 1571 ponentes,
614 1538 686 1571 quod
710 1539 844 1573 reliquum
856 1546 973 1568 eratsu-

189 1579 294 1607 hlatum
320 1580 397 1608 ibant
409 1601 417 1610 .
435 1582 492 1608 lucc
509 1586 598 1608 autem
624 1582 861 1617 imptulcntissiuta
878 1593 974 1620 super.

189 1625 264 1652 stitio
278 1632 311 1652 ac
325 1625 429 1659 religio,
443 1626 575 1660 quidquid
606 1627 651 1654 Dci
671 1632 723 1660 est.
738 1634 820 1656 semel
840 1630 976 1658 honorare

190 1677 309 1699 recusat.
340 1673 501 1706 Quanquam
527 1673 599 1700 cnim
628 1676 855 1710 concrepantibus
885 1676 976 1704 buccis

190 1719 292 1754 aliquid
310 1719 342 1745 de
360 1719 407 1746 illo
433 1719 557 1746 videatur
577 1720 678 1753 dicere,
695 1721 728 1748 iis
746 1727 835 1748 tamen
852 1723 899 1756 qni
913 1730 976 1750 sen-

191 1772 251 1791 sum
268 1764 418 1795 attendant.
434 1772 540 1797 eorum.
552 1773 612 1800 qua:
622 1766 778 1800 loquuntur,
790 1767 974 1794 omnimndam

191 1811 359 1846 impietatem
373 1811 476 1842 statuit,
489 1811 591 1846 Deique
601 1817 640 1845 (ut
657 1812 697 1839 sic
708 1812 807 1846 dicam)
820 1813 977 1840 cxstinctio—

191 1864 269 1884 nem:
283 1864 343 1891 quae
359 1857 436 1891 plane
448 1863 512 1888 una,
529 1861 626 1891 aperte
642 1857 743 1884 nudam
768 1858 852 1892 ipsam
868 1866 977 1892 putam-

192 1911 246 1938 que
262 1903 442 1931 defectionem
459 1903 667 1937 dcsignantﬁta
685 1904 827 1937 nimirum.
846 1909 977 1939 tantoque

191 1956 305 1976 excessu
333 1948 360 1975 in
382 1948 481 1975 bonum
517 1949 591 1982 pacis
617 1949 741 1982 procacia
771 1942 885 1976 invecti-
901 1955 976 1983 sunt,

193 2002 348 2028 quanquam
366 1994 502 2020 maximus
519 1993 589 2021 Deus
608 1998 635 2021 ct
647 1993 773 2022 Salvator
787 2001 880 2022 noster
898 1995 978 2023 Jcsus

193 2039 320 2066 Christus
331 2039 364 2070 ‘°.
379 2043 441 2074 post
451 2047 531 2066 omne
542 2039 640 2066 salutis
666 2044 766 2066 nostra:
780 2041 916 2074 expletum
932 2048 979 2067 ne-

192 2086 295 2120 notium
310 2106 317 2117 .
336 2086 409 2120 quod
429 2086 579 2121 discipulos
603 2086 636 2113 ad
653 2087 855 2121 praedicationis
878 2095 978 2114 munus

192 2132 385 2167 praemittebat,
395 2139 489 2159 eorum
508 2137 570 2159 ante
586 2140 753 2166 componens
763 2133 880 2165 animos,
896 2141 961 2161 secu
975 2147 979 2151 ε

191 2186 292 2213 rasque
305 2183 407 2205 mentes
420 2178 546 2210 reddens.
565 2179 665 2212 quibus
684 2179 733 2210 ait,
746 2179 814 2206 «Pax
832 2180 909 2207 vobis
927 2180 975 2211 η.»

192 2231 247 2251 non
262 2224 381 2252 cessavit
400 2224 486 2250 donec
500 2224 556 2250 [NEC
572 2224 690 2258 primum
710 2225 800 2252 dicere
812 2225 976 2260 injuugcret.

193 2278 254 2297 esse
266 2278 295 2297 se
308 2271 393 2303 inagis
405 2275 544 2296 auctomm
561 2276 641 2303 atque
651 2270 782 2297 arbit'um
793 2272 866 2306 pacis
880 2273 981 2299 conﬁr-

195 2324 274 2344 mans
289 2317 324 2347 ",
337 2315 409 2349 quod
429 2316 454 2342 in
470 2316 530 2342 aliis
547 2315 670 2342 dixerat:
692 2315 805 2344 «Pacem
829 2325 916 2344 meam
943 2318 979 2345 do

195 2363 271 2389 vobis
285 2362 332 2393 η.)
353 2363 404 2389 hoc
419 2362 507 2388 denuo
529 2361 585 2395 ipse
612 2362 773 2396 adiungens.
790 2363 885 2398 sicque
900 2371 981 2398 pero-

194 2409 292 2441 rando.
311 2408 381 2434 «Pax
398 2407 502 2439 vobis.»
516 2408 541 2433 in
555 2415 616 2434 eum
632 2408 740 2434 modum
754 2409 869 2442 apostoli
880 2417 979 2436 munus

197 2454 251 2481 illis
279 2454 428 2486 concrcdit,
451 2461 509 2480 rem
534 2453 639 2480 scilicet
660 2454 743 2481 nullis
772 2455 838 2481 satis
854 2455 980 2483 laudibus

197 2501 401 2529 celebrandam:
419 2501 510 2527 «Sicut
527 2501 601 2528 misit
617 2508 659 2527 me
673 2500 752 2527 Pater
785 2508 872 2531 meus.
884 2506 911 2528 et
930 2510 980 2536 ego

197 2547 275 2574 mitto
285 2546 386 2580 vos“,r
410 2550 438 2573 et
461 2546 522 2574 illos
546 2547 650 2573 horrore
667 2545 797 2578 alliciens,
811 2551 837 2572 ct
852 2546 983 2581 dignitate

195 2598 309 2624 augens.

232 2636 281 2663 Sin
298 2640 387 2663 autem
408 2637 490 2664 etiam
506 2642 569 2664 ante
584 2644 691 2664 omnem
706 2637 808 2665 Christi
850 2637 982 2672 praedica-

199 2683 303 2712 tionem
321 2687 402 2718 atque
422 2683 455 2710 ad
471 2691 530 2710 eam
559 2684 795 2718 pra-parationem,
828 2683 902 2718 pacis
918 2690 982 2717 pro-

233 2753 244 2768 '
260 2752 376 2788 Philipp.
402 2753 469 2785 tv.7.
507 2753 517 2768 °
536 2753 629 2780 Matth.
643 2761 668 2781 κ.
686 2753 718 2780 15
734 2762 740 2785 ;
758 2752 825 2779 Luc.
860 2761 885 2780 ιι.
905 2751 931 2779 ὓ.
982 2751 1018 2788 fl

199 2788 210 2804 '
232 2788 250 2814 ll
266 2787 362 2850 Elite-ssi.
384 2797 414 2822 ll,
431 2789 458 2816 5.
499 2788 520 2804 ¹⁰
539 2789 590 2816 Tit.
605 2797 633 2819 ll.
651 2788 696 2815 ‘13.
737 2791 754 2804 ¹¹
769 2788 848 2815 Joun.
865 2795 909 2820 xx,
925 2787 967 2819 i9.
984 2787 1029 2814 "ll.

201 2830 247 2855 xx,
307 2842 314 2849 .

1017 92 1232 124 ARISSIOT/E
1758 89 1821 121 663

1019 158 1110 184 ρηται.
1149 149 1214 181 Καὶ,
1242 159 1252 175 «
1278 148 1382 184 Εἰρήνη
1407 147 1455 175 τοῦ
1486 146 1565 181 Θεοῦ,
1588 156 1599 174 ι
1631 149 1725 182 φησὶν,
1757 157 1767 173 ε
1804 148 1822 178 ἡ

1022 197 1111 223 πάντα
1136 197 1198 223 νοῦν
1226 195 1414 231 ὑπερέχουσα·
1431 204 1440 221 ι
1472 195 1586 230 εἰρήνην
1612 194 1697 228 αὐτὴν
1724 194 1821 228 δήπου

1023 243 1181 278 περιφανῶς
1205 243 1294 269 πάντα
1319 242 1382 269 νοῦν
1410 242 1601 277 ὑπερέχουσαν
1629 240 1732 272 καλῶν,
1750 239 1821 266 καθ’

1022 289 1056 324 ἢν
1082 289 1224 323 ἄνθρωπος
1250 289 1264 315 ὁ
1280 288 1432 323 ’Υπέροεος
1453 288 1608 323 γενόμενος,
1637 287 1711 321 ἡμᾶς
1727 288 1820 313 ἐκπο-

1021 335 1197 369 λεμωθὲντας
1220 334 1363 369 διήλλαξεν
1390 334 1482 369 ἑαυτῷ
1499 342 1506 349 ⁸
1530 329 1561 360 οῦ
1592 333 1618 359 τί
1642 333 1675 361 ἄν
1705 333 1821 365 γένοιτο

1023 381 1249 417 πρεπωδέστερον
1281 381 1330 420 εἰς¹
1352 380 1525 416 παράστασιν
1556 379 1603 407 τοῦ
1631 379 1681 412 τῆς
1696 379 1820 413 εἰρήνης

1022 426 1179 462 ὗπερφυοῦς
1190 435 1198 459 ;

1063 475 1180 509 Ἀκήχοα
1208 473 1237 501 δὲ
1260 473 1308 500 καὶ
1338 473 1450 508 εἰρήνην
1480 471 1649 506 προϊεμένην
1672 470 1719 496 καὶ
1737 471 1820 496 ἀντι-

1023 521 1202 556 στρέφουσαν.
1219 520 1252 547 ἂν
1274 519 1312 554 μὴ
1330 518 1405 550 ἄξιος
1437 518 1451 545 ὁ
1480 517 1595 552 ταύτην·
1614 516 1820 550 ὑποδεχόμενος

1022 567 1038 605 ᾗ
1053 576 1059 583 ·
1076 568 1099 594 εἰ
1116 567 1163 593 καὶ
1175 567 1278 602 Εἰρήνη
1295 574 1336 592 σοι
1349 573 1356 581 ⁸
1369 565 1472 599 Εἰρήνη
1483 564 1522 599 τῷ
1536 563 1611 598 ἀνδρί
1623 571 1670 589 σου
1681 571 1688 577 ·
1707 562 1818 598 Εἰρήνη

1022 615 1060 649 τῷ
1075 614 1209 649 παιδαρίῳ
1226 622 1232 629 ·
1252 614 1276 640 εἰ
1297 613 1377 648 ἥκαὶ
1401 612 1432 639 ’0
1449 611 1515 642 Θεδς
1539 611 1588 643 τῆς
1613 611 1734 644 εἰρήνης,
1765 611 1819 636 καῖ

1022 661 1101 688 πάντ’
1116 660 1172 688 ἄνω
1196 659 1244 686 καὶ
1265 659 1340 686 κάτω
1357 658 1392 684 τὰ
1410 658 1459 692 τῆς
1477 658 1601 692 Γραφῆς,
1615 657 1727 692 εἰρήνης
1748 655 1821 682 ἀνά-

1022 708 1115 734 πλεω·
1140 706 1240 741 μᾶλλον
1272 706 1295 732 δ’
1316 705 1411 733 ﬁxam
1434 705 1490 735 τοῖς
1511 703 1600 739 ὀρθῶς
1627 702 1819 737 προσανέχου-

1024 763 1076 786 σιν,
1092 753 1188 787 εἰρήνη
1212 752 1260 779 καὶ
1280 751 1416 785 ἀσφάλεια
1430 759 1437 766 ·
1457 749 1515 777 ἀλλ’
1541 749 1591 776 οὐκ
1608 747 1656 776 οἷδ’
1683 749 1759 779 ὅπως
1787 749 1819 775 οἰ

1022 801 1072 833 τὴν
1087 799 1151 825 νέαν
1168 798 1216 824 νῦν
1241 796 1400 831 ἀνευρόντες
1425 795 1516 822 πίστιν
1532 795 1655 830 μακροὺς
1675 794 1818 827 ἐξέτειναν

1023 843 1187 871 ἀντιθέσεων
1204 843 1313 878 λήρους,
1329 841 1373 875 ἐφ’
1394 838 1416 874 ᾧ
1432 841 1481 876 τὴν
1499 840 1548 874 μὲν
1571 840 1600 865 ἐν
1619 839 1659 874 τῷ
1674 838 1734 872 Θεῷ
1754 839 1819 865 δια.-

1025 890 1174 916 σπὰσουσιν
1203 888 1313 919 ἕνωσιν,
1329 887 1403 922 ἡμᾶς
1432 886 1454 913 δ’
1475 886 1663 921 ἀποῤῥήξουσι
1679 885 1728 918 τῆς
1756 884 1818 919 ήδῖ-

1025 945 1091 970 an]:
1110 935 1222 970 εἰρήνης
1235 943 1242 950 ·
1255 933 1395 968 πανταχοῦ
1421 932 1476 967 γὰρ
1505 931 1564 965 μεθ’
1583 930 1737 966 ὑπερϐολῆς
1751 930 1818 956 τοὺ-

1024 983 1130 1009 ναντίον
1145 982 1350 1015 ἀγαπήσαντες,
1361 980 1392 1006 τὸ
1410 980 1482 1014 μέγα
1497 978 1547 1012 τῆς
1563 978 1674 1012 εἰρήνης
1685 977 1816 1019 διέλυσαν

1024 1029 1119 1064 χρῆμα
1130 1036 1137 1044 ·
1166 1028 1213 1054 καὶ
1236 1027 1372 1062 τοσαύτην
1389 1026 1523 1060 ἐνέθηκαν
1537 1024 1597 1055 ταῖς
1612 1024 1739 1050 ἁπάντων
1761 1022 1818 1056 ψυ-

1024 1076 1085 1110 χαῖς
1104 1074 1153 1108 τὴν
1169 1073 1309 1109 ἀκαιρίαν,
1322 1072 1361 1104 ὡς
1380 1071 1417 1107 μὴ
1438 1071 1517 1106 μόνον
1541 1070 1596 1096 τῶν
1618 1068 1816 1104 γνησιωτὰτων

1024 1121 1179 1156 ἀποστῆσαι
1211 1119 1361 1146 σπουδάσαι
1393 1119 1547 1152 δογμάτων,
1569 1117 1617 1144 καὶ
1643 1115 1727 1150 μηδὲν
1757 1114 1816 1140 τῶν

1025 1169 1064 1198 εἰς
1077 1167 1257 1201 Χριστιανοὺς
1272 1165 1392 1200 ὲξαρχῆς
1409 1164 1568 1199 ἀνηκόντων
1587 1163 1715 1197 ἀκίνητον
1732 1162 1816 1188 ἐᾶσαι

1024 1213 1222 1247 φιλονεικῆσαι.
1236 1211 1294 1238 ἀλλ’
1316 1210 1485 1245 ἀμφιϐόλους
1503 1209 1551 1236 καὶ
1574 1209 1648 1243 ἡμᾶς
1662 1208 1763 1238 αὐτοὺς
1785 1207 1817 1232 ἐν

1024 1260 1081 1289 τοῖς
1098 1258 1162 1293 περὶ
1174 1257 1265 1283 αὐτῶν
1287 1256 1460 1290 καταστῆσαι
1480 1255 1581 1288 λόγοις,
1602 1253 1814 1288 διαποροῦντας,

1024 1305 1103 1339 εἰπερ
1132 1303 1199 1333 ὅλως
1226 1302 1266 1333 εἰς
1297 1301 1458 1336 ἀνθρώπους
1485 1299 1595 1327 τελοῦσι
1622 1299 1670 1326 καὶ
1699 1299 1815 1333 πλάσμα

1024 1349 1152 1384 λέγεσθαι
1179 1348 1248 1375 Θεοῦ
1265 1348 1472 1382 καταδέχονται,
1502 1345 1622 1373 τοσαῦτα
1638 1345 1706 1380 πρὸς
1732 1344 1820 1371 αὐτὸν

1024 1396 1289 1431 ἐμπαροινήσαντες.
1321 1394 1388 1421 Οὐδὲ
1404 1394 1459 1429 γὰρ
1473 1393 1558 1428 ἄλλην
1574 1390 1651 1426 οἶμαι
1668 1392 1713 1418 τὸν
1733 1392 1817 1418 Ἀπό-

1025 1443 1118 1470 στολον
1134 1441 1183 1477 τὴν
1208 1441 1376 1467 ἀποστασίαν
1393 1440 1421 1466 ἐν
1445 1439 1568 1474 ἐσχάτοις
1579 1438 1719 1473 εἰρηκέναι
1735 1438 1820 1472 γενή-

1026 1490 1120 1516 σεσθαι
1145 1489 1260 1523 καιροῖς,
1288 1487 1346 1514 ἀλλ’
1373 1486 1389 1521 ἦ
1413 1487 1499 1516 δήπου
1535 1484 1637 1514 ταύτην
1665 1485 1719 1510 τῶν
1741 1484 1816 1510 ἁπα-

1027 1536 1081 1562 σῶν
1100 1535 1185 1569 μόνην
1198 1542 1206 1550 ·
1228 1533 1349 1568 παρόσον
1366 1532 1469 1558 ἐκεῖναι
1493 1530 1543 1565 μὲν
1563 1531 1590 1556 τὶ
1608 1530 1664 1556 τῶν
1683 1528 1731 1555 τοῦ
1745 1528 1816 1555 Θεοῦ

1026 1579 1177 1614 τιθέμεναι,
1194 1578 1270 1606 τᾶλλ’
1297 1577 1415 1613 ἀνῄρουν
1426 1585 1433 1593 ’
1451 1578 1468 1612 ἡ
1485 1576 1508 1603 δ’
1525 1575 1637 1611 ἀναιδὴς
1657 1574 1728 1610 αῦτη
1751 1573 1818 1608 θρη-

1028 1638 1106 1664 σκεία
1123 1636 1250 1669 καθάπαξ
1267 1635 1446 1662 ἀπαναίνεται
1462 1633 1488 1660 τί
1511 1632 1566 1660 τῶν
1581 1632 1627 1659 τοῦ
1641 1631 1708 1658 Θεοῦ
1732 1630 1816 1666 τιμῆ-

1028 1693 1083 1711 σαι.
1109 1683 1169 1710 Κᾶν
1189 1682 1245 1716 γὰρ
1263 1682 1320 1711 τοῖς
1334 1680 1431 1715 ψόφοις
1456 1679 1510 1706 τῶν
1532 1678 1673 1713 ὀνομάτων
1700 1678 1727 1704 τὶ
1754 1678 1819 1712 περὶ

1027 1728 1111 1756 αὑτοῦ
1147 1728 1237 1762 λέγειν
1262 1727 1340 1762 δοκῇ,
1368 1725 1436 1753 ἀλλὰ
1463 1725 1519 1756 τοῖς
1547 1724 1596 1758 τὴν
1616 1722 1737 1750 διάνοιαν
1764 1722 1818 1749 τῶν

1027 1775 1185 1810 λεγομένων
1207 1774 1341 1801 σκοποῦσι
1365 1772 1485 1805 παντελῆ
1501 1771 1551 1804 τὴν
1566 1770 1663 1797 ἀθεῖαν
1680 1770 1818 1804 παρίστη-

1028 1829 1071 1848 σιν
1083 1829 1089 1836 ·
1106 1821 1124 1848 ἃ
1135 1819 1166 1855 δὴ
1184 1820 1251 1855 μόνα
1275 1817 1434 1854 περιφανῶς
1447 1815 1555 1850 γυμνὴν
1570 1815 1654 1850 αὐτὴν
1668 1814 1716 1841 καὶ
1731 1814 1818 1848 ἄκρα-

1028 1875 1075 1893 τον
1093 1866 1142 1901 τὴν
1165 1864 1337 1891 ἀποστασίαν
1367 1863 1505 1890 δείκνυσιν
1523 1869 1531 1877 ⁸
1554 1860 1625 1887 οὕτω
1650 1860 1710 1895 μεθ’
1734 1860 1817 1894 ὑπερ-

1029 1912 1109 1946 ὃολῆς
1135 1912 1176 1942 εἰς
1197 1911 1226 1937 τὸ
1244 1911 1294 1944 τῆς
1320 1910 1432 1944 εἰρήνης
1459 1908 1610 1943 ἐξύϐρισαν
1639 1906 1753 1941 ἀγαθὸν,
1772 1907 1818 1933 καὶ

1029 1957 1119 1984 ταῦτα.
1133 1957 1180 1983 τοῦ
1199 1956 1317 1990 μεγάλου
1331 1954 1399 1981 Θεοῦ
1422 1954 1469 1981 καὶ
1490 1953 1617 1988 Σωτῆρος
1632 1952 1709 1987 ήμῶν
1731 1951 1818 1986 Ἰησοῦ

1030 2002 1168 2038 Χριστοῦ,
1197 2001 1268 2036 μετὰ
1294 2001 1324 2026 τὺ
1341 2000 1432 2026 πᾶσαν
1462 1999 1641 2033 ἐκπληρῶσαι
1669 1998 1719 2033 τὴν
1748 1998 1819 2032 ὑπὲρ

1029 2048 1109 2083 ἡμῶν
1134 2047 1303 2082 οἰκονομίαν,
1325 2045 1419 2079 ἐπειδὴ
1442 2045 1504 2075 τοὺς
1522 2044 1645 2079 μαθητὰς
1661 2045 1707 2070 ἐπὶ
1723 2045 1753 2070 τὸ
1772 2044 1818 2078 κή-

1032 2101 1126 2128 ρυγμα
1159 2091 1346 2126 προῦπεμπε,
1376 2089 1619 2124 προκαταστήσας,
1650 2088 1740 2115 αὐτῶν
1770 2087 1818 2118 τὰς

997 2151 1018 2178 D
1031 2137 1158 2173 γνώμας,
1173 2137 1222 2163 καὶ
1241 2136 1289 2167 τὰς
1314 2135 1414 2170 ψυχὰς,
1444 2135 1473 2160 ἐν
1493 2133 1532 2169 τῷ
1553 2134 1636 2167 φᾶναι
1651 2133 1819 2168 προασφαλι-

1006 2215 1018 2226 ¹
1032 2184 1162 2218 σάμενος1
1182 2192 1191 2208 ι
1210 2182 1313 2216 Εἰρήνη
1330 2181 1405 2215 ὑμῖν,
1428 2189 1437 2205 ι
1454 2179 1503 2206 οὐκ
1525 2179 1646 2214 ἐνέμεινε
1667 2179 1748 2213 μέχρι
1772 2178 1816 2205 τοῦ

1030 2229 1118 2257 ταῦτα
1142 2229 1285 2262 προειπεῖν
1306 2227 1467 2261 ἐγνωκέναι,
1488 2225 1605 2260 βεϐαιῶν
1622 2225 1658 2256 ὡς
1679 2225 1758 2256 αὐτὸς
1786 2225 1816 2251 ἂν

1031 2277 1074 2311 εἰη
1090 2275 1191 2310 μᾶλλον
1205 2275 1219 2300 ὸ
1232 2274 1280 2307 τῆς
1298 2273 1410 2307 εἰρήνης
1426 2272 1558 2307 πρύτανις
1574 2292 1580 2302 ,
1602 2272 1671 2306 ὅπερ
1686 2272 1715 2296 ἐν
1730 2270 1818 2302 ἄλλοις

1032 2321 1146 2356 ἔφησεν,
1171 2329 1180 2345 «
1201 2319 1318 2353 Εἰρήνην
1334 2318 1383 2353 τὴν
1405 2318 1474 2352 ἐμὴν
1497 2317 1595 2351 δίδωμι
1614 2316 1689 2351 ὑμῖν,
1712 2325 1720 2341 ι
1743 2315 1817 2342 τοῦτο

1033 2367 1115 2393 πάλιν
1142 2365 1188 2392 καὶ
1214 2364 1294 2395 αὐτὸς
1314 2363 1448 2396 ἐπειπὼν,
1467 2373 1476 2389 «
1498 2363 1601 2399 Εἰρήνη
1622 2363 1696 2397 ὑμῖν,
1722 2372 1730 2388 ι
1751 2361 1817 2388 οὕτω

1034 2412 1084 2447 τὴν
1108 2410 1261 2444 ἀποστολὴν
1286 2411 1378 2441 αὐτοῖς
1402 2409 1566 2444 ἐγχειρίζει,
1582 2410 1612 2435 τδ
1633 2407 1817 2442 πολυύμνητον

1035 2458 1125 2484 ἐκεῖνο
1137 2463 1144 2471 ⁸
1165 2466 1173 2481 ι
1190 2454 1290 2486 Καθὼς
1316 2454 1471 2481 ἀπέσταλκέ
1490 2462 1522 2488 με
1538 2455 1552 2480 ὁ
1578 2453 1672 2487 Πατήρ
1692 2461 1754 2487 μου,
1772 2452 1817 2478 κά-

1036 2502 1076 2537 γὼ
1094 2503 1195 2537 πέμπω
1211 2501 1293 2536 ὑμᾶς,
1317 2509 1326 2526 ι
1352 2501 1398 2527 καὶ
1414 2500 1535 2535 τιμήσας
1557 2499 1655 2531 αὐτοὺς
1673 2499 1722 2525 καὶ
1743 2497 1817 2531 ἀξιώ-

1037 2558 1097 2581 σας.

1074 2639 1104 2665 Εἰ
1119 2638 1147 2664 6‘s
1168 2638 1215 2664 καὶ
1229 2636 1282 2671 πρὸ
1297 2636 1405 2662 πάντων
1419 2635 1472 2661 τῶν
1488 2633 1606 2669 Χριστοῦ
1622 2633 1816 2668 κηρυγμάτων,

1037 2685 1084 2710 καὶ
1109 2684 1157 2718 τῆς
1182 2683 1242 2710 κατ’
1270 2681 1341 2708 αὐτὰ
1367 2681 1557 2716 παρασκευῆς,
1579 2679 1609 2706 τὸ
1635 2679 1685 2714 τῆς
1710 2679 1817 2713 εἰρήνης

1036 2752 1093 2779 Par.
1113 2759 1161 2782 ru,
1188 2751 1240 2783 18;
1262 2749 1293 2777 IV
1312 2749 1378 2785 Reg.
1404 2758 1440 2780 tv,
1467 2749 1492 2776 6.

1095 2786 1199 2813 “Luc.
1228 2793 1254 2818 κ,
1286 2786 1310 2812 5.
1355 2783 1483 2812 "‘Joan.
1521 2792 1563 2811 xiv
1601 2783 1647 2810 27.

1541 2748 1552 2764 ⁸
1569 2748 1577 2775 1
1595 2748 1657 2775 Cor.
1685 2755 1740 2779 xlv.
1773 2747 1813 2773 33.

1541 2792 1563 2809 l\'
1601 2783 1647 2809 ΞΠ.
1704 2782 1726 2798 ¹⁸
1741 2781 1813 2809 Joan.
