1950 3070
106 130 170 164 66]

515 134 833 167 PALAMITICARUM
848 137 1224 170 TRANSGRESSIONUM
1244 138 1370 168 LIBER.

1702 136 1754 169 670

104 187 292 221 ἐπήγγελται
308 187 453 223 ἄσπασμα.
473 188 521 215 καὶ
537 189 628 224 πάσης
645 191 711 218 αὖτό
730 200 781 225 της
798 193 827 219 ὲν
842 194 908 228 ἡμῖν

964 199 1084 222 llllnllnla
1101 195 1257 230 indictaque
1292 194 1420 223 salutatio
1445 199 1497 227 est,
1521 194 1604 230 inque
1618 196 1691 222 onmi
1723 203 1752 222 re

105 232 323 267 ιεροτελεστίας
357 234 555 270 προήγγελται,
585 236 660 266 τινες
688 236 721 264 ἂν
748 236 804 264 εἶεν
830 240 857 265 οἵ
879 248 911 273 γε

102 278 257 314 πρότερον
283 279 332 306 καὶ
357 279 406 306 νῦν
432 279 498 307 αὐτὸ
526 282 678 317 παραλύειν
700 284 909 318 ἐσπουδακότες,

102 324 163 351 καὶ
198 324 286 359 μηδὲν
313 325 514 362 ἀγνωμοσύνης
542 329 768 364 παραλιπόντες,
798 331 911 366 ἀναίδην

107 368 196 396 οὕτω
210 370 283 396 κατὰ
305 369 396 405 πάσης
410 371 588 406 κεχωρήκασι
612 373 663 407 τῆς
685 375 763 409 ήμων
778 376 890 412 εἰρήνης
903 396 910 408 ,

103 415 221 447 ἐξῶσαι
252 416 388 451 πρότερον
416 417 503 453 αὐτὴν
532 418 733 454 ἐνθυμηθέντες
762 421 815 448 ἀπὸ
831 422 910 455 Θεοῦ,

106 458 178 486 εἶτα.
195 460 244 488 καὶ
258 461 314 487 τῶν
322 462 350 488 ὲν
363 462 430 502 ἡμῖν
442 463 675 498 σπυδασμάτωνς
688 463 751 499 'Ap'
766 466 816 493 οὐκ
831 467 912 499 εὐθύς

106 505 241 540 ἒξαρχῆς
261 506 312 542 τὴν
331 507 437 534 ἑαυτῶν
462 508 620 542 παριστῶσι
638 512 703 546 περὶ
724 511 754 538 τὸ
772 511 911 548 όμὸψυχον

108 551 292 586 ὑπεροψίαν,
323 553 371 580 καὶ
398 553 471 584 ὅπως
501 553 596 590 ἔλαχον
621 557 686 592 περὶ
713 558 743 584 τὸ
769 558 911 585 δυσσεϐεῖν

107 597 260 635 αἱρεῖσθαι
295 598 424 632 φύσεωςς
452 600 533 627 Ἀλλὰ
568 601 670 636 ταύτης
693 603 742 638 μὲν
767 604 818 638 τῆς
839 605 911 632 κατὰ

107 642 169 676 τῆς
189 642 304 677 εἰρήνης
326 643 438 679 λύττης,
452 645 495 672 ἐπ’
511 646 604 677 ἄλλοις
626 647 702 674 ἄλλοι
724 649 795 675 κατὰ
815 649 910 684 διαφό-

113 695 185 721 ρους
197 687 349 723 ἀρξάμενοι
368 690 493 724 χρόνους,
515 691 697 724 τελευτῶντες
713 693 756 725 είς,
775 694 910 729 Παλαμᾶν

110 731 192 769 ἧκον
205 740 214 748 ⁸
229 734 325 770 ἄνδρα,
349 735 395 762 τὸν
419 737 481 763 νοῦν
500 737 628 765 ἀϐέϐαιον
641 746 647 753 ·
672 739 817 767 ἀλλόκοτον
845 743 910 775 περὶ

111 779 170 813 τὴν
197 780 346 816 θρησκείαν
362 790 370 798 ·
397 783 600 818 ἀπερίσκεπτον
625 786 690 819 περὶ
715 786 746 812 τὸ
767 788 910 821 παραστὰν

112 825 196 852 ἅπαν
209 834 216 841 ·
234 826 297 861 ὅρον
312 827 407 854 τοῦτον
423 829 564 862 ἐγνωκότα
578 829 756 864 φιλονεικίας,
774 832 824 866 οὐχ
847 832 876 859 ὃν
896 834 909 867 ή

112 871 204 905 φύσις
221 872 289 906 πρὸς
305 873 356 907 τὴν
377 874 472 908 χρείαν
493 875 685 909 ἐπετήδευσεν.
698 876 756 904 ἀλλ’
777 878 808 905 ὃν
825 879 840 905 ὁ
861 878 911 914 τῆς

112 917 200 952 ζωῆς,
220 918 296 953 αύτῷ
322 919 417 954 χρόνος
443 920 620 956 ὲξεμέτρησε.
658 922 792 958 Τοιαύτην
834 921 911 956 οὗτος

112 963 169 996 τὴν
181 963 272 998 ψυχήν
288 965 455 1000 περιφέρων,
477 968 524 993 καὶ
538 966 625 1002 τούτῳ
641 968 703 1000 τοὺς
716 968 812 1001 ἄλλους
828 970 909 1006 ὑπερ-

115 1008 252 1036 ϐγιλὲσῦαι
268 1009 369 1045 ζητῶν,
382 1011 450 1037 ὅπου
465 1011 495 1038 τὸ
507 1013 585 1048 νικᾷν
601 1013 681 1040 πλέον
700 1014 745 1040 τὸν
764 1017 828 1050 περὶ⁵
844 1016 911 1043 Θεοῦ

117 1055 247 1082 κίνδυνον
268 1057 351 1092 αῐρει,
378 1058 488 1094 περιῄει
511 1059 543 1086 τὸ
565 1060 673 1095 πρῶτον
698 1062 794 1096 καιρὸν
812 1062 913 1089 ἐπιδεί-

116 1102 191 1135 ξεως
206 1103 439 1139 ἁνερευνώμενος,
457 1105 612 1140 φιλοπονῶν
635 1107 700 1142 περὶ
717 1108 752 1134 τὰ
769 1108 910 1143 ἐλάχιστα,

116 1149 168 1174 καὶ
186 1147 226 1183 τῷ
250 1151 364 1185 κρατεῖν
387 1151 417 1177 ὲν
438 1151 546 1186 ἑκάστῳ
565 1151 639 1186 μάλα
663 1153 891 1188 φιλοτιμούμενος
904 1161 911 1169 ·

117 1193 213 1220 πάντα
229 1195 313 1221 κινῶν
327 1196 376 1222 καὶ
393 1197 477 1231 μηδὲν
491 1197 670 1232 παραλείπων
691 1199 761 1232 ὑπὲρ
774 1199 821 1225 τοῦ
843 1201 913 1235 πρὸς

121 1240 234 1267 ἅπαντα
245 1241 387 1277 φιλαρχεῖν
400 1243 538 1276 αίρεῖσθαι
551 1251 559 1259 ·
575 1244 625 1271 καὶ⁹
636 1244 691 1274 πᾶς
710 1242 744 1279 ἦν
758 1245 833 1280 αὐτῷ
849 1245 913 1271 σύλ-

80 1301 87 1303 ν
118 1286 202 1320 λογος
229 1287 337 1322 ἡμέρας
361 1288 492 1324 ἑκάστης,
520 1289 570 1316 εἴτ’
595 1291 627 1317 ὲκ
652 1290 783 1318 πλειόνων
807 1291 857 1318 εἴτ’
883 1292 912 1325 ἐξ

119 1333 274 1360 ἐλαττόνων
292 1336 491 1369 συνεκροτεῖτο,
515 1335 631 1371 θορύϐου
647 1337 694 1363 καὶ
710 1337 833 1373 ταραχῆς
848 1338 913 1365 ἀνά-

120 1378 225 1411 πλεως.

165 1514 242 1563 Ἐπεὶ
267 1514 296 1541 δὲ
326 1515 422 1563 smper,-
454 1516 613 1552 ἐφειστήκει
642 1518 734 1544 πᾶσαν
764 1519 807 1553 ἐφ’
832 1519 946 1563 ῆμῶνε

122 1560 239 1595 ἀνομίαν
257 1561 478 1595 συντελεσθῆναι,
494 1562 542 1589 καὶ
556 1563 685 1597 γενέσθαι
702 1565 736 1591 τὰ
755 1565 817 1591 καθ’
838 1566 911 1600 ἡμᾶς

122 1607 189 1634 dicit
204 1608 309 1642 Σόδομα
331 1608 378 1635 καὶ
395 1609 522 1645 Γόμορρα
535 1618 542 1626 ·
559 1611 608 1636 καὶ
633 1611 687 1637 πᾶν
710 1611 760 1646 μὲν
781 1611 911 1645 ἐξανδρα-

124 1654 284 1689 ποδισθῆναι
300 1654 331 1680 τὸ
345 1654 433 1688 γένος,
459 1655 550 1681 πᾶσαν
577 1656 600 1682 δ’
616 1656 794 1692 ἐρημωθῆναι
820 1658 909 1691 πόλιν,

124 1699 173 1725 καὶ
199 1699 433 1734 καταπατηθῆναι
462 1699 496 1727 τὰ
525 1701 607 1735 Ἅγια
635 1701 748 1736 Περσῶν
784 1703 910 1738 βεϐήλοις

125 1746 201 1776 ποσὶ,
217 1745 264 1771 καὶ
287 1745 337 1780 τὴν
350 1745 441 1771 αὐτῶν
464 1745 652 1781 ἀντισηκῶσαι
669 1749 842 1783 παρανομίαν
863 1749 910 1775 καὶ

125 1791 270 1825 ἀσέλγειαν
283 1793 340 1823 τοῖς
356 1792 505 1826 ἡμετέροις
521 1791 594 1818 ἔθεσι
607 1793 655 1819 καὶ
669 1793 837 1828 σεϐάσμασεν
853 1791 910 1829 (οἷα

125 1837 159 1863 τὰ
179 1837 227 1863 τοῦ
252 1837 319 1863 Θεοῦ
348 1838 485 1872 κρίματαὶ
506 1838 515 1871 δ
546 1838 715 1873 Θρασύτερον
741 1839 755 1865 ὸ
780 1839 910 1875 ὑϐριστὴς

127 1883 314 1917 ἐμπεπτωκὼς
332 1881 418 1915 οὗτος,
436 1884 520 1916 Λυδὸς
541 1885 620 1916 εὐθὺς
633 1883 666 1920 ἦν
679 1886 719 1916 είς
741 1886 843 1917 πεδίον,
863 1887 911 1914 καὶ

126 1928 202 1959 δαλὸς
224 1929 264 1960 εἰς
280 1928 434 1964 εὗπρηστον
451 1929 536 1965 ὕλην·
560 1930 607 1957 καὶ
628 1930 723 1966 ὥσπερ
741 1933 797 1962 τοῖς
818 1932 910 1964 ἄλλοις

127 1973 141 1999 ὁ
154 1973 207 2000 τῶν
226 1975 359 2009 σωμάτων
376 1975 422 2001 καὶ
449 1975 503 2001 τῶν
525 1976 674 2011 χρημάτων
689 1976 798 2012 ὖλεορος
818 1977 909 2004 διεπο-

127 2019 194 2055 νήθη
209 2021 256 2047 καὶ
278 2021 539 2056 πεπραγμάτευται,
570 2022 738 2058 μακρότερόν
756 2032 806 2049 που
822 2023 910 2058 τούτῳ

127 2065 157 2091 τὸ
178 2065 234 2092 ’τῶν
261 2065 356 2102 ψυχῶν
378 2067 505 2101 ὲξήνυται
529 2067 710 2103 δηλητήριον·
729 2068 767 2100 ὡς
787 2068 820 2095 ἂν
849 2069 911 2095 κατ’

129 2111 210 2146 ἄμφω
231 2112 280 2138 καὶ
306 2112 405 2147 ψυχαῖς
429 2112 547 2139 θάνατον
571 2115 618 2140 καὶ
647 2115 772 2149 σώμασιν
804 2115 911 2142 ὄλισθον

129 2157 263 2191 ἐπάγοιεν.

963 248 1051 274 sacra,
1072 248 1104 268 ac
1115 241 1308 277 mysteriorum
1323 241 1572 275 celebrationeipsa
1601 241 1673 276 apud
1701 249 1750 268 nos

963 287 1172 321 pratnnntiatur,
1185 287 1296 322 quinam
1313 294 1373 314 esse
1388 287 1492 314 dicendi
1511 291 1584 319 sunt,
1600 286 1646 321 qui
1674 287 1751 321 prius

963 340 1090 367 nuncque
1102 333 1162 366 ejus
1174 332 1276 360 bonum
1290 332 1482 363 dissolventes,
1493 332 1619 366 nihilque
1645 332 1750 367 impro-

962 378 1055 405 bitatis
1072 379 1186 406 missum
1200 378 1343 410 facientes,
1359 382 1432 405 tanta
1449 377 1618 412 impudemia
1635 377 1660 404 in
1691 386 1751 404 om-

962 433 1023 452 nem
1038 430 1156 453 nostram
1170 425 1286 460 grassati
1297 429 1473 459 suntpacem,
1491 425 1541 451 hoc
1555 425 1707 460 cogitantes
1722 430 1746 451 ut

961 479 977 498 a
993 471 1046 498 Deo
1060 471 1146 505 prius,
1162 475 1272 505 tumque
1281 470 1360 498 etiam
1372 469 1540 497 abbumanis
1554 469 1651 497 studiis
1668 475 1751 504 atque

962 517 1083 544 moribus
1102 524 1160 543 eam
1178 516 1368 551 proﬂigarent?
1377 515 1445 542 Num
1458 516 1539 550 igitur
1550 516 1641 543 statim
1652 523 1666 542 a
1676 515 1750 549 priu-

961 562 1044 596 cipio,
1061 569 1138 589 suam
1155 561 1311 589 ostendunt.
1323 560 1393 594 quod
1413 560 1445 587 ad
1456 560 1631 587 concordiam
1641 560 1748 590 attinet,

961 607 1127 642 superbiam,
1140 614 1225 642 quove
1234 614 1288 641 prre
1299 607 1337 633 liti
1348 606 1456 641 ingenio
1467 606 1531 637 sint,
1543 611 1571 633 ut
1585 609 1681 639 sponte
1700 613 1750 633 sua

962 653 1092 688 itnpietati
1105 652 1269 680 concedant?
1282 651 1379 679 Verum
1395 651 1468 678 bunc
1484 651 1593 685 quidem
1617 650 1749 678 adversus

962 706 1055 733 pacem
1072 699 1238 730 furorem,in
1250 698 1310 725 aliis
1325 698 1369 725 alii
1380 698 1495 725 diversis
1507 697 1675 732 temporibus
1699 705 1731 724 :xu
1742 712 1749 716 -

961 744 1068 778 spiculi,
1086 749 1223 778 postremo
1239 744 1272 771 ad
1290 744 1425 771 Palumam
1452 745 1633 776 devenerunt;
1662 741 1758 770 virum'

961 791 1076 822 scilicrt,
1088 791 1252 818 inconstauti
1264 791 1354 817 animo
1368 799 1375 821 ;
1385 789 1578 825 superstitione
1585 788 1686 824 Deique
1693 789 1750 816 cul-

962 841 990 863 tu
1004 841 1190 871 portentosum
1208 845 1216 870 ;
1234 836 1365 871 quidquid
1380 836 1479 871 negotii
1493 835 1625 867 vertatur,
1645 836 1752 867 impru-

963 883 1070 910 dentem
1084 881 1359 909 acinconsidcratum
1378 889 1386 908 :
1402 881 1448 915 qui
1473 881 1546 908 hunc
1568 880 1751 908 contentionis

963 927 1044 956 linem
1066 927 1184 960 noverit,
1202 934 1255 953 non
1273 934 1352 961 quem
1372 930 1468 953 natura
1489 925 1570 960 iustae
1599 925 1750 952 necessita-

963 974 999 1000 tis
1016 978 1099 1000 causa
1117 972 1253 1003 statuerit,
1275 971 1320 998 sed
1340 978 1419 1005 quem
1434 970 1496 997 vitae
1515 969 1555 996 illi
1574 973 1683 1004 tempus
1694 977 1753 996 om-

963 1026 996 1045 ne
1010 1017 1186 1053 protcnderit.
1199 1016 1370 1050 Ejuscemodi
1381 1015 1424 1042 ille
1433 1015 1554 1042 animum
1568 1014 1751 1042 eirumferens

964 1065 1069 1098 hocque
1078 1063 1189 1097 reliquis
1201 1062 1354 1097 praecelb're
1364 1068 1498 1095 quaerens.
1511 1068 1565 1094 quo
1572 1060 1684 1088 victoria
1694 1059 1752 1087 dis-

962 1111 1101 1145 putatione
1115 1110 1146 1136 de
1162 1109 1216 1135 Deo
1237 1107 1326 1142 majus
1356 1106 1507 1141 pericuiutn
1528 1105 1604 1138 facit,
1618 1105 1752 1133 circuibat

962 1156 1079 1190 primum
1094 1154 1266 1181 occasionem
1283 1153 1386 1179 rimaus
1406 1146 1448 1179 sui
1466 1151 1640 1184 ostentandi,
1657 1151 1684 1178 in
1703 1152 1754 1178 mi-

962 1201 1045 1228 nimis
1064 1207 1174 1234 operam
1202 1205 1365 1232 magnopere
1387 1197 1532 1228 adhibens,
1555 1201 1636 1232 atque
1652 1196 1679 1223 in
1694 1204 1754 1223 om-

963 1245 1043 1272 nibus
1061 1245 1162 1279 primas
1185 1243 1257 1271 ferre
1281 1243 1360 1270 etiam
1385 1246 1464 1277 atque
1491 1242 1573 1270 etiam
1602 1241 1750 1274 ambiens;

963 1292 1066 1318 nullum
1077 1298 1130 1318 non
1140 1290 1232 1317 funem
1241 1297 1352 1317 movens
1361 1294 1440 1316 autve
1450 1288 1596 1324 quicquam
1607 1287 1748 1319 omittens,

964 1342 992 1364 ut
1011 1338 1038 1364 in
1055 1335 1183 1362 Omnibus
1194 1342 1308 1370 prmesse
1317 1333 1384 1361 velle
1396 1341 1428 1360 ac
1437 1333 1571 1360 dominari
1590 1333 1748 1364 videretur;

962 1381 1107 1415 omnisque
1124 1380 1162 1406 illi
1179 1379 1300 1414 quotidie
1315 1382 1474 1411 conventus,
1497 1377 1555 1405 sive
1574 1379 1674 1412 plures.
1693 1378 1754 1404 sive

963 1428 1105 1463 pauciores
1116 1426 1314 1457 conﬂuxerant,
1333 1425 1428 1460 plenus
1437 1424 1603 1451 tumultuset
1612 1423 1755 1458 perturba-

963 1475 1046 1502 tionis
1057 1474 1159 1501 abibat.

999 1521 1146 1555 Postquam
1158 1528 1223 1547 vero
1237 1524 1344 1552 tempus
1357 1517 1514 1546 advenerat,
1525 1516 1652 1544 ntomnis
1665 1516 1691 1543 in
1703 1523 1754 1543 no-

970 1565 1011 1592 bis
1028 1568 1268 1591 consummat-eun
1292 1561 1466 1596 improbitas,
1496 1563 1642 1593 essentque
1662 1562 1755 1585 nostra

969 1610 1094 1637 Sodoma:
1111 1616 1143 1636 ac
1156 1607 1315 1635 Gomorrhze
1331 1606 1401 1633 baud
1418 1604 1562 1633 dissimilia
1577 1612 1585 1637 ;
1610 1607 1693 1638 atque
1727 1605 1754 1629 ut

968 1662 1022 1683 tota
1039 1656 1149 1682 natione
1165 1655 1192 1681 in
1208 1654 1364 1681 servitutem
1379 1651 1498 1684 redacta,
1515 1650 1591 1678 nulla
1612 1657 1666 1677 non
1686 1648 1756 1676 civi-

968 1706 1009 1728 tas
1025 1700 1204 1732 desolaretur,
1221 1707 1253 1726 ac
1271 1698 1370 1725 Sancta
1385 1697 1506 1732 profanis
1521 1696 1665 1723 Persarum
1679 1694 1756 1729 pedi-

967 1749 1019 1776 bus
1034 1748 1273 1778 conculcareutur,
1291 1745 1444 1780 nostrisque
1460 1743 1581 1771 moribus
1599 1746 1679 1777 atque
1695 1741 1754 1769 cul-

966 1795 1049 1826 tibus,
1069 1793 1177 1820 illorum
1192 1792 1304 1827 perfidia
1320 1791 1465 1824 insanique
1479 1797 1587 1816 amores
1604 1789 1676 1823 (qua:
1707 1787 1752 1814 Dei

965 1840 1089 1877 judicia!)
1109 1839 1166 1875 pari
1185 1839 1247 1874 jure
1262 1838 1442 1868 haberentur,
1456 1836 1552 1870 majori
1581 1835 1695 1862 audacia
1718 1834 1753 1860 ir-

969 1895 1052 1915 ruens
1068 1887 1149 1914 boroo
1164 1884 1389 1916 contumeliosus,
1405 1883 1495 1918 Lydus
1510 1883 1600 1910 statim
1615 1881 1641 1907 in
1656 1887 1755 1915 campo

966 1938 1035 1965 erat,
1050 1933 1148 1967 faxque
1184 1931 1216 1958 ad
1234 1936 1348 1965 stupas;
1377 1936 1409 1956 ac
1426 1929 1498 1956 sicut
1526 1927 1587 1954 aliis
1610 1934 1754 1961 corporum

967 1981 1154 2013 bonorumque
1167 1977 1279 2005 exitium
1296 1977 1424 2009 labesque
1438 1979 1580 2010 procurata
1590 1978 1670 2007 atque
1687 1980 1754 2006 pra:-

966 2029 1041 2060 stita,
1057 2026 1095 2053 sic
1110 2032 1192 2060 prope
1209 2023 1246 2050 illi
1266 2023 1346 2049 latius
1360 2021 1487 2049 diil‘usum
1505 2029 1537 2048 ac
1565 2023 1753 2054 experrectum

968 2073 1119 2100 animarum
1137 2075 1287 2100 venenum;
1310 2075 1364 2102 quo
1390 2066 1518 2093 nimirum
1542 2066 1679 2098 utrinque,
1697 2069 1754 2090 tum

967 2118 1111 2147 animabus
1120 2122 1244 2147 mortem,
1256 2121 1311 2142 tum
1325 2113 1485 2149 corporibus
1495 2113 1599 2140 ruinam
1610 2117 1754 2144 casumque

967 2166 1117 2193 induceret.

163 2204 246 2230 Γενεὰ
269 2212 311 2236 τις
329 2205 502 2238 ἀναφανεῖσα
525 2206 785 2241 παραπικραίνουσα
799 2216 806 2223 ·
831 2208 911 2242 γενεᾶ

1000 2211 1073 2240 Gens
1092 2209 1222 2237 nimirum
1234 2208 1356 2244 quadam
1372 2213 1523 2240 emergens.
1547 2212 1613 2240 gens
1646 2209 1754 2229 exacer-

130 2248 336 2285 ιξοιστραμένη,
354 2251 401 2277 καὶ
415 2250 482 2277 θεὸν
498 2251 541 2277 ἐπ’
554 2251 584 2278 οὺ
600 2251 670 2284 θεοῖς
686 2254 892 2287 παρεικάζουσι
903 2263 911 2271 ο

130 2294 170 2320 διὰ
190 2295 269 2320 τοῦτο
292 2296 340 2321 καὶ
367 2296 433 2327 Θεὸς
460 2297 640 2331 παρεικὰσειν
669 2299 768 2330 αὐτοὺς
794 2300 837 2325 ἐπ’
862 2300 912 2327 οὐκ

131 2340 198 2366 ξονει
220 2341 366 2376 διενοήθη,
391 2342 438 2368 καὶ
464 2343 517 2378 μὴν
545 2343 697 2377 ἐξετέλεσε,
726 2345 827 2380 μικροῦ
859 2347 912 2372 πᾶν

132 2386 216 2412 αὐτῶν
228 2385 415 2422 ἐξαναστήσας
430 2389 480 2423 τῆς
493 2390 544 2423 γῆς
559 2390 589 2416 τὸ
604 2389 729 2425 σύστημα
740 2399 746 2405 ·
761 2392 913 2426 καταπροέ-

133 2439 207 2466 μενος
224 2432 284 2464 μετ’
300 2433 386 2467 ὀργῆς
401 2433 473 2460 ἔθνει
487 2434 622 2468 ἀσυνέτῳ,
634 2437 682 2462 καὶ
696 2435 807 2470 ἄρχοντι
828 2445 913 2471 πονη-

134 2477 231 2512 ροτάτῳ
247 2479 323 2510 παρᾶ
344 2479 449 2510 πάντας
481 2480 544 2511 τοὺς
565 2481 760 2513 κατοικοῦντας
783 2482 831 2518 τὴν
851 2483 912 2518 γῆν.

133 2523 185 2550 Καὶ
198 2523 244 2550 νῦν
265 2524 296 2550 τὸ
312 2524 488 2559 περιλειξοὲν
504 2526 553 2561 τῆς
580 2526 664 2560 ὀργῆς
689 2526 826 2559 λείψανον,
844 2528 914 2563 μηδὲ

134 2569 196 2602 μετὰ
219 2569 268 2604 τήν
287 2569 395 2605 πληγὴν
408 2571 449 2601 εἰς
467 2572 563 2607 πεῖραν
588 2569 666 2608 ἧκον,
683 2574 709 2599 ei
732 2581 784 2600 που
811 2575 837 2600 τὶ
863 2574 914 2608 τῆς

133 2614 237 2649 ειρήνης
261 2614 333 2650 ἴχνος
353 2616 569 2650 περιλέλειπται,
593 2618 767 2652 καταρῤἀξαι
783 2619 830 2645 καὶ
847 2627 910 2645 συν-

132 2659 217 2693 τρίψαι
227 2660 461 2696 προθυμούμενον,
473 2662 532 2697 μεθ’
542 2663 607 2697 ὅσης
618 2663 667 2698 τῆς
679 2664 815 2694 ἀναιδείας
825 2664 909 2697 σοϐεῖ,

132 2703 162 2729 τὰ
178 2705 264 2739 μάχης
287 2706 335 2731 καὶ
359 2705 474 2739 θορύϐου
500 2707 547 2733 καὶ
569 2707 658 2741 πάσης
674 2707 759 2742 ἄλλης
784 2709 909 2744 ἀκαθαρ-

135 2749 186 2779 σάς
213 2749 342 2776 ἀνάπλεω
370 2751 502 2786 περιάγον
531 2752 577 2778 καὶ
606 2751 749 2787 θεατρίζον
766 2753 907 2789 δόγματα·

167 2842 183 2854 τ’
208 2841 284 2868 Dent.
304 2847 378 2869 uxr.
399 2840 450 2872 27;
473 2841 613 2872 nxu,‘2|.

963 2257 1127 2290 bans;gcns
1143 2255 1234 2282 furore
1248 2253 1395 2288 exagitata,
1428 2253 1567 2285 Deumque
1602 2249 1628 2276 in
1645 2248 1677 2275 iis
1707 2247 1755 2282 qui

961 2309 1015 2328 nou
1030 2305 1093 2328 sunt
1111 2300 1159 2332 dii,
1176 2298 1329 2326 assimilans
1342 2298 1362 2314 "
1378 2304 1473 2331 ;quam
1490 2300 1516 2323 et
1531 2299 1670 2330 propterea
1685 2292 1764 2319 Deus

962 2347 988 2373 in
1005 2353 1059 2372 non
1075 2343 1314 2380 genteassimilare
1329 2341 1484 2374 constituit,
1500 2345 1527 2368 et
1541 2347 1606 2367 vero
1628 2339 1752 2374 pertecit.

962 2393 1004 2419 vix
1018 2399 1071 2418 non
1088 2398 1195 2418 omnem
1211 2397 1304 2416 eorum
1319 2395 1420 2416 cauum
1433 2395 1448 2414 e
1463 2392 1535 2414 terra
1554 2386 1764 2417 exterminans;

964 2439 1074 2466 tradens
1091 2435 1206 2463 cumira
1227 2433 1458 2469 genliinsipienti,
1488 2432 1604 2466 ducique
1633 2431 1751 2458 scelera-

963 2484 1069 2512 tissimo
1080 2490 1161 2516 super
1196 2488 1291 2508 omnes
1314 2480 1481 2507 habitatores
1495 2483 1584 2505 terrae.
1622 2476 1758 2510 Nunc-quo

963 2530 1046 2557 etiam
1063 2528 1134 2562 quod
1150 2527 1197 2553 ira:
1210 2525 1350 2552 residumn
1367 2528 1419 2554 est,
1437 2530 1471 2550 ne
1490 2527 1551 2557 post
1569 2522 1674 2556 plagam
1690 2521 1760 2555 φής

962 2575 1024 2602 dein
1039 2581 1071 2600 ex
1084 2572 1205 2607 periculo
1217 2570 1338 2602 cautius,
1352 2569 1439 2597 sicubi
1459 2568 1606 2603 vestigium
1637 2567 1746 2600 aliquoi

965 2619 1041 2655 pacis
1055 2619 1186 2653 reliquum
1204 2621 1254 2648 est,
1263 2615 1363 2643 elidere
1374 2622 1405 2642 ac
1421 2619 1561 2641 conterere
1576 2613 1655 2640 avi‘le
1676 2612 1751 2640 cmi-

965 2669 1035 2697 tans,
1047 2670 1147 2699 quanta
1163 2662 1226 2689 licet
1244 2661 1409 2695 impudentia
1421 2660 1577 2692 submovet,
1587 2659 1663 2693 plena
1677 2657 1753 2685 srili<

964 2716 1006 2738 cet
1022 2711 1097 2741 rixae.
1116 2709 1302 2742 tumultusque
1316 2714 1348 2734 ac
1363 2707 1432 2734 alius
1461 2706 1550 2733 onmis
1567 2702 1758 2732 immunditia}

964 2756 1151 2789 circumagens
1176 2754 1311 2789 dogmata.
1328 2752 1411 2779 int-ue
1429 2751 1505 2779 orbis
1530 2750 1664 2778 theatrum
1687 2753 1759 2783 pro»
