1950 3070
102 143 155 174 697

483 142 819 174 'PALAMITICARUM
837 144 1215 175 TRANSGRESSIONUM
1235 144 1364 187 LIBER.

1685 141 1738 176 693

100 196 232 235 ἀληθινὸν
260 197 434 225 διατείνεται.
451 199 487 225 Τὸ
504 199 531 225 δὲ
554 199 647 234 ὃγδοον
674 200 743 234 πρὸς
765 201 892 232 ἐκείνοις,

957 200 1078 228 )ctavum
1094 205 1239 235 praetcrea,
1256 206 1413 234 supremum
1429 197 1617 234 appetibilium
1635 199 1737 226 omnis-

100 243 133 269 τι
149 243 303 278 ἀκρότατον
318 243 372 269 τῶν
394 244 499 277 ἐφετῶν
521 246 568 271 καὶ
583 245 673 272 πᾶσαν
693 245 742 280 τὴν
759 244 896 281 μακαριό-

102 298 174 323 τητα
191 289 239 316 τὸν
251 290 373 317 τοιοῦτον
387 287 457 317 εἶναι
471 290 537 316 Θεὸν
553 292 708 327 ἐπισχυροϊ.

141 335 215 370 Πρὸς
239 335 308 362 Θεοῦ
337 335 393 369 (τοῦ
422 339 640 372 τρισυποστάτου
671 338 755 373 φημὶ.
777 338 824 364 καὶ
842 337 896 365 πά-

104 382 150 409 λαι
174 383 224 417 μὲν
239 383 323 409 πᾶσιν
340 383 400 415 ἐνὸς
418 384 496 419 κοινῇ
508 384 727 418 πρεσϐευομένου
743 383 822 417 Θεοῦ,
838 385 896 410 νυνὶ

105 429 134 455 δὲ
150 430 207 460 τοῖς
222 429 399 463 διωκομένοις
415 429 482 464 ἡμῖν
499 430 582 464 μόνου
600 430 690 464 Θεοῦ),
706 430 732 456 τί
746 429 833 464 τούτῳ
848 438 898 456 κα-

105 475 253 501 ταλέλοιπε
268 475 401 510 Παλαμᾶς
415 477 483 510 πρὸς
504 476 535 503 τὸ
555 476 622 503 Θεὸν
641 474 728 509 sint;
749 477 779 502 Εἰ
797 476 852 510 γὰρ
867 476 897 502 τὺ

107 521 167 553 φῶς
177 520 256 547 τοῦτο
269 521 299 547 τὸ
314 521 350 555 μὴ
369 521 398 547 ὃν
415 521 494 548 οὐσία
520 522 587 548 Θεοῦ
602 522 675 556 λέγει
694 523 743 557 μὲν
759 522 812 556 πρὸ
830 522 897 549 πάν-

108 575 162 593 των
181 566 250 593 εἶναι
278 569 325 594 καὶ
349 569 378 594 ἐν
394 567 468 602 αὐτῷ
486 568 519 594 τὰ
535 569 624 595 πάντα
637 577 643 584 ι
661 568 777 603 ὁρᾶσθαι
803 568 832 594 δὲ
860 567 897 599 ὡς

107 614 175 639 Θεὸν
191 615 236 640 καὶ
253 613 380 640 ἑνοῦσοαι
399 615 456 646 τοῖς
488 615 566 647 πᾶσι,
583 614 630 640 καὶ
649 613 832 649 δημιουργεῖν
850 613 899 640 καὶ

109 660 234 694 συνέχειν
248 662 282 686 τὰ
298 660 395 692 πάντα,
406 660 436 686 τὸ
451 660 603 695 ἀκρότατον
631 662 678 687 καὶ
706 660 831 695 ἀληθινὸν
850 659 898 686 καὶ

108 705 190 736 τέλος
209 706 301 740 πάσης
314 705 516 741 μακαριότητος
529 706 595 732 αὐτὸ
614 706 748 741 τυγχάνον
762 705 803 740 ὃν,
819 705 900 731 ποίαν

109 752 202 786 ἀφῆκε
215 751 344 786 λατρείαν
358 751 397 786 τῷ
415 752 501 778 πάλαι
527 752 740 787 πρεσϐευομένω
756 750 827 786 Θεῷ,
851 751 899 777 καὶ

108 797 140 822 ὃν
154 797 353 831 ὑπερκείμενον
378 797 460 829 αὐτὸς
476 797 609 824 ἀποκαλεῖ
637 798 705 833 πρὸς
730 797 900 824 ἀντιδιαστο-

108 843 159 878 λὴν
175 843 222 869 τοῦ
237 843 286 870 νῦν
306 843 452 878 ὑφειμένου
469 843 556 876 Θεοῦ;
579 844 697 879 Φανερὺν
716 843 762 871 οὖν
787 844 819 870 ὲκ
834 843 898 871 τού-

108 897 165 916 των
178 890 220 916 ὅτι
232 891 323 916 πᾶσαν
336 890 502 926 ὑφελόμενος
522 891 590 918 Θεοῦ
606 891 745 927 λατρείαν,
757 894 789 928 τῇ
804 893 899 921 τούτου

111 935 204 970 φέρων
227 936 366 971 ὑπέθηκεν
392 936 428 968 ὥς
448 938 601 973 φαντασίᾳ·
621 938 668 965 καὶ
689 939 793 975 ταύτην
815 940 900 976 μόνην

112 980 261 1016 πρεσϐεύει
276 982 411 1017 πρύτανιν
426 984 474 1010 καὶ
490 983 630 1019 διοικητὴν
647 985 694 1011 τοῦ
717 986 828 1018 παντός.

149 1071 211 1098 Ἔτι
230 1073 306 1100 πᾶσα
320 1072 432 1109 λατρεία
446 1074 494 1100 καὶ
510 1074 696 1109 προσκύνησις
721 1074 753 1111 τῇ
770 1084 901 1110 τρισυπο-

113 1119 207 1154 στάτῳ
221 1119 287 1153 παρ’
301 1119 382 1153 ἡμῶν
393 1120 563 1155 προσάγεται
578 1121 669 1154 φύσει,
682 1121 718 1152 ὡς
732 1122 835 1156 σωτῆρι
853 1123 901 1150 καὶ

113 1164 277 1200 δημιουργῷ
292 1166 413 1198 πάντων,
434 1166 501 1192 καθὸ
517 1167 611 1200 φασιν,
630 1176 638 1192 ι
663 1167 791 1193 Ἀκτιστε
821 1167 900 1200 φύσις

112 1211 130 1245 ἡ
147 1211 202 1237 τῶν
214 1211 285 1237 ὅλων
296 1211 472 1246 δημιουργός.
493 1221 503 1238 ι
519 1212 567 1238 "Av
582 1212 609 1238 δὲ
621 1212 650 1238 τὸ
662 1212 819 1247 [Ιαλαμικδν
832 1213 900 1248 φῶς,

113 1256 185 1291 ὅπερ
201 1256 251 1282 οὐκ
273 1256 346 1283 ἔστιν
367 1257 383 1292 ἡ
405 1257 485 1284 οὐσία
513 1258 561 1284 τοῦ
587 1258 667 1290 Θεοῦ,
694 1259 782 1286 ταῦτα
812 1261 903 1287 πάντα

114 1304 188 1328 ποιεῖ
204 1303 261 1329 καΐ
270 1303 509 1338 πραγματεύεται,
536 1304 629 1340 τούτῳ,
649 1304 765 1338 μάλιστα
786 1306 833 1332 καὶ
853 1306 903 1341 τὴν

115 1348 304 1383 προσκύνησιν
319 1349 366 1375 καὶ
378 1349 427 1384 τὴν
458 1349 585 1385 λατρείαν
610 1351 759 1385 ἀπονέμειν
783 1352 902 1388 ἀνάγκη,

115 1395 163 1421 καὶ
174 1395 224 1422 οὐκ
239 1395 343 1430 ἐκείνῃ.

154 1442 215 1469 Ἔτι
227 1442 298 1468 κατὰ
317 1444 393 1477 τρεῖς
407 1443 524 1478 τρόπους
553 1445 577 1471 οί
605 1444 745 1480 ἄνθρωποι
769 1445 808 1480 τῷ
833 1445 904 1482 Θείῳ

117 1491 301 1525 προσανέχειν
316 1491 529 1524 ἀναγκάζονται·
545 1491 577 1518 ἐκ
589 1501 619 1519 τε
634 1492 688 1519 τῶν
702 1493 903 1527 παρελθόντων.

947 256 1001 283 que
1017 248 1153 276 beatitatis
1169 248 1321 279 cumulum,
1339 245 1494 274 istiusmodi
1511 245 1621 272 asserit.

982 339 1034 366 Per
1052 338 1135 365 Deum
1151 345 1218 372 rogo
1236 337 1334 372 (Deum
1351 337 1481 364 nimirum
1499 336 1570 363 lrine
1583 335 1736 362 subsisten-

947 390 1012 415 tem.
1025 392 1057 412 ac
1070 392 1149 419 quem
1167 391 1262 411 omnes
1281 383 1462 410 communiter
1476 390 1558 408 unum
1576 380 1661 407 Deum
1673 388 1745 408 εμπ-η

947 431 1042 462 tit'ent,
1065 437 1191 463 nuncque
1208 428 1288 456 nobis
1303 428 1350 462 qui
1366 428 1586 462 persecutionem
1613 427 1735 460 patimur

948 476 1024 504 solus
1037 475 1107 502 Deus
1133 474 1270 510 exsistat),
1295 474 1426 508 quidnam
1456 472 1493 499 illi
1522 471 1647 498 Palamas
1671 470 1737 498 fecit

948 522 1082 553 reliquum
1100 526 1129 548 ut
1149 520 1222 547 Deus
1235 520 1366 547 audiret?
1386 518 1453 546 Nam
1480 518 1501 545 si
1531 517 1623 544 lumen
1649 516 1735 549 istud,

948 567 1021 601 quod
1036 574 1088 593 non
1107 566 1204 593 estDei
1218 565 1347 597 essentia,
1363 568 1426 591 ante
1453 563 1544 590 omnia
1571 569 1631 589 esse
1657 561 1736 593 dicit,

948 613 1016 641 etin
1032 613 1090 648 ipso
1101 620 1162 640 esse
1181 611 1284 643 omnia,
1310 616 1392 645 atque
1418 609 1501 636 videri
1531 614 1561 636 ut
1587 608 1684 640 Deum,
1708 612 1738 635 et

950 660 1020 687 uniri
1038 659 1179 690 omnibus,
1209 663 1235 685 et
1265 664 1360 685 creare
1377 656 1469 683 omnia
1493 661 1520 684 et
1551 662 1734 687 conservare;

950 714 1011 733 cum
1026 706 1186 740 supremum
1209 708 1237 730 et
1249 705 1348 730 rerum‘
1375 702 1411 729 sit
1426 709 1458 728 ac
1486 701 1576 728 Omnis
1600 700 1738 727 beatitatis

950 751 1023 785 ﬁnis,
1037 758 1184 786 quemnam
1204 750 1306 777 cultum
1322 747 1438 783 reliquit
1457 747 1511 774 Deo
1527 747 1631 781 pridem
1653 753 1736 772 vene-

953 799 1087 827 rationem
1103 796 1225 828 habenti,
1242 801 1269 823 et
1280 802 1362 830 quem
1381 795 1440 828 ipse
1458 793 1622 820 eminentem
1646 795 1736 823 vocat,

951 851 1005 878 quo
1022 843 1208 878 distinguatur
1223 841 1258 867 ab
1273 848 1306 867 eo
1318 839 1363 873 qui
1381 846 1453 866 nunc
1463 842 1515 869 est,
1528 836 1650 864 inferiori
1661 835 1738 862 Deo?

951 889 1124 917 Manifestum
1142 888 1233 922 itaque
1243 891 1295 918 est,
1312 886 1402 913 ablata
1417 885 1472 912 Deo
1484 883 1559 912 omni
1583 882 1738 910 veneratio-

951 943 986 963 ne
1002 942 1033 963 ac
1051 934 1175 966 numine,
1189 932 1248 966 ejus
1262 935 1291 959 ut
1305 932 1398 958 lumen
1412 934 1456 958 est
1486 929 1636 957 simulacro
1658 927 1739 955 detu-

951 982 1041 1010 lisse:
1060 981 1167 1015 hocque
1186 986 1270 1007 unum
1300 978 1398 1004 docere
1430 983 1522 1003 rerum
1552 972 1737 1002 universitati!

951 1027 1085 1056 arbitrum
1097 1033 1129 1053 ac
1146 1027 1354 1060 gubernatorem
1367 1029 1438 1049 esse.

987 1074 1121 1101 Praeterea
1147 1072 1170 1099 si
1182 1070 1272 1097 omnis
1293 1068 1383 1096 cultus
1415 1072 1442 1095 et
1469 1065 1605 1098 adoratio,
1634 1068 1739 1091 naturze

953 1121 1024 1149 trine
1039 1118 1226 1148 subsistentia
1239 1116 1319 1143 nobis
1341 1113 1474 1146 defertur,
1492 1117 1521 1140 ut
1534 1119 1588 1147 qua
1614 1110 1736 1138 omnium

953 1168 1028 1196 salus
1040 1166 1075 1194 sit
1087 1173 1120 1193 ac
1131 1164 1245 1194 creazio.
1260 1161 1491 1198 quemadmodum
1503 1160 1590 1190 aiunt,
1608 1167 1618 1184 ι
1632 1157 1740 1184 increa-

955 1219 981 1241 ta
991 1217 1100 1244 natura,
1120 1218 1182 1246 quae
1211 1210 1402 1236 universorum
1420 1207 1537 1234 creatrix
1553 1213 1593 1233 es.
1621 1214 1630 1230 ι
1650 1203 1741 1238 Siqui-

954 1261 1015 1289 dem
1027 1260 1121 1295 igitur,
1138 1257 1305 1285 Paiamicum
1324 1255 1414 1282 lumen
1429 1257 1527 1281 cuncta
1543 1252 1602 1279 ham
1628 1254 1740 1285 prmstat

954 1315 986 1335 ac
1003 1311 1143 1341 operatur.
1162 1304 1226 1331 huic
1248 1303 1366 1330 maxime
1383 1299 1570 1327 adorationem
1583 1298 1742 1331 cultumque

955 1353 1107 1381 tribuamus
1121 1357 1232 1379 necesse
1243 1354 1295 1382 est,
1310 1356 1364 1376 non
1382 1347 1433 1375 illi.

992 1445 1030 1472 Ad
1044 1444 1100 1470 haec
1119 1442 1244 1469 homines
1257 1439 1344 1467 tribus
1358 1437 1445 1465 modis
1459 1443 1572 1463 necesse
1595 1434 1695 1461 habent
1710 1436 1741 1459 ut

956 1491 1078 1518 animum
1092 1488 1147 1515 Deo
1168 1486 1314 1514 adhibeant
1331 1492 1383 1511 :ex
1414 1483 1572 1519 praeteritis,
1599 1480 1672 1516 quod
1699 1487 1742 1506 re-

117 1539 160 1562 ὃτι
173 1536 353 1571 δημιουργὸς,
371 1537 401 1563 ἔκ
416 1546 446 1564 τε
460 1537 514 1564 τῶν
532 1538 700 1571 ἐνεστώτων,
731 1540 773 1566 ὅτι
800 1540 902 1574 σωτήρ·

958 1543 1019 1562 rum
1038 1533 1164 1561 conditor
1178 1532 1235 1564 sit;
1253 1539 1284 1557 ex
1318 1528 1495 1564 praisentibus
1519 1527 1591 1562 quod
1619 1528 1742 1552 survator

117 1583 150 1608 ἐκ
168 1591 197 1608 τε
215 1582 269 1608 τῶν
287 1583 448 1618 μελλόντων,
472 1584 513 1610 ὅτι
527 1593 556 1610 τε
583 1584 698 1619 φοϐερὸς
718 1585 763 1612 διὰ
783 1585 833 1620 τὴν
866 1586 904 1612 δι-

117 1628 283 1662 καποσὺνην·
301 1629 347 1655 καὶ
374 1630 415 1656 ὅτι
441 1629 517 1661 τέλος
539 1630 619 1661 αὐτὸς
649 1630 703 1656 τῶν
731 1631 845 1665 ἐφετῶν.
874 1632 905 1658 El

116 1675 226 1707 τοίνυν,
249 1674 286 1705 ὥς
311 1683 376 1708 φησι
410 1675 552 1710 Παλαμᾶς,
589 1677 728 1710 ἁνέπαφός
755 1678 813 1703 ἐστι
841 1678 905 1704 τού-

116 1729 172 1747 των
216 1721 233 1756 ή
271 1721 331 1748 Θεία
369 1721 458 1754 οὐσία,
498 1722 560 1748 οὐδὲ
595 1723 680 1758 ταύτῃ
725 1724 905 1758 προσανέχειν

119 1766 241 1799 ἀνάγκη.

156 1811 229 1841 Ἔτι,
241 1811 266 1837 εί
279 1811 309 1837 τὺ
327 1811 485 1845 Παλαμικδν
509 1812 576 1845 φῶς,
595 1813 641 1839 καὶ
655 1813 723 1847 ὅπερ
741 1813 821 1844 αὐτὸς
831 1813 907 1844 ἐντὸς

120 1858 170 1884 καὶ
187 1857 265 1888 ἐκτὸς
292 1858 347 1884 τῶν
373 1857 535 1892 σπλάγχνων
561 1858 758 1893 συνιστάμενον
791 1860 906 1895 καθορᾷ,

118 1901 200 1928 τοῦτό
217 1903 276 1929 ἐστι
294 1903 348 1929 τῶν
363 1903 468 1937 ἐφετῶν
483 1903 512 1929 τὸ
531 1904 645 1938 ἔσχατον
669 1905 716 1930 καὶ
741 1905 756 1930 ὁ
788 1906 842 1936 πᾶς
859 1906 908 1938 τῆς

121 1949 326 1983 μακαριότητος
338 1950 430 1983 λόγος,
447 1950 618 1985 ἀπελήλαται
631 1951 678 1977 τοῦ
704 1951 788 1986 μέσου
821 1951 908 1978 καθά-

121 1994 178 2026 παξ
188 1995 234 2020 καὶ
245 1994 305 2021 θεία
319 1995 409 2027 οὐσία,
424 1996 470 2022 καὶ
486 1996 539 2022 πᾶν
553 1995 642 2022 ὁτιοῦν
658 1996 750 2031 ἕτερον
763 1988 908 2031 περιταύ-

121 2049 172 2075 της
189 2041 255 2075 ἡμῖν
268 2041 475 2076 πιστευόμενον,
502 2042 582 2077 μόνον
598 2042 620 2068 δ’
629 2043 717 2069 ἐκεῖνο
731 2042 808 2074 Θεός.
827 2042 909 2069 Ἀλο-

123 2085 238 2120 γονγὰρ
249 2086 295 2113 τοῦ
321 2087 437 2122 ἐσχάτου
459 2088 506 2114 καὶ
533 2088 688 2115 τελευταίου
716 2089 770 2115 τῶν
798 2088 909 2122 ἀγαθῶν

121 2131 309 2167 ὲεχατιῖιτερον
317 2132 419 2166 ζητεῖν.
430 2132 534 2168 Ὀρθῶς
550 2133 604 2168 ἄρα
621 2133 669 2160 καὶ
682 2134 764 2169 ἡμεῖς
778 2133 909 2168 ἐλέγομεν

121 2176 225 2211 ταύτην
239 2177 361 2212 ἀκριϐῶς
375 2177 442 2205 εἶναι
459 2179 508 2214 τὴν
535 2180 714 2208 ἀποστασίαν.
732 2180 765 2215 ἢν
791 2181 805 2206 ό
821 2179 910 2214 μακά-

956 1581 1002 1614 sit,
1024 1587 1112 1615 exque
1128 1578 1238 1611 I'uturis,
1254 1578 1326 1611 quod
1343 1579 1453 1610 propter
1469 1573 1604 1608 justitiam
1624 1575 1744 1598 tremen-

956 1629 1007 1655 dus
1021 1627 1067 1660 sit,
1094 1624 1222 1659 qumlqne
1249 1625 1312 1650 item
1333 1621 1395 1648 ﬁliis
1429 1618 1616 1654 appetibiiiunt
1642 1617 1687 1644 sit.
1713 1615 1742 1642 Si

956 1674 1066 1710 quidem
1082 1672 1174 1707 igitur,
1192 1674 1223 1697 ut
1235 1673 1330 1696 auctor
1347 1671 1388 1696 est
1405 1666 1537 1698 Palamas,
1566 1664 1656 1692 divina
1679 1663 1743 1690 sub-

957 1709 1120 1748 stantiahtec
1147 1725 1200 1744 non
1213 1716 1329 1749 attingat
1358 1714 1392 1742 ab
1414 1713 1509 1747 eisque
1542 1709 1672 1737 immunis
1695 1709 1743 1740 sit,

959 1774 1007 1793 nec
1020 1765 1058 1792 illi
1073 1764 1195 1791 animum
1212 1762 1343 1789 adhibere
1360 1766 1473 1787 necesse
1489 1758 1536 1784 sit.

992 1812 1126 1839 Praeterea
1141 1809 1163 1836 si
1175 1807 1341 1835 Palamicum
1358 1806 1461 1834 lumen,
1487 1802 1616 1838 quodque
1632 1800 1676 1827 ille
1701 1798 1744 1825 in-

959 1863 1000 1885 tra
1022 1861 1155 1890 extraque
1171 1853 1275 1881 viscera
1285 1851 1440 1879 consistens
1455 1849 1535 1880 videt,
1551 1848 1603 1875 hoc
1635 1845 1743 1873 Scilicet

959 1909 1116 1937 supremum
1160 1899 1344 1934 appetibilium
1375 1901 1417 1924 est
1453 1900 1561 1929 totaque
1602 1890 1738 1919 bealilatia

959 1948 1040 1980 ratio,
1057 1947 1163 1974 sublata
1192 1945 1275 1972 semel
1292 1951 1307 1971 e
1332 1942 1420 1969 medio
1435 1945 1477 1968 cst
1491 1945 1547 1967 tum
1570 1938 1663 1965 divina
1695 1944 1740 1963 es-

959 1993 1057 2025 sentia,
1075 1997 1131 2020 tum
1150 1990 1280 2026 quidquid
1293 1988 1366 2016 aliud
1386 1987 1420 2015 de
1432 1986 1476 2013 illa
1494 1992 1508 2012 a
1537 1984 1618 2012 nobis
1648 1982 1743 2009 credi-

960 2045 1016 2072 tur,
1031 2046 1080 2067 nec
1095 2042 1192 2072 praeter
1207 2035 1274 2063 illud
1285 2034 1357 2062 ullus
1372 2033 1445 2060 alius
1458 2031 1530 2059 Deus
1558 2033 1611 2057 est.
1639 2028 1744 2054 Absur-

959 2087 1023 2114 dum
1040 2091 1157 2118 namque
1171 2086 1223 2114 est,
1237 2088 1270 2108 eo
1285 2079 1358 2115 quod
1385 2083 1544 2112 supremum
1575 2079 1745 2102 extremum-

959 2139 1013 2167 que
1028 2116 1162 2158 bouorinu
1175 2131 1227 2160 est,
1246 2125 1362 2152 ulterius
1380 2122 1481 2157 aliquid
1494 2127 1629 2156 quam-re.
1660 2116 1745 2143 “cete

961 2177 1045 2213 igitur
1057 2183 1107 2203 nos
1118 2181 1227 2209 quoque
1241 2172 1412 2202 dicebamus,
1437 2175 1498 2195 esse
1512 2168 1583 2193 hanc
1609 2172 1671 2191 Vere
1695 2163 1745 2190 de-

123 2232 180 2257 pto;
191 2225 288 2259 είρηκε
320 2224 426 2257 Παῦλος
453 2209 633 2261 ὲν-ὲσχάτοις
665 2209 902 2261 παρρησιάσασθαι

962 2209 1120 2251 lectionem,
1131 2227 1211 2255 quam
1227 2218 1294 2245 dixit
1308 2217 1404 2244 beatus
1416 2214 1519 2243 Paulus
1546 2214 1573 2240 in
1587 2209 1746 2238 novissimis

119 2275 155 2284 ἠ
174 2275 237 2300 λης,

1215 2264 1370 2290 hminum-an)
1384 2261 1407 2278 ³⁷

963 2274 969 2282 -
976 2267 1129 2289 πιιιιηιινῖῑιιιο
1145 2273 1203 2284 m-cn

1730 2887 1764 2897 ιε·-
