1950 3070
123 117 175 152 701

510 121 832 155 PALAMITICARUM
851 123 1233 160 TRANSGRESSIGNUM
1251 129 1379 160 LIBER.

1704 131 1758 163 702

124 179 178 214 τῆς
193 178 377 211 ἀποστάσεως
390 179 561 215 εἰσπηδήσας
574 180 588 206 ὁ
601 181 745 215 Παλαμᾶς,
758 182 806 208 καὶ
821 182 851 208 τδ
865 181 914 216 μὲν

979 182 1041 210 ioue
1055 184 1172 213 adorsus
1188 186 1314 214 Palamas
1328 195 1336 220 ;
1354 194 1385 214 ac
1398 194 1459 214 cum
1478 187 1595 221 primum
1609 190 1664 214 tres
1688 195 1755 222 qua-

126 226 239 262 πρῶτον
253 227 328 261 τρεῖς
342 225 504 261 ἦτέτταρας
527 226 616 260 ἐαυτῷ
632 225 815 260 μαθητεύσας,
831 226 918 258 ἐνίους

127 273 156 300 δὲ
176 273 226 300 καὶ
240 273 297 300 τῶν
309 273 338 299 ὲν
363 271 402 306 τῷ
420 272 498 306 Ἰερῷ
526 272 585 307 δρει
611 273 837 308 παρυποκλέψας,
860 271 920 299 ἑπι-

128 319 268 355 εσώμενος
283 319 321 351 ὡς
334 319 387 355 ἄρα
405 319 540 354 Βαρλαὰμ
564 319 614 351 τὰς
642 319 796 354 ἑκασταχοῦ
821 319 919 353 θεσφα-

88 384 90 387 ›
127 365 214 399 νείας,
231 365 343 397 καὶτὰς
364 365 455 392 ἄλλοτ’
474 365 557 397 ἀλλας
569 365 833 400 πραγματευθείσας
862 366 919 395 τοῖς

128 412 242 439 πώποτε
257 412 406 448 μακαρίοις
426 411 588 447 ὲλλάμψεις,
601 411 740 446 διασύρει,
765 412 813 438 καὶ¹
829 410 919 437 πᾶσαν

129 458 280 493 ἀνατρέπει
299 457 451 493 μοναχικὴν
465 457 651 484 κατάστασιν·
664 457 711 484 καὶ
740 456 853 487 τούτους
877 455 921 482 διὰ

128 505 233 532 τούτων
257 503 408 538 ὑποσύρας,
437 504 484 530 καὶ
511 504 688 538 ὑποσημῆναι
722 503 757 530 δι’
780 501 921 535 ἁπλότητα

130 550 347 585 παρασκευάσας
362 549 409 576 τὸν
425 548 619 584 σχεδιασθὲντα
631 549 701 576 κατὰ
715 549 765 584 τῆς
779 548 922 580 εὐσεϐείας

132 596 225 631 Τόμον
238 596 352 629 ικεῖνον,
376 595 406 623 ὃν
424 596 472 622 καὶ
486 596 519 622 ὲκ
535 595 583 622 τοῦ
598 595 683 622 τόπου
700 595 860 630 ἐπωνυμίας
875 602 923 620 σα-

132 641 193 675 φῶς
209 642 343 676 ἠξίωσεν·
363 641 458 668 ἔπειτα
478 641 525 668 καὶ
541 641 588 668 ἐπὶ
603 641 654 676 τὴν
685 641 816 676 Μεγάλην
845 640 923 667 πόλιν

131 688 245 720 ἐλάσας,
272 688 320 715 καὶ
346 687 373 714 τί
407 687 458 721 μὲν
487 687 650 718 ὑποδεικνὺς
672 687 702 714 τδ
724 687 773 721 τῆς
795 686 924 718 ἀσεϐείας

131 733 204 768 ὁμοῦ
216 734 265 760 καὶ
280 733 389 767 ἀπάτης
402 734 608 768 γραμματεῖον,
633 733 661 760 τί
674 733 703 760 δὲ
716 732 781 764 τοὺς
808 732 923 768 ⁴ινιολου-

133 779 256 814 θηκότας
272 778 412 810 ἀναιδείας
425 779 596 813 ὑπέκκαυμα
612 778 661 805 καὶ
672 778 829 814 ἀδολεσχίας
840 787 924 813 παρι-

134 825 218 857 0':th,
234 825 322 851 ικεῖνο
335 823 494 860 περιφανῶς
509 823 580 859 πρὸς
614 823 703 855 ἐνίους
723 824 778 850 τῶν
800 823 923 851 δυνατῶν

131 869 276 905 ιξήνυσιν,
293 870 308 898 δ
337 878 421 905 φησιν
444 870 459 897 6
478 870 567 905 μέγας
592 869 754 902 Ἀπόστολος
767 877 775 886 ι
791 878 801 896 ι
826 869 922 896 Ἔσται

132 917 241 952 καιρὸς,
255 916 301 944 ὅτε
322 917 373 951 τῆς
386 915 563 952 ὑγιαινούσης
584 916 760 947 διδασκαλίας
798 915 848 942 οὒκ
874 915 924 942 ἀν-

138 962 258 996 έξονται.
276 961 344 989 ἀλλὰ
370 961 442 989 κατά
470 961 521 994 τὰς
553 961 621 993 ιδίας
645 961 796 996 ἐπιθυμίας
815 961 924 993 ἑαυτοῖς

134 1007 359 1043 ιπισωρεύσουσι
375 1007 569 1040 διδάσκάλους,
587 1007 752 1043 κνηθόμενοι
762 1008 812 1043 τὴν
827 1007 922 1042 ἀκοήν.

136 1054 192 1081 Καὶ
203 1054 257 1081 ἀπὺ
277 1053 328 1089 μὲν
357 1054 408 1087 τῆς
440 1053 569 1089 ἀληθείας
599 1053 648 1089 τὴν
676 1053 762 1088 ἀκοὴν
789 1053 924 1089 ἀποστρέ-

135 1100 219 1136 ψουσι
231 1110 237 1117 ·
257 1101 305 1128 ἐπὶ
326 1100 355 1127 δὲ
375 1100 439 1132 τοὺς
453 1099 557 1135 μύθους
583 1100 817 1135 ικτραπήσονται.
834 1109 844 1126 ι
870 1099 924 1126 Καὶ

134 1146 198 1173 οὒδι
212 1145 327 1178 τούτους
347 1145 442 1177 ἁπλῶς
466 1146 513 1171 καὶ
542 1145 579 1176 ὡς
610 1145 717 1179 ἔτυχεν,
744 1144 803 1170 ἀλλ’
829 1143 867 1176 ὡς
890 1144 924 1170 ἂν

136 1192 205 1227 ἡμῖν
222 1191 331 1227 ῥηθείη,
360 1191 454 1223 πόνοις
484 1190 618 1226 πρότερον
648 1191 763 1226 μακροῖς
782 1190 830 1217 καὶ
856 1191 924 1217 πᾶσι

135 1239 194 1270 τοῖς
212 1238 364 1273 ἀρέσκουσι
377 1237 446 1273 πρὸς
458 1238 508 1274 τὴν
525 1238 574 1273 τῆς
583 1238 671 1273 ἀρχῆς
687 1238 793 1272 κλοπὴν
804 1239 852 1267 καὶ
876 1245 925 1263 πε-

137 1283 288 1320 ριποίησιν.

173 1329 247 1361 Τοὺς
263 1327 312 1356 οὖν
338 1328 427 1361 οὕτως
441 1327 681 1364 ὲπισωρευθέντας
703 1329 811 1360 ἑαυτοῖς
833 1328 925 1354 διδασ-

137 1373 249 1406 κάλους,
263 1373 319 1401 τῶν
332 1373 472 1410 τροπαίων
488 1372 689 1408 διηνυσμένων,
703 1373 744 1404 είς
759 1372 924 1408 Ἐκκλησίαν

138 1421 373 1456 καταστήσαντες,
403 1419 452 1446 καὶ
477 1419 582 1454 ταύτην
597 1418 644 1445 τοῦ
672 1419 740 1446 Θεοῦ
774 1419 924 1453 ὀνομάσανσ

136 1474 195 1499 τες,
222 1467 328 1497 πάντας
343 1465 503 1492 ἐλαύνουσιν
530 1465 577 1491 ἐπὶ
606 1465 656 1500 τὴν
682 1465 841 1500 θρησκείαν·
860 1474 869 1491 ι
892 1465 925 1491 Ἦ

969 233 1065 256 tuorve
1092 230 1246 265 discipulos
1281 232 1332 259 sibi
1362 232 1543 267 adiunxisset,
1574 236 1656 266 atque
1683 233 1752 259 adeo

968 274 1108 301 nonnullis
1123 275 1149 301 in
1168 282 1260 303 monte
1276 276 1377 304 Sancto
1389 277 1568 311 obrepsisset,
1583 277 1635 304 hoc
1667 277 1750 304 nimi-

969 325 1028 344 rum
1045 318 1186 347 Barlaamo
1199 321 1306 348 crimini
1319 325 1439 353 vertens,
1453 329 1483 348 ac
1499 321 1562 348 inde
1575 321 1664 349 dicam
1689 321 1757 349 scri-

970 365 1036 392 bens
1054 384 1061 396 ,
1092 370 1219 400 tanquam
1252 367 1320 400 ille,
1346 367 1452 394 divinas
1474 375 1590 402 usquam
1621 367 1757 395 exhibitas

969 411 1175 445 apparitiones.
1203 412 1324 448 aliasque
1359 414 1419 441 aliis
1448 414 1534 442 beatis
1571 414 1636 442 viris
1674 414 1758 442 factas

971 457 1037 484 viris
1071 458 1272 487 illustrationes
1304 460 1471 492 traduceret,
1494 468 1527 487 ac
1561 461 1758 488 monachorum

971 502 1128 531 institutum
1141 513 1222 532 cunne
1240 510 1400 539 statumque
1414 511 1562 534 everteret.
1590 505 1692 540 [lisque
1710 514 1757 532 ar.

972 550 1044 578 libus
1062 550 1114 578 illis
1129 551 1260 583 seductis,
1278 558 1310 578 ac
1331 559 1377 586 per
1403 551 1619 586 simplicitatem,
1647 558 1677 580 ut
1703 553 1758 579 To-

972 603 1046 623 mum
1074 596 1150 623 illum
1170 597 1302 624 adversus
1325 597 1453 632 pietatem
1479 598 1655 625 tumultuaria
1686 605 1757 633 pene

972 649 1052 677 opera
1065 641 1223 675 conﬂatum,
1240 642 1585 674 subscriberent,inductis
1602 642 1656 678 (cui
1673 643 1757 669 etiam

973 696 1005 715 ex
1022 688 1084 716 loco
1096 688 1185 723 palam
1202 688 1412 723 appellationem
1431 688 1541 723 indidit)
1568 688 1602 716 ad
1633 688 1756 720 Magnam

973 734 1104 770 deinceps
1122 735 1262 770 profectus
1276 735 1426 768 civitatem,
1446 743 1490 767 ac,
1525 743 1579 769 qua
1610 735 1760 769 lmpielatis

974 779 1057 808 simul
1073 780 1230 815 errorisque
1246 779 1366 807 libellqu
1380 779 1539 811 ostendens.
1556 787 1609 813 qua
1629 787 1759 814 sequaces

975 825 1177 861 adjunctosque
1194 826 1345 854 monachos
1373 826 1547 861 impudentiae
1574 825 1759 858 garrulitatis-

974 880 1026 908 que
1044 872 1195 900 tomentum
1211 872 1356 906 exhibens,
1373 873 1399 899 id
1426 872 1507 907 plane
1537 872 1608 907 apud
1644 872 1761 900 nonnul-

974 919 1016 947 los
1031 922 1188 953 magnatum
1204 918 1303 951 eiecit,
1320 918 1394 954 quod
1411 918 1478 946 dicit
1500 926 1616 951 magnus
1645 919 1759 954 Aposto-

973 965 1017 992 lus
1033 972 1041 992 :
1061 964 1134 992 «Erit
1145 968 1254 999 tempus
1267 971 1330 992 cum
1349 972 1442 992 sanam
1460 964 1611 992 doctrinam
1628 971 1681 992 non
1697 972 1759 992 sns-

975 1010 1119 1044 tinebunt,
1145 1009 1200 1038 sed-
1211 1010 1361 1037 secundum
1373 1010 1508 1038 desideria
1532 1017 1581 1037 sua
1611 1017 1760 1038 coacerva-

974 1057 1042 1084 bnnt
1055 1056 1107 1084 sibi
1126 1056 1281 1092 magistros,
1299 1056 1400 1091 quibus
1415 1064 1496 1083 aures
1521 1057 1655 1091 pruriant.
1688 1056 1720 1084 Et
1744 1064 1760 1083 ιι

974 1103 1089 1130 veritate
1101 1102 1211 1137 quidem
1227 1102 1351 1129 audiutm
1373 1106 1506 1133 averterit,
1530 1104 1563 1129 ad
1578 1102 1684 1130 fabulas
1712 1110 1761 1129 au-

975 1153 1028 1176 tem
1053 1147 1287 1175 convertentur“.
1306 1157 1315 1173 ι
1332 1147 1424 1182 Neque
1440 1148 1490 1174 hos
1508 1147 1606 1182 quovis
1625 1147 1706 1175 modo
1728 1155 1761 1175 ac

974 1199 1086 1226 temere,
1100 1193 1160 1225 sed,
1170 1197 1201 1220 ut
1215 1194 1277 1228 quis
1291 1193 1375 1225 dicat,
1392 1193 1425 1219 ad
1449 1193 1635 1227 principatum
1666 1193 1759 1220 furtim

975 1240 1156 1269 invadendum
1169 1246 1287 1273 eumque
1303 1239 1465 1274 parandum,
1481 1238 1567 1272 longis
1582 1238 1658 1273 prius
1683 1238 1760 1266 labo-

975 1286 1063 1317 ribus,
1078 1293 1110 1312 ac
1123 1284 1231 1312 cunctis
1251 1292 1311 1319 qua:
1324 1284 1459 1316 placeant,
1473 1283 1638 1311 instructos.

1011 1331 1062 1358 Eos
1072 1331 1155 1365 igitur
1172 1337 1242 1364 quos
1256 1330 1306 1357 sibi
1324 1330 1470 1364 magistros
1486 1329 1523 1356 ita
1535 1332 1759 1358 coacervassent,

975 1375 1092 1411 peractis
1108 1375 1228 1410 tropa-is.
1253 1374 1279 1401 in
1296 1369 1416 1401 Ecclesia
1443 1375 1653 1406 constituentes,
1678 1383 1759 1409 quam

976 1421 1023 1449 Dei
1039 1424 1248 1455 nuncnpassent,
1275 1427 1371 1447 omnes
1387 1419 1420 1446 ad
1433 1420 1536 1446 cultum
1547 1427 1578 1446 ac
1596 1418 1756 1452 t‘t‘ligiuticttt

976 1472 1088 1502 cogunt.
1104 1467 1140 1494 ita
1160 1467 1312 1494 clamantes
1326 1473 1358 1493 ac
1374 1466 1513 1493 edicentcs
1527 1473 1534 1492 :
1555 1463 1632 1502 «Haec
1645 1467 1716 1490 tenet
1728 1470 1761 1490 ac

144 1511 294 1546 Ἐκκλησία
324 1511 412 1538 ταῦτα
448 1511 607 1546 πρεσϐεύει,
625 1520 634 1537 ι
676 1511 853 1545 κεκραγότες.
885 1511 924 1536 Δι’

977 1513 1051 1540 docet
1077 1511 1224 1538 Ecclesia.»
1249 1510 1433 1544 Quamobrem
1449 1517 1500 1537 nos
1525 1516 1634 1543 quicque
1655 1509 1761 1535 huncce

141 1557 218 1592 ἀπιρ
233 1557 280 1584 καὶ
295 1557 376 1592 ἡμεῖς
385 1557 431 1583 τὸν
439 1557 564 1592 παρόντα
588 1556 817 1591 συνεστησάμεθα
835 1556 925 1590 λόγον,

139 1603 331 1639 παριστῶντες
342 1602 377 1629 τὰ
384 1603 434 1637 τῆς
449 1602 618 1638 Ἐκκλησὶας
630 1603 733 1636 ταύτης
748 1602 822 1632 ὅπως
844 1601 926 1636 προέ-

139 1650 187 1685 ση,
203 1650 251 1677 καὶ
269 1649 308 1681 ὡς
322 1650 353 1676 οὑ
367 1649 491 1683 δικαίως,
501 1650 557 1676 οὐδ’
570 1650 652 1681 ὁσίως
685 1649 724 1684 τῷ
749 1649 927 1684 προσρήματι

139 1696 229 1731 τούτῳ
242 1695 364 1729 λέγεται.

175 1742 326 1778 Προσέχειν
345 1742 368 1769 δ’
381 1741 469 1774 ἀξιον,
484 1741 522 1772 ὡς
536 1741 566 1768 οὗ
597 1741 668 1767 κατὰ
693 1740 803 1768 πάντων
821 1741 887 1775 ἡμῖν
912 1741 927 1767 ὸ

138 1787 220 1822 λόγος
230 1787 370 1823 προῆκται
395 1787 451 1815 τῶν
478 1787 526 1814 νῦν
550 1787 654 1822 ταύτην
679 1786 925 1821 συμπληρούντων,

138 1832 208 1860 ἀλλὰ
225 1832 396 1873 περὶ-μόνων
409 1832 513 1858 τούτων
535 1831 638 1867 ταύτην
653 1831 703 1866 τὴν
722 1831 810 1866 ἀρχὴν
827 1839 927 1866 συστη-

140 1879 278 1914 σαμένων,
311 1877 507 1913 εὐαριθμήτων
528 1877 610 1904 τινῶν
639 1877 736 1910 ὅντων,
762 1878 810 1904 καὶ
833 1877 927 1912 σχεδὸν

140 1924 231 1952 αὐτῶν
250 1924 306 1950 τῶν
333 1923 399 1958 ἡμῖν
432 1923 479 1950 ἐπὶ
505 1923 646 1958 μαρτυρίᾳ
669 1924 925 1958 μνημονευομένων.

139 1969 209 1998 Οὔτε
223 1970 278 2005 γὰρ
292 1969 356 2006 περὶ
369 1969 421 1995 τῶν
438 1969 484 1995 τὸν
500 1968 618 2004 ἀριθμὸν
632 1969 712 2004 μόνον
731 1969 926 2004 συμπληρούν-

139 2024 194 2042 ⁴των
208 2015 316 2049 ἀνάγκη
347 2014 446 2049 λέγειν,
475 2014 537 2041 οὕτε
565 2015 637 2047 τινος
656 2015 710 2041 τῶν
735 2016 763 2041 ὲν
789 2015 926 2049 ἀξιώμασι

139 2060 358 2096 διαπρεπόντων,
373 2061 422 2087 τοῦ
439 2060 536 2096 καιροῦ
552 2060 633 2087 τοῦτο
650 2061 698 2088 καὶ
715 2060 765 2095 τῆς
782 2060 927 2096 συνηθείας

140 2107 418 2141 καταναγκάσαντος’
443 2106 504 2133 οὔτε
532 2107 586 2141 μὴν
605 2106 659 2133 τῶν
688 2106 842 2140 δημοτικῶν
880 2107 927 2133 ἁν-

140 2152 222 2187 δρῶν.
232 2151 313 2186 ἔργον
328 2153 374 2178 τὶν
392 2151 460 2186 βίον,
471 2153 518 2179 καὶ
534 2152 564 2178 οὺ
577 2152 626 2186 τὴν
638 2151 693 2179 τῶν
703 2151 848 2186 δογμάτων
861 2152 927 2187 πρί-

140 2204 214 2223 νοιαν
229 2196 411 2231 ποιουμένων.

181 2243 226 2275 Ὠς
238 2243 271 2270 ἂν
288 2243 316 2269 δὲ
331 2243 463 2278 πρότερον
475 2242 521 2269 τὸν
536 2243 586 2277 τῆς
603 2242 770 2278 Ἑκκλησίας
792 2242 840 2269 τοῦ
856 2242 925 2270 Θεοῦ

142 2288 252 2324 γνῶμεν
273 2289 346 2323 ὅρον,
367 2288 448 2323 ’Δγία
470 2288 517 2315 τοῦ
534 2288 601 2315 Θεοῦ
615 2289 767 2323 Ἐκκλησία
780 2290 839 2316 ἐστὶ
855 2290 926 2317 καέά

143 2334 176 2362 τὰ
200 2335 389 2370 θεοπαρὰὄοτα
409 2336 487 2369 λόγια
508 2335 619 2368 σύναξις
651 2336 712 2371 ἱερὰ
738 2336 768 2362 οὺ
792 2337 872 2371 μόνον
894 2337 927 2363 ὲκ

141 2380 276 2407 πλειόνων
293 2381 343 2412 καὶ
357 2380 502 2415 μακαρίων
527 2381 644 2416 ἀνδρῶν,
661 2381 728 2408 ἀλλὰ
741 2381 787 2408 καὶ
805 2381 835 2413 ἐξ
846 2381 926 2408 ὲλατ‹

141 2429 237 2459 τόνων,
253 2428 300 2454 ἐπὶ
316 2427 354 2462 τῷ
379 2425 492 2462 ὀνόματι
523 2427 570 2454 τοῦ
597 2427 727 2463 ἀληθινοῦ
760 2428 849 2462 φωτὸς
883 2427 930 2454 τοῦ

142 2474 312 2510 ῳωτίζοντος
355 2474 445 2502 πάντα
473 2473 618 2508 ἄνθρωπον
648 2475 794 2509 ἐρχόμενον
820 2474 860 2506 είς
883 2474 929 2500 τὸν

144 2520 248 2555 κόσμον
270 2519 448 2546 συνιλθοῦσα.
483 2519 512 2546 '0
529 2519 584 2555 γὰρ
608 2519 679 2555 ίερδς
697 2519 783 2554 ἔφησέ
802 2528 853 2546 που
884 2519 928 2546 λό-

143 2574 204 2600 γος,
231 2575 241 2592 ι
259 2566 417 2600 Ὅπουείσὶ
438 2566 485 2593 δύο
515 2565 532 2601 ἢ
556 2567 631 2601 τρεῖς
656 2567 821 2600 συνηγμένοι
836 2566 876 2597 εἰς
899 2565 930 2592 τὸ

143 2611 209 2646 ἐμὴν
222 2611 320 2648 ὄνομα,
334 2612 394 2639 ἐκεῖ
406 2613 464 2647 εἰμι
481 2612 511 2639 ὲν
529 2611 605 2647 μέσῳ
619 2611 720 2640 αὐτῶν.
739 2621 748 2638 ι

180 2658 241 2684 Ἔτι
272 2657 351 2692 ’Δγία
378 2657 426 2685 τοῦ
451 2657 520 2685 Θεοῦ
543 2659 618 2685 ἐστιν
661 2657 808 2692 Ἐκκλησία
836 2657 928 2689 θίασος

147 2703 389 2740 ῖερδς,σχοίνισμα
413 2703 596 2740 κληρονομίας
630 2703 760 2739 Χριστοῦ·
792 2703 930 2729 Βασίλειον

147 2748 306 2784 ἱεράτευμα.
318 2749 383 2781 λαὸς
399 2749 554 2785 περιούσιος
567 2749 648 2781 Θεου,
662 2749 709 2776 ὲπὶ
723 2751 756 2785 τῇ
774 2750 862 2784 πέτρᾳ
874 2749 928 2775 τῶν

979 1561 1122 1585 tractatum
1137 1557 1242 1584 idcirco
1253 1557 1469 1591 composuimus,
1481 1555 1588 1583 nthanc
1600 1553 1761 1585 Ecclesialt,

977 1611 1031 1639 qua
1059 1602 1225 1638 provexerit,
1249 1603 1356 1630 ratione
1386 1601 1578 1632 ostendamus,
1613 1607 1665 1626 nec
1689 1599 1763 1633 juste

977 1655 1124 1683 sancteque
1136 1657 1195 1677 cam
1215 1649 1267 1677 sibi
1283 1648 1422 1676 vindicare
1444 1647 1666 1682 appellationem,
1684 1652 1763 1672 mon-

977 1702 1107 1724 strenuus.

1013 1740 1041 1768 ld
1058 1749 1125 1768 vcro
1149 1740 1329 1768 observemus
1346 1747 1437 1774 opem
1455 1738 1572 1774 pretium
1590 1741 1644 1768 est.
1662 1745 1714 1764 non
1735 1737 1764 1764 in

977 1794 1073 1814 omnes
1086 1786 1131 1821 qui
1149 1793 1207 1812 eam
1225 1793 1296 1812 nunc
1311 1786 1460 1819 complent,
1477 1792 1527 1811 nos
1547 1791 1703 1811 sermonem
1723 1783 1768 1809 in—

978 1832 1100 1864 tondere,
1125 1831 1172 1859 sed
1194 1831 1227 1858 de
1242 1830 1295 1857 illis
1312 1830 1444 1858 duntaxat
1471 1829 1558 1864 loqui,
1589 1828 1636 1862 qui
1659 1829 1766 1855 huncce

977 1877 1160 1912 principatum
1176 1875 1398 1904 constituerunt:
1414 1874 1492 1908 pauci
1505 1874 1610 1901 scilim't
1626 1873 1765 1904 homines,

977 1931 1009 1950 ac
1027 1923 1046 1950 ii
1061 1922 1117 1950 fere
1133 1922 1180 1956 qui
1198 1921 1278 1949 nobis
1295 1921 1367 1948 inter
1392 1921 1549 1948 testimonia
1567 1924 1764 1946 memorantur.

976 1967 1069 2003 Neque
1084 1968 1155 1995 enim
1165 1975 1233 2002 opus
1248 1972 1290 1994 est
1299 1971 1326 1993 ut
1338 1967 1372 1994 de
1383 1966 1436 1994 illis
1452 1966 1586 1997 dicmnns,
1604 1964 1651 1999 qui
1675 1964 1768 1991 solum

977 2021 1122 2043 numerum
1151 2013 1297 2047 complent,
1317 2020 1367 2040 nec
1393 2019 1461 2048 vero.
1475 2011 1509 2039 de
1523 2011 1587 2038 ullis
1604 2018 1697 2036 contui
1718 2009 1770 2043 qui

978 2058 1182 2094 magistratibus
1195 2057 1306 2091 fulgent,
1318 2065 1379 2084 cum
1390 2062 1416 2083 et
1427 2062 1545 2089 tempus,
1558 2059 1584 2081 et
1596 2053 1771 2082 consuetudo

977 2104 1013 2132 ita
1027 2107 1126 2137 cogant
1145 2110 1177 2130 ac
1201 2110 1288 2136 neque
1314 2102 1348 2129 de
1366 2101 1545 2136 popularibus
1575 2100 1701 2134 \‘nlgiquc
1718 2098 1767 2125 ho-

979 2150 1111 2180 minibus,
1136 2148 1237 2182 quibus
1261 2155 1342 2182 opus,
1362 2148 1417 2174 vita
1443 2151 1506 2178 cst;
1530 2153 1585 2173 non
1607 2146 1767 2180 dogmatum

978 2203 1043 2223 cura
1059 2202 1090 2221 ac
1103 2194 1256 2230 diligentia.

1016 2241 1051 2269 Ut
1068 2245 1156 2268 autem
1177 2240 1252 2274 prius
1270 2239 1399 2266 Ecclesiae
1415 2237 1460 2266 Dei
1480 2239 1613 2265 rationem
1631 2238 1765 2266 sciamus.

978 2291 1071 2314 sancta
1095 2285 1142 2312 Dei
1164 2285 1284 2312 Ecclesia
1313 2288 1364 2316 est.
1389 2284 1465 2318 juxta
1480 2284 1607 2311 divinitus
1623 2282 1719 2310 tradita
1739 2287 1766 2309 et

979 2332 1130 2360 aPatribus
1149 2336 1259 2366 accepta
1279 2331 1487 2364 eloquia,sacra
1512 2330 1695 2364 congregatio.
1718 2336 1766 2355 ne-

979 2379 1043 2405 dum
1059 2386 1091 2405 ex
1108 2377 1232 2412 pluribus
1246 2379 1278 2405 ac
1294 2376 1382 2404 beatis
1397 2376 1462 2403 viris
1476 2383 1655 2410 consurgens,
1669 2374 1716 2402 sed
1731 2382 1767 2401 ex

979 2426 1013 2453 iis
1025 2425 1119 2456 etiam,
1135 2424 1182 2459 qui
1197 2424 1317 2451 minores
1330 2429 1405 2454 sunt,
1432 2422 1460 2449 iu
1481 2422 1594 2449 nomine
1607 2422 1662 2448 veri
1680 2421 1766 2448 lumi-

979 2470 1033 2501 nis.
1048 2470 1120 2504 quod
1139 2469 1276 2496 illuminat
1289 2476 1398 2497 omnem
1416 2468 1554 2495 hominem
1571 2467 1724 2494 venientem
1738 2466 1765 2493 iu

979 2516 1110 2542 mundqu
1125 2515 1170 2547 ";
1204 2514 1274 2542 dixit
1305 2514 1377 2542 enim
1397 2513 1516 2548 quodam
1535 2513 1597 2539 loco
1623 2511 1765 2539 Verbum:

980 2562 1048 2590 ιυὺί
1063 2566 1129 2589 sunt
1146 2561 1200 2589 duo
1216 2560 1257 2588 rel
1282 2565 1337 2588 tres
1349 2558 1507 2594 congregati
1524 2558 1550 2586 in
1563 2557 1674 2586 nomine
1692 2564 1765 2590 meo,

980 2608 1017 2636 ibi
1030 2615 1091 2635 sum
1107 2607 1132 2634 in
1149 2607 1239 2634 medio
1253 2613 1347 2633 eorum
1361 2605 1411 2634 ⁸ο.»

980 2655 1002 2686 τι
1016 2653 1150 2681 Pratterea
1160 2657 1253 2680 sancta
1263 2651 1310 2678 Dei
1322 2649 1442 2678 Ecclesia
1455 2654 1508 2682 est,
1519 2656 1596 2677 sacer
1606 2651 1765 2680 conventus,

982 2700 1122 2729 fonticulus
1136 2699 1302 2728 hareditatis
1311 2698 1414 2726 Christi
1425 2697 1460 2730 δι.
1470 2697 1560 2732 regale
1571 2693 1766 2725 sacerdotinm.‘

981 2747 1097 2783 populus
1107 2746 1296 2782 acquisitionis
1309 2745 1357 2773 Dei
1371 2744 1406 2778 “,
1418 2744 1445 2772 in
1459 2748 1535 2779 petra
1549 2740 1771 2778 apostolicaruus

182 2837 235 2865 ⁸⁸11
250 2839 320 2866 Tim.
335 2846 371 2872 tv,
387 2840 413 2866 5.
451 2839 472 2855 "
485 2837 563 2866 Joan.
582 2846 602 2872 I,
618 2837 645 2866 9.
685 2838 706 2854 "
718 2837 815 2866 Matth.
834 2845 913 2872 xvtn,
928 2837 974 2865 20.
1011 2836 1032 2853 ⁸¹
1044 2836 1121 2865 Deut.
1140 2843 1229 2871 urit,
1245 2835 1272 2864 9.
1311 2834 1481 2868 “lPetmt,
1493 2832 1521 2861 9.
