1950 3070
140 169 194 199 ’153

564 172 682 203 DECAS
700 173 721 203 Ι.
744 186 778 191 --
800 173 848 203 DE
864 172 1082 203 THEOLOGIA
1104 173 1325 204 SYMBOLICA.

1697 171 1753 205 754

139 224 176 250 ad
192 223 257 258 quid
272 232 356 252 unum
373 229 398 251 et
414 222 528 261 simplex
551 228 588 262 (Ι)
617 235 664 262 per
681 236 726 255 eas
741 229 842 255 formas
865 236 924 260 quae
939 228 960 255 A
976 228 1064 255 solum
1084 229 1111 255 in
1128 234 1222 257 natura
1241 229 1298 261 Dei.
1315 230 1360 265 qui
1377 239 1457 266 supra
1475 236 1599 259 naturam
1613 234 1669 263 est,
1681 230 1752 258 divi-
1772 236 1774 244 ν

139 269 316 305 effinguntur,
346 278 476 299 revocare
493 280 542 299 nos
560 278 694 306 operteat.
709 283 742 301 nc
771 275 821 307 ipsi
837 275 920 301 etiam

141 323 217 342 more
231 316 303 350 vulgi
313 316 425 350 profane
440 318 638 349 existimemus,
654 319 780 346 ereti-stes
801 324 828 346 et
849 320 922 347 divi.

140 369 191 388 nas
208 367 313 389 mentes
329 363 429 390 mullos
444 364 526 397 pedes
544 369 571 391 et
587 364 686 391 multas
703 364 786 391 facies
810 365 920 398 habere,

140 411 223 441 atque
237 409 270 435 ad
286 408 490 436 similitudinem
507 410 600 442 boum,
615 417 663 437 aut
679 412 711 437 ad
734 411 847 438 formam
866 412 921 438 leo-

142 461 207 479 num
220 461 365 487 expressas
375 462 445 486 esse,
455 460 481 482 et
491 457 524 482 ad
536 458 653 490 speciem
668 457 820 491 aquilarum
834 457 921 484 adun-

140 499 181 526 cis
208 500 304 527 rostris
330 500 472 533 formatas,
498 507 544 529 aut
562 504 594 530 ad
614 503 820 533 similitudinem
843 506 920 532 volu-

141 552 217 571 crum
234 545 334 572 habere
349 555 452 581 pennas
479 548 565 575 instar
585 550 742 582 capillorum
757 571 765 582 ,
780 556 806 577 et
823 559 855 578 ne
872 559 921 578 co-

141 590 259 622 gitemus
283 597 355 619 rotas
373 593 504 626 quasdam
530 594 624 628 igneas
649 603 730 630 super
756 597 866 628 caelum,
895 601 922 623 et

141 642 162 661 δι
172 635 222 662 llas
239 638 395 664 materiatas
412 638 465 664 Deo
481 639 513 665 ad
531 640 679 667 sedendum
689 642 920 675 accmnmodalas,

143 686 176 704 ac.
189 680 320 713 quosdam
341 689 425 716 equos
442 683 523 710 variis
542 683 692 717 coloribus,
714 687 855 718 satellites,
871 687 923 714 du-

142 730 189 749 ces
220 725 365 755 exercitus,
392 730 419 753 ct
445 733 542 754 cratera
570 729 661 755 omnia
689 737 749 764 quae
776 730 922 765 Scriptum

143 773 245 795 sancta:
267 771 349 797 variis
371 772 601 801 st'rnbolisdivine
628 774 767 806 effingunt.
793 776 864 803 Idem
893 777 920 804 in

143 817 239 846 eodem
264 820 369 854 capite:
395 821 471 853 Quod
497 830 560 849 vero
588 823 698 850 absona!
726 825 922 853 similitudines

973 277 1016 303 nis
1032 277 1100 304 visis
1114 298 1120 308 ,
1139 278 1184 303 sed
1208 278 1289 305 etiam
1307 278 1333 305 in
1360 279 1474 312 angelis,
1495 280 1542 312 qui
1570 279 1681 313 figurari
1696 286 1755 305 tton-

973 326 1101 355 possunt,
1116 321 1211 349 formis
1225 323 1312 350 sacris
1330 323 1425 350 effictis
1442 331 1490 350 usa
1504 329 1544 349 est
1559 331 1567 350 :
1581 328 1610 350 ut
1627 323 1690 350 hinc
1706 331 1754 350 na-

973 371 1062 393 turam
1082 367 1267 402 symbolarum
1290 368 1445 402 perspicere
1460 369 1550 395 liceat.

1252 435 1367 462 CAPUT
1395 435 1438 462 Vl.

973 503 1041 536 Quoi
1062 502 1147 528 modis
1161 503 1278 536 signetur
1289 502 1433 536 symbolice
1455 502 1587 534 theologia
1616 502 1670 528 sive
1701 500 1750 527 sub

1076 542 1207 570 aspectum
1218 537 1272 563 sire
1279 537 1325 563 sub
1334 545 1435 564 seitsun-
1449 537 1552 563 aurium
1561 536 1648 562 cadat.

1007 593 1153 628 Gregorius
1168 592 1321 627 TheolOgus
1332 593 1450 620 secundo
1470 593 1508 620 De
1534 593 1662 626 theologia
1683 593 1753 619 libro

972 642 1026 668 ait:
1043 640 1113 675 Quid
1127 642 1160 668 dc
1175 640 1243 668 Isaia
1262 645 1289 666 et
1319 639 1470 671 Ezechiele,
1500 639 1547 673 qui
1571 639 1753 666 maximorum

973 688 1164 722 mysteriorum
1179 689 1315 720 spectator
1333 684 1394 716 fuit,
1407 692 1440 712 ac
1457 685 1490 711 de
1504 684 1617 718 reliquis
1635 685 1753 716 prophe-

973 732 1007 758 tis
1020 732 1111 758 dicere
1127 731 1238 764 poteris,
1255 737 1287 757 ex
1305 729 1405 764 quibus
1431 729 1474 755 ille
1485 729 1597 763 quidem
1610 727 1754 754 Dominum

974 777 1093 804 Sabaoth
1106 777 1246 804 sedentem
1259 776 1286 802 in
1298 777 1397 802 throno
1416 775 1509 808 gloriae
1539 774 1617 806 vidit,
1635 779 1662 801 et
1682 774 1755 800 hunc
1773 796 1776 801 .

971 831 988 850 a
1013 822 1171 856 Scrapbinis
1208 821 1366 855 sexaligeris
1387 821 1528 855 stipatum,
1556 819 1705 851 laudatum,
1730 823 1758 846 ct

144 864 231 898 Inagis
246 871 361 893 mentem
377 873 497 894 nostram
514 868 633 903 erigunt,
647 877 737 902 nemo,
761 875 789 897 ut
812 871 920 905 opinor,
939 884 959 911 Β
974 869 1125 899 obtectum,
1143 875 1226 901 seque
1246 867 1364 893 carbone
1390 866 1461 901 ignis
1487 870 1640 900 purgatum,
1672 869 1698 892 et
1723 865 1756 892 ad

144 911 272 938 cordatus
293 913 473 946 contradicet,
493 914 519 940 in
543 915 723 942 nobilioribus
737 916 809 944 enim
827 917 922 944 formis

144 956 303 990 effingendis
317 958 445 986 credibile
465 964 505 986 est
518 967 610 987 errare
630 961 748 994 aliquos,
781 963 826 997 qui
852 964 924 990 exis-

145 1000 241 1027 timent
256 1009 316 1028 esse
328 1006 439 1030 naturas
454 1004 578 1032 caelestes
593 1007 684 1039 specie
696 1007 814 1041 quadam
829 1015 922 1041 aurea,

147 1047 220 1071 viros
236 1047 367 1080 quosdam
383 1049 527 1081 micantes,
548 1050 653 1085 fulgore
678 1052 806 1085 decoros,
824 1054 923 1080 vestitu

146 1091 298 1125 splendido,
325 1099 351 1120 et
376 1095 483 1129 igneum
510 1097 650 1125 vibrantes
674 1106 728 1125 non
754 1099 878 1127 ltedendo
899 1105 926 1128 et

146 1145 316 1173 qumcunque
328 1139 386 1166 alire
400 1141 534 1175 ejusmodi
548 1142 641 1170 forma:
655 1149 729 1176 sunt,
741 1144 842 1178 quibus
852 1145 927 1172 theo-

146 1182 218 1216 logia
237 1184 384 1217 Scriptnrze
401 1191 502 1214 sanctis
519 1189 644 1217 cmlestes
662 1195 766 1216 mentes
788 1190 924 1225 figuravit,

147 1225 219 1258 quod
232 1227 340 1261 quidem
356 1237 389 1256 ne
408 1230 442 1257 iis
458 1231 575 1264 eveniat,
595 1233 641 1266 qui
656 1233 721 1260 nihil
735 1234 827 1264 altius.
844 1243 925 1265 quam

149 1271 194 1298 illa
209 1273 322 1306 pulchra
335 1279 360 1300 et
375 1276 498 1308 speciosa
515 1285 575 1311 quas
590 1283 731 1312 apparent.
747 1285 837 1307 urente
850 1287 926 1307 corn-

148 1315 219 1349 plexi
235 1321 310 1349 sunt,
335 1318 483 1353 Scriptum
502 1326 603 1349 sancta:
619 1324 764 1357 sapientia.
789 1332 850 1358 qua:
867 1332 928 1351 sur-

147 1368 207 1388 sum
221 1362 335 1390 ducendi
352 1366 404 1391 vim
429 1367 520 1400 habet,
537 1368 570 1395 ad
589 1368 827 1398 dissimilitudines
847 1371 929 1398 abso-

148 1413 197 1434 nas
219 1413 312 1435 sancte
329 1417 359 1437 se
376 1410 481 1445 dejicit.
508 1420 563 1440 non
590 1415 750 1447 permittens
777 1419 806 1443 ut
829 1423 928 1444 sensus

149 1454 234 1480 nostri
253 1457 376 1489 corporis
394 1457 421 1483 in
448 1457 501 1485 illis
529 1458 665 1488 indecoris
691 1461 856 1495 imaginibus
874 1462 927 1489 lue-

976 913 1146 948 prophetiam
1167 912 1351 943 instructum;
1369 911 1413 938 hic
1444 919 1508 938 vero
1538 911 1694 938 vehiculum
1723 918 1756 937 ex

975 958 1136 986 Clterubinis
1170 957 1307 988 describit,
1340 962 1365 983 et
1380 964 1461 989 super
1492 963 1540 984 eos
1568 956 1708 987 thronum,
1726 960 1753 982 et

976 1011 1056 1038 super
1083 1003 1209 1029 thronum
1237 1002 1449 1034 firmamentum,
1470 1006 1497 1028 et
1508 1009 1569 1028 eum
1583 1001 1630 1036 qui
1656 1001 1683 1028 in
1713 1000 1757 1027 fir-

977 1051 1112 1075 mamento
1121 1046 1278 1081 apparebat,
1289 1050 1315 1073 et
1327 1053 1406 1074 voces
1417 1045 1562 1080 quasdam,
1583 1049 1610 1072 et
1627 1045 1757 1079 impetus,

975 1098 1003 1120 et
1022 1093 1154 1123 actiones.
1171 1097 1252 1126 atque
1280 1091 1331 1118 hoc
1360 1091 1469 1126 quidem
1507 1091 1565 1118 sive
1583 1094 1641 1117 erat
1669 1091 1756 1117 visunt

976 1138 1104 1165 diurnum
1122 1137 1188 1164 solis
1199 1136 1302 1164 sanctis
1324 1135 1509 1170 aspectabile;
1533 1135 1590 1162 sive
1623 1140 1757 1162 nocturna

976 1189 1004 1212 et
1019 1191 1081 1211 vera
1097 1183 1181 1215 visio;
1197 1182 1254 1209 sive
1271 1181 1426 1208 informatio
1458 1181 1611 1208 futurorum
1629 1184 1758 1214 tanquam

977 1228 1148 1264 praesentium
1163 1229 1189 1255 in
1207 1232 1296 1255 mente
1310 1227 1358 1262 (2),
1378 1227 1434 1254 sive
1449 1227 1502 1253 alia
1526 1226 1632 1260 species
1659 1233 1759 1252 arcana

978 1273 1135 1308 prophetiae,
1157 1280 1210 1300 non
1231 1280 1341 1306 possmn
1372 1271 1506 1298 afﬁrmare
1521 1279 1529 1303 ;
1543 1272 1612 1298 Deus
1643 1271 1760 1304 prophe-

979 1324 1066 1346 tarum
1086 1319 1170 1349 novit.
1185 1324 1212 1346 et
1228 1318 1327 1353 quibus
1342 1317 1403 1344 talia
1418 1318 1602 1352 contigerunt.
1628 1316 1659 1343 Et
1691 1316 1760 1342 divi-

978 1373 1030 1392 nus
1046 1354 1257 1398 Chrysostomus
1273 1364 1299 1390 in
1318 1363 1428 1390 ltomilia
1444 1363 1477 1389 de
1495 1362 1636 1396 Eutropio.
1651 1362 1761 1396 quando

979 1411 1104 1437 inventus
1119 1412 1195 1436 extra
1211 1407 1372 1440 Ecclesiam,
1397 1408 1551 1435 abstractus
1577 1411 1604 1433 et
1631 1406 1761 1440 abreptus

979 1455 1045 1483 fuit:
1061 1454 1145 1482 Nemo
1159 1454 1242 1484 enim,
1256 1453 1354 1487 inquit,
1370 1452 1435 1479 vidit
1449 1452 1475 1479 id
1491 1452 1563 1487 quod
1598 1451 1668 1478 Deus
1697 1455 1738 1478 est
1752 1459 1760 1484 ;

147 1503 238 1526 rentes
254 1501 449 1535 acquiescant;
465 1503 530 1538 quin
547 1504 640 1539 potius
656 1513 716 1533 earn
740 1511 844 1540 partem
866 1509 925 1535 ani-
940 1509 960 1537 ο
978 1508 1033 1528 ιιοη
1048 1500 1128 1534 igitur
1142 1507 1203 1526 cum
1223 1498 1293 1526 Deus
1323 1497 1441 1529 videtur,
1469 1501 1582 1531 apparet
1609 1497 1681 1531 quod
1709 1502 1762 1528 cs:,

149 1552 210 1577 mae,
224 1552 283 1579 quae
306 1547 339 1573 ad
357 1547 411 1574 alta
432 1548 528 1582 tetulit,
548 1550 604 1584 ipsa
623 1549 796 1579 deformitate
825 1553 924 1586 ﬁgura-

148 1598 208 1618 rum
222 1592 321 1620 excitat
335 1597 361 1620 et
375 1594 506 1624 stimulat.
525 1602 606 1629 tanqu
618 1605 660 1624 am
678 1605 731 1625 non
746 1599 872 1626 videatur
885 1600 928 1628 fas

148 1643 208 1661 esse
221 1641 248 1663 et
264 1644 370 1669 verum,
389 1646 423 1665 ne
438 1639 470 1666 iis
488 1640 595 1674 quidem
610 1642 657 1674 qui
673 1648 736 1670 sunt
752 1644 870 1672 terrenis
885 1652 928 1671 re-

150 1681 201 1707 lms
218 1681 296 1709 valde
312 1683 396 1716 affixi,
413 1689 466 1711 tam
486 1686 612 1713 absurdis
631 1686 725 1715 formis
740 1688 839 1716 similia
854 1696 930 1716 ret-e-

149 1734 178 1753 ra
193 1735 253 1755 esse
267 1728 312 1756 illa
329 1730 532 1764 supracoalestia
551 1735 578 1758 et
597 1732 688 1759 divina
705 1740 764 1766 qua:
779 1742 804 1762 in
820 1735 930 1769 symbo-

149 1773 182 1800 lis
197 1781 259 1801 cum
277 1775 458 1803 admiratione
471 1783 641 1810 spectantur.
662 1778 729 1806 Hinc
748 1779 830 1813 igitur
847 1788 928 1815 appa-

149 1822 200 1851 ret,
225 1819 296 1854 quod
326 1820 417 1848 ditina
434 1822 583 1858 Scriptura:
613 1829 714 1852 sanetae
740 1825 854 1852 scientia
873 1834 926 1852 non

979 1543 1025 1575 sed
1040 1546 1110 1581 quod
1130 1551 1218 1580 potest
1231 1545 1323 1572 videre
1350 1544 1372 1572 is
1388 1546 1432 1571 cui
1449 1548 1571 1578 apparet,
1590 1551 1642 1570 non
1656 1547 1763 1570 unitatis

979 1593 1157 1621 substantiam
1176 1599 1265 1622 suam,
1280 1591 1327 1619 sed
1351 1596 1489 1625 aspectum
1502 1589 1587 1625 figura
1612 1589 1764 1616 informans

980 1647 1029 1674 pro
1043 1639 1173 1667 varietate
1195 1645 1285 1665 rerum
1312 1637 1507 1671 subjectarum.
1529 1635 1645 1663 Sanctus
1659 1634 1764 1669 Grego-

981 1687 1039 1714 rius
1060 1686 1198 1720 Nysseuus
1215 1685 1240 1711 in
1256 1692 1288 1711 eo
1306 1684 1376 1710 libro
1387 1683 1485 1710 Contra
1503 1682 1674 1711 Extremi-1m.
1686 1681 1765 1716 cujus

981 1731 1144 1766 principium
1163 1734 1214 1760 est.
1232 1729 1322 1756 Prima
1339 1729 1452 1763 quidem,
1469 1728 1509 1755 sic
1522 1728 1560 1754 ait
1575 1737 1582 1755 :
1615 1727 1720 1754 Etenim
1737 1728 1763 1753 in

980 1776 1097 1804 Jordane
1110 1781 1169 1810 post
1188 1775 1314 1802 virtutem
1343 1773 1461 1808 Spiritus
1491 1774 1590 1805 sancti,
1619 1778 1646 1799 ct
1670 1780 1765 1800 rursus

981 1822 1154 1851 audientibus
1170 1819 1280 1852 Jndtcis,
1293 1824 1319 1846 et
1332 1819 1357 1845 in
1370 1819 1615 1852 traustiguratione.
1642 1825 1693 1845 vox
1717 1825 1765 1846 su-

780 1913 903 1946 Schoiia
919 1915 949 1946 S.
972 1913 1118 1944 Maximi.

189 1988 226 2020 (li
242 1989 281 2015 Ad
296 1988 368 2023 quid,
383 1997 462 2016 unum
482 1995 506 2016 et
520 1989 642 2022 simplex.
662 1989 707 2017 Sic
718 1993 797 2016 vocat
812 1997 926 2016 vacuum

151 2032 167 2052 θ
185 2023 306 2052 materia.
324 2029 353 2049 ut
367 2031 428 2051 cmn
445 2024 584 2058 Scriptura
598 2024 692 2051 tribuit
706 2024 800 2058 angelo
813 2024 927 2051 formam

153 2058 266 2087 edictam
287 2059 394 2092 aquila},
419 2059 494 2086 verbi
526 2059 622 2091 gratia.
652 2063 758 2092 oportet
791 2060 860 2085 scire
883 2067 931 2092 per

153 2094 224 2121 hanc
251 2092 439 2120 formationem
469 2094 578 2127 aquilae,
620 2101 680 2127 qua:
703 2101 756 2120 non
798 2094 931 2126 simplicis

155 2133 267 2158 natura»,
287 2127 333 2154 sed
360 2128 516 2162 compositae
527 2133 577 2160 est.
605 2127 637 2155 ad
653 2129 781 2162 quidnam
815 2128 931 2162 simplex

155 2164 183 2190 in
200 2162 295 2197 angelo
311 2161 514 2196 intelligendum
531 2161 702 2194 revocamur,
717 2162 822 2190 scilicet
851 2161 930 2189 revo-

154 2205 252 2232 cantur
267 2197 300 2223 ad
332 2197 534 2232 inleliigcndum
568 2204 627 2232 esse
655 2198 682 2224 in
711 2197 814 2232 angelis
846 2198 930 2224 aciem

155 2231 299 2267 quamdam
317 2233 503 2259 acutissimam
520 2231 650 2266 spiritalis
670 2236 697 2258 ct
723 2231 847 2259 sublimis
873 2239 931 2265 per-

155 2266 304 2300 spicientia:
322 2274 329 2298 ;
346 2271 427 2300 atque
458 2267 484 2293 id
515 2267 622 2300 quidem
646 2273 756 2294 necesse
787 2271 828 2293 est
856 2267 936 2297 ει-ἰιιο,

157 2310 190 2328 ne
206 2301 283 2328 nobis
302 2301 501 2334 evenial,quod
519 2302 610 2334 vulgo,
628 2302 856 2328 ntexistimemus
869 2300 938 2327 forte

155 2337 256 2363 habere
270 2335 380 2367 angelos
397 2336 488 2368 pedes,
506 2335 601 2368 facies,
629 2336 687 2362 alas
717 2341 745 2362 et
769 2336 895 2363 similiter
911 2336 938 2362 in

156 2371 217 2398 aliis
243 2369 336 2397 formis
347 2370 451 2397 effictis.

191 2405 229 2440 β)
242 2404 326 2438 Atque
336 2406 384 2430 hoc
398 2404 500 2438 quidem
509 2405 560 2431 sire
576 2409 632 2430 erat
648 2405 729 2431 visum
739 2405 862 2432 diurnum
874 2403 937 2430 solis

155 2439 254 2467 sanctis
270 2440 429 2473 napectabile
444 2459 452 2471 ,
478 2440 531 2466 sive
558 2444 686 2466 nocturna
707 2444 731 2465 et
756 2447 816 2466 vero
848 2439 935 2466 visio:

156 2475 209 2501 sine
223 2475 376 2508 informatio
391 2475 542 2506 futurorum
559 2480 684 2508 tanquam
710 2474 878 2508 prwsentium
897 2474 936 2508 riu

157 2507 295 2543 mentas,
321 2508 453 2536 Maximus
479 2509 627 2541 explanans
651 2507 724 2535 hunc
749 2508 872 2543 Gregorii
896 2507 937 2534 lo—

156 2550 244 2570 cum:
269 2542 437 2575 Numeravit,
459 2543 555 2577 inquit.
584 2544 632 2570 hoc
656 2543 716 2569 loco
735 2542 813 2570 nobis
839 2542 935 2569 beatus

158 2577 304 2611 Gregorius
320 2578 423 2612 species
439 2576 594 2611 prophetiae.
610 2585 659 2611 ego
675 2585 737 2604 vero
746 2577 812 2604 nihil
827 2577 933 2603 interim

156 2613 308 2643 af.irmans,
329 2611 484 2646 conjectura
512 2613 597 2638 ducor
622 2611 748 2638 diurnum
776 2613 862 2639 visum
887 2619 935 2637 vo-

157 2654 236 2673 casse
251 2647 379 2673 visionem
391 2652 417 2674 et
428 2647 594 2674 auditionem
611 2653 702 2673 rerum
718 2651 742 2672 et
766 2653 933 2678 sermonum,

157 2689 219 2714 qu:
237 2682 324 2708 sancti
339 2682 476 2708 neminem
492 2681 618 2712 valendo,
632 2685 660 2707 et
693 2682 827 2707 neminem
855 2681 935 2706 audi-

156 2715 383 2750 eulo,tanquam
411 2723 458 2750 per
479 2723 492 2742 s
510 2722 589 2741 nsum
625 2716 720 2748 spiritu
754 2715 881 2742 videbant
907 2719 934 2741 et

156 2750 322 2783 Iudicbaul;
343 2758 396 2777 non
413 2752 484 2776 enim
501 2750 542 2777 fas
557 2751 711 2783 estdicere,
727 2754 851 2784 oportere
865 2757 933 2784 rom-

158 2785 259 2811 nmoiu
283 2785 383 2812 divinis
416 2786 448 2811 ad
476 2784 695 2811 informationem
732 2783 933 2815 iinaginationis

160 2826 277 2854 praesens
304 2826 366 2847 esse
390 2819 417 2846 id
442 2819 470 2846 in
499 2819 572 2854 quod
596 2818 669 2844 cadit
696 2818 862 2852 imaginatio,
885 2818 931 2844 sed

161 2853 365 2889 Admirabilitcr,
386 2858 414 2882 et
433 2861 514 2889 supra
529 2859 665 2886 naturam,
692 2860 723 2881 ac
755 2853 828 2881 nullo
864 2859 933 2888 prae.

948 2220 972 2250 Ι)

983 1994 1069 2019 scuto,
1085 1993 1110 2015 et
1130 1989 1247 2016 vocibus
1257 1987 1308 2015 sub
1321 1995 1430 2015 sensum
1446 1987 1606 2015 cadentibus
1633 1995 1685 2014 non
1711 1989 1766 2016 fur-

984 2025 1063 2050 malis
1079 2024 1156 2057 pulsu
1172 2023 1253 2053 aeris,
1279 2030 1338 2049 cam
1370 2027 1473 2056 partem
1493 2030 1545 2056 qua
1571 2023 1764 2056 imaginamur,

983 2059 1109 2092 operari;
1126 2059 1202 2085 itaut
1217 2064 1278 2084 vere
1311 2057 1405 2084 audiat
1427 2057 1577 2092 etrvideal,
1605 2058 1652 2092 qui
1674 2058 1766 2086 divina

983 2091 1106 2125 docetur,
1123 2100 1174 2120 nec
1188 2093 1260 2120 enim
1277 2092 1398 2118 creditur
1412 2091 1534 2118 divinmn
1563 2099 1635 2121 esse.
1666 2093 1692 2119 in
1709 2101 1770 2124 quo.

985 2128 1049 2154 nihil
1065 2128 1183 2162 amplius
1198 2132 1249 2157 est,
1273 2133 1355 2160 quam
1387 2126 1460 2160 quod
1490 2126 1515 2152 in
1544 2129 1649 2153 natura:
1669 2128 1766 2155 ordine

984 2163 1114 2190 cernitur.
1136 2163 1181 2190 Sic
1194 2162 1266 2189 enim
1292 2168 1354 2191 nos,
1370 2168 1433 2187 cum
1455 2164 1535 2188 nocte
1565 2168 1613 2194 per
1637 2167 1772 2190 somnum.

986 2197 1178 2229 imaginamur,
1210 2204 1282 2230 sepe
1316 2196 1440 2222 videmus
1473 2199 1500 2222 et
1533 2195 1669 2227 audimus,
1701 2204 1763 2224 cum

988 2239 1066 2257 nemo
1077 2237 1119 2259 est
1135 2232 1181 2265 qui
1201 2229 1327 2265 loquatur
1354 2235 1401 2256 aut
1427 2229 1570 2262 videatur;
1595 2231 1681 2257 multo
1706 2239 1766 2258 ma-

989 2266 1030 2299 gis
1055 2267 1105 2293 hoc
1131 2266 1233 2294 sanctis
1259 2265 1426 2299 expcrrectis
1456 2269 1482 2291 et
1506 2265 1679 2299 vigilantibus
1702 2273 1766 2293 vere

988 2301 1104 2333 eveniet,
1117 2301 1171 2328 Deo
1182 2306 1310 2332 operante
1321 2299 1347 2326 in
1362 2300 1428 2334 ipsis
1438 2299 1609 2332 tigilautibus
1616 2301 1766 2327 secundum

988 2335 1101 2367 gratiam
1119 2335 1315 2365 admirabilem.
1337 2335 1408 2369 quod
1425 2335 1451 2361 in
1469 2334 1548 2360 nobis
1577 2334 1635 2367 lege
1663 2339 1766 2362 natura:

988 2371 1046 2396 fieri
1082 2370 1232 2396 consuevit.
1263 2368 1430 2395 Nocturnum
1453 2374 1480 2395 et
1511 2376 1601 2395 veram
1633 2368 1765 2396 visionem

987 2404 1113 2430 existimo
1125 2412 1187 2431 eum
1205 2411 1303 2431 vocare
1321 2408 1367 2430 aut
1390 2403 1591 2438 intelligentiam
1618 2403 1766 2436 perfectam

987 2445 1075 2465 rerum
1094 2439 1258 2468 futurarum.
1274 2446 1335 2472 quae
1352 2438 1378 2464 in
1396 2438 1485 2464 anima
1503 2446 1549 2471 per
1578 2445 1701 2464 somnum
1727 2440 1765 2470 fit,

987 2478 1017 2500 ut
1029 2473 1053 2499 in
1065 2472 1163 2508 Ioseph
1180 2479 1206 2501 et
1222 2473 1348 2505 Dauiele;
1364 2478 1411 2499 aut
1425 2474 1556 2499 visionem
1584 2480 1672 2499 rerum
1698 2473 1767 2500 divi-

987 2515 1083 2534 narum
1099 2508 1239 2536 cadentem
1260 2508 1312 2536 sub
1329 2512 1468 2541 aspectum
1492 2508 1634 2534 oculorum
1657 2513 1767 2542 propter

986 2550 1120 2570 summanr
1140 2543 1274 2576 passionis
1289 2547 1449 2569 vacuitatem
1472 2550 1504 2568 ex
1533 2543 1615 2568 inulta
1649 2549 1767 2574 puritate.

986 2577 1214 2611 proficiscentem.
1244 2577 1464 2604 luformationem
1502 2584 1565 2604 vero
1610 2576 1764 2603 futurorum

987 2616 1114 2645 tanquam
1132 2612 1304 2645 praesentiunt
1322 2612 1347 2637 in
1375 2615 1466 2638 mente
1479 2612 1596 2638 arbitror
1623 2619 1684 2638 eum
1705 2611 1766 2637 κατ’

986 2646 1106 2680 ἔμφασιν
1120 2647 1209 2673 dicere
1225 2647 1325 2680 figuras
1339 2645 1490 2672 fututorum
1510 2646 1612 2672 sanctis
1642 2651 1766 2672 ostensas

986 2681 1101 2714 supplici
1143 2682 1224 2707 modo
1252 2687 1381 2714 tanquam
1410 2681 1436 2706 in
1476 2681 1593 2713 imagine
1616 2682 1768 2707 secundum

985 2716 1137 2749 simplicem
1149 2721 1175 2742 et
1196 2723 1249 2742 non
1264 2716 1402 2742 dividuam
1421 2715 1560 2742 notionem
1577 2715 1686 2741 utentis.
1705 2715 1767 2741 ibcc

985 2757 1127 2783 eguausus
1141 2758 1214 2781 sttuit,
1229 2750 1265 2776 ait
1276 2756 1386 2776 sanctus
1402 2749 1544 2781 Masurius,
1563 2757 1595 2776 ex
1608 2750 1766 2782 conjectura

985 2785 1075 2811 dicere
1089 2784 1190 2811 nullam
1220 2785 1334 2818 gratiam
1368 2785 1524 2818 experiendi
1553 2784 1610 2810 lucc
1639 2784 1766 2819 adeptus,

985 2819 1019 2846 ob
1031 2827 1091 2846 eam
1108 2823 1213 2846 tantum
1230 2826 1350 2853 causam,
1368 2819 1440 2854 Quod
1461 2824 1487 2846 tu
1509 2819 1629 2853 iussisti.
