1950 3070
169 115 223 146 755

169 180 252 208 perne
279 174 350 202 edita
375 178 497 208 est.qn:n
520 174 645 202 homines
677 173 796 206 doceret,
824 181 856 201 ne
883 174 948 201 illud

169 219 257 246 solum
291 228 352 247 esse
376 221 572 252 existimarent,
601 219 674 254 quod
699 219 866 253 apparebat;
900 220 947 247 sed

167 266 310 293 cmderent
325 274 384 293 esse
400 266 480 293 etiam
492 274 585 294 verum
614 267 708 293 Filium
732 265 782 294 Dei
808 266 948 295 dilectum.

169 311 242 339 Talis
257 319 324 343 von
339 317 365 338 ut
380 312 521 340 audientes
534 313 715 348 perciperent,
739 314 854 340 formata
878 318 918 340 est
932 320 947 339 a

171 357 225 383 Deo
237 357 263 383 in
279 365 393 391 corpore
407 363 496 390 aereo‘,
514 363 542 384 ut
564 358 653 385 facere
673 363 872 386 consueverunt
900 358 947 393 qui

171 402 339 436 loquuntur;
354 403 392 429 sic
405 404 474 430 Deus
492 405 537 438 qui
550 413 637 430 omnes
651 405 767 431 homines
787 404 840 431 vult
856 404 943 430 salvos

170 448 237 482 ﬁeri,
251 453 274 475 et
288 449 322 474 ad
336 449 495 483 agnitionem
506 450 624 476 veritatis
641 450 728 476 venire
744 450 764 481 ³,
778 450 809 475 ad
833 449 948 476 salutem

170 501 264 520 eortnn
281 494 326 528 qui
351 495 503 526 audierunt,
533 501 685 522 sermonem
711 494 738 520 in
767 501 829 520 aere
848 494 950 521 articu-

170 539 224 566 late
239 539 384 573 impressit,
405 540 476 566 sicut
489 539 620 566 Dominus
634 539 700 566 dixit
715 538 828 571 Judmis,
843 539 889 574 qui
902 547 950 572 pu-

171 585 265 611 tabant
280 585 428 611 tonitruum
441 591 500 611 esse
512 584 623 613 factum.
637 587 699 618 quia
726 592 809 612 sonus
835 584 862 611 in
887 591 950 611 aere

171 628 311 656 confectus
323 629 429 656 fuerat:
448 629 507 655 Non
528 633 633 663 propter
647 638 685 656 me
710 633 763 655 Inrc
792 637 841 655 v0.1;
869 629 950 660 venit,

171 674 217 702 sed
231 679 336 708 propter
354 683 398 701 vos
412 674 433 701 ⁸.
451 675 487 701 Ex
504 675 546 702 his
565 679 648 709 patet,
665 680 730 709 quot
748 675 834 701 modis
850 674 875 701 in
892 681 950 708 pro-

170 720 259 753 phetis
274 720 368 747 etaliis
381 720 466 747 beatis
481 720 615 755 theologia
631 721 778 755 symbolica
794 721 949 747 declaratur

159 766 329 800 _nominatim
343 765 451 800 quidem
464 766 604 800 tripliciter
617 767 667 801 (1),
680 774 779 794 arcane
795 773 858 793 vero
867 770 894 793 et
906 773 951 793 oc-

744 116 906 147 JOANNIS
918 117 1200 149 CYPARISSIOT/E

1727 119 1785 152 756

964 176 984 204 Α
1001 178 1159 222 ilnjusmodi
1178 194 1218 215 est
1235 189 1261 215 in
1279 188 1332 215 Deo
1347 187 1508 216 vocabulum
1537 188 1720 222 processimus
1731 188 1783 222 (tt).

1278 244 1390 272 CAPUT
1410 244 1477 271 Vill.

1000 301 1076 333 Quod
1092 300 1132 326 Iuv
1151 301 1259 327 visiones
1274 305 1298 327 et
1325 300 1509 334 Theophanite.
1528 302 1554 328 id
1569 306 1617 333 est,
1633 301 1680 328 Dei
1697 309 1784 335 appa-

1035 336 1150 365 ritioncs,
1169 343 1221 361 non
1250 337 1327 362 aliter
1357 345 1436 370 quam
1476 337 1644 363 intermedias
1673 336 1783 362 virtutes

1034 369 1150 396 emlestes
1162 370 1313 402 informata:
1324 369 1394 397 lllltl.

1036 415 1149 450 Magnus
1166 415 1312 450 Dionysius
1337 420 1434 450 quarto
1465 416 1552 450 capite
1580 415 1698 442 Caelestis
1726 415 1784 442 hie-

999 460 1113 487 rare/tia:
1127 468 1136 486 :
1153 459 1183 486 Hi
1203 460 1293 495 igitur,
1306 460 1403 494 inquit,
1420 465 1484 487 sunt
1508 461 1554 494 qui
1575 461 1602 487 in
1631 460 1726 495 primis
1754 464 1785 486 et

1001 506 1185 538 multipliciter
1194 506 1331 532 occultum
1347 506 1392 532 Dei
1408 504 1458 540 (i‘)
1474 505 1659 537 manifestant,
1678 513 1782 537 quam-

1001 552 1094 579 obrem
1112 557 1208 578 caetera
1228 552 1320 578 omnia
1336 551 1468 578 vocabulo
1487 552 1643 585 angelorum
1674 551 1785 584 egregie

1001 597 1097 631 signati
1115 601 1186 628 sunt,
1201 596 1263 630 quia
1278 596 1329 630 ipsi
1358 597 1475 630 primum
1500 604 1514 622 a
1544 596 1597 622 Deo
1626 595 1786 622 illuminan-

1001 645 1056 672 tur,
1077 646 1103 667 et
1127 648 1174 675 per
1189 641 1263 675 ipsos
1279 641 1359 668 nobis
1383 645 1483 667 nostra:
1500 641 1679 667 revelationes
1692 645 1787 666 trans-

1002 687 1156 717 mittuntur,
1175 687 1215 713 sic
1246 687 1327 721 igitur
1356 687 1397 713 lex
1424 686 1475 719 (2),
1504 691 1532 713 ut
1558 686 1667 713 divinus
1689 693 1786 712 sermo

1001 735 1126 761 testatur,
1138 739 1184 765 per
1209 732 1319 765 angelos
1333 731 1411 758 nobis
1423 731 1485 758 data
1497 736 1537 758 est
1549 739 1557 758 :
1579 735 1606 758 et
1634 731 1695 757 illos
1709 731 1786 758 cele-

1001 778 1064 804 bres
1080 781 1141 803 ante
1154 776 1238 810 legem
1252 776 1288 810 (5)
1305 780 1332 802 et
1345 781 1405 810 post
1422 776 1506 810 legem
1521 775 1559 810 (4)
1573 780 1661 810 patres
1675 782 1788 803 nostros

172 811 570 845 culteetiamaliter,etutDcus
580 812 950 847 prophetarumscirepotest.
966 836 989 866 Β
1004 823 1090 857 angeli
1110 822 1142 848 ad
1158 822 1241 848 Deum
1272 821 1455 852 “ducebam.
1479 825 1526 848 aut
1553 821 1625 856 quod
1649 822 1786 855 agendum

453 857 566 885 CAPUT
582 857 636 884 VII.

174 912 249 945 Quae
276 914 343 939 Itane
374 912 544 946 tymbolicnm
570 912 737 946 theologiam,
773 912 793 937 ii
824 911 852 938 in
889 920 952 946 quos

243 948 346 978 cecidit.
361 948 444 974 visum
460 952 483 974 et
501 948 624 974 visionem
641 947 848 981 appellaverunt.

209 993 322 1027 Magnus
337 993 380 1019 ille
406 997 541 1026 spectator
566 992 612 1019 Dei
644 992 773 1027 Moyses:
799 991 952 1023 Transiem,

173 1040 271 1075 inquit,
285 1040 373 1067 ridebo
384 1040 465 1067 visunt
476 1041 524 1066 ltoc
545 1040 646 1074 ingens,
661 1047 743 1074 quare
757 1038 838 1066 rubus
868 1039 953 1071 ardet,

173 1089 199 1111 et
216 1093 266 1111 non
281 1084 444 1111 comburitur
458 1085 468 1100 '
486 1088 530 1115 :et
553 1084 620 1111 visio
648 1090 729 1117 quam
760 1083 827 1110 vidit
846 1083 929 1110 lsaias
946 1093 953 1111 :

176 1128 210 1155 Et
231 1137 276 1164 ego
290 1129 400 1156 visiones
420 1129 602 1162 multiplicari.
618 1134 641 1155 et
653 1137 680 1156 tu
693 1128 815 1156 manibus
843 1128 954 1163 Prophe-

174 1180 260 1201 tarum
275 1175 438 1202 assimilatas
454 1183 512 1202 sum
524 1176 552 1208 ⁶;
565 1181 608 1208 _e',
623 1175 735 1202 Iuvenes
752 1175 831 1202 vestri
847 1175 955 1201 visiones

174 1221 296 1248 videbunt
313 1222 384 1247 ’τοι
409 1221 512 1248 infinita
547 1221 598 1248 alia
624 1221 778 1254 huiusmodi
806 1221 832 1247 in
865 1224 956 1248 vetere

175 1267 326 1301 Scriptura.
344 1267 373 1293 ln
387 1266 483 1301 primis
502 1274 566 1294 vero
585 1266 709 1293 Salvator
735 1270 828 1293 noster
860 1266 892 1293 de
906 1273 955 1293 sua

176 1313 203 1340 in
217 1317 308 1340 tuente
320 1311 430 1340 Thabor
446 1313 621 1347 theophania,
636 1312 661 1339 id
688 1316 738 1344 est,
757 1312 802 1339 Dei
824 1312 955 1346 appariti-

177 1367 244 1386 one:
264 1358 381 1390 Nemini,
404 1359 502 1393 inquit,
530 1358 649 1386 dixeritis
664 1359 789 1385 visionem
810 1358 876 1384 hunc
887 1358 908 1390 ⁸,
930 1362 958 1385 et

176 1405 285 1432 divinus
301 1405 457 1440 Dionysius,
472 1412 531 1438 cap.
551 1405 594 1436 i3,
627 1404 744 1431 Ca‘lestis
761 1404 890 1431 [cierat-ch.
919 1404 957 1431 ait

175 1450 306 1478 visionem
325 1450 397 1477 illam
409 1455 546 1477 ostensam
564 1457 623 1476 esse
652 1449 728 1477 Laio:
759 1450 883 1483 theologo
908 1457 957 1484 per

1003 873 1061 895 erat
1073 867 1111 903 (5)
1127 872 1304 901 exponentes.
1322 871 1349 894 et
1365 867 1399 894 ab
1412 874 1504 894 errore
1516 867 1554 902 (6)
1584 871 1610 894 et
1635 867 1688 894 vita
1722 875 1789 901 pro-

1003 914 1065 941 faua
1082 914 1114 940 ad
1133 917 1233 940 rectam
1268 913 1340 939 viam
1371 913 1493 940 veritatis
1520 913 1709 944 traducentes;
1739 917 1788 939 aut

1003 959 1210 986 manifestantes
1226 965 1318 985 sacros
1339 958 1449 985 ordines
1463 958 1513 992 ('1),
1530 963 1576 984 aut
1594 958 1786 993 mysteriorum

1003 1011 1062 1038 qua:
1075 1011 1157 1038 supra
1177 1003 1308 1030 mundum
1327 1002 1448 1037 sunt,(8)
1460 1003 1566 1030 abditas
1583 1003 1713 1034 visiones,
1737 1007 1787 1030 aut

1004 1049 1110 1076 divinas
1125 1048 1254 1082 quasdam
1277 1047 1463 1082 praedictiones
1480 1047 1518 1082 (9)
1546 1051 1672 1082 tanquam
1696 1048 1786 1074 nuntii

1005 1099 1031 1121 et
1047 1094 1165 1121 ministri
1181 1094 1366 1128 explanantes.
1384 1093 1411 1120 Si
1423 1094 1484 1127 quis
1502 1100 1563 1120 vero
1578 1094 1657 1124 dicat,
1672 1093 1786 1127 quibus-

1005 1141 1066 1167 dam
1084 1140 1197 1171 sanctis,
1217 1139 1292 1166 nullo
1309 1139 1450 1174 interjecto
1467 1139 1554 1165 medio
1582 1138 1665 1166 Deum
1695 1148 1726 1166 ex
1756 1147 1787 1167 se

1005 1186 1173 1220 apparuisse,
1192 1185 1278 1211 discat
1294 1185 1374 1210 etiam
1397 1184 1447 1211 hoc
1482 1191 1514 1210 ex
1536 1183 1667 1217 sapientia
1693 1192 1789 1211 sacra-

1007 1239 1066 1258 rum
1085 1230 1289 1264 Scripturarum
1304 1230 1390 1262 ipsulm
1407 1229 1483 1261 illttd,
1496 1231 1567 1264 quod
1582 1229 1628 1256 Dei
1641 1234 1681 1256 est
1690 1231 1786 1258 occul-

1007 1282 1063 1303 tum
1082 1276 1148 1310 (10),
1165 1276 1299 1303 nemiuem
1318 1275 1428 1308 vidisse,
1449 1283 1537 1307 neque
1559 1275 1680 1302 visurum
1701 1283 1761 1303 esse
1777 1283 1786 1309 ;

1007 1323 1051 1349 sed
1065 1323 1223 1356 apparuisse
1237 1321 1338 1348 sanctis
1366 1321 1447 1348 Deutn
1472 1321 1658 1348 ostendentem
1689 1329 1728 1351 se.
1759 1326 1790 1348 ιιι

1006 1375 1067 1395 eum
1082 1367 1206 1396 decebat.
1228 1374 1274 1400 per
1290 1367 1346 1393 \isa
1362 1367 1484 1400 qumdam
1502 1374 1589 1399 sat-ra,
1604 1372 1631 1394 et
1643 1368 1675 1394 iis
1695 1368 1740 1401 qui
1755 1375 1788 1395 ea

1007 1413 1144 1444 videbant,
1166 1412 1354 1453 congruentia.
1368 1411 1464 1439 Sermo
1483 1417 1574 1439 autem
1589 1412 1696 1440 divinus
1710 1413 1787 1440 omni

1008 1459 1139 1493 sapientia
1155 1457 1248 1492 plenus
1260 1458 1345 1484 visum
1363 1457 1438 1490 illud,
1461 1457 1534 1492 quod
1560 1457 1677 1484 divinam
1709 1458 1789 1485 simi-

175 1504 261 1523 unttm
280 1503 311 1522 ex
330 1496 362 1523 iis
378 1496 479 1529 angelis
504 1496 619 1527 sanctis,
643 1495 688 1529 qui
721 1496 799 1522 nobis
826 1499 954 1529 prtesunt.

1011 1504 1149 1531 litudiaem
1168 1503 1193 1530 in
1213 1503 1256 1529 illo
1271 1503 1330 1537 ipso
1350 1502 1410 1529 viso
1440 1503 1583 1538 ﬁguratam
1614 1502 1789 1534 ostendebat.

177 1542 215 1569 Ex
229 1542 328 1576 quibus
344 1542 373 1568 lit
394 1540 580 1570 manifestum,
595 1541 665 1575 quod
687 1548 855 1575 quascunque
879 1549 955 1568 sacra

176 1590 234 1616 visa
246 1588 345 1616 divinis
357 1587 486 1620 symbolis
503 1586 616 1612 formata
632 1586 768 1620 propheta:
783 1593 864 1614 sensu
882 1587 956 1613 visus

177 1636 366 1670 perceperunt,
380 1632 463 1659 verbo
479 1632 530 1660 sibi
547 1636 662 1665 cognato
684 1632 802 1659 vi~iones
829 1632 955 1658 nomina-

177 1685 284 1712 verunt,
302 1678 434 1706 vocabulo
451 1677 564 1705 visionis
578 1677 676 1710 alioqui
702 1676 842 1704 communi
876 1677 956 1704 rebus

177 1726 243 1761 ipsis
255 1732 323 1760 quas
349 1723 487 1756 videbant,
518 1727 646 1756 tanquam
682 1723 790 1757 proprio
817 1722 954 1755 imposito.

213 1796 224 1812 ³
238 1796 247 1823 l
261 1795 333 1828 Tim,
347 1802 379 1827 ιι,
390 1792 408 1821 4
445 1793 456 1810 ⁵
469 1793 547 1822 Joan.
563 1801 613 1826 xu,
631 1792 675 1820 50.
713 1792 723 1809 ⁵
737 1791 822 1820 Exod.
834 1800 865 1825 ιι,
880 1793 906 1820 5.

944 1791 955 1809 ⁸
970 1793 1040 1821 Osee
1066 1801 1116 1827 xu,
1134 1794 1176 1821 i0.

1010 1555 1040 1576 ut
1053 1550 1193 1583 figuratur.
1211 1549 1282 1583 quod
1299 1548 1408 1582 figurari
1425 1555 1476 1574 non
1498 1553 1596 1582 potest,
1625 1548 1687 1582 quia
1702 1548 1791 1575 addu-

1009 1596 1045 1623 cit
1063 1603 1109 1622 eos
1120 1595 1165 1629 qui
1176 1595 1278 1625 vident,
1294 1595 1326 1621 ad
1346 1594 1440 1625 Deum,
1464 1594 1560 1621 merito
1572 1593 1634 1621 inde
1647 1593 1793 1628 Theopha-

1010 1641 1128 1672 niam,id
1144 1645 1195 1673 est,
1211 1640 1409 1675 apparitionem
1420 1639 1465 1667 Dei
1495 1644 1586 1672 vocat,
1610 1645 1703 1674 utpote
1729 1648 1792 1674 quas

1010 1687 1127 1714 divinam
1157 1686 1384 1713 illuminationem
1424 1685 1578 1713 videntibus
1607 1686 1745 1718 immittat,
1764 1692 1792 1714 et

1011 1731 1109 1766 aliquid
1125 1731 1158 1758 de
1184 1732 1283 1758 divinis
1302 1737 1349 1758 eos
1375 1737 1452 1758 sacre
1469 1730 1574 1757 doceat.
1616 1729 1664 1759 llis
1687 1731 1790 1760 divinis

1214 1793 1224 1809 ⁷
1238 1793 1307 1821 Joel.
1325 1801 1354 1827 ιι,
1368 1793 1413 1821 98.
1452 1794 1463 1810 ⁸
1477 1793 1573 1821 Matth.
1591 1801 1657 1825 xtlt.
1669 1793 1695 1822 9.

911 1852 1044 1883 Scholia.

213 1909 251 1944 (ι)
260 1906 435 1944 νΤτὶρΙίεἰιιτ..
448 1905 556 1933 Scilicet
571 1909 617 1944 aut
634 1904 793 1932 formatione
801 1905 840 1944 rei
852 1904 954 1932 caden-

177 1940 274 1972 tis'sub
289 1940 398 1969 sensum
412 1941 496 1971 visus,
513 1945 558 1967 aut
571 1941 621 1967 sub
634 1947 743 1966 sensum
774 1940 892 1969 aurium,
909 1944 955 1966 aut

177 1977 356 2007 translatione
377 1976 450 2002 verbi
485 1975 667 2008 significantis
699 1974 803 2008 aliquid
819 1975 952 2009 spiritale,

177 2020 208 2042 ut
219 2012 335 2040 ebrietas
351 2011 409 2041 Dei,
425 2015 451 2037 et
475 2018 602 2040 somnus,
618 2015 670 2036 etc.

211 2050 259 2083 (ιί
277 2047 412 2083 Occultum
445 2044 500 2072 Dei.
516 2046 654 2083 Quatenus
667 2044 860 2083 hoccognosci
873 2048 959 2077 potest

177 2080 225 2119 per
241 2092 271 2110 ea
286 2090 344 2115 qua:
363 2081 431 2108 laeta
446 2085 520 2119 sunt.
533 2081 595 2114 quia
612 2080 699 2119 aligeli
726 2081 752 2106 in
783 2080 887 2119 primis
902 2086 957 2119 pra;

177 2113 407 2146 emta-isnatura!
446 2113 548 2142 Dcutn’
576 2114 749 2147 participant,
777 2114 840 2148 quia
862 2118 891 2140 ut
919 2113 958 2140 ait

177 2157 289 2182 sanctus
304 2151 446 2181 Maximus.
463 2157 555 2177 eorum
573 2148 729 2182 substantiae
744 2154 807 2176 sunt
831 2148 892 2179 νοῦς
903 2147 957 2179 ζῶν

178 2190 203 2216 id
222 2193 273 2218 est,
288 2194 363 2212 mens
379 2185 483 2215 vivens,
496 2184 597 2211 ideirco
612 2183 646 2218 jn
662 2184 755 2216 primis
773 2191 820 2216 per
831 2190 861 2209 se
881 2182 956 2216 ipsos

178 2232 192 2250 a
209 2216 271 2249 Ded
292 2226 396 2247 creatos
431 2220 566 2245 occultum
611 2216 655 2243 Del
679 2218 863 2248 manifestam,
889 2218 958 2251 quod

178 2258 282 2285 scilicet
304 2260 344 2281 est
368 2261 426 2281 I'IIS.
443 2254 514 2286 quod
542 2252 607 2280 vita.
628 2252 699 2284 quod
731 2260 819 2284 mens,
849 2253 957 2278 tametsi

179 2299 260 2325 supra
278 2293 333 2317 hare
355 2293 396 2315 est
424 2287 487 2325 illud
515 2287 650 2325 occultum
686 2286 744 2317 Dei.
769 2294 851 2321 supra
871 2287 953 2313 etiam

178 2322 258 2362 quam
273 2329 306 2362 _ut
319 2322 574 2362 comparari'pnssit.

215 2362 253 2395 (‘2)
269 2360 331 2386 Lex.
344 2357 434 2395 VGaIat.
449 2357 477 2382 ni
491 2365 497 2382 :
527 2356 579 2395 Lex
596 2357 718 2395 ordinata
735 2364 783 2395 per
804 2356 958 2395 angelos‘in

180 2391 262 2423 manu
292 2392 449 2418 mediatoris
466 2399 472 2422 ;
496 2396 521 2417 et
544 2392 605 2417 Act.
620 2398 674 2418 vn:
690 2392 741 2424 Qui
758 2392 902 2425 accepistis
921 2391 959 2417 le-

179 2439 238 2466 gem
253 2430 282 2466 in_
310 2426 495 2466 dispositione
515 2426 671 2466 apgelqrum
689 2446 696 2453 .
735 2460 757 2466 __
771 2431 780 2437 ⁴

214 2467 252 2499 (5)
268 2464 333 2490 Ante
356 2461 444 2495 legem.
476 2460 509 2487 Ut
529 2461 677 2492 Abraham,
692 2466 719 2488 et
735 2460 839 2492 Maaoe,
855 2465 880 2488 et
897 2461 961 2487 reli-

201 2508 260 2527 rtus.

180 2509 326 2569 q‘i‘is).Post
341 2534 431 2568 legem.
451 2533 483 2561 Ut
499 2533 651 2569 .loseplt.:et
671 2532 780 2569 Petrum
792 2531 900 2569 etalios
916 2530 963 2556 de-

181 2565 273 2603 inceps
289 2571 320 2595 ad
343 2565 519 2599 voluntatem,
547 2565 592 2595 [iui
614 2567 762 2594 faciendam
792 2565 964 2591 adduxeruut

181 2606 281 2635 angeli.
298 2603 393 2630 Matth.
408 2611 437 2632 tt,
452 2604 512 2630 Aet.
526 2611 555 2629 ιι.

217 2633 256 2674 (5)
269 2640 344 2672 Quod
358 2639 486 2673 agendum
503 2642 569 2665 erat.
587 2637 623 2664 Ut
636 2638 661 2663 in
680 2636 743 2663 Jcsn
757 2633 841 2664 Nave.
873 2639 900 2663 ct
915 2635 966 2662 Ge-

181 2674 262 2704 deon,
278 2679 304 2701 et
332 2674 401 2699 aliis.

218 2710 256 2744 (li)
277 2709 314 2736 Ab
328 2716 416 2735 errore
433 2708 597 2735 abducentes.
611 2706 644 2733 Ut
661 2707 687 2733 in
704 2705 840 2739 Cornelio,
858 2706 917 2731 Act.
932 2712 962 2737 tt,

215 2810 253 2842 la)
278 2810 443 2838 Vocabulum
469 2807 651 2843 processionis
679 2806 779 2842 alioqui
809 2813 961 2839 commune,

1044 1905 1082 1940 (7)
1092 1904 1187 1933 Sneros
1204 1906 1318 1934 ordines.
1338 1904 1372 1932 Ut
1387 1904 1480 1931 Daniel
1496 1911 1583 1940 _c.rvu
1611 1903 1701 1931 decies
1725 1912 1791 1931 ceu-

1007 1938 1077 1966 teua'
1094 1941 1177 1967 millia
1201 1946 1262 1967 ante
1288 1945 1462 1974 conspectum
1496 1938 1547 1974 Dei)
1570 1940 1684 1966 astantia
1698 1940 1789 1973 vidit;

1011 1975 1134 2002 Ezechiel
1158 1975 1338 2006 Cherubinos,
1357 1973 1420 2009 ’eap.
1452 1973 1582 2005 x;lsaias
1611 1975 1789 2008 Seraphinos,

1011 2017 1070 2043 cap.
1089 2017 1113 2045 vt
1127 2016 1174 2037 aut
1197 2011 1398 2045 mysteriorum.

1047 2045 1085 2080 (8)
1098 2043 1233 2071 Visiones.‘
1246 2044 1279 2070 Ut
1302 2045 1327 2071 in
1351 2044 1440 2079 Moyse
1467 2049 1494 2080 et
1520 2043 1608 2080 rubo,
1623 2047 1649 2069 et
1667 2043 1703 2080 _in
1717 2043 1791 2080 Pau-

1013 2077 1130 2140 lo_r:;pto
1150 2087 1236 2120 usque
1250 2079 1283 2106 ad
1301 2077 1409 2106 tertium
1423 2079 1533 2110 cmlum,
1548 2082 1576 2105 et
1602 2077 1630 2104 iu
1659 2078 1791 2114 Apocaly-

1013 2123 1053 2140 nsr
1088 2122 1197 2140 oanms.

1032 2123 1053 2142 SI
1071 2122 1197 2142 δοτιῐιιιιε.

1012 2123 1053 2150 pSl
1071 2123 1197 2142 Joannis.

1047 2149 1084 2181 (9)
1099 2148 1292 2176 Praedictiones.
1308 2147 1342 2175 Ut
1357 2148 1384 2175 in
1412 2148 1518 2180 Manoe,
1533 2151 1561 2174 et
1574 2148 1645 2175 aliis.
1746 2172 1751 2175 .

1046 2184 1101 2219 (10)
1116 2183 1250 2210 Occultum
1273 2188 1310 2210 est
1328 2183 1385 2209 Dei.
1401 2183 1472 2219 Vide_
1494 2183 1642 2219 quomodo
1662 2183 1794 2216 interpre-

978 2217 1084 2246 Dtatur
1114 2219 1260 2252 Dionysius
1294 2219 1365 2250 quod
1398 2219 1435 2244 ait
1460 2217 1597 2245 Joannes:
1629 2217 1712 2244 Deum
1745 2225 1794 2243 ne-

1011 2263 1055 2281 tno
1072 2253 1137 2280 vidit
1153 2260 1283 2285 uti-mam.
1301 2253 1367 2284 Quia
1389 2253 1461 2279 enim
1494 2252 1596 2278 sciebat
1619 2253 1706 2278 visum
1733 2259 1794 2278 esse

1013 2288 1168 2315 hominibus
1197 2287 1223 2313 in
1255 2287 1416 2320 Scriptura,
1442 2292 1471 2313 ut
1499 2287 1561 2312 Adae
1595 2287 1621 2313 in
1657 2286 1792 2320 paradiso,

1012 2323 1126 2350 Abt-aha:
1158 2322 1190 2348 ad
1218 2329 1347 2355 quercum
1383 2321 1520 2354 Mambre,
1547 2325 1588 2356 et
1612 2321 1793 2356 proficiscenti

1010 2359 1168 2387 Sodomam,
1200 2361 1227 2383 et
1254 2356 1347 2390 Moysi,
1378 2361 1406 2382 et
1433 2356 1512 2385 aliis,
1538 2355 1602 2381 dicit
1627 2363 1696 2381 nunc
1711 2361 1795 2381 oceu-

1010 2394 1075 2420 Itum
1103 2391 1147 2418 Dei
1181 2391 1315 2417 neminem
1340 2391 1448 2422 vidisse,
1479 2397 1566 2423 neque
1588 2390 1709 2416 visurum
1723 2397 1793 2420 esse,

1011 2429 1036 2454 id
1050 2432 1101 2457 est,
1117 2427 1143 2452 id
1159 2426 1286 2460 quodest
1305 2425 1456 2451 substantia
1471 2426 1539 2458 ejus,
1557 2424 1701 2460 velaltius’.
1726 2424 1792 2457 quiJ

1012 2463 1047 2490 sit
1065 2462 1146 2492 Deus.
1166 2467 1246 2486 tremo
1272 2460 1504 2494 comprehendere
1533 2459 1724 2492 intelligentia,
1744 2465 1793 2484 nec

1011 2496 1163 2530 exprimere
1196 2502 1314 2530 unquam
1346 2496 1447 2528 potuit,
1476 2501 1566 2530 neque
1592 2494 1702 2530 poterit,
1732 2500 1792 2530 cum

1017 2527 1109 2558 autem
1131 2527 1276 2556 dicitur’in
1298 2527 1439 2562 Scriptura
1456 2529 1626 2562 apparuisse,
1643 2528 1701 2554 sive
1719 2527 1794 2553 visus

1017 2574 1086 2595 esse.
1118 2572 1157 2591 ste
1184 2563 1388 2598 intelligendum
1430 2569 1481 2592 est.
1511 2563 1583 2596 quod
1610 2562 1813 2598 unusquisque

1018 2601 1124 2628 illorqu
1138 2599 1312 2634 proportione
1329 2598 1388 2624 lidei
1406 2598 1555 2634 habebatur
1578 2597 1675 2630 dignus
1692 2597 1796 2622 visione

1017 2632 1145 2671 quadam,
1161 2641 1222 2671 qua;
1247 2633 1285 2671 i'l‘i
1313 2633 1398 2671 Deum
1432 2632 1608 2671 ostendebat;
1636 2639 1689 2671 per.
1705 2637 1795 2670 ‘quam

1020 2665 1151 2697 visionem
1171 2665 1418 2694 'illuminatiouem
1455 2667 1578 2700 capiebat
1611 2665 1796 2700 cognitionum

1018 2705 1183 2734 divinarum,
1194 2710 1255 2736 quae
1272 2702 1323 2737 ipsi
1345 2702 1534 2728 adveniebant.

985 2803 1083 2833 iactum
1097 2808 1185 2831 tamen
1203 2806 1243 2831 est
1258 2801 1395 2837 proprium
1412 2801 1527 2837 Spiritus
1557 2800 1654 2828 sancti.
