1950 3070
96 164 145 196 761

475 164 593 194 DECAS
610 165 650 194 Π.
679 178 711 182 -
731 166 779 196 DE
790 166 1008 196 THEOLOGIA
1027 165 1361 197 DEMONSTRATIVA.

1662 167 1716 198 752

96 220 220 247 tionibus
236 219 271 246 ab
290 219 356 254 ipsis
371 219 424 246 illis
437 219 588 254 Scripturis
602 220 705 246 sanctis
717 220 808 247 divine
824 222 880 246 lan-
897 226 918 252 Α
934 221 1025 255 nysius
1037 221 1076 253 (a)
1091 221 1148 247 Ιι.ιι‹;
1160 221 1312 248 edisseri-ns
1326 221 1372 253 ait,
1385 228 1432 247 eos
1450 229 1494 255 qui
1509 226 1627 255 apertam
1639 222 1719 248 theo-

96 266 190 295 dattir,
205 272 267 292 cum
296 265 519 299 inaspectabilcm
538 273 599 291 cum
621 271 770 297 vocant,et
790 266 880 292 inlini-

96 315 167 345 tum,
180 316 207 338 et
224 311 268 345 qui
297 311 357 344 capi
379 319 431 337 non
448 312 551 345 possit;
575 315 602 338 ct
618 311 744 339 similiter
758 313 784 338 in
809 312 879 342 aliis.

99 357 173 384 unde
190 364 244 383 non
261 357 326 389 quid
340 361 393 388 est,
407 357 453 383 sed
481 357 545 390 quid
562 365 615 384 non
635 362 686 389 est,
700 357 881 392 significatur.

98 402 137 429 Ex
156 403 200 430 his
217 402 334 430 efﬁcitur
356 403 493 436 duplicem
517 411 578 430 esse
591 404 752 437 theologiam
766 405 882 431 demon-

100 449 255 481 strativam,
274 457 356 476 tinam
374 458 434 484 qua:
451 449 620 477 affii'manter
634 456 660 478 et
677 460 709 478 ex
725 452 827 478 effectis
839 452 881 478 iii-

99 495 228 527 dncitur;
241 495 352 521 alteram
366 503 426 529 quic
439 501 570 529 ncganter
586 501 613 523 et
632 497 762 530 privativa
777 507 782 524 :
799 503 826 524 et
837 497 881 524 illa

99 540 209 574 quidem
226 549 257 567 ex
276 541 411 568 similibus
433 541 529 569 formis
546 543 656 574 efﬁctis,
675 544 731 570 Iimc
754 551 784 571 ex
801 543 885 570 dissi-

102 586 228 619 milibus;
247 587 298 613 hoc
309 591 399 614 tamen
417 587 615 614 inallirmativa
631 589 766 622 theologia
784 590 879 615 cerni-

101 635 157 660 tur.
176 631 262 664 ipsam
277 632 357 658 etiam
373 639 419 664 per
429 631 531 659 formas
555 632 631 659 fictas
648 633 672 659 in
685 632 825 666 Scriptura
843 640 886 660 sa-

100 684 146 702 cra
161 677 297 711 progredi.
325 677 467 704 honestius
495 682 585 704 tamen
602 685 685 712 quant
714 686 762 712 per
777 685 808 705 ca
822 686 884 713 quae

103 721 254 756 symbolice
273 722 345 749 dicta
367 728 429 748 sunt
445 722 471 748 in
488 727 602 758 utroque
617 731 717 758 genere
733 723 770 756 (Ι)
787 723 886 750 forma-

104 769 223 799 tionuiii,
237 776 306 802 quas
336 773 426 803 patres
451 764 618 796 voca'vernnt
649 769 811 803 προπόλους,
840 777 890 796 nos

102 823 108 838 ι
122 812 227 840 icamus
237 817 367 843 terrenas.
376 818 506 848 quatenus
514 814 563 841 etsi
573 813 656 840 altera
669 822 729 848 pars
740 814 889 848 tbcologirc.

105 858 212 885 scilicet
221 859 386 893 symbolicte,
399 859 425 886 in
435 860 524 886 verbis
535 859 674 887 translatis
684 864 709 886 ct
723 867 737 886 a
750 859 891 886 Iuniliiatis

935 265 1044 299 logiam,
1057 271 1083 292 ct
1100 265 1166 293 velis
1188 267 1287 292 nudam
1303 267 1458 298 audierunt,
1475 271 1551 301 typos
1569 268 1606 301 (5)
1617 267 1720 299 cogita-

935 312 1036 338 t-tione
1047 319 1095 339 sua
1109 311 1237 342 formare.
1254 312 1298 346 qui
1313 313 1345 338 ad
1361 312 1564 346 intelligentiam
1578 313 1717 339 autitorcs

935 357 1074 391 adjuvenl.
1097 357 1134 384 Ex
1152 358 1193 384 his
1217 357 1298 392 igitur
1315 357 1488 385 inaiiifesmm
1508 358 1623 385 efficitur
1646 358 1719 392 quod

936 408 1013 430 antea
1026 403 1126 429 dictum
1134 407 1184 434 est,
1193 408 1269 437 typos
1282 410 1342 430 esse
1351 408 1377 429 ct
1389 404 1519 437 imagines
1528 411 1557 429 ca
1569 404 1648 430 etiam
1660 411 1720 436 qua:

935 453 1026 482 aperte
1036 448 1113 475 nobis
1123 452 1149 474 et
1163 449 1222 475 sine
1234 449 1299 476 velis
1313 449 1430 476 obtentis
1441 449 1466 475 in
1476 448 1615 481 Scriptura
1627 454 1720 475 sancta

939 494 993 520 Dr-o
1008 494 1147 526 dicuntur,
1162 495 1288 528 quamvis
1303 494 1516 522 deuionstrative
1533 494 1658 522 dicantur
1675 495 1717 521 af-

939 540 1081 566 firmando.

1251 584 1365 612 CAPUT
1378 585 1423 613 ΙΙΙ.

941 640 1016 673 Quod
1031 647 1076 674 per
1089 649 1189 667 onmem
1211 642 1437 672 t/teotaqiamrntio
1451 641 1548 674 speculi
1562 646 1586 668 et
1598 642 1723 676 (enigma-

1221 677 1254 702 tt's
1271 677 1445 710 progreditur.

977 720 998 747 Α
1010 721 1160 749 lniiraiidus
1176 727 1201 748 et
1219 730 1333 755 magnus
1360 723 1505 756 Apostolus
1519 723 1556 750 ait
1571 723 1608 758 (l)
1624 732 1630 750 :
1646 723 1723 749 Vide-

943 776 1003 794 mus
1015 775 1087 795 nunc
1097 776 1143 802 per
1157 764 1296 802 speculum
1313 769 1339 796 in
1352 770 1503 803 aenigmate.
1515 770 1545 795 Et
1558 771 1667 796 rursus':
1685 769 1723 797 Ex

942 818 1018 847 parte
1034 815 1239 848 cognoscimus.
1252 820 1278 842 et
1289 823 1321 842 cx
1339 820 1414 849 parte
1437 816 1630 850 proplietamus
1640 836 1648 847 ,
1661 824 1723 843 cum

944 863 1033 885 autent
1048 859 1148 885 venerit
1159 860 1230 893 quod
1244 860 1389 894 perfectum
1400 865 1450 892 cst,
1461 861 1639 888 evacuabitur
1651 861 1722 895 quod

105 903 200 938 pergit,
221 905 332 931 multum
347 910 437 932 tamen
464 905 559 932 abstini
577 905 782 932 eldissciitaiiei
805 906 830 932 in
846 906 886 932 eis
904 907 923 933 Β
938 913 969 931 ex
988 908 1063 939 parte
1076 909 1127 931 est.
1146 905 1176 932 Et
1191 905 1303 933 iterum:
1323 907 1373 933 Ριϊ
1390 906 1468 933 fidem
1496 907 1681 937 ambulamus,
1695 911 1722 934 ct

105 954 226 983 apparet.
241 950 383 983 Quomodo
399 952 470 977 enim
489 952 630 985 cogitabit,
647 952 692 985 qui
716 952 742 979 in
760 951 812 978 Dco
826 959 887 979 cra-

107 995 197 1029 pulam
216 997 320 1025 audiat.
330 1004 356 1023 ei
370 997 568 1030 potnitcntiain,
578 998 780 1033 etjuramenta,
796 1002 823 1026 et
839 997 889 1025 im-

107 1042 288 1076 precationes,
301 1047 328 1070 ct
344 1042 400 1071 alia
418 1043 550 1078 ejusmodi
564 1043 576 1070 ?

415 1098 531 1126 CAPUT
547 1099 581 1126 ll.

109 1142 186 1182 Quod
202 1144 330 1178 theolog'a
343 1146 558 1175 demonstration.
576 1155 634 1182 qun-
648 1147 749 1174 vidctttr
761 1156 817 1175 ease
833 1149 890 1176 sine

141 1181 328 1214 integumento,
357 1188 403 1214 per
421 1186 492 1215 typos
509 1181 586 1208 nobis
600 1182 704 1215 efﬁctos
724 1184 852 1214 procudit.

144 1223 256 1257 Magnus
276 1223 433 1258 Dionysius.
452 1225 478 1251 in
498 1225 584 1258 Epist.
607 1225 639 1252 ad
661 1225 766 1253 Titum:
799 1227 889 1259 Quod.

108 1269 211 1303 inquit,
245 1270 402 1304 I.ujusmodi
432 1271 615 1303 integumenta
643 1277 756 1304 cognata
789 1278 891 1300 natura:

109 1321 210 1343 nostra:
225 1320 298 1349 sunt,
312 1317 537 1345 declarantctia-n
547 1319 591 1352 qui
603 1320 694 1346 audita
707 1324 797 1351 aperta
813 1319 890 1346 tlu-o-

111 1362 181 1395 logia
202 1362 240 1397 (2)
269 1361 517 1393 sine’involucris.
548 1365 679 1400 effingunt
706 1365 731 1391 in
744 1373 772 1392 sc
798 1371 890 1400 typum

111 1407 267 1441 quemdam,
280 1409 325 1442 qui
336 1417 383 1436 eos
398 1410 429 1436 ad
447 1410 652 1443 intelligentiam
666 1410 726 1443 ejus
750 1410 892 1443 thenlogire

108 1460 191 1486 quam
203 1453 270 1485 dixi,
280 1453 411 1481 adducat:
422 1458 449 1481 et
464 1455 549 1487 ipsius
565 1462 674 1489 quoque
684 1455 777 1481 mutidi
792 1455 830 1489 (5)
845 1455 890 1488 qui

107 1499 231 1526 cernitur
248 1499 349 1526 fabrica
364 1499 545 1528 invisibilihus
563 1500 608 1527 Dei
621 1501 739 1528 obducta
755 1505 806 1531 est.
821 1501 893 1528 sicut

109 1543 220 1578 Paulus,
236 1549 264 1572 et
277 1545 334 1580 ipsa
346 1544 451 1574 Veritas
462 1546 499 1580 (ι)
517 1550 644 1574 testatur.
660 1546 736 1573 Alter
751 1553 816 1573 vero
833 1545 894 1573 Dio-

943 957 996 977 non
1023 958 1069 984 per
1087 951 1215 984 speciem.
1237 951 1293 978 lloc
1316 953 1461 986 praeclarus
1487 958 1584 979 auctor
1609 952 1725 980 Basilius

942 1005 1002 1023 cum
1023 1001 1193 1031 perspectum
1210 997 1336 1024 haberet:
1348 997 1426 1030 lllud,
1443 998 1530 1032 inquit
1547 997 1594 1032 (l7),
1609 998 1676 1024 fari-2
1691 999 1724 1026 ad

943 1042 1050 1072 faciem.
1071 1047 1096 1069 et
1109 1042 1227 1077 perfecte
1251 1051 1415 1079 cognoscere
1425 1044 1451 1071 in
1465 1044 1557 1071 futuro
1569 1044 1668 1071 sacculo
1683 1045 1726 1071 di-

942 1089 1002 1123 gnis
1024 1089 1187 1116 reddendum
1203 1097 1264 1117 esse
1290 1089 1455 1124 promissum
1480 1095 1536 1123 est;
1563 1098 1634 1117 nunc
1648 1097 1724 1122 vero,

942 1136 977 1162 sit
989 1135 1051 1162 licet
1066 1135 1245 1165 Paulus.licct
1257 1135 1360 1167 Petrus,
1376 1135 1565 1170 videtquidem
1583 1144 1646 1163 vero
1663 1143 1726 1170 qtne

943 1181 1026 1214 videt,
1046 1185 1073 1207 et
1091 1189 1144 1208 non
1177 1181 1294 1213 fallitur,
1310 1189 1358 1215 per
1379 1181 1521 1216 speculum
1543 1185 1633 1208 tamen
1653 1181 1676 1208 vi
1689 1182 1726 1208 let

943 1233 970 1255 et
984 1227 1009 1253 in
1022 1229 1171 1260 aenigmate,
1187 1227 1251 1252 illud
1267 1233 1356 1253 autem
1372 1227 1445 1260 quod
1458 1235 1488 1253 ex
1505 1232 1580 1261 parte
1590 1231 1641 1256 est.
1651 1234 1726 1254 nunc

943 1278 1020 1305 grato
1028 1272 1129 1303 animo,
1138 1272 1282 1305 accipiens,
1293 1271 1363 1306 quod
1380 1271 1528 1306 perfectum
1538 1278 1587 1302 est.
1599 1272 1624 1298 in
1636 1271 1727 1298 futuro

946 1318 1084 1352 perspicue
1099 1322 1248 1351 exspectat.
1262 1317 1328 1344 ltcm
1344 1325 1406 1344 cuin
1421 1325 1454 1344 eo
1474 1317 1621 1353 Gregorius
1636 1317 1727 1345 Theo-

945 1364 1021 1396 logus
1050 1363 1264 1398 (c):'Quocirca.
1292 1363 1390 1397 inquit.
1409 1370 1516 1390 omnem
1544 1363 1725 1395 cognitionem

947 1408 1047 1436 l’anlus
1061 1415 1120 1442 quae
1138 1409 1164 1434 in
1184 1413 1256 1435 terra
1273 1408 1306 1435 de
1325 1409 1379 1435 Deo
1394 1408 1521 1442 habetur,
1549 1409 1617 1435 nihil
1646 1416 1728 1443 supra

946 1462 1026 1490 quam
1042 1454 1151 1488 spccnla
1163 1458 1189 1481 et
1200 1454 1341 1488 aenigmata
1355 1462 1415 1481 esse
1425 1455 1510 1489 ponit.
1525 1459 1620 1488 utpote
1634 1455 1661 1480 in
1679 1455 1729 1491 mi-

946 1499 1195 1534 iiutis’imaginibus
1208 1499 1329 1525 veritatis
1343 1499 1472 1527 locatam.
1491 1499 1521 1526 Et
1539 1500 1638 1527 iterum
1656 1499 1728 1526 idem

947 1545 975 1573 in
991 1546 1118 1574 oratione
1132 1547 1163 1574 de
1182 1546 1380 1574 constituendis
1395 1546 1547 1581 episcopis:
1562 1546 1661 1580 Ecquis
1675 1549 1728 1574 est.

838 1611 975 1644 Scholia.

144 1666 184 1700 (Ι)
199 1663 232 1692 1η
242 1669 350 1699 iitroque
358 1672 456 1699 genere.
470 1662 498 1692 Id
513 1669 563 1696 est,
583 1664 610 1692 in
633 1664 794 1700 formatione
817 1665 884 1698 figu-

109 1702 223 1730 rationis
249 1702 300 1726 sub
325 1706 434 1726 sensum
460 1700 592 1728 cadentis.
621 1699 689 1726 etin
721 1699 885 1727 formatione

108 1735 297 1766 translationis
314 1734 435 1761 cadentis
447 1734 498 1761 sub
510 1734 726 1765 intelligentiam.

145 1772 184 1807 (εἰ)
198 1769 256 1807 ριιί-
266 1769 358 1795 audita
381 1774 472 1807 aperto
496 1769 636 1803 theologia.
664 1768 822 1807 Exemplum
852 1768 887 1795 sit

109 1802 182 1838 (ιιιὸὰ
204 1803 336 1837 scriptum
358 1808 399 1830 est
417 1802 557 1830 inJoreni.
583 1812 608 1830 c.
627 1811 686 1832 xni.
717 1804 750 1831 de
778 1805 811 1830 iis
827 1811 888 1838 quia

109 1844 204 1873 aperte
213 1838 280 1865 dixit
293 1838 425 1873 Dominus
432 1837 491 1864 sine
500 1838 554 1864 ullo
563 1844 624 1872 typo
638 1842 685 1864 ant
694 1837 889 1873 integumento,

109 1873 247 1912 quomodo
260 1873 389 1907 populum
416 1872 571 1912 ISraelrsibi
585 1873 763 1912 adiunxisset,
776 1877 804 1912 et
821 1881 889 1912 quo-

112 1907 192 1938 modo
204 1912 313 1944 propter
325 1912 431 1944 peccata
441 1911 513 1933 esset
527 1907 690 1944 puniendus,
701 1912 727 1934 et
740 1909 772 1944 de
786 1907 889 1944 lumba-

109 1947 144 1978 ri,
157 1946 183 1973 in
196 1941 250 1977 duo
260 1949 390 1978 tanquam
401 1943 428 1968 in
437 1947 499 1976 typo
515 1942 602 1978 etlicto
614 1942 706 1978 yoluil,
716 1946 744 1968 ut
756 1941 887 1978 Jereniias

111 1976 183 2016 (cap.
205 1976 263 2013 in")
279 1977 438 2016 supplicium
455 1978 488 2016 de
508 1977 607 2016 populo
618 1976 695 2016 Israel
709 1977 884 2016 sumendum.

109 2023 136 2043 rt
151 2011 229 2043 suam
244 2011 304 2041 cum
315 2011 319 2012 ν
331 2012 378 2038 illo
389 2011 487 2046 populo
512 2011 729 2044 coiijuiictionem
745 2013 829 2045 magis
838 2012 885 2037 ad—

111 2052 166 2078 huc
183 2050 351 2084 intelligeret.
365 2046 513 2084 meliusque
524 2046 583 2084 aliis
599 2051 755 2084 exponeret.
772 2047 804 2073 Et
815 2046 884 2073 dixit

113 2086 244 2111 Dominus
260 2080 292 2110 a'd
307 2089 366 2108 me:
384 2080 477 2114 Surge,
494 2085 520 2107 rt
536 2080 601 2106 vade
616 2081 647 2106 ad
676 2081 838 2113 Euphraten.
859 2086 885 2107 ct

113 2120 177 2146 tolle
187 2119 249 2145 inde
261 2117 389 2146 lumbare,
402 2115 472 2148 quod
487 2115 598 2148 praecepi
610 2115 657 2142 tibi
670 2120 697 2141 nt
706 2116 887 2143 absconderes

112 2154 178 2181 illud
190 2153 237 2180 ibi.
253 2153 285 2180 Et
298 2151 351 2178 abii
364 2150 397 2176 ad
412 2150 578 2183 Euphraten,
594 2155 620 2176 et
635 2150 699 2179 fudi.
714 2155 740 2176 et
754 2150 800 2176 tuli
818 2150 886 2176 luni-

113 2190 178 2215 hare
192 2189 225 2214 de
243 2187 302 2214 loco
318 2186 362 2212 ubi
384 2185 576 2211 absconderant
595 2184 674 2216 illud;
689 2189 716 2211 ct
739 2192 802 2212 ecce
817 2192 891 2210 rom-

113 2227 255 2254 pntruerat
276 2221 407 2250 lumbare,
425 2219 462 2245 ita
489 2224 516 2245 ut
533 2219 598 2245 nulli
621 2220 681 2246 usui
695 2225 787 2254 aptum
813 2224 892 2246 esset.

114 2258 149 2285 Et
162 2257 261 2284 factum
285 2261 326 2282 est
353 2255 464 2280 verbum
488 2254 592 2280 Domini
619 2254 652 2280 ad
685 2262 737 2284 me,
768 2254 862 2280 dicens
887 2262 894 2280 :

115 2293 179 2318 Ilaec
193 2291 259 2318 dicit
276 2290 421 2316 Dominus:
439 2288 484 2314 Sic
500 2293 656 2322 putrescere
683 2288 780 2316 faciam
799 2295 894 2321 snper-

114 2327 185 2353 biam
214 2325 293 2356 Juda.
310 2329 337 2350 et
353 2321 509 2357 superbiam
537 2321 689 2350 J.:rusalem
721 2323 844 2349 multam.
859 2323 893 2349 Et

113 2361 195 2394 paulo
208 2365 285 2394 post:
314 2360 345 2385 Et
359 2359 525 2394 eruntsicut
553 2358 677 2384 lumbare
709 2357 790 2394 isnid,
821 2358 892 2394 quod

113 2392 180 2421 iiulli
198 2392 258 2421 usui
275 2399 366 2428 aptum
380 2398 431 2420 est.
445 2392 521 2428 Sicut
546 2393 617 2428 enim
632 2393 751 2428 adhazri-t
770 2393 892 2428 lumbare

112 2430 146 2456 ad
161 2429 265 2456 lumbos
278 2427 340 2459 viri,
350 2429 389 2455 sic
403 2427 567 2461 agglutinavi
581 2427 645 2453 mihi
659 2435 766 2453 omnem
782 2427 891 2453 domum

117 2464 213 2496 Israel,
234 2469 261 2490 et
273 2471 381 2489 omnem
399 2460 506 2488 domum
530 2460 610 2492 Jada,
624 2462 690 2488 dicit
706 2461 845 2493 Dominus,
863 2465 894 2487 ut

113 2504 203 2525 essent
220 2499 285 2524 mihi
302 2499 328 2524 in
342 2497 480 2531 pupulum,
493 2500 520 2522 et
534 2497 559 2522 in
579 2504 687 2528 nomen,
703 2500 730 2522 et
741 2495 768 2522 iii
782 2496 888 2522 landeiii

113 2538 139 2559 ιιι
154 2533 181 2560 ἰη
195 2534 319 2567 gloriam,
334 2538 426 2558 etnon
444 2531 597 2567 audii-runt,
612 2537 639 2557 et
652 2539 711 2564 qua:
726 2535 890 2567 sequuntur.

114 2565 278 2602 Fieqtientia
303 2572 367 2593 sunt
383 2565 536 2602 liujusmodi
566 2567 688 2602 eteinpla
707 2566 733 2591 in
753 2565 892 2602 prophetis

113 2607 148 2629 ue
160 2599 252 2636 aperta
279 2602 424 2635 theologia,
438 2605 464 2627 et
487 2601 520 2627 de
538 2601 608 2635 typis
626 2600 684 2626 sive
714 2599 845 2635 symbolis
859 2599 892 2626 ad

113 2644 174 2663 eam
186 2636 324 2665 adhibitis.
338 2637 417 2669 ipsius
674 2668 678 2669 ν
768 2640 773 2643 ·

150 2671 189 2705 (5)
203 2671 296 2697 Mundi
311 2673 355 2704 qui
379 2671 503 2697 comitur.
524 2670 638 2696 Fabrica
655 2668 745 2696 ninndi
759 2669 893 2702 quodam-

114 2709 196 2732 modo
212 2708 297 2732 vicem
309 2707 492 2741 symbolorum
511 2709 602 2737 tenet,
617 2712 646 2731 ut
657 2704 761 2730 notavit
781 2709 894 2731 sanctus

115 2741 259 2767 Maximus.

152 2810 191 2845 (α)
218 2809 362 2843 Dionysius
385 2809 584 2836 Alexandrinus
614 2809 718 2838 scholia
746 2809 827 2837 etiam
863 2808 892 2836 in

115 2842 274 2880 Dionysium
291 2842 479 2879 Areopagitam
494 2845 614 2880 scripsit.

971 1664 1120 1700 (“Veritas
1133 1669 1255 1693 testatur.
1272 1665 1407 1693 Christum
1422 1665 1498 1697 dicit,
1509 1665 1553 1699 qui
1569 1665 1595 1693 in
1609 1665 1730 1700 Evange-

936 1700 973 1727 lio
989 1701 1084 1731 multa,
1111 1708 1171 1734 quat
1200 1701 1234 1727 ad
1254 1701 1417 1734 theologiam
1444 1705 1564 1733 apertam
1577 1705 1603 1726 ct
1614 1701 1728 1728 demon-

938 1740 1067 1762 stranlem
1084 1735 1230 1768 pertinent.
1249 1742 1294 1768 per
1308 1736 1427 1769 symbula
1441 1740 1468 1770 et
1480 1735 1622 1769 parabolas
1637 1735 1730 1770 loque-

939 1771 1029 1801 batur,
1048 1771 1122 1796 unde
1139 1770 1286 1796 Nicodemo
1298 1770 1376 1800 dixit,
1395 1769 1615 1805 utPachiinei-ns
1630 1769 1730 1805 Diony-

939 1805 972 1831 sii
989 1805 1186 1839 paraphrastes
1206 1805 1361 1839 observavit
1377 1804 1432 1839 :NSi
1447 1809 1552 1831 terrena
1571 1804 1625 1830 dixi
1640 1804 1730 1838 vobis,

942 1844 970 1866 et
985 1838 1037 1866 non
1055 1839 1178 1868 creditis.
1194 1838 1331 1872 quomodo
1346 1839 1368 1865 si
1385 1838 1480 1865 dixero
1494 1838 1570 1865 vobis
1598 1839 1730 1871 ctelestia,

942 1873 1077 1900 credetis?
1090 1877 1118 1899 ut
1133 1873 1242 1906 perinde
1256 1874 1292 1899 sit
1307 1874 1369 1902 hoc.
1387 1878 1414 1898 ut
1435 1873 1500 1899 mihi
1531 1873 1639 1905 quidem
1658 1874 1735 1900 vide.

942 1914 994 1937 iur.
1013 1915 1045 1934 ac
1070 1907 1092 1934 si
1109 1907 1210 1934 diceret
1229 1915 1237 1934 :
1259 1908 1287 1934 Si
1316 1907 1437 1934 coelestia
1465 1912 1491 1934 et
1501 1907 1590 1934 divina
1614 1908 1668 1934 dixi
1683 1916 1731 1934 vo-

939 1943 980 1969 bis
1011 1949 1058 1975 per
1094 1943 1214 1976 symbola
1253 1949 1393 1976 corporea,
1423 1945 1449 1968 et
1487 1947 1591 1969 natura:
1636 1948 1732 1968 vestra:

939 1983 1052 2012 cognata
1079 1981 1105 2003 et
1118 1977 1270 2007 familiaria.
1299 1981 1326 2003 ct
1341 1985 1393 2003 non
1416 1976 1544 2012 creditis,
1562 1980 1597 2012 uti
1620 1977 1733 2012 ci'eden-

937 2010 984 2038 dif
1004 2011 1179 2046 intelligalis;
1208 2012 1343 2044 quomodo
1372 2012 1394 2038 si
1407 2010 1502 2046 dixero
1538 2011 1614 2038 vobis
1637 2011 1734 2046 ctnles-

940 2047 975 2073 tia
1002 2045 1104 2080 abSqné
1131 2046 1189 2073 istis
1205 2045 1366 2079 imaginibus
1394 2045 1469 2080 vobis
1498 2045 1580 2076 notis.
1598 2045 1733 2073 credetis?

943 2082 1076 2108 Docncrat
1115 2081 1187 2107 enim
1224 2081 1353 2106 Dominus
1393 2079 1569 2106 Nicodamum
1604 2081 1728 2114 exemplo

940 2117 1011 2142 venti
1031 2115 1065 2142 de
1096 2116 1257 2149 operatione
1273 2115 1380 2141 occulta
1393 2119 1419 2141 et
1432 2114 1566 2148 spirituali
1580 2113 1731 2141 creaturam

943 2159 973 2177 ex
991 2158 1059 2184 aqua
1088 2155 1111 2177 et
1130 2149 1230 2181 Spiritu
1253 2153 1347 2176 sancto
1373 2155 1562 2183 regenerante,
1573 2149 1624 2184 ubi
1640 2157 1731 2175 vocem

947 2183 1050 2212 tantum
1065 2193 1098 2211 au
1111 2185 1207 2211 limus:
1226 2184 1281 2218 Ego
1297 2189 1322 2210 te
1339 2185 1447 2217 baptizo
1461 2183 1487 2209 in
1504 2183 1615 2210 nomine
1630 2183 1730 2215 Patris,

946 2226 973 2247 et
989 2219 1062 2248 Filii.
1076 2225 1102 2246 ιιι
1115 2219 1234 2252 Spiritus
1248 2219 1352 2251 sancti;
1366 2219 1411 2246 sed
1441 2218 1578 2253 quomodo
1593 2224 1731 2252 operetur,

946 2260 992 2281 aut
1007 2254 1079 2281 unde
1098 2254 1221 2288 incipiat,
1238 2258 1263 2281 et
1281 2253 1325 2280 ubi
1350 2254 1464 2283 desinat.
1486 2253 1638 2285 nescimus;
1655 2258 1685 2279 ut
1701 2253 1728 2279 in

944 2294 1034 2320 vento,
1059 2290 1105 2323 qui
1121 2295 1171 2318 est.
1188 2293 1213 2314 ut
1236 2289 1274 2315 ait
1293 2289 1363 2314 item
1390 2288 1543 2323 Dionysius,
1575 2287 1600 2313 in
1616 2295 1674 2321 cap.
1691 2288 1725 2314 15

947 2324 1063 2350 Caelestis
1079 2323 1199 2352 Hieron.
1215 2324 1304 2357 imago
1314 2328 1341 2349 et
1354 2328 1432 2356 typus
1446 2323 1546 2357 divina:
1562 2323 1732 2356 operationis

945 2363 1053 2393 propter
1072 2359 1250 2393 proprietates
1272 2356 1438 2393 ventiﬂitas
1463 2356 1563 2393 ibidem
1586 2357 1731 2393 Dionysius

945 2390 1058 2424 notavit.
1072 2390 1130 2419 'iibi
1142 2393 1224 2419 etiam
1243 2392 1332 2419 locum
1351 2391 1488 2427 Evangelii
1503 2391 1584 2418 citat:
1613 2390 1732 2425 Spiritus

947 2428 991 2454 ubi
1007 2428 1065 2454 vult
1085 2428 1185 2462 spirat.

982 2463 1020 2496 i5)
1038 2459 1134 2497 Typds.
1161 2461 1196 2489 Ut
1214 2462 1298 2489 Deum
1324 2469 1385 2488 esse
1416 2461 1560 2497 trinum_et
1577 2467 1672 2497 unum,
1698 2459 1732 2486 ad

945 2495 1071 2530 aperiam
1097 2502 1123 2524 et
1149 2499 1385 2524 demonstrantem
1413 2495 1577 2529 theologiam
1605 2495 1732 2528 pertinet,

944 2540 1031 2566 quam
1040 2534 1128 2558 tamen
1143 2537 1171 2558 ut
1183 2531 1288 2558 facilius
1298 2531 1434 2558 auditores
1445 2535 1473 2557 et
1485 2531 1600 2557 lectores
1609 2530 1733 2566 credant,

945 2564 971 2593 et
989 2568 1123 2593 erodendo
1142 2567 1301 2601 intelligant,
1329 2573 1361 2592 ex
1390 2565 1510 2601 antiquis
1537 2566 1661 2598 patribus
1685 2564 1730 2591 alii

952 2606 1029 2634 typos
1048 2607 1073 2628 et
1089 2602 1222 2636 imagines
1234 2600 1474 2636 rellinguntrtrium
1488 2600 1686 2636 lampadarum,
1707 2602 1736 2625 et

948 2636 1030 2663 unius
1040 2634 1174 2666 {lanium},
1188 2635 1233 2662 alii
1245 2638 1321 2666 subs.
1335 2635 1402 2661 radii
1416 2640 1443 2661 et
1457 2635 1567 2660 luminis
1578 2654 1584 2664 ,
1597 2634 1642 2660 alii
1656 2640 1735 2665 rosae,

946 2670 1032 2702 floris,
1047 2676 1073 2698 et
1088 2671 1180 2698 odoris
1193 2690 1201 2702 ,
1220 2676 1266 2696 aut
1282 2670 1391 2700 radicis.
1408 2671 1486 2699 rami.
1503 2674 1530 2696 et
1544 2669 1659 2701 fructus,
1685 2673 1732 2694 aut

947 2706 1035 2740 digiti,
1056 2713 1163 2738 manus,
1179 2710 1206 2732 et
1220 2705 1336 2738 brachii,
1351 2711 1377 2731 et
1392 2704 1537 2731 similium.

983 2806 1023 2842 (bl
1037 2805 1066 2842 in
1081 2805 1208 2842 oratione
1221 2804 1254 2842 {le
1267 2804 1439 2842 confessione
1453 2803 1524 2842 fidei.

985 2839 1019 2875 (ε)
1031 2841 1179 2876 Gregorius
1203 2840 1250 2868 lib.
1266 2839 1295 2873 ‘2,
1314 2842 1347 2867 de
1369 2839 1516 2872 theologia.
