1950 3070
235 108 291 140 ’163

813 109 975 140 IOANNIS
988 111 1271 142 CYPARISSIOTxE

1818 114 1870 149 ’764

240 167 340 200 inquit.
357 168 404 201 qui
423 167 449 195 in
466 171 520 195 tam
532 167 648 195 sublime
662 174 750 203 potest
768 170 843 203 ferri,
856 176 885 199 ut
904 173 1016 200 Paulum
1033 174 1055 202 Λ
1070 177 1150 200 tance
1164 173 1246 208 igitur
1261 175 1350 202 omnis
1364 175 1514 212 theol0gica
1526 178 1655 213 cognitio
1672 179 1759 214 hujus
1777 183 1878 210 utrius-

243 218 329 247 a-quet
339 213 350 239 ?
362 217 388 240 et
400 217 488 240 tamen
498 214 590 241 videre
604 221 632 241 se
649 215 710 242 dicit
723 223 770 250 per
783 217 909 249 aenigma.
925 225 952 246 et
963 220 1021 247 fore

243 264 350 293 tempus
366 267 426 285 cum
449 259 517 286 facio
534 260 567 286 ad
585 260 680 287 faciem
701 262 813 289 videbit.
830 263 861 290 Et
881 272 976 292 rursus
993 266 1020 292 in

243 304 479 331 eademoratione:
494 304 646 337 Quomodo,
658 307 755 340 inquit,
770 315 868 335 sensus
879 309 905 337 in
920 310 1017 338 eodem

244 353 378 381 mauet,et
389 349 415 376 id
428 349 501 384 quod
514 349 579 377 foris
588 355 640 383 est.
654 352 784 379 attrahit?
797 354 936 388 quomodo
946 363 1022 383 mens

244 397 270 423 in
290 401 315 423 te
330 402 430 429 manet,
446 400 472 423 et
489 396 515 423 in
531 398 583 425 alia
601 404 690 427 mente
706 401 815 428 verbum
831 402 916 436 gignit
930 403 942 430 ?
955 412 1024 438 quo-

244 442 325 468 modo
339 443 420 469 verbo
433 443 506 471 notio
518 444 618 472 datur?
630 445 656 471 Si
670 446 736 473 nihil
756 447 854 474 horum
870 449 1023 483 intelligen-

244 487 280 512 tia
296 494 327 514 ro
339 489 520 521 upreltensum
533 491 625 522 ltabes.
641 493 728 523 homo.
748 496 960 527 comprehcndes
973 504 1024 522 au—

245 537 297 559 tem
314 533 382 561 forte
397 535 557 570 aliquando.
574 544 634 564 eum
651 538 765 572 recipies
780 540 852 574 quod
872 541 1022 574 perfectum

244 584 301 606 est:
317 579 422 613 Videbo,
433 581 615 615 inquit.cmlos
628 592 705 617 opera
717 585 859 619 digitorum
870 591 974 614 tuorum
991 589 1023 620 ¹⁰,

245 630 273 651 ut.
286 627 466 660 suspicemur,
477 635 536 659 qua:
548 635 620 654 nunc
638 629 777 662 videntur,
795 638 849 657 non
862 639 924 659 esse
937 633 1023 666 ipsam

245 670 399 702 veritatem,
440 672 487 699 sed
529 673 674 701 sitnularra
714 675 850 707 veritatis.
887 679 1024 712 quomodo

247 717 342 748 neum,
359 717 385 744 id
404 718 475 751 quod
485 722 538 748 est.
553 724 708 753 etquantus
722 725 774 751 est.
791 729 870 749 nosse
885 728 909 749 te
927 724 1025 750 existi-

246 762 320 789 mas?
333 763 372 790 Ad
389 764 456 797 haec,
479 761 592 797 magnus
610 766 754 800 Dionysius
778 767 804 793 in
821 768 905 801 Epist.
927 770 959 795 a-l
976 769 1022 796 Ti-

247 813 303 834 tum
316 808 411 842 :Atqui
422 816 472 836 nec
488 809 514 836 iu
528 810 709 838 sanctissimis
723 813 859 847 mysteriis
872 815 958 842 sant-ti
969 823 1026 841 ma-

247 854 323 886 gistri
341 853 508 889 Evangelicm
521 860 568 883 aut
581 856 705 886 Mosaicae
720 858 871 892 disciplinae
887 868 902 886 a
916 861 1026 895 symbo-

247 899 291 931 lis,
309 899 334 926 in
346 900 446 934 quibus
462 900 533 929 Deus
552 904 806 937 repraesentabatur,
821 905 1025 940 abstinuerunt,

247 944 311 979 quin
323 946 411 980 potius
425 946 547 976 videmus
559 949 670 983 angelos
684 951 758 977 omni
771 952 915 979 sanctitate
933 953 1027 987 plenos

248 999 294 1024 per
306 992 449 1027 tenigmata
467 1000 509 1020 res
523 994 631 1021 divinas
645 995 757 1031 mystice
776 1004 902 1030 promere
920 998 958 1032 (t)
975 1020 983 1030 ,
999 1003 1027 1026 et

247 1036 341 1064 Iesum
370 1039 508 1072 parabolis
527 1039 561 1066 de
576 1039 677 1067 divinis
694 1041 780 1075 loqui,
801 1049 834 1069 ac
850 1043 946 1070 deilica
965 1049 993 1071 et
1011 1051 1027 1071 a

248 1082 304 1109 Deo
317 1082 388 1110 facta
407 1089 576 1112 sacramenta
598 1093 646 1120 per
663 1091 741 1122 typos
759 1088 836 1122 panis
855 1093 882 1115 et
900 1089 954 1116 viiii
967 1093 1028 1117 tra-

248 1129 321 1157 dere.
334 1128 387 1156 Par
405 1130 477 1157 enim
495 1135 564 1163 erat,
582 1136 611 1158 ut
630 1139 683 1158 non
703 1133 790 1159 solum
809 1138 901 1160 sancta
920 1140 1029 1162 sancto-

249 1182 309 1202 rum
322 1180 428 1202 servata
446 1181 549 1209 essent,
566 1185 599 1205 ne
612 1185 643 1206 ea
657 1178 755 1214 vulgus
771 1179 910 1206 hominum
926 1181 1030 1215 pollue-

250 1224 290 1246 ret
303 1228 310 1252 ;
325 1220 371 1247 sed
388 1225 417 1247 ut
432 1221 491 1255 ipsa
510 1222 564 1248 vita
581 1223 709 1255 humana,
737 1232 797 1258 qua:
814 1225 974 1259 incorporea
991 1226 1030 1253 si-

251 1264 307 1291 mul
333 1269 361 1292 ct
378 1273 509 1300 corporea
539 1273 591 1301 est.
618 1268 707 1296 lumen
739 1269 836 1296 divinae
866 1271 1030 1305 cognitionis

248 1311 442 1338 convenienter
459 1313 509 1340 sibi
530 1317 637 1348 caperet
654 1323 660 1346 ;
686 1320 713 1342 et
725 1322 784 1342 eam
803 1321 905 1349 partem
921 1317 1029 1350 animae,

248 1362 310 1390 quae
325 1363 339 1383 a
366 1357 485 1390 patiendi
502 1358 674 1386 extrinsecus
699 1363 861 1388 necessitate
885 1361 970 1389 libera
990 1363 1029 1397 (2)

249 1407 302 1433 est,
315 1401 340 1428 id
358 1407 400 1429 cst
416 1408 545 1436 mentem,
563 1405 781 1439 contemplandis
808 1407 985 1440 simplicibus,
1004 1411 1032 1434 et

250 1446 321 1473 intra
336 1447 466 1482 imagines
481 1448 564 1476 Deum
580 1456 815 1485 repraesentantes,
832 1453 931 1481 abditis
942 1458 969 1481 et
980 1455 1034 1482 alte

1072 228 1126 254 que
1138 222 1224 254 partis
1235 229 1288 248 non
1304 224 1402 250 transit
1412 225 1521 258 specula
1532 231 1558 252 ct
1573 227 1743 260 aenigmata.
1758 229 1811 256 hoc
1823 237 1873 256 au-

1074 269 1127 292 tem
1141 270 1182 292 est
1194 266 1274 300 hujus
1297 268 1460 302 cognitionis
1474 270 1600 304 partibile
1615 276 1644 298 et
1660 272 1876 306 imperfectum;

1074 310 1175 337 idcirco
1204 319 1264 338 cum
1284 313 1385 340 venerit
1409 315 1482 348 quod
1499 315 1657 348 perfectum
1674 312 1745 349 est;
1763 318 1789 343 id
1806 319 1877 351 quod

1074 354 1138 381 huic
1164 363 1196 382 ex
1213 362 1287 389 parte
1301 362 1352 389 est,
1368 362 1394 385 et
1414 359 1479 386 illud
1495 360 1567 394 quod
1582 365 1627 387 est
1641 362 1669 387 in
1687 369 1720 388 ea
1738 362 1878 396 partibilc.

1074 401 1253 428 evacuabitur
1268 411 1274 433 ;
1299 403 1507 437 videbimusque
1534 405 1605 433 facie
1621 405 1660 433 ad
1688 406 1790 433 faciem
1807 408 1839 439 “,
1856 409 1881 434 id

1075 450 1127 476 est,
1142 446 1318 481 impartibilia
1344 451 1557 485 impartibiliter,
1572 457 1601 480 et
1620 453 1816 481 immateriata
1831 454 1881 481 im-

1282 490 1295 502 Ι

1076 491 1229 520 materiate.

1337 539 1469 590 'cspur
1486 563 1530 592 tv.

1077 623 1222 663 Quod/iui
1232 633 1282 652 non
1296 631 1428 663 pateant"
1456 629 1501 661 qui
1527 637 1638 663 corpore
1673 632 1787 663 pra-diti
1809 637 1878 663 sinit.

1128 660 1183 685 sine
1191 662 1320 693 corporeis
1343 662 1374 688 de
1396 662 1449 688 Deo
1464 660 1467 661 ⁷
1485 660 1678 700 philosophari
1697 668 1817 700 possint.

1110 716 1255 751 Gregorius
1264 718 1413 754 theologus,
1424 720 1449 747 in
1460 721 1580 750 secundo
1593 723 1630 750 de
1640 724 1782 759 theologia
1795 725 1877 754 libro:

1079 761 1113 788 Ut
1125 767 1177 795 est.
1194 763 1292 797 inquit,
1309 765 1476 799 impOSsibite
1488 768 1511 794 ei
1523 769 1605 796 etiam
1634 771 1685 804 qui
1710 772 1790 799 valde
1806 773 1879 799 testi-

1077 812 1135 838 nat.
1152 810 1271 835 umbram
1286 817 1360 836 suam
1377 813 1493 839 transire
1511 813 1630 847 (tantum
1662 816 1741 842 enim
1771 825 1876 851 semper

1078 853 1173 880 umbra
1190 854 1331 893 anticipat,
1346 861 1477 890 quantum
1505 860 1705 894 anterertitur)
1733 867 1784 889 aut
1806 862 1876 889 sicut

1079 898 1137 926 ﬁeri
1153 907 1206 926 non
1218 905 1317 934 petest,
1334 905 1363 928 ut
1375 907 1451 930 extra
1480 911 1579 938 aquam
1611 906 1702 940 piscis
1731 912 1819 940 natet,
1842 907 1878 934 sic

1079 952 1131 970 non
1147 949 1235 978 potest
1250 946 1319 979 ﬁeri,
1335 948 1425 982 utqui
1442 948 1467 975 in
1482 956 1596 983 corpore
1605 955 1687 982 sunt,
1700 952 1808 985 alisque
1818 959 1875 978 cor-

1079 990 1251 1023 poreis.cum
1276 991 1309 1018 iis
1338 1000 1398 1027 qua:
1430 994 1604 1029 intelligentia
1639 997 1875 1030 complectuntur.

1078 1034 1188 1060 omnino
1201 1036 1255 1061 sint
1268 1045 1274 1063 :
1289 1043 1395 1070 semper
1425 1039 1497 1064 enim
1514 1039 1615 1072 aliquid
1630 1039 1667 1066 de
1682 1040 1788 1067 nostris
1798 1040 1874 1066 rebus

1080 1079 1234 1113 intercidet,
1248 1083 1372 1115 quamvis
1398 1090 1427 1110 se
1437 1091 1512 1111 mens
1525 1085 1559 1111 ab
1573 1085 1606 1112 iis
1621 1093 1686 1119 qum
1717 1090 1874 1115 cernuntur.

1081 1126 1198 1154 maxime
1211 1131 1317 1159 avocet,
1335 1133 1361 1155 et
1376 1129 1432 1155 sola
1448 1137 1538 1156 secum
1565 1131 1697 1164 collecta,
1711 1137 1827 1166 cognata
1850 1138 1874 1158 et

1080 1171 1282 1204 iuaspectabilia
1298 1173 1474 1206 intelligentia
1484 1175 1589 1210 assequi
1600 1177 1804 1204 nitatur.ldem
1828 1176 1873 1203 ad«

1082 1217 1135 1243 huc
1146 1217 1172 1244 in
1186 1218 1277 1244 eadem
1292 1219 1416 1246 oratione
1433 1226 1440 1248 :
1456 1219 1689 1250 Perorabimusne
1714 1223 1770 1255 hic,
1784 1231 1865 1257 usque

1082 1263 1114 1289 ad
1129 1263 1281 1295 materiam,
1297 1268 1324 1290 et
1333 1272 1364 1291 ea
1383 1273 1442 1299 «piae
1456 1267 1507 1293 sub
1519 1273 1665 1301 aspectum
1684 1269 1800 1300 cadunt,
1812 1277 1870 1302 pro-

1081 1309 1163 1335 vecti?
1173 1310 1213 1335 Au
1222 1311 1356 1345 veroquia
1366 1311 1565 1346 scitScriptura
1573 1313 1661 1342 fuisse
1669 1314 1870 1342 tabernaculum

1082 1352 1182 1388 Moysis
1191 1355 1334 1390 imaginem
1343 1357 1462 1384 universi
1473 1358 1575 1389 mundi,
1583 1360 1631 1393 qui
1640 1367 1674 1386 ex
1683 1360 1717 1387 iis
1723 1368 1784 1394 qua:
1791 1359 1870 1389 cerui,

1084 1403 1109 1426 et
1120 1406 1181 1433 quae
1198 1407 1253 1427 non
1270 1401 1345 1428 cerni
1360 1407 1488 1435 possunt.
1502 1409 1620 1435 constat.
1634 1406 1726 1440 primo
1746 1405 1804 1431 Veto
1824 1404 1868 1430 de-

1085 1448 1182 1477 tracto.
1197 1449 1223 1472 et
1233 1452 1343 1474 sensum
1363 1449 1541 1482 praetervecti,
1557 1450 1584 1475 in
1598 1449 1704 1476 Sancta
1718 1454 1869 1477 sanctorum

251 1492 400 1520 reconditis
423 1494 571 1522 destinare.
600 1499 627 1522 ει
654 1496 815 1524 attribueret
830 1507 837 1530 ἱ
869 1498 941 1526 mam
972 1506 1035 1527 vero
1049 1497 1070 1525 ο
1087 1489 1270 1523 introibimus,
1286 1491 1312 1518 id
1327 1497 1377 1524 est,
1392 1493 1423 1520 ad
1438 1498 1559 1521 naturam
1577 1494 1778 1529 intelligibilem
1787 1498 1813 1520 et
1821 1500 1870 1520 εω-

251 1542 357 1572 partem
371 1538 480 1571 animm,
490 1547 551 1574 qua:
564 1541 719 1568 necessilati
735 1542 854 1576 patiendi
871 1544 924 1570 vim
941 1548 1034 1572 exter-

252 1591 314 1610 nam
330 1583 449 1618 suhjeeta
461 1590 513 1618 est,
527 1589 556 1612 ut
568 1589 672 1613 natura:
687 1587 746 1621 ejus
764 1588 890 1616 convenit
911 1594 1030 1626 aptaret.

252 1632 281 1656 et
294 1629 320 1655 in
337 1629 524 1657 divinissimas
537 1638 581 1658 res
598 1638 645 1666 per
662 1633 752 1666 typica
768 1633 892 1668 symbola
907 1635 947 1662 eis
964 1636 1033 1663 arti-

253 1674 346 1702 ﬁciose
361 1674 478 1711 obducta
496 1677 680 1710 protenderet.
696 1677 829 1706 Praeterea
847 1684 960 1708 sanctus
979 1680 1035 1708 Ma-

254 1721 343 1753 ximus
361 1721 387 1748 in
413 1722 573 1757 theologicis
590 1723 646 1758 (a):
667 1724 809 1758 Dominus,
826 1726 924 1761 inquit,
945 1734 1034 1762 quan-

251 1766 341 1801 doque
355 1768 556 1802 peregrinatur,
568 1769 731 1804 quandoque
742 1771 882 1798 uobiscum
896 1777 1032 1800 versatur:

255 1812 441 1847 peregrinatur
456 1814 483 1840 in
509 1814 614 1841 ratione
632 1816 833 1850 contemplandi
861 1816 930 1844 facie
944 1820 976 1844 ad
994 1819 1034 1846 fa-

254 1857 342 1889 ciem;
357 1862 481 1884 vet-satur
506 1858 648 1885 nobiscum
662 1859 689 1885 in
705 1860 812 1887 ratione
832 1862 1034 1895 contemplandi

254 1903 403 1937 inschulo
428 1904 495 1930 etin
513 1904 666 1938 aenigmate.
693 1905 818 1932 Acidem
848 1912 979 1940 praeterea
1007 1909 1033 1934 in

253 1949 376 1975 centuria
402 1950 482 1976 tertia
509 1950 542 1977 de
561 1950 716 1978 cbaritate:
742 1951 794 1978 Per
811 1952 903 1984 fidem.
931 1953 1032 1988 inquit.

254 1994 435 2026 ambulamus,
451 2003 505 2022 nou
524 2003 570 2029 per
591 1997 709 2030 speciem
728 2005 735 2029 ;
752 2001 780 2023 et
803 1997 831 2024 in
848 1998 967 2032 speculis
983 2007 1033 2027 co-

254 2041 403 2075 gnitionem
430 2040 562 2069 habemus
593 2046 675 2076 atque
702 2042 730 2069 in
748 2044 901 2076 aenigmate,
930 2044 1034 2072 idcirco

256 2087 341 2113 multo
357 2086 449 2114 studio
475 2087 553 2114 nobis
572 2087 600 2114 in
612 2095 643 2114 ea
661 2095 690 2115 re
706 2095 775 2122 opus
788 2094 839 2121 est,
865 2093 894 2115 ut
906 2089 1034 2117 diuturna

255 2131 452 2158 exercitatione
476 2136 503 2158 et
518 2133 747 2160 commentatione
776 2132 896 2159 habitum
913 2139 1034 2161 contem-

1086 1535 1193 1563 lestemt
1203 1538 1237 1564 At
1249 1545 1298 1566 nec
1317 1538 1387 1566 hanc
1400 1540 1510 1574 quidem
1532 1541 1700 1575 incorporeo
1712 1541 1801 1568 videre
1810 1547 1866 1574 pos-

1085 1589 1193 1611 sumus.
1204 1590 1264 1617 quae
1278 1591 1339 1610 cum
1356 1585 1457 1619 alioqui
1473 1585 1633 1620 incorporea
1651 1587 1777 1621 sit,iguis
1786 1589 1867 1612 tamen

1085 1631 1112 1653 et
1127 1628 1240 1661 spiritus
1253 1633 1376 1656 vocatur.
1394 1630 1427 1657 Et
1439 1631 1519 1665 paulo
1530 1637 1593 1660 autc
1608 1641 1616 1659 :
1633 1632 1730 1660 Nonne
1753 1631 1865 1666 spiritus,

1084 1677 1112 1698 et
1127 1672 1207 1706 ignis,
1222 1678 1250 1700 et
1264 1674 1354 1702 lumen
1371 1677 1480 1703 nomina
1495 1682 1558 1704 sunt
1575 1673 1867 1715 naturzedivimetquid

1085 1717 1180 1751 igitur?
1194 1718 1234 1745 An
1253 1719 1377 1753 spiritum
1392 1721 1450 1748 sine
1465 1722 1613 1755 agitatione
1628 1727 1655 1750 et
1664 1723 1729 1748 ﬂatu
1753 1721 1812 1748 fuso
1828 1720 1866 1745 in-

1085 1762 1201 1797 telligas?
1215 1771 1248 1789 an
1261 1764 1349 1798 ignem
1363 1770 1439 1792 extra
1451 1766 1604 1799 materiam,
1616 1772 1645 1794 et
1660 1774 1714 1794 non
1740 1765 1866 1792 ferrisur-

1085 1815 1157 1839 sum,
1172 1817 1260 1843 neque
1275 1810 1416 1845 proprium
1430 1812 1550 1839 colorem
1569 1817 1595 1839 et
1610 1813 1725 1847 ﬁguram
1753 1811 1844 1838 habere
1857 1809 1867 1835 τ
1881 1819 1884 1825 ι

1084 1859 1118 1879 an
1131 1853 1222 1880 lumen
1238 1862 1291 1881 non
1301 1862 1361 1882 cum
1376 1863 1437 1883 acre
1445 1857 1634 1889 contmistum,
1651 1863 1679 1884 et
1703 1857 1816 1883 solutum
1837 1853 1867 1879 ab

1083 1905 1117 1926 eo
1131 1900 1177 1933 qui
1191 1907 1251 1926 eum
1266 1901 1349 1928 veluti
1363 1907 1473 1936 generat
1487 1908 1513 1929 et
1544 1903 1692 1930 illuminat?
1721 1903 1751 1928 Et
1780 1906 1866 1927 rursus

1085 1944 1165 1976 paulo
1189 1944 1258 1972 intra
1272 1954 1279 1972 :
1295 1945 1347 1977 An.
1378 1947 1473 1980 inquit.
1502 1954 1570 1981 opus
1589 1952 1643 1978 est,
1665 1953 1693 1975 ut
1706 1954 1753 1973 nos
1771 1943 1866 1972 abistis

1085 1990 1201 2022 avocati,
1219 1991 1303 2025 ipsam
1324 1991 1492 2019 divinitatem
1510 2000 1542 2019 ex
1558 1993 1627 2024 istis,
1649 1991 1737 2027 quoad
1751 1990 1805 2017 ﬁeri
1822 1995 1866 2023 po-

1084 2037 1146 2067 test,
1164 2035 1302 2063 videamus
1311 2037 1413 2069 privata
1421 2037 1536 2071 quadam
1557 2038 1719 2073 cogitatione
1731 2033 1867 2067 exeunjec-

1085 2080 1153 2108 luris
1169 2081 1295 2108 collecta?
1313 2081 1429 2110 Sanctus
1441 2074 1575 2109 Maximus
1592 2083 1646 2117 (lt):
1661 2082 1763 2110 Omnis.
1777 2076 1865 2112 inquil-

1084 2126 1176 2153 steculi
1187 2126 1267 2161 hujus
1276 2127 1406 2162 cognitio.
1415 2127 1497 2155 etiam
1506 2136 1566 2162 qua:
1576 2128 1654 2156 valde
1660 2128 1712 2155 alta
1718 2132 1742 2153 et
1751 2122 1866 2153 sublimis

257 2176 407 2209 plauonum
431 2175 509 2203 valde
536 2176 727 2203 conﬁrmamm
758 2184 960 2212 comparemus.
995 2180 1034 2206 Ex
1053 2172 1074 2199 D
1088 2176 1139 2204 est,
1156 2172 1247 2199 sicum
1257 2174 1412 2208 cognitione
1422 2173 1506 2200 futuri
1517 2174 1607 2200 saeculi
1621 2166 1859 2201 conferatur.rudis

259 2221 300 2248 his
318 2221 413 2255 liquet,
437 2221 509 2254 quod
532 2221 623 2248 anima
639 2226 731 2248 nostra
759 2222 792 2250 de
807 2223 882 2250 ontni
897 2224 1034 2259 theologia

258 2265 447 2293 convenienter
463 2270 564 2294 natura:
576 2274 632 2293 suae
644 2270 753 2300 tractat,
765 2275 798 2294 ex
808 2269 859 2296 sibi
874 2271 995 2305 cognatis
1011 2275 1038 2298 et

259 2311 440 2345 partibilibus.
453 2312 478 2339 id
484 2316 525 2339 est
535 2313 681 2346 corporeis,
690 2318 765 2348 typos
771 2319 798 2341 et
810 2316 935 2343 notiones
946 2317 1038 2351 expri-

259 2356 458 2384 menssiveista
470 2364 501 2384 ex
511 2356 721 2385 formationibus
730 2360 880 2386 materiatis
892 2361 1036 2395 exprimat,

254 2402 316 2428 sive
341 2401 401 2428 sine
417 2402 603 2436 integumento
617 2409 651 2429 ex
670 2403 703 2430 iis
715 2404 802 2431 solum
817 2413 876 2438 qua:
898 2406 923 2432 in
937 2407 1039 2433 mundo

260 2447 311 2474 sita
325 2451 400 2478 sunt,
416 2447 462 2474 ubi
477 2454 509 2474 ea
524 2455 585 2482 quae
600 2448 712 2482 pulchra
731 2456 804 2476 nunc
825 2450 959 2482 videmus.
984 2459 1039 2478 non

260 2492 393 2526 suutipsa
407 2493 520 2524 veritas,
537 2493 584 2520 sed
602 2493 724 2520 veritatis
740 2494 900 2521 simulacra.
915 2495 1039 2523 Consen-

299 2538 320 2554 ‘°
337 2537 409 2566 Psal.
421 2546 480 2572 vut,
493 2539 518 2566 5.
559 2539 580 2555 “
600 2539 689 2567 lCor.
718 2546 781 2573 χιιι,
798 2540 844 2567 12.

1092 2222 1173 2248 esl,et
1188 2219 1270 2245 veluti
1284 2218 1376 2253 ﬁgura:
1386 2219 1502 2246 viventis
1513 2220 1612 2253 imago,
1623 2227 1683 2253 quas
1693 2224 1743 2245 nOn
1753 2215 1866 2262 ξτξῑβῼρς

1091 2265 1143 2292 tea.
1159 2267 1267 2290 ostensa
1281 2265 1337 2298 jam
1353 2271 1416 2290 vera
1433 2263 1499 2295 vita,
1512 2268 1539 2289 et
1552 2263 1718 2297 cognitione.
1752 2258 1866 2284 Scientm:

1090 2307 1173 2340 enim,
1187 2308 1282 2342 inquit.
1299 2310 1455 2340 cessabunt,
1463 2321 1466 2322 ν
1474 2314 1502 2335 et
1510 2308 1658 2343 prophetiae
1666 2303 1863 2334 evacuabuntur-

1092 2350 1173 2378 Recte
1188 2353 1270 2387 igitur
1284 2361 1397 2388 magnus
1412 2353 1530 2381 Basilius
1543 2353 1575 2380 de
1595 2353 1649 2379 Deo
1674 2346 1866 2390 ριιὶιοδορ¹¹³¹¹¹ξ

1090 2401 1141 2424 est:
1173 2399 1201 2425 Si
1233 2400 1296 2433 quid
1313 2407 1406 2426 eorum
1417 2406 1476 2433 quae
1501 2405 1582 2432 supra
1599 2393 1864 2440 Ιιιιιιοιιιυηιὶυηξ.

1093 2432 1311 2479 cernitttr,sttut,
1328 2432 1506 2479 intelligentia
1533 2438 1776 2476 comprehenderis.
1798 2432 1861 2460 ml”

1094 2493 1216 2520 divinum
1264 2490 1389 2525 spiritum
1414 2494 1466 2516 est.
1492 2488 1547 2516 lmo
1574 2494 1696 2516 summus
1723 2480 1861 2512 Tlteoloti‘”z

992 2595 1130 2627 Scholia.

300 2647 337 2684 (l)
355 2647 454 2684 Utrfuit
468 2649 586 2684 Angelus
601 2649 648 2684 qui
667 2648 757 2684 Jesum
772 2649 855 2675 ﬁliuni
883 2646 998 2684 losedec
1010 2646 1044 2684 de

263 2682 372 2718 Christo
388 2683 478 2710 docuit
490 2681 522 2711 iu
534 2681 686 2718 aenigmate,
702 2683 817 2710 Zacltar.
828 2690 868 2714 Ill.
883 2687 909 2709 et
923 2681 1041 2712 Gabriel.

264 2717 311 2752 qui
322 2717 472 2751 Dauielem.
492 2727 516 2746 c.
533 2727 570 2746 Ix.

307 2795 344 2831 (α)
363 2795 391 2823 In
407 2799 525 2824 secunda
538 2795 662 2823 centuria
674 2794 826 2830 theologica
842 2801 902 2829 cap.
921 2792 964 2820 57.

1133 2644 1170 2679 (Ξ)
1186 2643 1289 2683 were
1309 2641 1367 2668 N0"
1379 2641 1564 2689 ?."‘"‘.'.‘°:.E‘?.‘l
1579 2627 1860 2689 taaiﬁnziizttt.."f§§3

1096 2672 1168 2705 l'or‘is'
1182 2679 1221 2705 sic
1238 2685 1336 2704 causas
1349 2677 1566 2715 [uitiettdi,_sicut
1583 2672 1661 2715 habet
1671 2672 1791 2706 organum
1805 2673 1815 2689 ι

1093 2721 1206 2748 porcum
1221 2721 1272 2746 quo
1284 2719 1338 2739 nou
1354 2719 1430 2738 mens
1442 2712 1489 2738 sed
1507 2718 1604 2739 sensus
1622 2712 1711 2737 utitur.

1146 2788 1182 2823 (ὑ)
1200 2788 1330 2816 Ccuturia
1344 2787 1371 2822 ‘2,
1390 2793 1415 2814 c.
1431 2786 1476 2814 47.
