1950 3070
40 169 94 198 τεῦ

419 165 536 195 DECAS
551 164 592 194 ΙΙ.
606 176 640 182 -
660 164 709 194 DE
727 162 949 193 TlIEOLOGIA
970 163 1175 194 DEMONSTR
1185 165 1300 195 \TIV.~\.

1615 163 1669 195 766

41 224 238 260 lliunysius(a)
261 223 348 257 :Quia
369 223 467 257 inquit,
484 230 536 249 non
553 225 640 256 potest
650 229 727 249 mens
744 225 835 247 nostra
853 219 873 248 Α
888 221 928 248 lar
942 221 975 252 ¹³.
991 226 1014 248 el
1027 222 1062 257 (c)
1074 222 1226 249 ﬁrmitatem
1240 222 1265 248 in
1278 221 1343 256 ipsis
1358 221 1448 252 ﬁxam,
1459 219 1668 254 qiminoncer-

30 280 52 296 ‘a
67 272 73 296 I
91 270 167 297 illam
185 269 371 303 iucorpoream
385 268 535 295 caelestium
552 267 678 294 ordinum
698 266 830 293 imitatio-

40 323 106 341 nem
123 322 157 341 ac
174 314 430 348 contemplationem
449 313 609 348 protendere
624 313 711 339 aciem
740 319 831 343 suam,

39 360 99 387 nisi
115 359 420 394 corporeoadmiuiculo
438 359 488 385 sibi
511 362 574 392 apto
586 363 687 385 utatur.
697 357 832 384 Etrursns

39 409 118 434 idem
135 407 212 434 :Non
229 410 325 440 potest,
343 405 440 439 inquit,
455 405 531 432 aliter
546 405 613 435 ﬁeri,
632 409 661 432 ut
688 403 780 432 radius
789 403 833 430 di-

38 453 117 479 vinae
129 451 293 486 cognitionis
303 451 381 478 nobis
396 450 514 481 illueeat,
531 449 583 477 nisi
599 449 684 476 variis
696 449 764 475 velis
789 455 833 475 sa-

39 499 103 526 evis
117 492 264 533 anagog'iCe
275 498 408 529 obtectus,
416 499 442 522 et
451 496 646 523 convenienter
656 499 758 522 naturae
768 501 833 521 nos-

44 549 99 570 tne
113 543 203 570 divina
219 543 386 577 providentia
403 542 559 568 adornatus.
577 540 637 574 Quo
652 541 680 568 in
712 540 768 567 loct
785 538 836 568 ,ait

43 589 161 615 dvinus
175 588 308 615 Maximus
324 596 331 614 ι
349 587 412 614 Siue
425 587 495 622 typis
509 591 535 613 et
546 585 675 620 symbolis
696 593 749 611 non
773 592 835 618 pns-

46 635 161 666 sumus,
176 633 240 660 dum
256 634 283 660 in
297 640 410 667 carpere
423 639 527 664 sumus,
539 631 662 665 aspicere
676 631 834 664 incorporea

45 684 75 705 ct
87 679 210 705 materia:
224 678 354 711 expertia.
365 677 431 704 Hinc
442 676 614 711 perspicitur,
623 675 644 702 si
656 683 731 701 mens
744 679 834 701 nostra

47 731 106 750 non
123 727 213 757 potest
227 730 274 757 per
289 729 317 750 se
333 729 366 749 ne
380 722 487 757 angelos
499 721 606 756 quidem
621 719 722 747 imitari
739 723 765 745 et
773 727 836 746 con-

47 769 190 803 templari,
209 776 258 795 nec
267 768 300 795 ad
317 767 367 795 ista
380 767 473 799 adniti,
492 767 543 793 nisi
558 767 715 801 adjumcn'o
751 769 836 805 mate-

49 815 125 840 riato
140 818 167 840 et
178 814 228 841 sub
237 821 347 841 sensum
359 813 470 840 radente
477 812 528 840 sibi
540 811 709 839 convenienti
727 816 818 837 utatur
827 831 835 843 ,

49 859 126 886 nulla
139 859 244 886 ratione
264 863 291 885 et
304 859 345 886 via
358 858 413 885 ﬁeri
431 865 519 890 posse,
536 861 565 883 ut
579 856 780 890 intelligentiam
789 855 835 882 Dei

50 905 116 931 sine
131 904 243 930 materia
259 908 285 930 et
299 910 414 938 corpore
425 906 587 937 assequatur
602 910 608 934 ;
622 901 725 928 idcirco
736 901 840 934 impos-
854 894 874 920 Β

52 950 136 977 sibile
148 955 199 978 est.
208 958 254 977 eos
266 950 311 984 qui
329 951 411 976 vitam
427 949 452 975 in
463 955 578 983 corpore
587 948 697 982 degunt,
709 947 768 973 sine
777 954 839 973 cor-

50 996 146 1030 porcis
153 996 185 1023 ad
195 996 446 1030 contemplationem
457 994 501 1022 Dei
511 993 747 1026 ascenderc.Quod
758 993 779 1019 si
791 999 841 1019 nos

52 1049 106 1076 per
120 1042 203 1069 inane
218 1043 250 1068 ad
261 1049 291 1068 ea
305 1048 451 1075 quaesupra
464 1040 592 1068 saeculum
605 1043 841 1073 sunt,evagantes,

55 1094 87 1115 ut
105 1088 219 1120 assolet,
230 1087 292 1122 quid
306 1087 412 1114 tandem
424 1087 505 1114 etiam
521 1091 583 1113 ante
604 1086 653 1112 ista
666 1090 734 1115 erat,
753 1084 843 1111 inves-

57 1135 189 1168 tigemus,
205 1141 293 1168 neque
309 1133 347 1161 sic
358 1133 523 1160 abducamus
539 1139 587 1159 nos
597 1131 670 1158 abiis
679 1138 738 1166 quae
746 1138 843 1165 corpo-

57 1187 102 1206 rea
119 1184 195 1210 sunt,
207 1185 233 1206 et
246 1179 343 1206 animo:
359 1179 448 1206 vicina
463 1183 489 1206 et
505 1183 631 1213 cognata.
643 1185 703 1211 qu-e
730 1175 839 1211 quidem

57 1225 195 1252 immensa
214 1225 317 1252 ratione
335 1225 463 1252 inferiora
479 1228 543 1252 sunt
558 1231 638 1259 quam
655 1223 768 1258 spiritus
783 1221 842 1254 Dei,

58 1272 105 1306 qui
123 1279 205 1306 supra
217 1276 338 1299 naturam
354 1278 459 1298 onmem
484 1275 536 1299 est.

341 1325 455 1354 CAPUT
483 1324 519 1352 V.

63 1383 140 1416 Quod
158 1391 239 1417 neque
249 1387 329 1410 totum
345 1387 369 1410 et
384 1383 511 1417 integram
525 1382 555 1409 de
580 1382 633 1409 Deo
656 1382 840 1415 cogitationem

98 1418 192 1445 habere
206 1419 233 1444 in
241 1418 289 1444 hoc
307 1417 403 1444 smculo
418 1425 552 1451 possumus
567 1437 575 1449 ,
589 1422 634 1443 aut
659 1425 704 1450 per
730 1425 788 1444 eam
815 1417 847 1443 de

101 1453 155 1480 Deo
170 1453 245 1486 plene
255 1452 431 1486 philosophari
445 1473 453 1484 ,
468 1460 547 1485 neque
556 1460 602 1486 per
612 1451 694 1478 aliam
704 1451 846 1487 quamlibet

101 1497 116 1514 α
130 1488 204 1514 nobis
220 1488 393 1522 informatum
410 1487 553 1514 notionem.

75 1577 77 1579 ι
100 1543 249 1578 Gregorius
255 1541 417 1576 Theologns,
428 1541 454 1568 in
464 1541 581 1569 secunda
590 1541 713 1568 oratione
724 1541 758 1568 de
768 1541 846 1569 theo-
859 1548 881 1580 α

66 1589 147 1623 logia:
160 1588 337 1620 Justiﬁcatus,
355 1587 452 1622 inquit.
475 1591 517 1614 est
531 1595 564 1614 ex
578 1587 630 1614 ﬁde
642 1594 756 1622 magnus
765 1591 849 1622 patri—

67 1635 149 1662 arcba
163 1634 297 1661 Abraham
316 1638 362 1667 ;et
377 1633 512 1661 sacriﬁcat
527 1633 689 1661 sacriﬁcium
709 1641 808 1660 novum
822 1638 850 1661 ct

68 1681 232 1712 inauditum,
243 1679 352 1707 acillius
363 1680 450 1714 magni
461 1679 586 1706 sacriﬁcii
597 1679 750 1713 imaginem.
765 1679 847 1706 Deum

70 1734 134 1753 vero
149 1734 203 1753 non
218 1731 250 1753 ut
258 1726 341 1752 Deum
357 1725 434 1756 vidit,
451 1725 499 1752 sed
532 1724 556 1751 ei
589 1728 716 1757 tanquam
746 1724 850 1752 homini

69 1773 160 1798 cibum
174 1770 299 1805 apposuit
318 1773 365 1802 ;et
383 1770 506 1796 laudatus
522 1773 574 1800 est,
591 1769 662 1803 quod
680 1773 786 1796 tantum
803 1776 850 1795 ve—

71 1818 221 1845 nerationis
233 1816 370 1848 adhibuit,
383 1820 511 1850 quantum
524 1815 701 1849 intelligentia
729 1821 853 1848 compre-

71 1863 174 1891 hendit.
189 1861 288 1889 Ibidem
303 1868 364 1888 cum
378 1860 501 1888 delacob
514 1860 681 1887 meminisset
698 1867 705 1886 :
721 1858 754 1886 Et
763 1859 850 1886 lucta-

72 1915 116 1936 tur
130 1927 139 1940 ,
150 1908 249 1942 inquit,
267 1915 328 1934 cum
345 1906 398 1934 Deo
409 1911 537 1940 tanquam
552 1913 612 1932 cum
629 1904 748 1936 homine,
779 1912 853 1939 qum-

73 1964 179 1990 cunque
190 1956 241 1982 ista
262 1958 303 1981 est
330 1953 375 1979 Dei
402 1959 463 1979 cum
489 1951 598 1977 homine
623 1950 702 1981 luela,
729 1949 853 1977 fortassis

75 2002 200 2028 humana;
214 1999 319 2027 virtutis
328 2005 388 2025 cum
403 1998 493 2024 divina
510 1995 688 2029 comparatio.
704 1995 811 2023 Rursus
825 1995 853 2022 in

73 2046 168 2074 eodem
185 2045 244 2071 loco
260 2052 267 2070 :
284 2042 425 2075 Quomodo
441 2041 563 2068 Manoem
577 2040 696 2074 iudicem
727 2041 811 2075 prius,
827 2046 854 2067 et

75 2092 182 2119 Petrum
201 2089 363 2123 disripulum
381 2091 485 2122 postea,
501 2093 555 2112 non
575 2093 606 2112 es
632 2086 767 2113 miratus?
781 2086 853 2112 illum

75 2139 196 2173 quidem,
213 2137 277 2171 quia
293 2141 342 2161 nec
357 2136 494 2168 aspectum
512 2131 558 2158 Dei
583 2136 645 2166 typo
677 2135 704 2158 et
737 2132 854 2167 imagine

37 2187 40 2189 '
75 2182 214 2210 informari
228 2187 324 2215 passus
338 2182 396 2209 est;
415 2180 485 2203 unde
495 2176 560 2203 illud
575 2184 582 2202 :
602 2176 742 2209 Periimus,
758 2176 857 2210 inquit,

882 275 930 294 nas
941 275 1021 297 nunc.
1033 275 1127 295 cernes
1141 272 1228 294 autem
1242 275 1292 293 suo
1315 271 1445 300 tempore.
1460 266 1490 293 Et
1520 266 1668 299 Gregorius

881 311 1020 348 Nysscnus
1039 321 1046 340 :
1064 312 1215 345 Quomodo,
1232 313 1329 347 inquit,
1340 313 1501 347 reperiatur.
1527 319 1607 344 quem
1630 311 1670 337 ni-

883 359 918 386 hil
936 366 1029 386 eorum
1054 367 1114 392 qua;
1141 363 1296 388 notescunt,
1320 357 1465 385 declarat?
1482 364 1535 383 non
1571 355 1668 384 forma.

883 412 938 432 non
967 405 1052 435 color,
1081 412 1134 432 non
1164 404 1389 436 circumscriptio,
1413 411 1467 430 non
1493 403 1587 437 ﬁgura,
1617 407 1670 427 non

883 450 1034 484 quantitas.
1054 457 1106 476 non
1120 449 1247 484 qualitas.
1266 457 1318 476 non
1335 449 1421 480 locus,
1438 456 1490 476 non
1503 447 1670 481 conjectura,

884 494 1101 524 nonsimilitudn,
1112 502 1164 520 non
1173 494 1310 528 proportio
1323 503 1328 526 ;
1339 494 1403 528 quin
1414 494 1503 527 potius
1512 499 1619 526 semper
1630 495 1673 518 est

884 544 959 566 extra
981 547 1086 566 omnem
1104 539 1174 565 viam
1193 538 1451 572 comprehendendi.
1468 538 1539 564 [dem
1562 539 1671 563 iterum.

885 582 957 614 Haec.
974 583 1073 617 inquit,
1087 587 1129 611 est
1145 583 1263 610 notiouis
1278 582 1336 616 ejus
1353 582 1468 609 maxime
1477 582 1584 615 propria
1599 584 1674 610 nota.

886 633 1011 655 naturam
1045 629 1105 663 ejus
1128 635 1187 655 esse
1204 635 1286 662 supra
1308 635 1416 654 omnem
1437 632 1527 654 notam
1555 626 1675 653 nationis

886 673 1102 707 designatricem.
1120 673 1153 700 Et
1168 680 1290 700 summus
1307 672 1446 707 theologus
1458 671 1599 706 Dionysius
1618 671 1674 705 (c):

886 718 960 745 illaut
987 719 1071 753 igitur
1096 719 1215 745 divinant
1260 726 1341 752 supra
1384 725 1464 752 quam
1497 718 1676 744 substantiam

886 764 1065 798 quodcunque
1076 769 1117 790 est
1130 764 1173 790 illa
1186 771 1268 797 supra
1283 771 1366 798 quam
1391 763 1507 790 essentia
1531 763 1676 795 bonitatis,

886 817 946 844 quae
959 817 1040 843 supra
1060 809 1207 836 bonitatem
1222 814 1273 840 est,
1306 816 1393 843 neque
1412 813 1555 842 'tan'luam
1589 808 1677 834 ratio-

889 863 949 881 IIem
973 861 1019 882 aut
1036 856 1182 890 potentiam
1201 863 1299 889 neque,
1318 859 1446 888 tanquam
1472 858 1601 885 mentem,
1632 857 1680 880 aut

892 901 1231 933 substantiam,autvitam
1261 900 1389 928 laudibus
1421 900 1557 927 celebrare
1570 899 1610 926 fas
1626 902 1678 931 est,

893 946 950 979 ulli,
966 947 1012 981 qui
1022 946 1157 976 veritatis.
1173 953 1234 980 quae.
1246 953 1328 980 supra
1356 952 1463 974 omnem
1483 945 1624 979 veritatem
1636 947 1680 971 est

894 992 927 1019 sit
937 992 1087 1022 studiosus,
1102 992 1168 1026 quin
1179 991 1233 1018 imo
1244 991 1354 1018 laudare
1366 998 1424 1018 eam
1434 994 1539 1024 oportet
1551 995 1680 1023 tanquam

894 1038 928 1064 ab
945 1038 1018 1064 omni
1033 1037 1136 1070 habitu,
1161 1041 1248 1069 motu,
1260 1036 1324 1068 vita,
1339 1035 1497 1069 imaginatio
1508 1043 1544 1065 te,
1559 1034 1670 1068 opinio-

894 1090 940 1113 ne,
968 1083 1091 1114 nomine,
1119 1089 1255 1114 sermone,
1279 1081 1452 1116 cogitatione,
1482 1079 1678 1114 intelligentia,

894 1127 1057 1158 substantia,
1085 1131 1167 1156 statu.
1197 1127 1365 1156 l'undatione.
1405 1126 1518 1157 unione,
1549 1125 1612 1156 ﬁne,
1627 1125 1680 1152 im-

896 1174 1049 1205 tnensitate,
1064 1173 1180 1207 denique
1208 1173 1242 1200 ab
1257 1172 1384 1201 omnibus
1412 1178 1582 1206 quaecunque
1604 1173 1680 1202 sunt,

899 1219 1032 1254 superlata
1075 1219 1250 1246 abstractam.
1296 1218 1366 1245 Hinc
1396 1216 1515 1245 efﬁcitur
1552 1216 1682 1243 manifeso

897 1270 965 1297 tum,
980 1264 1050 1299 quod
1067 1271 1154 1298 neque
1167 1264 1276 1291 notione
1299 1263 1370 1298 typis
1394 1268 1421 1291 et
1444 1262 1607 1296 imaginibus
1635 1261 1682 1288 in.

898 1309 1021 1340 formata,
1034 1313 1079 1335 aut
1095 1309 1145 1335 alia
1168 1308 1288 1343 qualibet
1310 1307 1474 1341 cogitatione
1500 1306 1583 1332 Deum
1603 1312 1682 1332 com-

897 1354 1072 1387 prehendere,
1087 1358 1114 1380 et
1126 1353 1159 1380 de
1174 1360 1207 1380 eo
1219 1351 1402 1386 philosophari
1420 1358 1565 1385 possumus
1581 1358 1589 1382 ;
1616 1350 1682 1384 quin

898 1400 986 1433 potius
998 1402 1073 1426 extra
1089 1398 1146 1424 haec
1165 1396 1254 1424 omnia
1273 1399 1314 1423 est
1330 1395 1475 1429 ;quoniam
1483 1393 1571 1421 omnis
1599 1393 1685 1427 phan-

898 1445 977 1475 tasia,
992 1444 1017 1470 id
1032 1448 1083 1475 est,
1097 1442 1234 1476 cogitatio,
1247 1441 1382 1476 triplicem
1407 1447 1486 1467 usum
1513 1439 1594 1465 habet
1611 1438 1652 1472 (ἀ)
1677 1445 1686 1464 :

898 1497 950 1517 una
963 1490 1013 1523 ﬁgu
1019 1493 1059 1516 rat
1073 1496 1103 1515 ea
1113 1496 1173 1523 qum
1182 1488 1306 1515 sensibus
1315 1486 1511 1522 percipiuntur,
1529 1484 1688 1518 imprimens

899 1535 1036 1564 memoria:
1060 1540 1228 1569 quacunque
1249 1540 1281 1559 ex
1303 1532 1429 1559 sensibus
1453 1534 1591 1563 assumpta
1614 1532 1689 1559 sunt,

901 1589 960 1618 quae
972 1581 1091 1617 singulas
1104 1580 1235 1613 imagines
1247 1579 1352 1608 ordine,
1367 1581 1396 1604 ut
1412 1579 1447 1603 ita
1462 1576 1562 1610 dicam,
1593 1579 1620 1602 et
1644 1581 1687 1600 ar-

904 1629 1011 1656 ticulate
1028 1626 1149 1661 disponit
1161 1629 1188 1653 et
1211 1624 1354 1659 distinguit
1385 1632 1392 1655 ς
1418 1629 1499 1658 quam
1522 1624 1621 1648 vocant
1647 1627 1690 1647 sa-

904 1681 964 1700 nam
985 1672 1166 1707 phantasiam,
1179 1675 1206 1697 et
1218 1676 1322 1704 magna:
1337 1673 1442 1694 naturae
1459 1667 1552 1694 laetum
1566 1674 1573 1691 :
1605 1664 1688 1691 altera

905 1718 1038 1753 imprimit
1050 1717 1164 1744 obscura
1177 1715 1299 1750 quaedam
1316 1713 1436 1747 vestigia,
1465 1718 1526 1746 quae
1553 1717 1605 1736 non
1627 1709 1693 1737 sinit

908 1765 1024 1798 cogitata
1039 1762 1157 1794 illa,ulla
1169 1769 1200 1788 ex
1214 1765 1289 1795 parte
1303 1758 1481 1791 mancre;sed
1490 1754 1694 1783 confusasima-

906 1811 993 1845 gines,
1009 1812 1036 1836 et
1051 1808 1128 1835 aliter
1142 1807 1195 1834 alio
1212 1810 1331 1839 tempore
1341 1806 1522 1831 cotumutatas
1537 1799 1691 1835 promiscue

906 1855 1010 1889 objicit,
1036 1857 1064 1880 et
1086 1852 1165 1887 prius
1191 1851 1247 1878 fere
1269 1856 1350 1884 quam
1377 1847 1542 1882 cogitatione
1556 1846 1616 1872 ﬁcta
1627 1845 1691 1876 sint,

907 1902 940 1929 ab
955 1900 1008 1928 illis
1021 1899 1088 1933 ipsis
1101 1897 1211 1927 excidit,
1227 1899 1254 1922 et
1265 1894 1339 1922 omni
1355 1893 1445 1921 fructu
1460 1897 1487 1919 et
1498 1892 1615 1919 utilitate
1645 1897 1693 1917 ca-

906 1951 958 1978 rct,
968 1945 1055 1981 qualis
1067 1948 1107 1972 cst
1119 1936 1240 1977 inanium
1255 1940 1424 1969 somniorum
1441 1939 1467 1965 in
1479 1937 1570 1972 quiete
1592 1936 1697 1971 cogita-

908 1992 961 2022 tio,
993 1995 1021 2017 et
1044 1995 1138 2016 eorum
1176 1994 1245 2021 quat.
1266 1990 1367 2014 temere
1396 1989 1422 2010 et
1449 1982 1562 2010 fortuito
1594 1982 1698 2016 cogita-

908 2037 983 2065 tione
998 2035 1156 2069 ﬁnguntur;
1175 2032 1252 2058 tertia
1267 2034 1309 2057 est
1324 2030 1351 2056 in
1364 2029 1396 2056 iis
1412 2036 1473 2064 quae
1485 2027 1587 2062 agenda
1622 2031 1695 2060 sunt,

909 2083 967 2110 sine
984 2085 1055 2108 recta
1065 2079 1169 2106 ratione
1183 2076 1366 2112 progrediens,
1385 2082 1438 2110 qua
1454 2074 1480 2101 id
1492 2073 1563 2108 quod
1579 2079 1632 2100 non
1643 2076 1696 2104 est,

910 2133 1040 2162 tauquam
1055 2126 1101 2159 sit,
1115 2123 1250 2159 cogitatur
1267 2142 1275 2154 ,
1285 2128 1346 2156 quas
1368 2120 1473 2148 laetatur
1489 2119 1589 2153 quibus
1598 2117 1697 2160 dolent

909 2161 975 2201 dum
991 2175 1058 2203 erat,
1072 2175 1099 2197 et
1112 2169 1185 2196 dolet
1196 2167 1296 2202 quibus
1310 2164 1455 2192 laetandum
1474 2173 1482 2197 ;
1500 2167 1527 2191 et
1554 2161 1627 2198 quod
1646 2161 1699 2189 sibl

77 2238 90 2255 ο
101 2235 178 2257 uxor,
191 2209 302 2253 uidimus
316 2223 397 2250 Deum
410 2223 443 2254 ",
456 2227 644 2256 tanquamnon
658 2222 762 2256 possint
776 2209 865 2249 homi-
879 2219 902 2248 D
916 2217 1090 2254 persuaserit,
1107 2223 1159 2243 non
1176 2213 1275 2249 poterit
1287 2213 1311 2240 ei
1327 2210 1479 2240 dissuaderi
1497 2217 1504 2242 ;
1519 2209 1629 2237 adamat
1645 2216 1696 2257 att-

76 2281 124 2301 nes
137 2272 280 2307 imaginem
303 2269 349 2296 Dei
372 2268 398 2296 iu
422 2275 516 2295 sensus
529 2267 638 2294 notiOne
651 2266 764 2294 eﬁictam
776 2267 857 2294 etin-

77 2321 219 2346 lurmatam
232 2322 338 2350 capere.
353 2314 450 2340 nedum
470 2320 591 2339 naturam
609 2312 682 2346 ejus;
699 2312 770 2339 hunc
782 2319 857 2345 vero,

87 2364 146 2400 quia
160 2363 297 2390 Christum
317 2366 396 2394 quem
412 2359 549 2390 cernebat,
569 2358 595 2384 in
625 2357 775 2384 naviculam
806 2365 859 2384 non

78 2409 233 2444 recipiebat,
249 2407 321 2434 etob
342 2413 400 2432 ram
420 2411 529 2431 causam
547 2410 608 2430 eum
633 2403 793 2430 dimittebat.
819 2402 853 2429 Et

80 2463 172 2482 rursus
187 2454 213 2480 in
224 2452 317 2479 eadem
332 2451 471 2478 oratione:
484 2449 540 2475 Nec
554 2449 588 2475 de
603 2448 659 2482 ipsa
668 2453 790 2475 creatura
801 2455 862 2482 per-

80 2501 146 2528 lecta
155 2497 342 2534 perspicientia
355 2501 407 2527 rst,
415 2495 547 2529 siquidem
556 2493 719 2520 credendum
729 2498 770 2521 est
782 2494 862 2527 hujus

79 2547 157 2574 etiam
170 2544 281 2571 umbras
304 2542 389 2569 solum
418 2546 442 2567 ιε
463 2540 571 2570 habere,
599 2546 660 2566 cum
676 2539 770 2566 audias
790 2548 796 2566 :
815 2538 862 2566 Vi-

80 2593 141 2619 debo
154 2589 230 2616 cwlos
252 2595 331 2622 opera
350 2586 492 2619 digitorum
508 2587 610 2610 tuorum
635 2583 726 2610 tunam
750 2588 773 2611 et
797 2584 862 2610 stel-

115 2667 137 2683 "
166 2665 254 2692 Judic.
277 2662 392 2696 xut,%.
431 2661 453 2676 ¹³
470 2660 541 2688 Psal.
562 2666 620 2691 vni,
639 2659 667 2686 ι.

117 2747 156 2781 (a)
171 2747 199 2771 ln
211 2744 334 2781 oratione
347 2743 380 2771 de
399 2742 572 2770 confessione
589 2740 662 2767 ﬁdei.
679 2739 775 2773 CapJ.
801 2737 857 2765 εω-

83 2779 152 2809 lertt's
169 2779 334 2807 hieran/tim.

119 2817 156 2851 (ὁ)
179 2814 365 2851 Itttcrprt-tatio
385 2819 425 2841 cst
437 2814 582 2840 verborum
610 2818 669 2846 qur
696 2813 859 2843 sequuntur:

83 2848 148 2884 Quin
164 2855 192 2877 tu
210 2848 341 2876 lundasli.

911 2253 964 2292 tem
979 2261 1185 2297 etamplectitur
1197 2267 1258 2294 quae
1274 2258 1440 2293 cogitatione
1456 2255 1587 2290 depingit.
1603 2261 1653 2282 ceu
1661 2253 1701 2280 le-

912 2317 958 2345 ges
971 2308 1100 2343 quasdain
1116 2306 1246 2333 divinitus
1273 2305 1324 2331 sibi
1347 2302 1516 2332 informatas,
1550 2298 1702 2327 contendit-

913 2343 975 2388 quc,
987 2357 1016 2380 ut
1026 2360 1086 2387 quae
1096 2351 1244 2379 clarissima
1261 2353 1288 2377 et
1299 2353 1361 2376 ante
1380 2347 1475 2374 oculos
1491 2345 1579 2380 posita
1588 2348 1660 2373 sunt.
1677 2343 1702 2371 si

915 2401 971 2428 ﬁeri
988 2399 1081 2434 possit,
1096 2398 1128 2424 ad
1140 2404 1260 2424 errorem
1278 2402 1358 2422 suum
1372 2396 1517 2428 pervertat.
1534 2391 1564 2418 In
1605 2389 1702 2424 hujus-

915 2436 988 2472 modi
1000 2443 1187 2478 cogitationem
1200 2442 1247 2476 qui
1273 2440 1405 2471 incidunt,
1433 2437 1598 2465 insanabiles
1615 2435 1694 2468 ﬁunt;

916 2492 962 2526 qui
977 2492 999 2518 si
1016 2495 1138 2525 potentes
1149 2489 1215 2521 sint,
1227 2489 1254 2515 in
1270 2486 1415 2522 perniciem
1432 2485 1573 2512 civitatum
1611 2483 1701 2510 immi-

919 2541 983 2564 nent
998 2544 1006 2568 ;
1024 2536 1047 2563 si
1062 2534 1173 2566 inﬁrmi,
1187 2539 1214 2561 et
1228 2541 1280 2560 non
1291 2532 1413 2560 valentes
1423 2531 1521 2565 opibus
1536 2550 1543 2562 ,
1573 2536 1626 2556 non
1651 2528 1686 2555 de

915 2582 1021 2614 sistent,
1032 2581 1097 2616 quin
1109 2585 1240 2615 quantum
1256 2579 1282 2605 in
1297 2585 1326 2606 se
1344 2577 1406 2610 erit,
1422 2584 1468 2604 cas
1477 2575 1600 2610 perdant.
1611 2573 1649 2602 De
1661 2574 1704 2601 his

948 2737 983 2770 (ε)
997 2736 1065 2768 Cap.
1084 2734 1107 2770 ι.
1123 2734 1155 2760 de
1163 2733 1246 2770 divin.
1263 2740 1332 2770 nom.

949 2765 988 2806 (ιί)
1006 2765 1068 2806 llaec
1082 2769 1116 2796 de
1130 2768 1388 2806 tripliciplmnlasia
1405 2767 1521 2806 ex‘Scb.
1535 2767 1577 2806 S._
1590 2765 1701 2805 Maximi

915 2815 941 2833 ιιι
953 2800 1016 2832 ἐἸ.
1032 2803 1150 2838 Dionysii
1166 2800 1209 2828 ’ἄιε
1223 2803 1320 2838 diuinis
1348 2803 1510 2834 nominibus,
1532 2802 1578 2830 scd
1610 2800 1702 2835 copio-

920 2841 988 2872 sius,
1005 2845 1030 2867 οι
1045 2837 1216 2873 explanatius
1246 2837 1300 2864 bic.
