1954 3071
275 109 328 141 ἸἸῙ
853 109 1018 140 JOANNIS
1043 110 1325 140 CYPAIHSSlOTE
1876 111 1937 142 775

276 165 386 200 poterit,
401 165 456 192 imo
471 172 519 192 nec
531 165 585 192 ulla
602 165 723 192 cmlestis
738 173 815 193 mens
832 171 892 200 post
910 167 1006 198 Deum,
1018 167 1064 192 sed
1081 170 1099 194 Α
1117 167 1178 193 licet
1198 168 1316 202 Moyses,
1331 172 1357 194 et
1375 167 1442 194 deus
1457 167 1609 195 Pharaonis
1628 167 1665 197 ”:
1685 167 1744 194 licet
1766 174 1876 202 usque
1901 175 1937 194 ac

275 212 396 239 rationes
410 211 562 237 disserundi
579 210 613 237 de
627 211 660 237 iis
675 219 736 245 qua:
749 219 808 238 eam
827 212 1018 244 circumstant,
1034 217 1062 239 ut
1115 215 1224 239 tertium
1240 214 1340 240 caelum
1353 233 1360 244 ,
1377 218 1406 240 ut
1432 212 1531 240 Paulus
1555 214 1700 247 pervenias
1713 213 1745 245 ¹⁸,
1761 218 1794 241 et
1816 215 1937 242 audias

275 257 309 285 de
334 259 524 295 perpetuitate,
551 257 584 284 de
609 258 792 286 immensitate
816 263 842 285 et
868 259 1013 291 inlinitate,
1030 258 1064 286 de
1115 266 1213 285 arcana
1229 259 1328 290 Verba;
1354 259 1418 284 licet
1433 265 1516 292 supra
1538 258 1601 285 illos
1619 258 1651 284 ad
1668 263 1772 284 statum
1791 264 1824 286 et
1843 260 1937 285 orti.-

275 303 408 332 bonitate.
426 303 562 337 potentia,
585 304 718 337 sapientia
741 303 863 335 creandi,
881 303 1061 338 providendi,
1115 311 1176 330 nem
1193 303 1311 338 aliquem
1330 304 1489 338 angelorum
1505 308 1552 330 aut
1567 303 1798 336 archangelornm
1818 312 1937 331 ascen-

272 348 429 382 judicandi;
459 349 503 375 hic
529 349 600 375 enim
626 353 668 376 est
691 357 807 383 magnus
833 350 904 383 apud
935 349 1060 375 homines
1114 353 1173 375 (tas.
1189 348 1319 381 Quamvis
1332 348 1403 374 enim
1419 355 1501 375 omne
1516 348 1638 376 caeleste.
1653 352 1679 374 et
1697 342 1807 381 aliquid
1834 355 1937 382 supra

275 395 418 429 theologus
433 414 440 426 ,
455 395 502 428 qui
521 395 640 422 rationes
657 395 692 422 de
708 395 750 423 his
765 395 868 430 aliquas
883 395 935 422 etsi
952 395 1061 421 exiliter
1117 398 1198 429 quam
1223 395 1335 421 cmleste
1349 413 1356 426 ,
1382 403 1398 420 n
1411 394 1467 421 ulto
1489 394 1682 420 excellentiore
1700 398 1802 421 natura
1833 401 1935 428 quam

274 440 442 467 adimeniat.
456 441 489 467 Et
504 440 531 467 in
557 442 678 468 centuria
698 442 789 474 tertia,
813 441 902 476 capite
920 445 1061 475 septuage—
1115 446 1165 466 nos
1180 439 1215 466 sit
1227 445 1253 466 et
1270 439 1323 465 Deo
1345 439 1540 473 propinquius;
1563 439 1649 473 magis
1668 444 1757 466 tamen
1784 439 1889 466 distat
1919 448 1935 465 a

274 487 345 512 simu
362 487 453 517 primo
475 495 482 513 τ
503 485 542 512 Ex
555 487 587 513 iis
611 495 672 521 quae
696 492 778 519 sunt,
805 494 916 514 causam
941 486 1062 512 onmiutn
1116 485 1181 516 Deo,
1197 488 1224 511 et
1239 491 1254 510 a
1270 483 1387 518 perfecta
1402 484 1461 518 ejus
1479 484 1668 519 intelligentia,
1684 492 1765 518 quam
1784 489 1934 511 nostram

275 531 486 566 cognoscimus;
499 539 526 559 et
536 541 569 559 ex
583 533 716 560 varietate
731 540 823 559 rerum
838 532 998 566 sapientiam
1013 538 1063 565 per

275 585 305 604 se
320 578 493 604 exsistentem
510 577 568 612 ejus
583 578 629 612 qui
645 578 753 612 proprie
766 583 817 608 est,
832 578 973 608 ducentur,
986 581 1012 603 et
1026 584 1059 603 ex

275 623 391 650 naturali
406 628 523 649 motione
539 630 642 653 rerum.
657 623 739 650 vitam
752 623 875 657 ejusdem
895 630 942 657 per
951 629 980 649 se
990 622 1063 649 exsi-

275 672 390 695 stcntem
409 668 556 700 discimus;
577 669 631 694 vini
655 669 717 695 dico
732 669 813 695 vitam
830 668 995 695 tribuentem
1020 675 1064 694 re-

275 714 338 745 btts,
355 714 465 742 scilicrt
481 715 611 748 Spiritum
629 719 763 741 sanctum.
790 713 828 740 Ex
843 714 885 741 his
899 714 988 740 evadit
1007 720 1065 740 ma-

281 760 411 788 nifestum
435 760 561 795 cognosci
579 759 662 787 Deum
677 768 710 787 ex
725 760 758 787 iis
773 760 861 787 solum
887 767 947 793 qua:
961 759 1063 787 circum

275 805 364 840 ipsum
391 811 474 838 sunt,
500 813 560 841 qua:
577 811 640 833 sunt
657 811 798 837 crratnrm,
823 811 848 832 et
873 805 936 832 inde
958 805 991 832 de
1008 804 1063 831 Deo

276 851 526 885 philosophandum
554 858 625 883 esse,
650 859 685 877 ex
713 851 878 886 imaginibus
906 850 1013 877 scilicet
1038 854 1065 876 et
1083 838 1103 866 Β

275 896 502 924 similitudinibus
514 897 711 931 exemplarium
729 897 788 931 ejus
805 896 960 923 divinorum
975 916 981 927 ,
1005 902 1067 930 qua:

275 942 401 975 superius
414 942 523 976 specula
537 947 563 968 et
574 943 714 976 aenigmata
727 947 822 968 vocata
836 946 909 968 sunt.
923 941 961 968 Ne
974 947 1066 967 autem

275 988 337 1022 quis
359 988 384 1014 in
404 988 518 1014 dubium
537 989 637 1018 veniat,
654 987 792 1022 quomodo
805 994 865 1021 quae
886 986 1017 1021 imagines
1039 989 1068 1013 et

275 1032 466 1060 similitudines
483 1039 558 1064 sunt,
580 1039 608 1060 et
624 1041 638 1060 a
653 1033 766 1060 veritate
782 1040 872 1059 rerum
890 1032 1012 1063 distant,
1032 1031 1065 1057 ad

275 1078 522 1113 philosophandum
541 1079 574 1106 de
590 1078 644 1106 Deo
659 1083 720 1113 apta
737 1078 823 1113 magis
835 1085 896 1105 esse
910 1081 1068 1112 possunt,ct

276 1125 377 1152 idcirco
391 1125 521 1159 majorem
538 1125 583 1152 Dei
599 1124 857 1159 contemplationem
867 1131 950 1158 quam
966 1122 1069 1150 existis

275 1169 504 1198 similitudinibus
517 1170 599 1198 etiatn
613 1170 640 1197 in
656 1171 706 1197 hac
722 1170 777 1197 vita
792 1175 907 1204 quzerat,
925 1175 994 1203 opus
1024 1173 1067 1195 est

275 1217 385 1248 docere,
403 1217 477 1251 quod
494 1217 593 1248 summi
611 1217 693 1243 etiam
709 1215 832 1250 theologi
856 1215 925 1242 ultra
946 1219 1070 1241 contem—

275 1262 424 1297 plationem
441 1270 475 1290 ex
493 1263 629 1294 creaturis
647 1270 701 1290 non
719 1262 943 1297 progrediuntur.

569 1317 685 1359 ιῖΑρυΤ
707 1317 776 1345 vni.

277 1375 353 1407 Quo!
382 1376 478 1403 summi
506 1375 618 1409 theologi
645 1374 677 1401 de
695 1374 759 1409 iDeo
791 1373 1010 1408 philosophantur
1036 1379 1068 1398 ea:

312 1412 462 1442 creaturis;
481 1415 505 1436 et
523 1410 671 1444 posteriora
690 1408 736 1435 Dei
761 1409 824 1442 ipsa:
839 1413 969 1434 creatura:
987 1411 1047 1434 sunt
1059 1427 1067 1438 ,

312 1451 336 1471 et
356 1453 447 1471 eorum
464 1451 587 1471 rationes.

1114 531 1185 557 hanc
1200 535 1325 556 natttratn
1339 531 1520 562 compositam
1542 535 1569 556 et
1584 530 1714 557 humilem
1730 535 1757 556 et
1778 531 1932 557 deorsum

1115 576 1273 603 inclinatam
1299 577 1456 604 antecellat.
1480 576 1514 603 Et
1539 583 1653 610 magnus
1673 577 1854 603 Athanasius
1887 577 1931 610 (α)

1115 624 1190 651 velut
1206 624 1408 658 percunctando
1420 625 1458 650 ait
1475 631 1482 650 :
1497 624 1564 650 Curti
1580 623 1650 651 Deus
1664 624 1701 650 sit
1714 623 1928 657 iucorporcm.

1116 674 1142 697 et
1160 670 1245 703 ﬁgura
1259 673 1370 701 careat,
1388 677 1447 702 quae
1459 669 1568 696 tandem
1586 669 1738 703 posteriora
1760 669 1829 703 ejus
1851 669 1901 694 vid
1918 673 1928 694 t

1116 715 1241 751 Moyses?
1262 715 1364 743 Deinde
1392 715 1500 742 solvens
1528 716 1705 750 quaestionem
1722 723 1730 741 :
1748 714 1924 744 Credimus,

1117 760 1217 794 inquit,
1238 766 1300 788 ante
1324 761 1423 788 saecula
1438 765 1466 788 et
1481 765 1543 788 ante
1559 765 1672 787 cunctas
1688 765 1838 787 creaturas
1856 768 1926 786 ρεδε

1118 805 1202 833 Deum
1226 810 1312 833 totum
1330 807 1418 834 solutn
1436 807 1598 833 increatuin.
1625 805 1661 832 Ex
1677 813 1731 840 quo
1754 806 1796 837 tit,
1817 810 1851 832 ut
1872 813 1925 838 pw-

1119 852 1235 879 stcriora
1254 851 1300 878 Dei
1319 852 1374 879 sint
1388 856 1530 882 creatura),
1544 855 1570 878 et
1587 858 1680 878 earum
1695 850 1832 882 rationes,
1847 858 1889 883 qu
1911 857 1925 876 s

1120 905 1182 925 cum
1195 898 1308 925 vidisset
1323 898 1460 932 exposuit,
1478 897 1604 931 inquiens
1620 905 1627 922 :
1645 896 1676 922 In
1689 896 1824 930 principio
1840 904 1924 922 creu-

1119 943 1155 969 vit
1173 942 1248 969 Deut
1262 942 1353 969 omium
1368 948 1392 968 ει
1410 947 1518 969 terram.
1546 941 1611 968 Item
1636 942 1743 967 divintts
1756 939 1922 974 Gregorius

1118 987 1259 1022 Nyssenus
1275 987 1302 1014 iit
1328 987 1397 1014 libro
1414 986 1451 1014 De
1469 987 1524 1014 vita
1540 986 1662 1021 Moysis:
1678 986 1787 1017 Gloria,
1811 986 1921 1020 inquit,

1120 1034 1253 1065 increala,
1270 1038 1369 1060 natura
1386 1033 1490 1060 scilicet
1508 1032 1599 1059 divina
1621 1031 1731 1058 omnino
1751 1035 1795 1058 est
1809 1038 1922 1057 secun-

1118 1080 1183 1107 dum
1201 1088 1229 1107 se
1243 1079 1397 1112 inelIabilis,
1412 1084 1438 1106 et
1453 1087 1513 1114 quae
1530 1078 1722 1113 comprehendi
1738 1085 1792 1105 non
1819 1083 1920 1112 potest

1119 1134 1206 1160 neque
1225 1126 1330 1157 videri;
1348 1126 1416 1152 nihil
1430 1125 1502 1152 enim
1519 1124 1592 1159 quod
1607 1129 1667 1156 est,
1686 1125 1773 1158 ipsum
1791 1124 1850 1150 hoc
1866 1131 1919 1158 per

1122 1181 1152 1200 se
1169 1173 1219 1207 (1),
1238 1172 1339 1199 nudum
1355 1171 1392 1206 ('2)
1409 1175 1498 1205 potest
1517 1170 1694 1202 intelligentia
1711 1169 1814 1204 liquide
1837 1177 1919 1198 coni-

1121 1217 1264 1253 prehendi,
1283 1221 1330 1243 aut
1347 1215 1436 1242 oculis
1453 1215 1576 1249 corporis
1594 1215 1647 1241 ullo
1661 1214 1741 1241 modo
1756 1215 1854 1248 cerni;
1874 1216 1919 1242 in-

1119 1268 1241 1290 creatum
1257 1262 1329 1290 enim
1345 1266 1397 1289 est.
1413 1261 1489 1293 Quod
1506 1265 1596 1287 autem
1612 1265 1653 1287 est
1668 1261 1833 1294 incrcatutn,
1853 1263 1917 1288 titil-

1119 1309 1163 1335 lus
1179 1311 1267 1343 potest
1284 1307 1371 1334 oculis
1391 1307 1515 1341 corporis
1527 1314 1648 1338 cernere,
1660 1307 1788 1340 quamvis
1804 1307 1915 1342 Moyses

1119 1355 1166 1391 sit,
1186 1354 1312 1388 quamvis
1331 1353 1443 1384 Paulus,
1461 1353 1507 1387 qtti
1526 1353 1552 1379 in
1568 1352 1676 1379 tertium
1694 1353 1794 1380 ctelutn
1814 1361 1914 1380 ascul-

1119 1401 1168 1430 dit.
1184 1399 1309 1434 quamvis
1324 1399 1436 1433 angelus
1450 1399 1485 1425 sit
1498 1398 1543 1432 qui
1554 1397 1638 1425 Deum
1649 1398 1733 1425 videt.
1746 1398 1826 1430 Quod
1837 1399 1912 1425 enim

1119 1454 1182 1473 vere
1196 1451 1249 1480 est,
1268 1452 1330 1472 vera
1346 1445 1398 1471 vita
1413 1450 1465 1477 est,
1482 1446 1533 1472 hoc
1550 1449 1638 1471 autem
1654 1445 1688 1471 ab
1701 1445 1798 1478 angelo
1814 1451 1860 1471 aut
1876 1448 1913 1471 ali

312 1489 460 1524 Gregorius
487 1489 655 1522 Theologus,
685 1488 710 1515 in
739 1488 856 1515 secunda
883 1488 1006 1515 oratione
1032 1487 1065 1514 de

1124 1492 1231 1518 homine
1248 1490 1377 1525 cognosci
1403 1497 1456 1517 non
1476 1494 1574 1525 potest.
1591 1490 1629 1516 Ex
1651 1489 1751 1524 quibus
1768 1489 1841 1516 clare
1859 1498 1911 1516 no-

278 1536 427 1570 theologia:
439 1535 588 1563 Currebam
599 1535 721 1570 quidem,
730 1535 818 1569 inquit
838 1539 965 1569 tanquam
979 1535 1063 1562 Deum

278 1583 435 1616 cognitione
460 1581 726 1616 comprehensurus;
741 1570 822 1614 atque
849 1581 885 1607 ita
909 1581 1019 1607 ascendi
1036 1581 1063 1607 in

280 1633 418 1659 montem.
445 1633 472 1654 et
498 1627 577 1654 divisi
601 1627 700 1654 nubem
721 1626 748 1653 in
773 1633 833 1654 eam
860 1627 1009 1662 ingressus.
1035 1625 1067 1652 Et

279 1674 378 1708 paucis
393 1673 543 1708 intetjectis
559 1681 566 1699 :
581 1672 650 1700 Cum
664 1672 786 1707 paulum,
798 1672 896 1707 inquit,
915 1673 1068 1707 prospexis-

280 1727 348 1751 sent,
364 1727 420 1747 non
435 1719 488 1745 vidi
507 1719 620 1753 primam
638 1724 669 1746 et
683 1722 813 1746 :eternam
827 1711 964 1744 naturam
979 1738 986 1749 ,
1007 1726 1068 1752 qua:

280 1766 345 1797 sibi,
362 1765 388 1791 id
404 1769 456 1796 est,
472 1764 598 1791 Trinitati
615 1769 678 1791 nota
697 1769 748 1796 est,
765 1769 792 1791 et
806 1769 908 1798 quanta
926 1764 996 1791 intra
1012 1765 1068 1799 pri-

281 1818 357 1838 mum
375 1810 462 1837 velum
485 1816 588 1842 manet,
607 1815 634 1837 et
649 1818 662 1836 a
677 1809 842 1837 Cherubinis
858 1810 1010 1844 contegitur
1024 1811 1046 1825 “
1060 1819 1067 1842 ;

282 1854 330 1881 sed
345 1853 416 1880 illam
428 1861 488 1888 qua
503 1858 624 1880 extrema
641 1858 695 1885 est,
708 1858 734 1880 et
746 1854 780 1880 ad
799 1861 847 1880 nos
865 1854 997 1888 pervadit,
1010 1862 1070 1889 qua:

283 1904 326 1926 est
345 1900 488 1934 (quantum
502 1899 635 1935 intelligo)
649 1899 800 1934 amplitudo
816 1899 872 1931 illa,
888 1900 930 1927 vel
943 1904 972 1927 ut
986 1901 1070 1928 David

284 1946 324 1973 ait
341 1945 375 1978 ”,
398 1945 599 1979 magniﬁcentia
611 1965 617 1977 ,
631 1952 691 1980 qua).
709 1945 736 1972 in
751 1945 898 1977 creaturis.
914 1950 940 1972 et
964 1945 997 1973 iis
1011 1953 1072 1980 qua:

285 1992 320 2019 ab
336 1991 396 2025 ipso
410 1991 505 2018 eﬂ'ecta
523 1995 625 2018 suntet
642 1991 839 2025 gubernantur,
854 1991 976 2018 cernitur
991 2000 998 2018 :
1014 1993 1071 2019 ha-c

284 2038 357 2064 enim
384 2042 447 2064 sunt
472 2037 621 2072 posteriora
638 2036 685 2064 Dei
701 2036 733 2065 ¹⁸.
756 2044 815 2070 qua:
838 2036 900 2072 post
923 2044 985 2063 eum
1011 2043 1074 2064 sunt

283 2084 371 2117 ipsius
395 2083 514 2116 indicia;
533 2084 605 2111 sicut
623 2083 689 2111 solis
716 2083 818 2110 umbrat
846 2087 871 2110 et
896 2083 1026 2118 imagines
1046 2083 1073 2110 in

284 2131 374 2165 aquis,
396 2137 456 2163 quae
481 2129 595 2156 infirmis
618 2129 705 2156 oculis
725 2127 809 2155 solem
826 2134 965 2161 utcunque
983 2133 1069 2155 ostcnt

1116 1537 1217 1570 t’uscit,
1247 1536 1452 1563 valentissimos
1483 1535 1565 1562 etiam
1593 1535 1736 1569 theologos
1762 1543 1815 1562 non
1840 1535 1910 1562 ultra

1117 1586 1269 1610 creaturam
1287 1582 1413 1616 progredi
1428 1581 1454 1608 in
1471 1581 1504 1608 iis
1518 1582 1618 1615 quibus
1640 1580 1723 1607 Deutn
1739 1581 1848 1613 vident;
1862 1582 1909 1607 srd

1118 1629 1209 1662 potius
1226 1627 1314 1662 ipsam
1343 1631 1510 1658 creaturatn,
1534 1632 1562 1653 et
1582 1634 1643 1662 qum
1670 1627 1698 1653 in
1723 1632 1820 1653 natura
1848 1629 1908 1660 ejus

1100 1678 1106 1681 ‘
1118 1674 1223 1706 insunt,
1237 1673 1424 1700 considerare.
1439 1673 1517 1706 Quod
1534 1673 1555 1700 si
1579 1673 1612 1700 ad
1638 1672 1710 1700 hunc
1725 1673 1834 1700 modum
1849 1692 1856 1704 ,
1881 1679 1909 1698 et

1118 1719 1168 1746 hac
1188 1720 1230 1746 via
1249 1724 1276 1746 et
1293 1719 1400 1746 ratione
1428 1719 1462 1746 de
1485 1719 1540 1746 Deo
1567 1719 1728 1752 diSseruut,
1754 1727 1907 1746 nec-ivssu...

1118 1765 1259 1800 sequitur,
1279 1765 1442 1800 theologiam
1466 1773 1526 1799 qua:
1554 1766 1579 1792 in
1605 1767 1747 1800 negatione
1773 1771 1906 1793 versatur-

1120 1810 1199 1846 longe
1214 1811 1429 1844 praestantiorem
1447 1817 1519 1841 esse,
1538 1815 1565 1836 et
1589 1811 1622 1837 ad
1648 1806 1902 1845 conteniplaiionem

1121 1856 1208 1891 magis
1224 1856 1347 1883 idoneam
1362 1864 1394 1883 ea
1413 1857 1548 1891 theologia
1562 1875 1570 1888 .
1596 1864 1657 1891 quae
1681 1857 1707 1884 iu
1735 1858 1907 1885 allirtiiatiOne

1121 1904 1255 1930 cernitur.

1427 1959 1542 1988 CAPUT
1561 1960 1606 1987 IX.

1124 2016 1199 2049 Quod
1213 2017 1240 2044 in
1258 2016 1395 2052 Theologiu
1420 2017 1626 2044 demonstrativa
1652 2017 1735 2051 magis
1757 2017 1858 2051 propria
1878 2022 1904 2043 (ιι

1159 2052 1290 2086 ρτωτὶραα
1314 2057 1352 2078 est
1376 2052 1422 2086 illa
1439 2060 1497 2086 qua:
1516 2053 1542 2078 in
1567 2053 1746 2085 negotianqu
1772 2059 1904 2084 vertatur,-

1161 2094 1184 2113 et
1201 2087 1269 2121 quod
1297 2088 1323 2112 itt
1339 2086 1387 2113 Itac
1407 2085 1548 2121 Theologia
1572 2087 1756 2122 affirmatione:
1777 2095 1825 2113 non
1845 2093 1903 2113 sunt

1161 2121 1302 2148 contrariw
1325 2122 1516 2155 purgationibus.

286 2176 376 2202 dunt:
391 2176 524 2210 siquidem
544 2174 714 2209 impossibile
736 2179 777 2201 est
794 2174 877 2200 solent
905 2174 1005 2201 intueri
1021 2175 1071 2202 ad-
1089 2170 1110 2197 D
1162 2177 1293 2204 Summus
1309 2177 1452 2212 theologus
1471 2178 1635 2212 Dionysius,
1661 2178 1749 2212 primo
1769 2178 1852 2212 capite
1867 2179 1902 2206 De

285 2228 412 2251 versum,
427 2221 505 2255 cujus
523 2219 610 2246 radiis
628 2220 701 2246 acies
725 2219 864 2246 oculorum
890 2219 1017 2246 vincitur.
1035 2220 1074 2247 Ad

290 2267 363 2294 hunc
384 2267 467 2302 igitur
488 2266 600 2293 modum
629 2265 662 2292 de
686 2264 741 2291 Deo
765 2265 1011 2300 pliilosophabcris,
1035 2268 1073 2294 sis

329 2345 350 2361 “
369 2345 456 2372 Exod.
472 2351 577 2372 xxxv“.
617 2342 720 2370 "Psal.
732 2351 792 2375 vui,
830 2344 852 2359 ¹⁸
879 2343 964 2371 Exod.
982 2352 1078 2373 xxxttt.

1117 2347 1137 2362 "
1153 2347 1241 2380 Exod,
1264 2356 1311 2376 \‘Il.

1128 2224 1237 2258 mystica
1249 2223 1380 2258 theologia
1395 2231 1404 2250 :
1422 2223 1544 2258 Oportet,
1562 2225 1648 2258 inquit
1663 2224 1713 2259 (ὅ),
1729 2224 1797 2251 inea
1810 2233 1902 2260 ponere

1130 2271 1157 2294 et
1182 2266 1317 2295 alIirniare
1342 2276 1438 2296 omnes
1456 2269 1579 2296 otnniutn
1601 2278 1693 2298 rerum
1720 2271 1901 2300 allirniationes

1349 2348 1371 2364 ¹⁸
1387 2348 1409 2374 ιι
1432 2347 1496 2376 Cor.
1521 2357 1590 2377 xm.

1020 2412 1154 2446 Scholia.

324 2467 365 2502 (l)
381 2466 457 2498 Quod
470 2470 512 2502 est
524 2463 608 2499 ipsum
623 2465 671 2502 hoc
686 2471 731 2496 per
744 2471 779 2489 se.
793 2461 881 2502 .Nulla
890 2468 1012 2493 creatura
1029 2469 1071 2502 est

290 2497 339 2536 per
356 2497 427 2528 se’id
442 2501 513 2534 quod
529 2497 579 2536 est,
598 2500 644 2526 sed
669 2507 714 2536 per
730 2497 977 2536 participationem,
995 2499 1071 2525 solus

291 2532 363 2564 Deus
380 2541 422 2562 est
436 2532 524 2569 ipsum
549 2535 608 2565 hoc,
625 2535 696 2569 quod
718 2537 759 2560 est
774 2540 820 2567 per
836 2540 875 2563 se,
886 2532 923 2569 _id
947 2537 999 2563 est,
1024 2540 1073 2559 sua

290 2571 410 2599 essentia
423 2591 430 2603 ,
445 2566 472 2597 et
487 2578 565 2597 suum
579 2566 640 2596 esse
651 2589 659 2602 ,
678 2573 706 2595 et
720 2566 780 2595 non
789 2566 942 2594 secundum
961 2569 1074 2600 partiet-

311 2608 440 2633 atiouetn.

291 2615 503 2675 “gignunt.
518 2639 545 2667 Id
560 2643 613 2671 est,
633 2637 781 2676 secundum
798 2636 977 2676 substantiam
992 2643 1073 2676 suam

292 2671 423 2707 tantum,
441 2682 536 2702 etnon
557 2674 706 2701 secundum
730 2681 762 2700 ea
780 2680 840 2707 qua:
864 2671 967 2699 circum
991 2671 1079 2705 ipsum

290 2716 369 2745 sunt,
384 2712 409 2737 id
422 2716 475 2744 est,
491 2715 642 2737 creaturas.

328 2793 367 2826 (ιι)
382 2791 483 2823 anrst.
501 2792 532 2819 ad
555 2792 731 2821 Antiochum.

1163 2466 1200 2505 (ξ)
1213 2466 1319 2505 Oportet
1331 2475 1426 2501 ponere
1441 2471 1466 2505 et
1478 2468 1626 2502 afﬁrmare.
1639 2469 1723 2497 Deum
1734 2472 1818 2499 omnia
1832 2481 1897 2505 esse.

1129 2507 1159 2527 ut
1176 2501 1258 2527 Deum
1279 2502 1368 2532 decet.
1387 2504 1485 2536 positio
1496 2501 1542 2530 1-th
1556 2513 1563 2536 ;
1578 2510 1604 2530 et
1636 2506 1702 2531 niliii
1725 2514 1814 2532 eorum
1832 2501 1895 2539 esse,

1130 2541 1252 2576 ut_supra
1266 2538 1445 2576 substantiam
1462 2543 1513 2576 est,
1530 2539 1637 2576 negatio
1653 2548 1659 2571 ;
1677 2547 1816 2576 uirumque
1840 2550 1895 2576 pro-

1131 2571 1188 2608 prie
1206 2572 1342 2608 dictturin
1362 2573 1407 2598 Dei
1427 2571 1615 2605 amplitudine,
1634 2579 1662 2600 ut
1685 2575 1756 2603 Deus
1777 2571 1815 2603 est
1838 2571 1894 2608 vita.

1132 2606 1259 2645 Deusest
1271 2607 1387 2638 bonitas,
1402 2613 1500 2645 positio
1513 2613 1539 2634 et
1554 2609 1700 2636 aitirtuatio
1711 2615 1764 2642 est,
1777 2611 1837 2638 Deus
1848 2606 1894 2638 non

1131 2644 1173 2666 est
1187 2642 1251 2680 vita,
1273 2649 1324 2668 non
1337 2649 1376 2668 est
1393 2642 1637 2680 bonitas,_‘n‘egatio
1652 2652 1713 2671 vera
1730 2650 1780 2678 est,
1793 2647 1848 2680 quia
1861 2651 1896 2673 est

1135 2683 1216 2702 supra
1233 2675 1288 2704 h.i:c
1299 2684 1359 2711 qua:
1374 2684 1426 2705 nos
1438 2675 1624 2713 intelligimus.
