1954 3071
92 124 155 157 785

97 191 134 209 ae
156 185 247 208 motus
264 180 334 207 idem
353 182 436 205 sunt:
462 186 492 205 ac
511 176 625 206 Droindc
652 182 823 210 consequens
838 178 890 206 est,
908 176 926 203 Α

97 235 130 256 ιιι
148 227 280 255 habitudo
295 231 322 253 et
338 232 427 252 mo'us
445 224 491 251 Dei
518 225 550 251 ad
567 223 721 250 clliciendas
736 227 887 251 creaturas,

96 278 127 300 ct
143 281 189 300 ars
204 277 230 299 rt
246 271 379 306 sapientia
395 274 420 296 et
439 269 557 304 potentia
573 274 598 296 et
615 268 756 303 generatio
779 270 889 293 creatu-

98 327 210 350 rarum,
225 324 253 346 et
268 317 407 345 cmauatio
421 320 448 343 et
461 315 584 349 operatio
602 315 661 348 ejus
675 313 744 340 idem
762 313 828 339 sint.

414 371 528 400 CAPUT
551 371 582 398 ν.

102 432 185 464 Quod
211 438 372 466 ιιιιιῑιειιιισιιθ
390 429 494 466 habent
521 428 650 454 ratimtem
669 424 839 458 operationis.
866 428 890 464 ςι

144 468 230 493 ntrdiu
253 475 309 492 esse
335 465 500 498 probantur,
517 467 614 489 natura
631 469 677 494 per
702 469 729 498 se
747 468 797 485 ιιοιι
822 466 892 486 (xst-

142 507 231 533 ⁷ςιιιηις
246 507 270 528 ει
285 495 344 527 sttui
361 499 540 529 solummodo.
557 501 685 532 quatenus
706 495 783 528 ﬁunt.

146 548 256 582 Magnus
271 546 387 573 Basilius
401 545 469 572 libro
481 549 589 578 quarto,
600 542 700 569 Con'ra
718 540 892 566 Eunomiam:

106 595 150 625 Si,
168 594 266 628 inquit,
281 600 350 626 opus
362 597 401 619 est
416 590 510 622 Filius,
526 594 553 617 et
569 596 622 615 non
638 595 759 623 germen,
783 594 832 613 nec
846 585 892 620 qui

105 645 238 674 operatus
255 645 306 670 est,
324 646 372 664 nec
386 638 507 672 operatio
528 641 569 662 est
582 635 658 670 ipse;
674 634 746 661 aliud
763 633 834 659 enim
851 637 894 659 est

106 687 232 720 operatio
257 690 354 720 praeter
374 684 442 716 ista;
470 682 569 716 alioqui
599 689 650 707 non
678 680 819 708 exsi-terct
847 686 895 713 per

106 741 154 766 se;
176 733 248 759 nulla
269 732 341 757 enim
359 731 483 764 operatio
506 736 554 763 per
567 735 597 754 se
620 726 739 754 exsistit.
767 726 815 752 S‘n
831 731 896 752 vero

107 785 148 805 est
174 785 242 812 Oltlts
263 778 360 811 ipsum,
384 776 506 810 sequitur
529 778 557 801 ut
581 773 615 801 sit
639 773 734 801 tertius
750 780 781 798 ex
803 771 893 801 Patre,

107 832 136 852 et
155 833 208 851 non
227 824 284 850 sine
306 822 477 854 inter-medio,
496 826 537 848 est
553 820 624 847 enim
641 820 739 854 primo,
761 818 806 853 qui
832 825 896 852 ope-

110 877 188 897 ratus
199 875 248 902 est,
263 873 355 903 postea
367 867 501 902 operatio,
512 871 539 894 et
554 867 589 893 ita
605 867 685 893 tertio
700 872 768 899 opus
781 864 893 891 factum.

110 919 143 946 Et
160 918 250 946 Basilii
267 920 349 944 lrater
363 916 508 950 Gregorius
526 914 674 950 Nysscnus,
690 913 758 940 libro
776 912 896 939 secundo

111 965 332 1000 (Ianfutationum
358 970 476 996 arguens
507 961 690 993 Eunomium,
724 959 768 994 qtti
798 959 895 986 Filium

111 1013 203 1039 aiebat
216 1019 276 1038 esse
293 1010 410 1044 sigillum
431 1008 598 1043 operationis
613 1006 662 1034 Dei
679 1005 873 1040 omnipotentis
887 1014 895 1032 :

111 1059 245 1090 Tertium,
263 1058 358 1092 inquit,
376 1056 440 1083 furit
460 1060 521 1089 post
546 1054 652 1080 Patrem
680 1053 723 1080 illa
741 1051 898 1086 operatione

113 1113 167 1132 non
199 1112 246 1138 per
265 1111 294 1131 se
323 1103 472 1130 exsistenle
499 1100 684 1128 inter-media:
710 1100 765 1126 imo
792 1099 899 1125 videtur

114 1151 205 1177 facere
222 1158 284 1177 eum
312 1156 364 1175 non
388 1155 458 1175 esse.
482 1148 515 1174 Et
530 1147 628 1174 iterum
646 1147 671 1173 iu
690 1147 784 1173 codctn
804 1145 872 1171 libro
889 1154 896 1171 :

113 1197 166 1229 Qui
195 1195 285 1226 habet,
314 1194 413 1228 inquit.
430 1201 512 1220 aures
533 1191 671 1224 audiendi,
702 1190 900 1218 animadvertat

114 1248 142 1268 et
158 1241 312 1268 consideret
327 1240 398 1274 quod
419 1243 462 1266 est
482 1238 648 1273 operationis
663 1236 792 1271 sigillum.
805 1236 900 1263 Omnis

114 1290 188 1316 enim
203 1288 325 1322 opt-ratio
341 1285 460 1314 cernitttr
483 1285 510 1312 in
531 1285 689 1312 elaborante
704 1283 818 1317 aliqttid,
841 1290 901 1316 pcr-

117 1335 189 1362 ircto
205 1340 295 1361 autem
312 1333 384 1368 quod
410 1331 612 1362 elaborabatur,
634 1338 687 1357 non
713 1328 820 1356 exsiStit
842 1337 848 1354 :
874 1332 902 1354 ut

115 1380 240 1415 operatio
273 1379 408 1410 cursoris,
435 1385 496 1413 qua:
527 1382 568 1405 est
599 1381 688 1403 motus
713 1374 758 1409 qui
789 1373 902 1408 pedibus

117 1427 272 1458 coniicitur,
301 1426 456 1460 quiescente
478 1429 563 1455 motu,
581 1432 634 1450 non
658 1422 774 1456 amplius
797 1419 903 1447 exsistit

118 1473 250 1508 opt-ratio.
267 1471 398 1499 Similiter
414 1470 558 1497 dicendum
575 1473 617 1496 est
631 1470 655 1495 in
680 1467 754 1494 omni
771 1465 903 1493 exercita-

119 1520 203 1551 tione,
220 1518 321 1553 pariter
343 1524 404 1544 cum
428 1516 516 1542 studio
543 1515 693 1542 laborantis
710 1514 736 1539 in
762 1520 789 1539 re
813 1512 903 1543 aliqua

119 1566 244 1593 desint-rc
257 1564 454 1599 operationem,
471 1570 524 1589 non
541 1562 673 1589 exsistere
690 1564 779 1586 autem
797 1566 844 1593 per
863 1565 902 1589 se,

121 1611 210 1645 usque
235 1617 296 1637 ctua
324 1609 385 1643 quis
413 1612 543 1642 operatur
570 1605 642 1641 quod
663 1604 714 1631 sibi
734 1602 904 1638 propositum

120 1663 160 1683 est
176 1655 208 1682 ad
226 1654 402 1682 laborandum
416 1653 443 1680 in
464 1659 496 1678 eo
520 1660 527 1678 :
546 1659 634 1685 neque
650 1657 711 1676 eum
726 1647 904 1675 laborandum

122 1705 149 1730 in
166 1711 209 1734 eo,
236 1709 324 1736 neque
346 1707 408 1727 cum
436 1699 559 1725 laborare
584 1696 694 1724 desinit.
724 1694 906 1729 Quidjgitur

122 1750 225 1784 cogitat
247 1747 436 1783 operationem
450 1753 511 1773 esse
528 1753 573 1779 per
590 1752 629 1775 se,
651 1750 714 1778 qua:
731 1749 818 1775 neque
840 1741 906 1767 sub-

123 1796 222 1823 stantia
248 1799 300 1826 est,
318 1789 404 1828 neque
423 1792 574 1823 character,
594 1791 620 1817 id
637 1795 688 1822 est,
711 1788 842 1823 sigillum,
857 1793 907 1813 nrc

125 1840 296 1878 bypostasis?
313 1839 384 1866 Dixit
406 1839 488 1873 ig'tur
509 1837 624 1864 similem
648 1843 710 1863 esse
739 1835 827 1869 ipsum
853 1840 906 1860 non

124 1886 263 1915 arsisti-nti
280 1893 326 1920 per
341 1892 381 1917 sc,
397 1883 470 1918 qttod
487 1887 576 1909 autem
597 1881 686 1908 simile
700 1884 742 1907 est
758 1887 811 1906 non
833 1878 907 1905 exsi«

125 1933 205 1960 stenti
215 1940 222 1963 ;
234 1930 388 1958 necessario
406 1936 454 1955 nec
469 1928 556 1961 ipsum
572 1931 613 1953 est
631 1934 637 1952 :
653 1926 704 1951 hoc
719 1929 761 1951 est
774 1930 908 1950 novorum

126 1978 283 2012 dogmatum
302 1980 465 2006 monstrum,
486 1973 597 2000 credere
614 1971 718 1998 scilicet
743 1970 770 1996 in
786 1977 847 1997 eum
862 1969 908 2004 qui

127 2031 180 2050 non
198 2026 252 2050 est.
268 2020 346 2054 Quod
361 2019 434 2046 enim
460 2018 501 2053 (ut
516 2018 613 2045 iterum
638 2015 738 2051 dicam)
766 2015 855 2042 simile
869 2019 911 2041 est

129 2068 165 2096 rei
179 2075 240 2103 quae
263 2074 319 2093 non
332 2070 384 2098 est,
403 2071 514 2098 prorsus
533 2071 582 2089 nec
599 2063 764 2098 ipsum_est.
784 2061 909 2096 Synotlus

128 2117 218 2140 autent
234 2118 249 2137 a
266 2110 409 2137 Theodoro
425 2109 553 2142 episcopo
565 2107 698 2134 Carorum
713 2111 808 2132 contra
826 2104 910 2131 .‘llaui-

128 2160 218 2185 chaos
235 2156 335 2187 habita,
351 2163 410 2189 quae
426 2154 511 2180 fertur
531 2153 557 2179 in
573 2152 607 2179 iis
628 2159 688 2186 qua:
704 2157 800 2178 contra
816 2158 910 2178 omnes

130 2206 246 2231 tueri-ses
256 2202 357 2236 scripta
379 2203 451 2228 sunt;
468 2199 504 2226 ait
523 2208 530 2225 :
547 2197 642 2225 Omnis
659 2198 780 2231 opt-ratio
793 2202 832 2223 est
849 2205 910 2224 cutn

131 2251 168 2280 tit,
185 2256 244 2283 quae
257 2255 307 2274 nee
322 2252 386 2273 ante
401 2249 503 2271 motum
517 2244 666 2278 operantis,
683 2243 707 2269 id
723 2247 774 2274 est,
795 2243 913 2270 actionis

130 2301 180 2326 est,
198 2301 286 2327 neque
300 2297 361 2327 post
375 2295 477 2318 molunt
496 2289 597 2317 durat:
615 2297 693 2324 opus,
711 2293 814 2316 tantttm
840 2289 912 2324 quad

130 2340 253 2367 etIrc-um
266 2342 318 2369 cst,
335 2345 404 2371 sirpe
416 2335 449 2362 ad
465 2335 624 2362 memoriam
640 2335 760 2362 actionis
775 2335 912 2369 relinquit.

132 2387 160 2413 Si
193 2385 274 2420 igitur
301 2383 410 2417 cuergia
435 2386 513 2408 actus
533 2385 584 2413 est,
610 2381 700 2408 omnis
720 2385 809 2408 autem
837 2385 914 2407 actus

131 2431 247 2464 alicujus
264 2428 423 2456 substantia:
443 2432 519 2454 actus
539 2432 596 2457 est,
616 2427 699 2462 igitur
722 2427 825 2461 absque
851 2427 917 2453 sub-

132 2478 229 2505 διςιινιιιι
246 2484 298 2502 non
317 2480 367 2501 est.
384 2475 422 2501 Ex
443 2474 486 2500 his
499 2474 673 2508 perspicuum
689 2477 742 2506 est,
760 2474 830 2507 quod
848 2481 916 2507 ope-

133 2524 204 2551 ratio
223 2522 356 2549 rationrm
375 2519 454 2546 medii
473 2518 594 2553 priel'crl,
619 2523 643 2545 et
668 2519 702 2545 ob
722 2526 781 2545 eam
805 2526 916 2545 causam

133 2577 186 2596 non
212 2567 319 2594 exsistit
342 2573 388 2599 per
403 2572 443 2597 se,
468 2563 694 2597 solummodoque
721 2567 763 2590 est
790 2571 850 2589 cum
878 2564 916 2593 Ιιι,

134 2623 188 2642 ιιιιιι
212 2619 275 2640 ante
299 2616 400 2639 motum
425 2610 574 2644 operantis,
597 2609 691 2639 idest,
717 2613 780 2635 ante
803 2614 915 2635 actum:

136 2666 223 2693 neque
252 2662 312 2692 post
346 2660 449 2682 motum
475 2658 626 2687 permanet.
657 2651 762 2680 Similis
790 2658 831 2679 est
854 2661 918 2687 ergo

136 2703 289 2739 opt-rationi
320 2701 410 2729 omnis
432 2699 588 2732 entanatio,
611 2703 637 2726 et
666 2699 816 2734 generati...
846 2699 920 2733 ptin-

137 2751 237 2786 ripium
262 2753 289 2776 et
313 2755 407 2779 causa,
429 2752 464 2772 ιιι-
482 2753 515 2772 ex
542 2745 730 2779 superioribus
747 2746 920 2772 detuonstran

137 2803 190 2825 tur.

492 118 612 158 DECAS
632 114 692 148 Ι-ΙῙ.
711 130 746 135 —
766 117 814 147 DE
831 115 982 147 DlVlNIS
998 114 1326 146 EMANATIONIBUS.
1670 110 1725 142 786

1241 171 1356 199 CAPUT
1386 171 1427 198 \'l.

943 229 1017 263 Quod
1031 230 1099 256 sicut
1113 230 1229 263 operatio
1249 235 1286 256 ecl
1302 238 1390 255 eorum
1412 237 1470 262 qua:
1487 229 1565 262 ﬁunt.
1580 232 1604 255 ct
1618 236 1731 254 emana-

977 265 1013 290 tiu
1029 273 1117 291 eorum
1135 272 1193 300 qum
1212 270 1354 296 emunanl;
1372 265 1410 290 sic
1425 269 1449 290 (ιι
1466 264 1587 290 voluntati
1604 269 1627 290 et
1640 271 1705 297 ιιπρε
1717 278 1727 282 -

978 300 1036 326 tilio
1053 308 1144 326 eorum
1162 308 1219 333 quw
1234 300 1295 326 υι-ιΙε
1312 305 1336 326 rt
1356 300 1442 334 expeti
1463 299 1602 332 contingit.

979 357 1092 391 Magnus
1106 357 1271 384 Athanasius
1286 357 1356 383 libro
1376 357 1456 383 tertio
1471 355 1570 382 Contra
1584 355 1699 382 Ariuuos
1717 362 1728 382 τ

943 401 1030 432 Sicut,
1049 402 1146 437 inquit,
1159 403 1291 429 voluntati
1306 402 1454 436 opponitur
1470 401 1495 428 id
1510 401 1581 434 quod
1599 406 1639 428 est
1658 408 1728 434 prae-

945 453 985 475 ter
1002 453 1131 478 mentem.
1156 449 1195 475 sic
1220 453 1330 482 superat
1358 452 1385 474 et
1411 447 1540 482 prmcetlit
1562 447 1728 473 voluntatem

945 495 1018 529 quod
1037 495 1161 521 naturale
1177 500 1227 532 (χει.
1243 494 1356 520 Domum
1376 494 1456 528 igitur
1472 493 1608 528 quispiam
1624 493 1729 520 delibe-

945 541 1031 568 rando
1059 541 1195 572 fabricat;
1225 541 1308 567 ﬁlium
1335 548 1400 566 vero
1419 540 1578 567 naturaliter
1605 543 1729 574 generat,

946 593 1027 620 atque
1043 587 1109 613 illud
1129 587 1239 620 quidem
1256 587 1328 620 quo-l
1346 586 1483 612 voluntate
1501 586 1539 618 tit,
1555 586 1637 618 erepit
1657 591 1729 616 esse,

946 637 972 659 ct
997 638 1073 659 cxtra
1094 640 1156 658 eum
1184 632 1230 666 qui
1252 632 1326 662 fecit,
1344 636 1401 662 est;
1429 631 1499 658 illius
1516 637 1580 656 vero
1606 630 1731 664 proprius

949 679 1019 706 fctus
1032 683 1076 706 est
1093 678 1253 706 substantia:
1269 678 1362 711 patris,
1378 681 1404 703 ct
1426 684 1478 703 non
1493 680 1534 703 est
1552 680 1625 702 extra
1646 682 1705 701 rum
1722 683 1732 705 ;

947 725 1123 759 quamobrem
1142 732 1194 751 non
1212 724 1342 750 deliberat
1357 723 1389 749 de
1404 730 1446 754 eo,
1464 730 1496 749 ne
1513 722 1636 748 videatur
1650 721 1731 748 etiam

948 772 981 797 de
998 779 1026 798 se
1043 770 1102 805 ip~o
1117 771 1282 797 deliberare.
1301 769 1410 802 Quanto
1432 769 1512 802 igitur
1527 767 1633 794 cxrrllit
1650 767 1739 796 tilias,

949 822 1024 843 tanto
1037 816 1108 850 quod
1123 821 1219 843 natura
1236 816 1275 847 iit,
1291 816 1397 842 extollit
1413 815 1438 840 id
1455 815 1524 847 quod
1542 814 1680 839 \ttiun‘ale
1694 814 1733 838 lit.

949 861 1054 888 Rursus
1070 861 1140 888 idem
1165 862 1190 886 iu
1211 861 1395 894 disputatione
1409 859 1496 886 Nirezc
1509 865 1604 885 contra
1619 858 1711 883 Arium
1727 866 1734 883 :

948 908 981 935 Et
1004 907 1113 942 quidem
1133 907 1205 942 quod
1224 914 1277 933 non
1294 907 1358 934 sint
1382 906 1454 932 idem
1479 906 1604 931 voluntas
1620 908 1647 930 et
1669 905 1736 930 sub-
1779 893 1787 897 ⁷

949 953 1060 985 stantia,
1083 952 1139 980 lucc
1164 957 1316 979 estnostra
1335 952 1414 983 ratio,
1439 951 1540 978 idcirco
1554 950 1625 977 enim
1651 949 1744 975 lilinur

949 999 1065 1025 dicimus
1091 1006 1150 1025 esse
1177 997 1259 1024 fetum
1279 997 1449 1027 substantim,
1485 1003 1534 1023 nos
1561 1002 1626 1022 vero
1651 994 1735 1021 fetum

949 1044 1108 1076 voluntatis,
1133 1049 1163 1071 ut
1179 1049 1270 1070 autem
1292 1048 1318 1070 ιιι
1338 1043 1476 1073 concedis,
1499 1049 1552 1068 non
1577 1045 1640 1068 sunt
1665 1039 1735 1066 idem

950 1091 1078 1117 voluntas
1104 1095 1130 1117 et
1159 1090 1339 1122 substantia;
1371 1087 1524 1115 substantia
1555 1094 1619 1114 vero
1646 1092 1739 1119 neque

950 1138 1042 1171 rtepil,
1055 1144 1142 1172 neque
1154 1135 1260 1163 desinet
1277 1145 1283 1167 ;
1299 1143 1351 1162 non
1375 1135 1456 1169 igitur
1473 1135 1562 1168 imago
1576 1133 1667 1166 catpit,
1688 1139 1736 1158 ιιι--

950 1191 1004 1218 que
1022 1183 1137 1212 desinet.
1153 1182 1279 1209 Voluntas
1294 1189 1357 1207 vero
1369 1185 1396 1207 rt
1413 1180 1519 1214 incipit,
1538 1184 1564 1205 ct
1580 1178 1690 1205 desinit.
1704 1177 1737 1204 Et

951 1228 1101 1263 Gregorius
1126 1228 1292 1263 Tbcologus,
1311 1228 1336 1254 in
1367 1227 1436 1253 libro
1455 1226 1490 1252 De
1505 1231 1577 1252 statu
1602 1225 1738 1258 episeopo-

953 1283 1010 1301 rum
1027 1282 1036 1300 :
1058 1274 1121 1306 Fac,
1145 1274 1243 1307 inquit,
1262 1273 1328 1301 velis
1354 1273 1410 1299 ﬁeri
1427 1273 1522 1304 liliutn,
1541 1275 1568 1298 ct
1586 1271 1631 1297 iiat
1649 1271 1737 1301 Iilius;

953 1320 995 1346 fac
1011 1320 1134 1346 similiter
1151 1319 1217 1345 velis
1235 1319 1292 1345 iieri
1309 1318 1448 1353 quidpiam
1472 1317 1544 1343 aliud
1566 1324 1661 1343 eorum
1679 1323 1739 1350 qua:

954 1364 1032 1395 fiunt,
1054 1368 1081 1390 et
1110 1364 1237 1398 procedat
1256 1365 1380 1390 voluntas
1409 1362 1435 1389 in
1460 1370 1547 1396 opus;
1569 1362 1645 1389 ιιι-εἱ
1674 1361 1740 1388 nihil

955 1411 1052 1437 hormn
1081 1411 1208 1444 sequitur
1235 1410 1425 1440 voluntatem,
1459 1409 1541 1435 Deum
1569 1415 1632 1434 vero
1662 1407 1740 1439 velle,

955 1456 1044 1482 facere
1067 1460 1107 1482 est
1121 1477 1128 1487 ,
1151 1447 1230 1481 aliter
1247 1455 1357 1489 quidem
1378 1455 1459 1480 Ιιιιιιιί
1479 1459 1565 1486 creat,
1583 1454 1661 1480 a'iter
1679 1461 1700 1479 v:
1712 1461 1743 1479 ro

917 1509 939 1539 ρ
956 1507 1063 1529 creator
1078 1501 1199 1528 omnium
1223 1501 1305 1528 Deus.
1330 1500 1362 1528 Et
1381 1504 1494 1528 sanctus
1515 1500 1639 1527 Justinus
1655 1499 1744 1534 p‘:ilo-

957 1548 1061 1581 sophus
1075 1551 1102 1574 et
1119 1552 1232 1581 martyr,
1255 1547 1280 1574 iu
1305 1547 1373 1573 libro
1396 1546 1497 1574 Contra
1523 1546 1652 1581 gentiles:
1675 1545 1743 1572 Cum

958 1594 1039 1625 Deus,
1056 1593 1155 1627 inquit,
1173 1593 1270 1620 habeat
1286 1593 1468 1620 substantiam
1493 1592 1601 1626 quidem
1626 1596 1655 1618 ut
1671 1591 1745 1618 casi-

957 1644 1020 1671 stat,
1036 1640 1204 1666 voluntatem
1224 1647 1288 1666 vero
1314 1644 1342 1666 ut
1366 1643 1451 1670 creet,
1473 1639 1516 1673 qui
1539 1638 1699 1664 substantia-
1718 1642 1746 1663 ιι

957 1685 1103 1712 voluntatis
1125 1684 1306 1711 diil‘rrentiam
1324 1685 1428 1719 abiicit,
1451 1684 1638 1711 exsistentiam
1663 1684 1745 1710 sintul

957 1736 982 1757 ct
999 1732 1165 1757 creationem
1198 1731 1267 1758 tollit
1290 1739 1297 1757 :
1325 1731 1513 1762 exsistentiam
1543 1730 1653 1764 quidem
1686 1729 1745 1760 Dei,

958 1776 1122 1803 creationem
1140 1784 1203 1803 vero
1219 1783 1312 1803 eorum
1340 1784 1399 1809 qua:
1416 1784 1468 1802 non
1494 1783 1524 1802 su
1539 1780 1569 1802 :t.
1599 1777 1630 1802 Ει
1665 1776 1746 1809 paqu

959 1827 1044 1857 post:
1063 1821 1221 1849 Substautia
1249 1822 1334 1854 enim,
1366 1822 1466 1855 inquit,
1490 1829 1543 1848 non
1577 1822 1673 1855 recipit
1691 1829 1745 1848 non

958 1875 1031 1899 esse,
1049 1868 1176 1894 voluntas
1193 1875 1258 1894 vero
1278 1868 1371 1901 recipit
1386 1875 1437 1893 non
1457 1875 1517 1894 esse
1532 1876 1538 1899 ;
1564 1868 1650 1893 voluit
1672 1869 1745 1893 enim

961 1914 1043 1945 Deus,
1066 1918 1094 1941 et
1120 1913 1206 1940 fartus
1226 1919 1268 1941 est
1284 1914 1336 1946 sol,
1363 1914 1449 1940 noluit
1468 1918 1497 1940 ιιι
1516 1914 1592 1940 tieret
1609 1914 1747 1940 secundus

961 1959 1013 1993 Sol,
1029 1965 1056 1986 et
1082 1967 1134 1986 non
1159 1964 1200 1986 est
1226 1961 1312 1985 lactus
1337 1968 1342 1985 :
1370 1967 1419 1986 nec
1444 1959 1516 1986 enim
1535 1967 1603 1993 opus
1627 1964 1695 1985 erat.
1716 1959 1749 1986 Et

960 2004 1079 2032 Joannes
1095 2004 1281 2032 Damastcnus
1298 2014 1303 2031 :
1326 2004 1411 2039 Opus,
1429 2004 1527 2039 inquit,
1550 2005 1647 2031 divitia:
1670 2009 1750 2030 natu-

962 2060 998 2079 ra:
1024 2052 1189 2085 sempiterna
1217 2051 1356 2085 generatio
1376 2056 1436 2083 est;
1463 2059 1531 2084 opus
1559 2058 1623 2078 vero
1649 2051 1749 2077 tii\iti:l‘.

962 2097 1111 2123 voluntatis
1131 2097 1246 2123 creatio.
1275 2095 1312 2122 lix
1343 2096 1385 2123 bis
1402 2096 1499 2130 liquet,
1517 2096 1749 2130 quemadmodum

964 2143 1089 2169 voluntas
1104 2142 1149 2169 Dei
1175 2142 1207 2168 ad
1226 2142 1374 2173 et'cattdtttit
1391 2146 1533 2168 creaturas
1558 2143 1695 2177 posterior
1708 2148 1751 2168 est

964 2194 991 2216 et
1005 2189 1113 2216 diversa
1129 2196 1143 2215 a
1161 2188 1316 2215 substantia
1339 2186 1396 2214 Dei.
1420 2187 1479 2219 Quo
1499 2187 1571 2214 enim
1598 2188 1751 2214 ministerio

965 2235 1086 2269 indigere
1102 2238 1193 2268 potest
1209 2234 1257 2268 (ait
1272 2241 1386 2267 magnus
1405 2232 1521 2260 Basilius
1537 2233 1571 2259 de
1593 2232 1751 2267 Unigeuito)

965 2281 988 2308 is
1002 2280 1048 2316 qui
1066 2280 1148 2307 simul
1163 2284 1191 2305 ut
1208 2280 1305 2310 voluit,
1318 2284 1444 2306 creatura
1458 2279 1564 2305 exsistit
1579 2287 1660 2313 quant
1677 2287 1709 2304 vu
1725 2279 1753 2305 t?

966 2325 994 2353 Si
1022 2326 1105 2359 igitur
1126 2324 1207 2352 simul
1234 2332 1298 2352 cum
1316 2324 1455 2351 voluntate
1478 2329 1604 2351 creatura
1632 2324 1752 2354 CVSiSIil.

966 2374 1038 2400 sicut
1051 2381 1103 2401 non
1118 2379 1158 2401 est
1171 2381 1203 2400 ev
1216 2374 1368 2400 .eteruitate
1382 2377 1520 2404 creatura,
1535 2372 1575 2399 sic
1593 2380 1641 2399 nec
1655 2373 1753 2399 volun-

967 2426 1008 2447 tas
1023 2430 1080 2447 eam
1096 2420 1217 2451 creandi.
1232 2425 1258 2447 et
1274 2427 1354 2454 opus,
1371 2427 1439 2453 opus
1455 2420 1527 2446 enim
1543 2419 1587 2446 Dei
1608 2419 1674 2446 velle
1688 2425 1724 2446 est
1743 2429 1751 2451 ;

966 2472 993 2494 et
1012 2467 1081 2494 sicut
1097 2473 1165 2500 opus
1183 2466 1329 2492 voluntatis
1358 2469 1400 2492 est
1418 2470 1555 2496 creatura,
1581 2469 1607 2491 el
1633 2466 1689 2491 bmc
1707 2472 1750 2491 vo-

968 2513 1100 2540 luntatem
1119 2512 1254 2546 sequitur,
1265 2511 1304 2538 sic
1324 2511 1415 2538 divina
1431 2511 1572 2546 generatio
1585 2510 1655 2537 Filio
1671 2511 1756 2537 simul

969 2560 1142 2590 terminatur,
1158 2562 1186 2584 et
1199 2558 1302 2585 idcirco
1318 2558 1458 2593 generatio
1472 2557 1576 2589 divina,
1590 2565 1651 2590 qua:
1668 2565 1682 2582 a
1699 2556 1759 2583 Deo

970 2606 1049 2632 l’atre
1065 2603 1093 2631 iu
1110 2603 1208 2630 Filium
1236 2604 1359 2637 procedit
1381 2608 1407 2630 et
1423 2607 1526 2634 manat,
1542 2601 1638 2629 eadem
1663 2607 1702 2629 est
1726 2608 1755 2627 re.

970 2660 1031 2679 cum
1059 2658 1091 2677 eo
1120 2649 1180 2682 ipso
1208 2649 1304 2679 Patre.
1337 2657 1397 2684 qua:
1425 2648 1515 2675 verbis
1541 2647 1671 2682 explicari
1701 2655 1755 2672 non

971 2702 1071 2733 potest.
1091 2696 1137 2723 Est
1151 2700 1241 2722 autent
1256 2695 1371 2722 Verbum
1392 2695 1437 2721 llei
1452 2695 1618 2725 int-reatum,
1635 2694 1756 2719 incrrata

971 2743 1053 2778 igitur
1067 2747 1109 2769 est
1126 2742 1266 2776 generatio
1292 2740 1352 2774 ejus
1375 2748 1457 2774 supra
1475 2745 1599 2766 naturaut
1622 2746 1756 2770 creatam,

973 2795 1103 2822 tanquam
1118 2787 1250 2815 naturalis
1264 2787 1402 2814 emanatio
1418 2786 1506 2814 Patris
1521 2795 1527 2818 ;
1547 2786 1675 2812 voluntas
1692 2792 1756 2811 vero

975 2840 1003 2862 et
1027 2838 1108 2861 nutus
1125 2833 1171 2860 Dei
1198 2834 1231 2860 ad
1257 2834 1447 2867 produt-emtas
1469 2837 1622 2864 creaturas,
1647 2838 1709 2866 qua:
1723 2838 1763 2858 ext
