1954 3071
95 165 152 198 793

94 232 129 251 ro
145 225 206 259 ipso
222 222 295 257 quod
321 226 373 255 est,
391 222 515 250 omnium
543 230 624 249 causa
643 228 695 254 est.
723 220 889 252 rrovidcntia

96 270 144 296 Dei
162 276 257 296 eorum
274 268 320 302 qui
335 268 371 294 dii
388 267 530 300 dicuntur,
542 268 685 302 principis,
696 274 755 300 qut?
768 265 891 292 omnium

96 316 232 342 bonorum
258 314 419 350 principium
438 318 498 346 cst,
514 315 548 340 ab
562 313 692 340 omnibus
714 312 817 339 eﬂ'ectis
835 312 894 338 latt-

95 362 188 388 danda
209 366 261 393 est,
287 361 350 396 quia
367 365 394 386 et
410 361 516 386 circum
542 359 632 393 ipsum
655 364 719 386 sunt
741 358 850 390 onuiia,
868 361 894 385 et

97 413 210 443 prvpler
224 408 331 442 ipsum;
347 411 372 433 et
393 407 450 440 ipse
468 410 510 433 e-t
532 409 595 432 ante
615 406 718 438 omnia,
740 409 766 431 et
792 404 818 431 in
835 405 895 438 ipso

98 462 164 480 oum
177 461 192 480 a
219 453 386 482 consistunt,
406 456 433 478 ct
450 459 511 478 esse
525 459 588 478 eum
614 450 739 485 producit
755 450 856 482 omnia,
869 455 896 476 et

99 499 166 527 fatrit
178 504 205 526 ul
214 499 355 526 exsistant.
370 498 425 525 lloe
438 503 527 525 autem
536 502 646 525 sanctus
657 496 788 523 Maximus
795 495 896 522 elisar-

100 547 137 571 rit
163 550 191 571 et
212 549 340 571 retractat
360 554 366 571 :
385 544 422 571 lix
449 544 502 575 bis,
526 543 632 578 inquit.
661 543 803 568 solvuntur
817 541 896 567 fume

99 599 124 622 o;
137 591 144 618 i
158 591 243 618 tiones
255 598 347 617 eorum
361 590 407 624 qui
425 590 483 616 ausi
499 594 563 616 sunt
577 589 676 620 dicere,
693 588 800 614 insitam
834 594 895 614 esse

101 633 157 661 Deo
175 640 270 660 natura
293 637 409 668 quadatu
426 634 479 660 vim
495 633 616 665 creandi,
634 633 707 660 sicut
723 631 836 659 insitum
853 635 898 658 est

101 680 239 707 araneolis
263 685 353 707 texere
370 687 378 712 ;
393 680 562 706 demonstrat
584 679 655 705 enim
679 683 789 712 propter
812 677 897 704 solam

102 726 251 753 bonitatem
286 726 437 759 producere
466 726 549 751 Deum
579 724 681 750 omnia.
713 723 897 756 Quamobrem

101 779 157 798 non
190 770 291 797 audent
321 769 437 803 theologi
464 769 577 796 laudare
606 768 691 796 Deum
724 768 758 795 ab
786 768 817 794 iis
840 774 900 802 qua:

104 816 190 850 ipsius
215 821 290 846 sunt,
306 816 331 842 id
357 820 409 846 est,
424 823 438 842 a
465 822 562 842 natura
576 820 603 841 et
618 815 737 842 essentia
753 813 814 847 ejus
831 813 900 847 (hzcc

103 863 177 888 enim
205 862 294 896 ignota
321 862 408 895 sunt),
440 861 487 887 sed
515 860 549 887 ab
565 860 833 894 Pmanalione,qu:e
859 862 900 884 est

104 907 279 942 providentia
295 908 355 941 ejus
377 906 402 933 in
424 914 454 933 ea
471 914 533 940 quae
551 905 584 932 ab
602 905 661 940 ipso
678 911 789 933 auctore
805 904 899 931 etii-cla

106 961 180 980 sum.
207 952 282 979 "anc
304 953 394 979 divina
408 961 422 977 n
450 951 671 986 providentiam,
695 959 748 985 qua
772 950 901 977 omnibus

107 1000 180 1026 Deus
210 999 341 1033 providet.
370 999 496 1025 laudibus
526 997 675 1024 celebrant.
699 996 806 1023 Rursus
829 997 899 1023 idem

109 1047 252 1082 Dionysius
271 1045 359 1077 capite
388 1044 508 1071 secundo
537 1043 574 1070 De
599 1043 696 1069 divinis
722 1042 899 1068 noruim'bus:

108 1093 167 1120 Non
184 1097 222 1120 est
240 1091 358 1126 perfecta
378 1094 404 1117 ct
420 1090 544 1117 absoluta
560 1089 714 1116 similitudo
731 1096 826 1116 eorum
841 1096 902 1122 quae

109 1139 203 1166 eiii-ctu
219 1141 293 1168 sunt,
312 1142 339 1164 et
356 1143 501 1163 causarum
515 1145 522 1168 ;
538 1136 603 1170 quin
622 1135 712 1169 potius
727 1135 827 1161 habent
843 1134 903 1168 qui-

110 1183 171 1209 dem
184 1182 218 1208 uti
229 1187 278 1207 -cta
292 1188 436 1208 raustrum
452 1179 542 1214 quoad
560 1179 617 1206 lieri
633 1183 732 1212 potest.
748 1178 901 1212 imagines:

111 1228 176 1261 ipsa:
196 1235 259 1253 vero
281 1234 370 1252 causa:
388 1234 419 1252 ex
439 1225 544 1252 e’Tectis
564 1228 697 1258 exempta:
713 1228 795 1255 sunt;
811 1228 838 1249 ct
852 1231 903 1257 pro

113 1274 219 1300 ratione
240 1272 409 1307 principatus
434 1271 475 1298 sui
499 1278 581 1304 supra
606 1270 702 1297 locata:
721 1277 752 1296 ac
773 1268 901 1295 fundata:

112 1319 199 1351 Quem
231 1318 321 1344 locutn
343 1317 439 1344 iterum
455 1316 589 1342 adnotans
610 1319 723 1342 sanctus
742 1314 878 1340 Maximus
896 1322 902 1339 :

115 1364 227 1396 Emtcta,
253 1363 359 1397 inquit,
376 1366 440 1389 sunt
458 1361 548 1388 omnia
567 1365 661 1388 creata
691 1359 749 1387 sive
772 1359 798 1386 in
822 1359 903 1392 ctnlo,

117 1411 176 1439 sive
192 1411 217 1437 in
235 1414 317 1443 terra,
335 1416 424 1435 cansze
443 1415 507 1434 vero
528 1407 678 1434 efﬁcientes
702 1406 760 1432 sive
782 1410 906 1433 creantes

119 1463 242 1492 persona:
266 1463 324 1481 sant
336 1459 367 1481 tae
383 1453 526 1480 Trinitatis
541 1457 615 1480 sunt.
636 1451 808 1478 Manifestum
826 1451 908 1486 igitur

120 1507 180 1535 est,
198 1502 300 1528 nullam
329 1508 388 1527 esse
413 1499 510 1526 horum
537 1499 608 1525 inter
634 1505 663 1525 se
688 1497 905 1530 similitudinem,

459 164 580 195 DECAS
594 163 644 196 IV.
663 177 697 182 —
712 163 761 193 DE
785 161 996 192 lNFORMAT.
1021 137 1145 191 DlVth
1165 158 1341 189 NOMINIS’.

1674 153 1735 185 ’TM

906 220 1000 253 Aqure
1027 220 1053 245 in
1082 218 1258 245 universitate
1284 216 1377 244 mundi
1407 213 1628 247 coulempiatur;
1658 217 1732 240 unde

946 264 1100 298 bujusmodi
1125 263 1276 290 divinorum
1295 261 1436 288 nominum
1452 259 1565 287 formam
1585 264 1612 286 et
1634 258 1735 286 distin-

944 309 1061 337 ctioncm
1083 309 1193 344 colligit.

1245 353 1361 382 CAPUT
1391 353 1435 380 IV.

947 418 1036 451 Quare
1055 418 1086 443 ab
1100 414 1197 449 effertis
1212 409 1362 440 nominatur
1379 411 1457 452 Dens.
1471 416 1495 438 et
1515 418 1567 436 nun
1584 409 1615 436 ab
1631 409 1663 435 iis
1678 416 1736 443 quo?

1210 455 1272 476 ειιιιι
1293 454 1394 474 natura:
1414 455 1480 478 81118.

982 498 1096 532 Magnus
1123 496 1239 523 Basilius
1266 496 1292 521 'm
1321 494 1354 520 iis
1372 501 1432 526 quas
1450 498 1544 519 contra
1573 490 1736 517 Eunomium

948 545 1059 579 scripsit
1072 553 1078 570 :
1091 543 1118 570 Si
1132 543 1263 571 divinam.
1276 540 1376 574 inquit,
1390 543 1514 565 naturam
1532 537 1558 564 in
1574 544 1603 564 se
1616 540 1739 563 contem-

948 590 1017 625 plari
1032 596 1187 623 possemus,
1199 591 1226 614 et
1240 586 1313 620 quod
1327 585 1464 619 proprium
1481 584 1541 617 ejus
1555 588 1608 614 est,
1623 587 1648 608 ct
1664 580 1737 615 quod

949 637 1081 664 alienum.
1102 642 1148 668 per
1165 641 1196 660 ea
1215 639 1274 667 qua:
1300 636 1450 658 cernuntur
1474 629 1606 660 invenire,
1631 627 1740 661 penitus

951 690 1002 709 non
1020 681 1205 715 indigeremus
1221 677 1386 708 rationibus,
1414 682 1502 710 neque
1518 673 1683 708 conjecturis
1706 674 1738 700 ad

951 725 1240 761 comprehendendum
1267 723 1337 758 quod
1356 722 1509 757 qutcritur:
1529 719 1575 747 sed
1593 719 1656 753 quia
1684 718 1742 745 cel-

951 774 1008 801 sior
1025 777 1067 800 est
1082 778 1165 806 quam
1180 775 1210 797 ut
1222 768 1338 804 perspici
1360 767 1447 802 possit
1464 765 1535 801 quod
1552 764 1694 799 qua-ritur,
1709 771 1742 790 ex

953 819 1121 853 conjecturis
1138 821 1228 843 autem
1243 814 1428 850 cognitionem
1448 819 1543 839 eorum
1558 817 1619 844 quae
1635 817 1685 836 nos
1698 808 1743 835 fu-

917 883 936 910 η
953 865 1042 898 giuut,
1057 868 1201 892 venamur,
1217 867 1331 889 necesse
1344 864 1385 885 est
1400 857 1512 884 omnino
1527 859 1556 882 ut
1571 855 1604 882 ad
1618 858 1744 881 scrutan-

952 909 1016 936 dum
1033 908 1153 935 divinam
1166 913 1292 934 naturam
1309 912 1355 940 per
1372 903 1546 938 operationes
1563 901 1745 928 deducantur.

951 955 991 982 Ac
1010 961 1106 982 rursus
1125 953 1196 980 idem
1223 953 1250 979 in
1271 951 1359 986 primo
1383 955 1476 977 contra
1497 947 1624 975 eumdem
1643 954 1649 972 :
1667 945 1747 972 Unus

954 1000 1087 1028 Dominus
1106 1007 1167 1027 cum
1183 999 1229 1031 sit,
1254 1002 1279 1025 et
1310 1005 1364 1023 una
1391 990 1546 1024 substantia
1567 993 1683 1027 simplex
1713 995 1741 1018 et

952 1054 1052 1080 expers
1062 1044 1282 1079 compositionis,
1294 1042 1362 1069 alias
1374 1042 1455 1068 aliter
1465 1048 1495 1068 se
1504 1040 1638 1071 nominat,
1650 1041 1749 1073 aptans

955 1093 1005 1119 sibi
1024 1091 1227 1118 nominationes
1242 1096 1303 1124 quae
1324 1088 1428 1115 nostris
1451 1084 1662 1120 cogitationibus
1675 1083 1749 1110 inter

955 1145 986 1165 se
999 1137 1140 1170 dilicrunt,
1158 1135 1265 1162 diversa
1281 1133 1354 1161 enim
1379 1132 1490 1159 nomina
1508 1129 1559 1158 sibi
1578 1128 1703 1163 imponit,
1719 1130 1750 1154 ut

955 1187 1021 1211 sum
1034 1183 1148 1209 diversae
1159 1180 1333 1216 operatione:
1345 1177 1484 1211 subjeeue,
1496 1179 1523 1203 et
1533 1175 1640 1202 diversa
1652 1179 1747 1199 earum

954 1229 989 1256 ad
1006 1236 1036 1255 ea
1055 1235 1115 1262 quae
1137 1226 1206 1253 ﬁunt
1224 1224 1366 1252 habitudo.
1383 1223 1455 1251 [dem
1472 1221 1554 1249 etiam
1575 1227 1582 1246 :
1599 1218 1655 1246 Nos
1680 1224 1748 1244 vero

955 1280 988 1300 ex
1003 1270 1209 1307 operationibus
1225 1269 1308 1296 Deum
1323 1272 1448 1295 nostrum
1468 1264 1595 1300 cognosci
1613 1259 1750 1290 dicimus:

956 1319 989 1346 ad
1008 1317 1158 1345 essentiam
1173 1320 1266 1343 tamen
1293 1314 1354 1349 ejus
1371 1312 1591 1347 appropinquare
1605 1316 1659 1336 non
1687 1314 1753 1342 pro-

958 1363 1104 1394 mittimus,
1124 1361 1298 1395 operationes
1311 1361 1383 1386 enim
1399 1358 1443 1385 Dei
1456 1357 1624 1385 descendunt
1637 1354 1669 1381 ad
1683 1360 1731 1380 nos
1744 1361 1750 1378 :

958 1415 986 1437 at
1001 1409 1118 1437 essentia
1134 1408 1194 1441 ejus
1208 1411 1301 1433 manet
1319 1405 1468 1432 inaccessa.
1482 1402 1520 1430 Ex
1539 1402 1582 1429 bis
1597 1400 1679 1435 igitur
1696 1406 1754 1425 ma-

960 1456 1093 1483 nifestum
1118 1453 1254 1485 elIiritur,
1281 1451 1352 1486 quod
1378 1450 1448 1478 sicut
1474 1457 1506 1476 ex
1529 1448 1562 1475 iis
1577 1454 1637 1482 qua:
1655 1447 1681 1472 in
1699 1445 1754 1472 Deo

961 1505 1025 1527 sum
1037 1520 1044 1531 ,
1062 1497 1248 1534 philosophari
1267 1498 1300 1524 de
1318 1497 1372 1524 Dco
1401 1503 1454 1522 non
1473 1501 1631 1529 possumus,
1650 1491 1690 1519 sic
1702 1498 1755 1518 ne-

120 1557 265 1578 causarum
293 1547 398 1575 scilicet
419 1551 442 1574 et
468 1546 639 1579 allectat-um.
664 1544 772 1571 Rursus
789 1544 858 1570 idem
884 1544 909 1570 in
926 1546 948 1577 ρ
966 1554 1019 1580 que
1032 1553 1082 1580 per
1098 1552 1129 1571 ea
1145 1543 1230 1570 Deum
1245 1541 1388 1570 nominare
1405 1548 1411 1565 :
1429 1544 1456 1567 at
1469 1547 1501 1566 ex
1517 1538 1682 1573 conjecturis
1697 1536 1757 1570 qui-

120 1595 242 1624 centuria
258 1599 364 1626 octava,
389 1593 475 1627 capite
497 1592 532 1618 2t
552 1600 558 1617 :
576 1589 792 1622 Advertendnm,
813 1589 911 1623 inquit.

119 1647 170 1676 est,
187 1641 258 1677 quod
272 1641 366 1668 effecta
382 1646 527 1666 causarum
553 1638 686 1672 imagines
714 1637 825 1669 habent,
845 1644 913 1670 qua-

121 1694 202 1716 tenus
239 1687 339 1714 babcre
369 1689 501 1720 possunt,
539 1691 600 1711 esse
635 1686 709 1716 sunt,
744 1689 914 1716 qna-cunque

122 1739 214 1763 creata
246 1739 328 1765 sunt;
356 1739 446 1758 causa:
473 1725 548 1761 vero,
574 1736 635 1764 quae
664 1729 708 1755 illa
739 1728 863 1755 el'liciunt
889 1733 914 1754 ct

124 1785 228 1813 creant,
257 1780 329 1807 nulla
357 1783 447 1804 autem
477 1775 627 1804 similitudo
655 1780 698 1802 est
718 1782 864 1801 causarum
889 1778 916 1801 et

126 1828 270 1855 factorum.
298 1825 338 1852 Ex
376 1824 476 1858 quibus
505 1826 579 1855 patet
623 1820 853 1855 quemadmodum
883 1827 915 1846 ex

125 1872 240 1903 elTectis.
262 1870 288 1897 id
313 1874 365 1901 est,
386 1877 419 1896 ex
447 1867 580 1895 creaturis
607 1866 716 1892 nomina
740 1865 800 1895 Dei.
817 1865 917 1899 quibus

128 1917 212 1944 Deum
231 1915 370 1943 laudamus
382 1918 407 1940 rt
422 1913 609 1948 implorautus,
623 1912 740 1939 humana
762 1918 839 1938 mens
851 1918 917 1938 con-

129 1963 275 1991 siderando
290 1959 441 1988 adinvcnil.

428 2005 543 2033 CAPUT
571 2004 616 2032 lll.

212 2055 278 2088 Qum
296 2054 350 2081 sint
364 2052 468 2087 eﬂ‘eclu,
483 2057 507 2078 et
521 2059 579 2086 qua:
594 2058 684 2077 eorum
701 2050 824 2077 ma'eria.

166 2101 315 2136 Gregorius
331 2099 470 2135 Nysseuus
483 2098 507 2124 in
521 2097 711 2131 explanatione
728 2095 833 2122 Cantici
857 2102 922 2121 can-

131 2150 247 2177 ticorum
265 2157 272 2174 :
290 2145 398 2176 Omnia,
427 2143 524 2179 inquit.
541 2143 621 2174 mira,
652 2149 712 2175 qua:
740 2142 766 2168 in
794 2140 923 2167 universo

131 2193 359 2228 contemplamur.
372 2190 512 2217 materiam
531 2188 687 2215 divinorum
700 2187 841 2213 numinum
857 2194 924 2220 pra:-

133 2243 208 2271 bcut,
229 2239 327 2273 quibus
352 2236 436 2262 Deum
459 2233 621 2268 sapientem,
640 2236 790 2266 potentem.
811 2232 924 2262 bonum,

133 2291 269 2316 sanctum.
286 2285 404 2313 beatum,
421 2285 564 2308 telermt'n.
592 2279 724 2314 judicem,
752 2277 925 2306 salvatorem.

133 2339 161 2360 et
194 2333 253 2359 aliis
285 2327 441 2364 bujusmodi
469 2329 650 2354 ce'enramus.
683 2323 714 2350 Et
744 2323 928 2350 Damascenus

137 2380 201 2407 The
215 2380 290 2411 lngus
316 2376 367 2406 (ul,
396 2373 476 2404 Deus,
501 2372 598 2405 inquit,
627 2375 738 2404 propter
766 2369 927 2396 inellabilcm

138 2425 202 2453 boni
216 2429 286 2450 atem
311 2420 395 2448 voluit
416 2419 449 2446 de
465 2417 564 2444 nostris
582 2417 674 2448 rebus,
689 2420 717 2441 et
736 2420 830 2441 nostro
855 2422 930 2442 more

140 2468 286 2499 nomitmri.
306 2475 338 2493 ne
355 2465 442 2492 simus
459 2463 581 2490 funditus
603 2461 707 2488 notitia:
718 2459 778 2494 ejus
793 2464 930 2493 expertes.

142 2517 180 2544 Ex
207 2515 248 2541 bis
270 2513 365 2547 liquet,
377 2508 607 2545 qucmmlmmlmn
640 2508 756 2533 bumana
790 2513 868 2532 mens
890 2510 932 2532 est

143 2570 237 2593 causa,
251 2567 311 2594 quaI
321 2559 468 2587 format,ct
484 2555 563 2581 veluti
575 2554 665 2586 specie
685 2553 723 2586 (Ι)
741 2552 824 2579 allicit
842 2551 932 2578 divina

145 2608 271 2640 nomina;
289 2603 402 2632 materia
427 2609 502 2634 vero,
522 2601 566 2627 illa
585 2598 767 2629 admirabilia.
783 2603 810 2625 et
828 2598 933 2628 uirecta,

964 1591 1090 1619 busdam.
1106 1597 1167 1625 quae
1185 1592 1251 1616 sunt
1267 1595 1362 1615 eorum
1380 1594 1440 1621 qua:
1454 1585 1482 1612 in
1495 1585 1550 1612 Deo
1566 1588 1642 1615 sunt,
1658 1582 1758 1609 simili-

964 1629 1072 1664 tudines
1089 1640 1115 1663 et
1130 1635 1289 1664 simulacra.
1305 1633 1431 1660 notitiam
1450 1631 1495 1658 Dei
1510 1630 1676 1664 colligimus,
1692 1634 1759 1655 con-

962 1683 1087 1718 jerturas
1105 1686 1133 1708 et
1153 1680 1329 1715 operationcs
1347 1678 1416 1706 idetn
1434 1684 1494 1704 esse
1511 1675 1704 1710 intelligentes.
1724 1673 1760 1700 lit

965 1729 1037 1755 enim
1053 1735 1085 1754 ex
1101 1726 1267 1762 coniecturis
1290 1724 1325 1752 de
1342 1725 1396 1752 Deo
1417 1722 1614 1750 ratiocinamur
1627 1740 1634 1752 ,
1658 1721 1697 1748 sic
1712 1726 1761 1753 per

966 1774 1141 1808 nperationes
1159 1772 1193 1799 ad
1210 1770 1418 1806 intelligendum
1437 1776 1498 1796 eum
1516 1767 1686 1798 adducimur;
1703 1765 1762 1792 sive

967 1830 998 1849 cx
1017 1820 1233 1856 operationibus,
1248 1823 1275 1845 et
1290 1826 1322 1845 ex
1342 1817 1376 1844 iis
1392 1815 1564 1843 mirabilibus
1579 1822 1640 1848 qua:
1656 1813 1682 1840 in
1699 1812 1762 1838 uni-

968 1875 1047 1895 verso
1072 1866 1256 1901 speculamur.
1289 1864 1371 1890 Deum
1401 1866 1524 1888 nostrum
1550 1859 1689 1886 declarare
1712 1865 1764 1885 nos

969 1914 1099 1941 dicimus.
1115 1913 1204 1947 Atque
1219 1912 1283 1938 binc
1302 1909 1452 1937 secundum
1473 1906 1652 1934 diﬂ'erentiazn
1666 1912 1763 1939 opera—

970 1959 1074 1985 tionum
1090 1957 1275 1992 subjectarum
1289 1976 1296 1988 ,
1312 1959 1340 1982 ct
1362 1959 1392 1982 ut
1409 1960 1525 1988 qumque
1538 1951 1660 1986 operatio
1677 1951 1710 1976 ad
1730 1957 1764 1976 ca

970 2011 1030 2039 qum
1050 2004 1119 2030 fiunt
1140 2002 1268 2034 refertur,
1285 2000 1425 2035 negotium
1443 1998 1600 2026 divinorum
1618 1998 1761 2023 nominum

972 2049 1146 2081 conficimus,
1163 2055 1217 2074 non
1236 2051 1362 2082 putantes
1376 2043 1570 2078 intempestive
1585 2042 1673 2069 facere
1691 2040 1774 2075 quml.

973 2096 1030 2123 lnec
1040 2095 1150 2122 nomina
1160 2101 1192 2121 ex
1202 2091 1429 2139 coniecturalibus
1437 2088 1603 2124 argumentis
1614 2087 1768 2118 colligimus

974 2146 1002 2169 ct
1027 2141 1205 2176 imponimus.
1230 2132 1374 2173 conjicere
1398 2141 1488 2163 autem
1514 2133 1580 2169 quid
1607 2132 1680 2159 aliud
1703 2136 1767 2162 est,

976 2196 1057 2222 quem
1078 2195 1110 2214 cx
1134 2187 1166 2214 iis
1188 2193 1249 2220 qua:
1265 2185 1291 2212 in
1306 2184 1432 2211 universo
1447 2181 1515 2208 mira
1539 2179 1767 2214 contemplemur,

978 2239 1006 2262 ct
1022 2242 1056 2261 ex
1070 2232 1175 2260 eﬂ'ectis
1197 2231 1268 2266 ipsis
1283 2231 1316 2257 ad
1332 2237 1393 2264 quae
1414 2227 1603 2256 emanatioues
1617 2231 1643 2254 et
1659 2225 1768 2252 habitu-

977 2281 1053 2308 dines
1066 2279 1233 2309 referuntur,
1250 2276 1458 2305 similitudinem
1472 2279 1498 2301 ct
1514 2273 1629 2300 formam
1644 2272 1744 2298 ducere
1757 2269 1769 2296 ’ἒ

978 2326 1047 2353 Cum
1063 2331 1130 2359 ergo
1146 2323 1264 2350 dicimus
1282 2320 1360 2352 illud,
1386 2327 1401 2346 a
1425 2326 1480 2354 quo
1501 2323 1528 2344 et
1546 2317 1617 2344 unde
1637 2315 1748 2341 materia
1762 2333 1770 2346 ,

980 2379 1034 2399 non
1051 2369 1302 2405 appropinqnamus
1323 2365 1361 2392 illi
1381 2364 1415 2391 ad
1427 2363 1499 2398 quod
1516 2361 1663 2391 tendimus,
1677 2359 1702 2386 id
1718 2364 1769 2388 est,

985 2415 1148 2444 substantiae
1163 2414 1234 2449 ejus,
1259 2412 1330 2439 sicut
1349 2417 1411 2437 cum
1435 2409 1563 2442 dicimus,
1579 2406 1649 2432 unde
1673 2411 1772 2431 nomen

985 2461 1047 2489 coeli
1077 2465 1215 2494 sumptum
1243 2462 1294 2489 est.
1322 2464 1376 2483 non
1402 2454 1562 2488 attingimus
1591 2450 1772 2478 substantiam

985 2508 1046 2536 ἐωὶί
1061 2532 1068 2544 ,
1089 2505 1277 2541 operationem
1300 2507 1390 2529 tamen
1410 2501 1468 2534 ejus
1485 2499 1614 2529 maxime.
1627 2503 1769 2531 argumen-

987 2559 1076 2582 tamur
1096 2552 1168 2580 enim
1184 2550 1303 2584 undique
1320 2549 1409 2583 ipsum
1427 2555 1440 2573 a
1459 2546 1538 2573 nobis
1553 2544 1620 2579 aspir
1632 2544 1649 2571 i.

889 2668 1026 2700 Scholia.

184 2756 222 2789 (Il
241 2754 330 2789 Specie
343 2752 449 2780 allicere
464 2749 573 2789 numina
589 2751 630 2775 cst
646 2746 743 2787 litteris
766 2754 796 2785 ac
821 2746 933 2789 syllabis

151 2782 336 2822 ca‘inserere;
354 2796 386 2816 ex
402 2785 599 2821 cutnpositioue
613 2782 686 2809 enim
701 2786 728 2808 et
746 2782 814 2808 serie
831 2782 935 2809 l.ttera~

192 2885 230 2915 tu)
247 2884 305 2912 Lib.
319 2892 338 2914 I.
358 2883 392 2910 De
409 2882 460 2914 ﬁde
478 2880 636 2908 orthodoxa.

992 2754 1051 2773 rum
1068 2753 1098 2772 ac
1115 2745 1280 2779 syllabarum
1297 2745 1402 2769 exststtt
1420 2741 1525 2774 species
1541 2744 1566 2766 ct
1584 2737 1669 2766 forma
1686 2734 1776 2762 numi-

993 2783 1033 2808 nis
1051 2787 1077 2808 et
1095 2780 1229 2808 vocabuli.
