1954 3071
172 103 236 137 79ῗὶ

440 162 447 165 ’
479 155 592 182 (Ἆῐδῖἷτ
613 154 643 181 V.

202 204 339 237 Quomodo
356 203 423 230 Deus
438 203 486 237 [ὶιιι
503 212 516 228 a
533 202 605 228 nobis
623 200 764 227 multorum
781 201 927 227 non‘innm.

209 250 359 284 Gregorius
371 248 508 283 Nyssenus
519 247 660 281 disputans
677 253 771 273 contra
785 246 956 274 Ennontium:

175 296 241 331 Ego,
261 294 359 329 inquit,
372 294 443 328 quod
456 301 487 319 ex
503 293 643 326 Scriptura
660 297 752 319 saneta
768 292 861 323 didici,
877 292 959 318 ﬁden-

175 346 216 367 ter
240 340 397 378 pronuntio,
419 347 480 365 euzn
505 339 551 373 qui
575 342 614 364 est
633 340 723 371 supra”
739 344 820 364 omne
847 344 958 369 nomen,

176 386 234 413 fieri
253 385 334 412 nobis
346 385 492 412 multorutn
512 384 664 414 nominum,
681 391 742 410 cutn
758 391 806 417 pro
830 383 960 410 varietate

176 429 368 457 beneﬁciorum
387 429 460 455 varie
475 429 641 460 nominatur;
656 428 745 454 lumen
762 429 833 455 enim
849 428 883 454 di:
894 428 965 460 itur,_

175 483 237 502 cum
255 475 397 509 caliginem
421 475 579 509 ignorantiae
594 474 717 507 depellit;
733 474 799 505 vita,
823 481 884 500 cum
911 470 961 499 im-'

176 520 370 548 mortalitatem
389 520 521 554 largitur:
540 519 592 551 \‘ia,
606 527 666 546 cutn
685 519 717 546 ab
732 526 826 546 errore
844 519 875 545 ad
891 517 960 544 veri-

176 570 258 592 tatem
282 565 412 592 deducit:
438 565 478 592 sic
505 565 586 591 tttrris
615 565 792 596 fortitudinis,
819 568 844 590 ct
866 563 961 590 civitas

179 609 293 646 munita,
308 614 335 636 et
349 609 419 639 l'ons.
433 613 460 636 et
484 613 558 642 petra
571 628 578 638 ,
595 613 622 635 et
636 609 709 638 vitis.
732 613 762 635 et'
780 608 913 637 medicus,
934 612 962 633 et

179 655 343 682 resurrectio
354 673 362 687 ,
377 659 404 681 et
421 654 547 680 omnibus
565 654 719 686 Ilujusmodi
734 653 891 680 nominibus
912 659 961 686 ap-

179 701 305 735 pellatur.
321 701 426 728 Rursus
438 701 509 727 idem
525 708 531 725 :
547 700 618 727 Deus
631 699 738 733 qnidém
758 704 798 726 est
811 699 960 726 secundum

180 751 210 770 se.
227 743 252 770 id
273 744 346 775 quod
370 743 478 771 demutn
496 751 556 771 esse
577 744 699 771 creditur
717 752 723 769 :
741 744 896 770 nominatur
915 751 962 770 a't-

180 795 232 816 tem
256 790 289 816 ab
312 789 345 816 iis
362 789 407 823 qtti
428 798 487 816 eum
506 790 654 823 appeliant,
673 798 725 816 non
752 790 866 823 idipsmn
889 790 960 823 quod

179 839 220 861 est
242 835 400 868 (nou-enim'
419 835 547 868 explicari
566 838 654 869 potest
674 838 770 861 natura
789 834 871 868 ejus),
893 842 959 868 quin

180 880 270 914 pulills
291 888 324 907 ex
353 880 386 906 iis
405 888 465 915 qua:
492 884 525 907 ad
550 881 633 906 vitam
655 884 776 907 nostram
801 879 964 914 pertinentia-

180 927 286 960 operari
312 927 442 958 creditur,
470 927 658 961 bomonymias
682 926 772 958 habet,
792 925 818 952 id
837 930 891 956 est,
917 933 964 951 no-

180 973 252 999 mina
276 980 336 1006 qua:
358 972 495 1006 :rquivoca
513 975 619 998 vocant.
638 971 670 997 Et
685 970 804 997 Basilius
822 969 937 1004 M'ignus
952 989 959 1000 ,

179 1017 319 1049 Naturam,
335 1018 431 1052 inquit,
444 1017 567 1044 divinam
577 1021 711 1051 quatenus
724 1022 775 1044 est.
789 1016 857 1042 nihil
868 1023 962 1042 eorum

178 1071 240 1098 qua:
254 1065 454 1097 excogitantur,
469 1063 600 1090 declarat.
620 1063 658 1089 Ex
685 1063 726 1089 bis
751 1062 832 1096 igitur
855 1062 962 1096 liquet,

181 1110 239 1136 ﬁeri
267 1110 346 1136 nobis
377 1109 459 1136 Deutn
488 1110 634 1135 tnultorum
656 1104 808 1138 nominum,
833 1107 963 1141 quoniam

179 1155 273 1182 multis
286 1155 428 1182 beneﬁciis
443 1155 502 1188 ejus
515 1155 546 1181 ad
562 1154 768 1181 custodiendam
787 1153 870 1179 vitam
893 1153 963 1178 imii-

179 1210 285 1238 gentus,
305 1209 408 1236 nosque
421 1208 515 1228 sumus
527 1200 572 1235 qui
587 1199 791 1227 dill‘tcultatibus
806 1199 964 1233 circumpli-

178 1255 294 1280 cantur,
317 1252 343 1274 et
363 1249 389 1274 in
413 1247 454 1274 eis
482 1247 563 1273 Deum
584 1246 746 1279 excogitatis
762 1250 788 1272 et
805 1245 960 1272 adiuventis

178 1294 336 1321 nominibus
357 1293 545 1328 imploramus.
562 1294 657 1324 Quare
678 1292 728 1318 hoc
745 1292 825 1318 etiam
849 1291 965 1317 edicitur

179 1337 350 1364 tnaniiestum
365 1356 372 1368 ,
394 1338 464 1372 quod
482 1337 544 1364 licet
554 1337 628 1363 Dens
644 1344 674 1362 ex
689 1336 802 1363 infinitis
820 1336 956 1368 operatio.

179 1384 260 1410 nibus
282 1383 375 1409 multis
402 1382 558 1409 nominibus
583 1381 735 1414 alliciatur,
762 1389 844 1416 quam
872 1386 961 1408 tamen

179 1434 303 1455 naturam
326 1428 422 1455 lia-beat
436 1447 444 1460 ,
462 1428 584 1454 funditus
602 1427 780 1462 intelligentia
800 1432 893 1454 nostra
910 1436 962 1454 non

747 98 789 129 ΓΟ
801 97 908 127 ’.ΝΝἶδ
925 95 1215 127 CYPAltiSSlOTLE'

975 156 994 183 Α
1012 154 1167 185 miserendi,
1183 158 1206 178 et
1227 150 1420 179 miscricordia‘
1435 157 1545 176 nomen.
1559 148 1590 175 Et
1606 149 1702 175 iterum
1720 148 1792 174 iub-nt

1735 89 1790 120 736

1010 199 1036 224 iu
1052 199 1184 229 secundo,
1202 197 1233 224 Ut
1251 197 1322 223 enim
1336 216 1343 226 ,
1370 195 1457 230 inquit
1469 214 1476 226 ,
1494 202 1547 221 non
1572 198 1645 221 esset
1672 193 1794 219 medicus

1010 243 1060 269 nisi
1077 248 1186 277 propter
1202 246 1328 276 rrgrotos,
1349 243 1388 268 sic
1404 248 1500 267 rursus
1512 247 1599 274 neque
1614 239 1770 266 misericors
1785 258 1794 269 .

1011 297 1097 322 neque
1112 289 1264 317 miscrator.
1282 295 1330 314 nec
1345 286 1403 314 aliis
1425 286 1559 319 eiusmodi
1578 284 1734 311 nominibus
1746 293 1794 318 ap—

1010 335 1166 369 pellaretur,
1191 333 1242 360 nisi
1268 338 1377 368 propter
1401 340 1463 359 eum
1491 332 1536 365 qui
1564 330 1796 358 misericordi-net

1011 381 1184 407 miseratione
1201 379 1303 412 indiget
1319 388 1326 405 :
1344 379 1383 405 sic
1400 379 1482 405 etiam
1503 385 1553 404 nec
1568 377 1738 409 omnipotens
1749 385 1795 400 es.

1011 429 1063 456 set,
1093 425 1143 452 nisi
1162 425 1251 451 omnis
1265 429 1389 451 creatura
1411 429 1438 449 ut
1451 423 1485 449 ab
1500 430 1532 448 eo
1554 428 1692 448 teneretur
1707 427 1733 448 et
1748 429 1798 446 ιιι*

1011 472 1168 502 stndiretnr,
1187 479 1255 505 opus
1271 470 1394 497 haberet.
1408 469 1440 496 Et
1455 470 1551 495 iterum
1570 468 1596 494 in
1613 467 1700 502 primo
1715 467 1796 493 libro:

1011 517 1081 546 Alia.
1104 517 1193 550 inquit
1209 536 1216 547 ,
1241 516 1351 542 nomina
1371 515 1522 550 signiﬁcant
1540 513 1605 541 utile
1620 513 1653 539 ad
1670 512 1771 546 aliquid
1788 532 1796 542 ,

1013 565 1042 588 ut
1064 560 1181 594 adiutor.
1211 564 1358 593 protector,
1384 559 1539 588 auxiliator,
1565 561 1591 583 et
1614 561 1711 584 emtor:
1735 564 1798 589 (ιιιςο

1012 606 1131 640 ejusdem
1156 605 1365 640 signiﬁcationis
1381 605 1574 638 reperiuntur:
1593 603 1618 629 in
1646 604 1746 637 quibus
1775 602 1798 629 si

1012 659 1073 678 cum
1098 651 1144 686 qui
1170 651 1272 677 auxilio
1287 650 1407 684 indiget,
1423 649 1514 680 tollas,
1532 649 1574 675 vis
1598 656 1658 683 qua:
1683 648 1710 674 in
1738 648 1800 681 ipso

1014 698 1122 724 nomine
1137 697 1268 726 cernitur.
1285 703 1369 722 vacua
1395 694 1486 722 fuerit.
1514 693 1592 721 Unde
1619 693 1795 720 manifestum

1012 743 1137 774 eme-itur,
1160 742 1310 776 posteriora
1337 748 1397 768 esse
1425 740 1536 767 nomina
1565 740 1624 773 ipsa
1648 739 1802 765 auernitate

1016 789 1072 820 Dei,
1088 793 1114 815 et
1132 792 1192 822 post
1208 787 1344 813 lto-niuem
1363 791 1390 813 et
1411 791 1527 812 tuentem
1546 785 1665 812 hominis
1690 784 1800 810 inventa

1013 842 1084 866 esse,
1113 833 1288 867 acciderequc
1306 832 1463 866 aliquando,
1482 836 1510 858 ut
1526 831 1561 857 sit
1575 831 1632 864 ipsa
1649 830 1802 856 nominatio

1014 887 1180 915 supervacua
1196 880 1217 905 si
1237 879 1304 905 forte
1319 885 1369 912 ope
1387 877 1552 911 indigentem
1574 875 1663 903 tollas.
1681 875 1801 908 Denique

1014 933 1062 958 per
1074 924 1164 951 omnia
1180 925 1394 951 demonstratum
1410 927 1461 953 est,
1478 921 1705 956 quemadmodum
1722 929 1800 946 mens

1014 971 1085 996 sicut
1108 970 1222 996 aliarttnt
1245 977 1336 996 rerum
1366 968 1477 996 nomina
1501 967 1649 998 adinvcnil,
1665 967 1703 993 sic
1717 966 1800 993 etiam

1015 1015 1124 1042 nomina
1146 1014 1203 1046 Dei,
1221 1022 1358 1049 aggressa,
1375 1018 1403 1041 et
1420 1013 1502 1040 Veluti
1530 1012 1670 1040 materiam
1699 1016 1777 1038 nacta
1792 1032 1800 1043 ,

1015 1061 1057 1087 illa
1079 1061 1135 1096 ipsa
1159 1060 1254 1088 ell'ecta
1280 1065 1307 1088 et
1333 1060 1522 1092 admirabilia,
1538 1067 1597 1093 qua:
1622 1059 1647 1085 in
1672 1059 1801 1085 universo

1014 1106 1229 1140 Contemplatur',
1252 1106 1308 1134 lucc
1332 1106 1406 1133 enim
1423 1106 1580 1138 insequens,
1596 1109 1622 1131 et
1638 1105 1670 1131 de
1685 1103 1739 1130 Deo
1755 1104 1801 1130 in-

1014 1154 1138 1190 quirens,
1153 1154 1265 1181 nomina
1284 1154 1422 1188 imposuit.
1439 1152 1584 1179 Declarant
1600 1152 1688 1178 hocin
1706 1151 1802 1185 primis

1014 1201 1059 1236 qui
1075 1201 1132 1227 lure
1148 1199 1266 1234 primum
1295 1199 1477 1227 invenerunt.
1498 1197 1554 1224 sive
1577 1197 1800 1231 antiquissimum

1014 1247 1157 1282 quctndam
1175 1245 1322 1276 Tlteutltin,
1345 1245 1402 1271 sive
1425 1244 1507 1270 alium
1534 1243 1688 1278 quempiam
1714 1244 1802 1270 fuisse

1014 1294 1116 1321 dicunt.
1129 1292 1248 1319 Gentiles
1264 1291 1395 1318 hactenus
1407 1290 1526 1321 fuerunt,
1543 1295 1569 1316 et
1584 1291 1610 1316 in
1627 1289 1814 1324 dogmatibus»

1015 1338 1155 1373 gentilium
1174 1338 1219 1365 al:i
1235 1342 1260 1364 et
1277 1337 1396 1367 educati,
1410 1336 1456 1371 qui
1475 1340 1653 1370 prasterquam
1670 1335 1696 1361 iu
1708 1335 1803 1362 divino

1015 1389 1040 1411 et
1056 1391 1138 1418 supra
1154 1388 1277 1410 naturam
1291 1383 1420 1418 mysterio
1432 1388 1532 1409 nostrae.
1548 1382 1735 1413 humanitatis,
1748 1382 1815 1408 alia.

1017 1430 1060 1456 Dei
1086 1430 1193 1456 nomina
1213 1429 1384 1460 invenerunt,
1402 1433 1427 1455 et
1442 1428 1641 1459 nominarunt,
1662 1428 1732 1455 sicut
1751 1435 1809 1454 nos-

179 1474 344 1508 asscquitur.
362 1473 431 1501 Cum
446 1474 517 1499 ettint
533 1473 628 1506 duplex
648 1472 681 1498 sit
695 1473 820 1507 qua-stin,
833 1473 903 1506 quod
921 1477 960 1499 est
975 1476 996 1503 (ζ
1013 1476 1103 1503 hodie.
1133 1475 1184 1501 Sed
1212 1475 1273 1509 quia
1302 1482 1382 1501 omne
1409 1483 1507 1501 nomen
1533 1479 1561 1501 et
1585 1475 1660 1501 notio
1693 1479 1804 1509 propter

180 1520 263 1550 Deus,
279 1524 306 1545 et
322 1519 387 1553 quid
404 1523 462 1549 est;
479 1518 543 1544 illud
558 1518 679 1552 quidem,
700 1517 726 1544 id
746 1523 798 1548 est,
814 1525 887 1548 esse,
905 1525 964 1543 om-

181 1566 245 1592 nino
261 1566 333 1591 inter
348 1571 442 1591 omnes
460 1564 587 1591 conrenit
604 1572 610 1590 :
631 1562 694 1597 quid
717 1571 779 1589 vero
795 1563 852 1594 sit,
869 1567 896 1589 et
912 1570 963 1596 qua

181 1615 286 1640 natura,
309 1617 362 1636 non
389 1608 476 1635 solmn
502 1609 590 1641 nobis,
618 1608 664 1635 sed
687 1608 789 1642 angelis
815 1607 896 1634 etimit
922 1611 969 1634 est

185 1655 313 1689 ignotum.

479 1696 592 1725 CAPUT
619 1696 664 1724 Vl.

311 1743 350 1771 Au
368 1745 419 1770 sint
433 1751 466 1770 ex
482 1739 632 1771 wlernitaté
647 1743 753 1770 nomina
769 1743 827 1771 Dei.

217 1790 333 1818 Basilius
347 1799 371 1822 tn
384 1798 467 1817 secuti
480 1791 504 1816 lo
519 1790 587 1817 libro
598 1790 696 1817 Contra
707 1789 865 1817 Eunomium
880 1799 889 1817 :
903 1790 962 1818 Non

180 1837 253 1864 enim
266 1856 273 1867 ,
287 1836 394 1870 inquit,
415 1841 509 1862 natura
528 1844 616 1862 rerttnt
637 1836 745 1863 nomina
760 1837 892 1869 sequitur,
910 1838 964 1865 imo

179 1887 242 1918 post
256 1889 299 1909 res
316 1882 388 1916 ipsas
408 1881 514 1908 iuventa
531 1887 594 1909 sunt
608 1882 715 1909 nomina
731 1890 737 1907 :
751 1883 851 1909 etenim
868 1883 890 1910 si
907 1884 958 1911 hoc

180 1931 253 1955 esset
265 1935 427 1956 verummon
442 1934 503 1955 esse
512 1927 620 1954 nomina
634 1928 712 1955 rebus
726 1928 883 1962 posteriora,
896 1937 964 1963 opus

179 1968 297 1999 esset\nt
314 1979 429 2006 quorum
448 1977 512 1998 sunt
524 1972 623 1999 etcdem
642 1973 853 2011 nominationes,
870 1982 923 2001 una
937 1980 964 2002 et

180 2017 273 2044 eadem
289 2018 438 2044 substantia
452 2023 544 2045 esset:
560 2025 593 2045 ex
611 2025 664 2053 quo
682 2018 773 2053 ﬂeret,
789 2024 817 2046 ιιι
832 2020 894 2054 quia
911 2021 957 2054 qui

180 2071 244 2091 sunt
259 2065 359 2091 virtute
378 2063 496 2098 pellecti.
519 2065 592 2098 digni
613 2065 724 2093 nomine
743 2066 788 2093 Dei
814 2067 962 2100 habentur,

179 2115 207 2136 et
219 2110 254 2136 dii
267 2111 446 2144 appellantur,
459 2117 551 2137 essent
567 2111 691 2138 homines
707 2111 856 2143 homonoii,
871 2113 895 2138 id
910 2118 961 2145 est,

178 2156 300 2188 eiusdem
315 2156 474 2183 substanliar
487 2163 539 2191 qua
556 2156 643 2188 Deus;
660 2164 752 2183 rerum
777 2158 847 2185 sient
871 2159 963 2186 dicere

179 2201 231 2228 hoc
255 2200 397 2228 manifesta
421 2201 525 2228 insania
541 2205 592 2232 est,
617 2202 657 2229 sic
681 2202 747 2229 illud
771 2203 862 2230 dicere
885 2212 963 2239 teque

179 2247 314 2273 dementia
329 2252 379 2274 est.
396 2246 451 2274 lmo
467 2252 492 2274 et
503 2247 652 2281 Gregorius
666 2248 804 2283 Nyssmus
815 2250 887 2277 libro
903 2260 961 2284 un,

178 2293 319 2326 disputans
344 2297 438 2319 contra
466 2292 628 2319 Eunomium
645 2302 651 2320 :
673 2293 833 2327 Μίδαι-αισι,
853 2296 962 2331 inquit,

179 2345 202 2365 et
220 2339 365 2365 misericors
382 2338 519 2371 Dominus,
538 2341 653 2373 paliens.
670 2345 694 2367 et
708 2341 797 2368 multm
812 2342 962 2369 misericor-

179 2384 231 2410 dia
251 2383 283 2415 ’°,
301 2384 365 2417 quid
383 2384 438 2410 ha-c
454 2383 529 2411 aiunt
545 2385 718 2419 signiﬁcare?
733 2391 904 2420 natttramne,
930 2396 966 2415 an

179 2429 386 2463 operationem?
403 2437 484 2456 nemo
503 2437 567 2457 -ane
587 2431 659 2458 aliud
682 2431 820 2460 declarare
846 2433 964 2466 dixerit,

179 2479 359 2508 prretcrquam
373 2475 570 2509 operationem.
586 2476 702 2509 Quando
721 2478 804 2512 igitur
819 2478 965 2507 miseratus

179 2527 220 2548 est
233 2520 374 2551 Dominus,
392 2527 421 2555 ut
439 2529 470 2548 ex
488 2523 647 2555 operatione
662 2524 846 2551 miserationis
863 2533 961 2552 nomen

178 2565 309 2593 duceret?
330 2566 451 2600 nunquil
478 2572 542 2594 ante
568 2567 651 2594 vitam
679 2568 845 2595 humanam?
868 2570 963 2603 ecquis

180 2616 243 2638 tunc
258 2611 332 2639 iniset
342 2611 441 2639 icordia
457 2612 592 2647 indigebat
602 2614 654 2641 ?At
671 2622 735 2641 vero
747 2619 807 2648 post
822 2622 878 2649 pec.
888 2620 961 2641 alunt

181 2665 292 2691 prorsus
318 2657 504 2685 misericordia
531 2667 598 2693 opus
624 2660 685 2690 fuit,
711 2665 852 2694 peccatum
871 2666 961 2686 autem

180 2705 241 2736 post
258 2702 394 2729 bommctn
412 2704 536 2736 exstitit;
557 2709 617 2737 post
637 2705 772 2733 hominem
795 2705 877 2740 igitur
892 2705 963 2733 actio

217 2792 242 2809 ⁸⁸
254 2793 326 2822 Psal.
338 2802 429 2829 chtr,
441 2795 468 2822 8.

1015 1529 1095 1547 usum
1113 1521 1222 1554 quidem
1242 1529 1255 1546 a
1274 1521 1407 1555 principio
1419 1521 1577 1547 ‘inlroducta
1601 1525 1681 1552 sunt,
1704 1520 1735 1546 ad
1752 1520 1805 1546 ali-

1015 1566 1080 1601 quid
1094 1574 1157 1594 vero
1173 1567 1340 1599 referuntur,
1359 1567 1431 1593 unde
1447 1561 1555 1599 sumpta
1571 1566 1625 1593 sint
1642 1566 1733 1593 divina
1751 1574 1804 1593 no—

1016 1613 1098 1643 mina,
1119 1618 1145 1639 et
1162 1612 1226 1646 quid
1243 1612 1301 1647 ipsa
1318 1620 1365 1646 per
1385 1619 1414 1639 se
1430 1612 1595 1646 significent,
1617 1612 1719 1639 dictum
1737 1617 1803 1644 est;

1016 1659 1048 1685 ad
1066 1659 1128 1693 quid
1144 1663 1232 1686 autetn
1250 1659 1287 1685 rei
1306 1658 1435 1693 subjecta:
1451 1657 1615 1690 referantur,
1626 1663 1652 1685 et
1666 1659 1730 1693 quid
1744 1659 1806 1686 istis

1015 1705 1171 1732 nominibus
1187 1705 1227 1732 sic
1246 1705 1425 1740 signiﬁcetur,
1445 1713 1477 1732 ex
1501 1704 1543 1732 his
1559 1712 1619 1739 quae
1637 1710 1803 1739 sequuntur,

1014 1749 1126 1784 patebit.

1312 1795 1426 1824 CAPUT
1445 1796 1501 1823 Vll.

972 1861 981 1871 ο
1017 1852 1174 1885 ρυοι1ἰὶτιιι
1194 1852 1283 1879 divina
1301 1857 1410 1880 noniina
1434 1861 1466 1879 ea:
1488 1852 1585 1886 efﬁctis
1601 1858 1707 1887 ειιιιιμια
1728 1852 1807 1885 (Iiﬂ’c-

1051 1888 1161 1914 1'enliant
1186 1888 1368 1920 operationnm
1385 1892 1580 1919 repra‘seutnnt.
1603 1889 1639 1914 sic
1665 1889 1698 1913 ml
1723 1887 1805 1914 Deum

1051 1923 1135 1949 relata
1151 1923 1269 1949 diversa;
1299 1931 1339 1949 res
1362 1930 1549 1957 reprim-mare
1566 1931 1617 1949 non
1632 1928 1748 1956 possunt.

1052 1979 1167 2006 Basilius
1179 1979 1302 2014 Magnus,
1317 1980 1342 2006 in
1357 1979 1468 2014 cpistola
1484 1980 1516 2006 ad
1531 1980 1702 2006 Eustathium
1718 1987 1724 2005 :
1739 1980 1804 2006 0m-

1016 2031 1074 2054 nes.
1091 2023 1189 2057 inquit,
1203 2023 1327 2050 notiones
1356 2029 1383 2050 et
1399 2025 1508 2051 nomina
1521 2032 1582 2058 qum
1599 2024 1681 2050 Deum
1695 2025 1803 2055 decent.

1015 2069 1128 2103 a‘qualis
1149 2069 1218 2096 inter
1239 2077 1267 2097 se
1286 2070 1398 2097 honoris
1417 2075 1497 2101 sunt,
1515 2076 1649 2104 quatenus
1665 2070 1805 2104 signiliea~

1017 2115 1088 2141 tione
1114 2115 1152 2141 rei
1179 2115 1309 2149 subjecta:
1335 2115 1400 2141 nbil
1428 2115 1574 2148 didi-runt;
1599 2124 1651 2142 non
1674 2115 1744 2142 enim
1769 2116 1803 2143 ad

1015 2159 1094 2186 aliam
1114 2168 1170 2186 rem
1187 2160 1338 2194 subjcclam
1354 2165 1469 2187 mentem
1481 2161 1557 2188 ducit
1570 2161 1715 2195 appellatio
1728 2162 1803 2194 boni,

1015 2210 1041 2232 et
1064 2205 1104 2239 {ad
1131 2206 1212 2232 aliam
1230 2206 1375 2240 appellatio
1400 2206 1540 2240 sapientis,
1561 2213 1588 2232 et
1613 2207 1750 2240 potentis,
1777 2212 1804 2234 et

1011 2250 1076 2283 justi
1107 2251 1196 2285 :qttin
1221 2251 1310 2284 potius
1342 2258 1512 2285 quaecunque
1542 2252 1652 2277 nomina
1682 2252 1802 2283 dixeris,

1015 2302 1098 2321 umtnt
1114 2294 1239 2327 estquod
1255 2295 1434 2329 signiﬁcatur,
1446 2300 1473 2321 et
1490 2295 1511 2321 si
1527 2295 1610 2322 Deum
1626 2295 1712 2327 dicas,
1725 2304 1803 2322 emn-

1013 2340 1074 2367 dem
1092 2340 1252 2372 usti-ndidi,
1277 2347 1358 2374 quem
1384 2347 1431 2374 per
1456 2340 1558 2374 reliqua
1578 2341 1688 2367 nomina
1715 2346 1804 2368 acute

1015 2385 1171 2420 concepisti.
1186 2385 1224 2412 Ex
1249 2385 1294 2412 Itis
1313 2386 1394 2418 igitur
1411 2385 1583 2411 manifestum
1613 2385 1652 2417 ﬁt,
1668 2386 1739 2419 qunti
1757 2393 1804 2411 ca-

1013 2431 1074 2456 dent
1090 2431 1181 2457 divina
1198 2431 1319 2460 nomina.
1336 2435 1361 2457 et
1376 2431 1476 2468 eadem
1503 2431 1628 2458 notiones
1655 2437 1753 2457 nostra:
1770 2431 1804 2458 de

1015 2477 1068 2503 Dro
1084 2477 1222 2508 dicuntur,
1239 2477 1395 2510 nullamque
1409 2476 1593 2503 differentiam
1619 2478 1656 2503 rei
1673 2478 1804 2511 subjch

1016 2524 1047 2548 ad
1068 2522 1152 2548 Deum
1170 2523 1256 2549 relata
1275 2526 1480 2556 repnrsentant,
1497 2522 1610 2556 etquod
1625 2523 1732 2549 nomina
1755 2523 1802 2550 Dei

1017 2569 1148 2602 triplicem
1168 2568 1266 2594 habent
1281 2575 1403 2599 causam,
1420 2568 1579 2594 eliirienlcm
1598 2568 1706 2602 quidem
1725 2576 1803 2595 men-

1018 2619 1069 2640 tem
1087 2614 1171 2647 ipsam
1190 2613 1352 2645 bnmauam;
1370 2614 1510 2640 materiam
1525 2634 1532 2646 ,
1558 2614 1601 2641 illa
1619 2614 1697 2641 'unde
1723 2614 1803 2640 coll--

1016 2664 1125 2691 cuntur,
1143 2658 1169 2686 id
1186 2664 1237 2693 est,
1253 2658 1366 2692 eﬂ'ecia;
1382 2660 1471 2691 linem,
1496 2659 1590 2691 Dcuzu,
1607 2660 1638 2686 ad
1661 2668 1740 2696 quem
1758 2668 1803 2687 re-

1016 2704 1071 2731 fcru
1077 2710 1148 2731 utut.
