1954 3071
109 152 169 186 797

405 212 518 242 CAPUT
537 215 603 243 Vlll.

109 267 144 295 Si
161 277 214 295 non
239 275 347 302 possunt
369 271 460 298 dit-ina
483 274 588 299 nomina
605 273 720 300 direrms
742 282 783 300 res
806 275 832 301 in
848 274 900 301 Deo

148 311 349 344 rrpra'scntare,
364 306 522 344 relinquitur
532 309 649 344 utsolam
657 309 834 336 subslauliam
845 310 901 344 ejus

147 338 294 370 declarent,
311 348 363 367 non
377 338 441 376 quid
456 347 506 373 est,
517 343 561 369 sed
577 345 646 377 quod
659 349 708 370 est.

148 395 263 430 Magnus
278 397 445 426 Athanasius
461 399 562 427 docens
578 400 615 435 (a)
638 406 710 428 recte
725 402 825 429 dictum
842 410 901 431 esse

111 448 127 467 a
154 439 280 469 Patribus
314 443 421 470 concilii
446 444 548 472 Nica‘ni
564 446 723 474 vocabulum
747 447 900 475 Itomousii:

110 487 183 514 Cum
202 487 301 521 inquit,
318 489 464 518 audimus:
484 490 539 526 Ego
552 501 629 524 sum,
647 494 692 527 qui
705 502 761 520 sum
776 515 782 526 ,
801 499 827 521 et
844 503 851 521 :
870 493 902 520 1η

111 533 244 567 principio
265 535 361 561 creavit
379 535 448 562 Deut
464 537 557 564 caelum
571 543 596 564 et
614 542 722 571 terram,
739 544 765 566 et
791 548 797 566 :
818 541 900 573 Audi,

114 578 212 612 Israel,
228 579 355 608 Dominus
367 581 436 608 Deus
450 587 510 608 tuus
527 582 595 610 Deus
608 592 677 611 unus
700 590 751 616 est,
767 591 794 612 ct
812 595 819 612 :
839 585 902 613 Ilwc

111 625 179 652 dicit
192 625 317 654 Dominus
330 628 493 661 omnipotens
503 628 536 660 “,
550 629 616 655 nihil
630 629 702 657 aliud
716 638 795 664 quam
816 631 901 665 ipsam

112 671 264 705 simplicem
293 677 320 699 et
347 673 465 702 beatam.
491 680 517 701 et
544 682 603 708 quzu
629 675 822 709 comprehendi
848 684 902 703 non

113 720 216 749 potest.
235 718 416 744 substantiam
434 718 493 753 ejus
504 719 549 753 qui
567 719 805 755 estintelligimns.
823 713 912 748 Ττιιιι-Δ

112 763 164 788 etsi
182 763 268 796 enim,
283 763 347 798 quid
365 769 417 796 est,
433 764 664 799 comprehendere
676 774 729 793 non
747 774 903 801 pos~unms,

113 811 206 835 tamen
227 816 288 835 cum
307 810 444 842 audimus,
466 810 554 844 Pater,
568 816 605 842 et,
620 811 810 847 Omnipotens,
838 815 904 842 nihil

113 853 189 880 aliud
207 860 385 889 praeterquam
408 855 493 889 ipsam
510 857 688 883 substantiam
706 857 766 892 ejus
784 859 829 891 qni
851 864 903 889 est,

114 899 303 933 intelligimus.
320 900 352 926 Et
367 908 463 928 rursus
483 901 552 928 idem
578 901 602 927 in
617 902 784 937 Apologetico
803 911 850 937 pro
863 912 906 937 sy-

115 945 185 970 nodo
201 944 309 972 Nicazua
329 954 338 972 :
355 946 383 973 Si
403 945 473 973 Deus
492 951 544 978 est,
562 946 659 981 inquit,
677 948 750 975 aliud
769 949 882 983 simplex
897 968 904 981 ,

116 995 145 1016 ut
162 990 271 1023 quidem
288 994 340 1022 est.
354 997 415 1017 cum
435 990 554 1018 dicimus
569 991 666 1024 Deunt,
685 997 712 1020 et
732 994 905 1021 nominamus

118 1035 239 1067 Patrem,
258 1036 324 1062 nihil
345 1041 473 1070 tanquam
490 1037 562 1064 rit-ca
577 1047 651 1069 eum.
668 1040 714 1066 sed
737 1040 822 1073 ipsam
837 1041 904 1066 sub-

118 1082 247 1110 stantiam
263 1082 322 1116 ejus
343 1083 529 1118 intelligimus.
558 1085 589 1111 Et
615 1084 761 1119 Gregorius
788 1086 906 1114 Theolo-

119 1137 168 1163 gns
179 1129 236 1163 (b):
255 1129 285 1154 '0
302 1128 349 1161 ὢν,
362 1129 448 1158 idest.
469 1130 515 1164 qui
528 1134 580 1162 est,
594 1135 621 1157 et
642 1130 723 1163 Deus,
737 1131 822 1166 magis
838 1140 905 1166 quo-

118 1176 266 1204 dammodo
281 1179 343 1203 sunt
357 1177 465 1203 nontina
478 1176 634 1204 substantia:
651 1185 657 1203 :
674 1183 699 1204 et
712 1185 745 1205 ex
762 1178 803 1205 his
820 1178 905 1212 magis

119 1223 133 1249 ὁ
147 1222 194 1248 ὥν.
215 1222 246 1249 Et
260 1229 355 1249 rursus
372 1222 441 1249 idem
457 1230 464 1248 :
483 1221 577 1249 Nonne
598 1222 726 1257 Spiritus,
753 1229 777 1250 et
791 1223 871 1258 Ignis,
887 1232 904 1251 0

119 1269 217 1299 amice,
233 1273 259 1295 rt
273 1267 422 1302 Sapientia,
432 1271 459 1295 et
474 1268 594 1300 Iustitia,
608 1273 634 1295 et
647 1269 765 1300 Mens.et
773 1269 902 1303 Verbum,

119 1317 146 1340 et
159 1313 219 1340 alias
233 1312 366 1347 ejusmodi
385 1314 584 1342 nominationes
602 1318 706 1342 natura:
718 1315 800 1342 sunt?
811 1315 842 1342 Et
855 1315 903 1342 ite-

119 1368 180 1388 rum
199 1361 270 1387 idettt
295 1365 390 1388 contra
417 1359 561 1395 Evagrium
578 1369 585 1388 :
601 1361 653 1388 Sed
680 1361 840 1392 nominatio.
863 1361 904 1388 itt—

119 1407 188 1442 quit,
207 1406 280 1433 utilis
298 1411 349 1438 est,
368 1414 427 1441 qua:
449 1414 499 1433 nos
517 1410 628 1441 propter
653 1406 842 1434 necessitatem
869 1406 901 1432 ad

120 1453 258 1480 notionent
283 1459 377 1479 eorum
395 1460 455 1486 quae
477 1451 529 1478 sub
551 1451 756 1487 intelligentiam
780 1452 880 1478 cadunt
894 1472 901 1483 ,

120 1499 206 1526 ducit.
230 1498 346 1531 Quidam
371 1505 436 1525 vero
460 1497 524 1524 dum
548 1505 642 1525 crasse
659 1497 806 1532 opinantur
821 1497 903 1524 simul

491 156 610 190 DECAS
631 160 680 191 IV.
698 173 732 178 -
751 159 799 191 DE
821 160 1028 195 INFORMAT.
1052 164 1177 196 DIVINI
1192 165 1371 198 NOMlNlS»

1685 169 1748 201 799

919 222 939 248 Α
957 224 1081 248 naturam
1099 222 1228 250 indicant.
1249 223 1281 251 Et
1297 216 1479 251 Damasi-enus
1493 223 1648 260 Theologns
1664 234 1671 252 :
1694 226 1745 252 Di-r

951 267 1062 300 vinitas,
1078 268 1174 303 inquit,
1192 275 1318 297 naturam
1332 270 1463 301 declarat,
1479 269 1557 297 Pater
1573 275 1662 298 autem
1679 278 1740 305 per.

952 321 1057 341 sonam.
1072 313 1110 340 Ex
1127 315 1226 350 quibus
1241 315 1343 350 pateﬁt,
1359 316 1430 349 quod
1446 323 1508 342 cttnt
1525 316 1639 350 theologi
1653 316 1740 349 respi—

952 359 1028 386 ciunt
1047 360 1118 387 unde
1137 361 1244 388 nomina
1261 361 1308 388 Dei
1325 361 1403 388 nobis
1415 361 1529 388 collecta
1548 366 1631 393 sunt,
1650 361 1684 388 ab
1705 361 1739 388 iis

952 405 1065 436 scilicet,
1087 413 1147 440 qum
1174 406 1200 433 in
1228 407 1356 433 universo
1373 407 1440 434 mira
1457 407 1646 440 speculamur,
1662 411 1687 433 et
1705 407 1740 433 ab

953 449 1053 478 eﬁ'ectis
1069 451 1134 484 ipsis
1145 471 1152 482 ,
1171 453 1356 486 operationem
1373 457 1399 479 et
1411 452 1580 479 elfectionem
1596 451 1643 478 Dei
1661 452 1738 478 aiunt

953 499 1162 529 repraesentare,
1178 500 1204 522 et
1224 503 1276 522 non
1295 496 1359 531 quid
1377 500 1429 528 est,
1450 501 1476 523 et
1499 496 1587 531 ipsam
1611 497 1740 523 substan-

953 540 1036 573 tiam;
1059 545 1121 576 post
1139 542 1274 569 hominem
1290 542 1363 569 enim
1386 542 1493 569 inventa
1517 547 1580 569 sum.
1605 542 1738 572 nomina;

955 586 1008 613 imo
1028 595 1103 614 mens
1126 588 1244 614 humana
1268 588 1301 614 ad
1323 595 1401 615 usum
1428 595 1506 615 suum
1527 588 1590 614 Iluec
1615 588 1739 619 invenit;

955 641 1016 660 cum
1034 639 1124 660 autent
1141 641 1239 660 rursus
1255 633 1350 660 volunt
1371 641 1417 668 per
1434 634 1490 660 iure
1510 634 1619 660 nomina
1642 633 1741 660 etTerre

955 684 1011 703 rem
1028 677 1219 712 signiﬁcaan
1231 682 1258 704 et
1270 677 1302 704 ad
1315 677 1417 712 aliquid
1434 670 1683 708 referimur,Deuut
1694 684 1742 710 per

956 719 1012 746 ha-c
1028 720 1135 747 nomina
1150 720 1323 752 invocantes,
1339 727 1393 747 non
1407 720 1537 747 dividitur
1552 729 1595 748 res
1608 721 1740 758 subjecta,

956 769 985 791 ιιι
1005 765 1161 792 dividuntur
1176 766 1300 793 notiones
1316 766 1426 801 (evpers
1449 767 1521 793 enint
1544 767 1642 801 partis,
1658 771 1684 793 et
1700 766 1742 793 in-

956 810 1063 836 dividua
1072 817 1113 837 est
1125 811 1277 838 substantia
1294 812 1351 846 Dei)
1365 820 1372 844 ;
1391 812 1492 840 idcirco
1501 812 1634 839 allirntant
1650 820 1679 839 se
1694 820 1744 839 no-

957 855 1076 883 minibus
1091 856 1150 883 istis
1174 857 1243 884 hanc
1259 857 1346 892 ipsam
1364 857 1545 884 substantiam
1565 857 1611 884 Dei
1635 857 1742 891 sig-tili-

956 910 1028 934 care,
1046 911 1098 930 non
1121 904 1184 938 quid
1210 909 1262 934 est.
1277 904 1323 931 sed
1341 904 1413 938 quod
1428 910 1470 931 est
1486 904 1572 931 solum
1592 911 1742 938 repraesen-

956 953 1062 980 tantes,
1077 948 1149 976 sicut
1163 949 1188 975 in
1206 949 1266 977 aliis
1285 949 1443 977 nominibus
1458 950 1568 978 evenire
1584 949 1744 976 consuevit.

955 994 1022 1021 Cum
1041 995 1112 1021 ettim
1129 993 1198 1022 forte
1212 995 1369 1029 quterimus,
1385 995 1456 1022 unde
1476 1003 1574 1023 nomen
1593 995 1738 1030 ἀνθρώπου

956 1040 1106 1067 derivatum
1125 1041 1170 1072 sit,
1188 1046 1215 1068 ct
1229 1041 1294 1075 quid
1312 1049 1360 1075 per
1374 1049 1403 1069 se
1417 1041 1562 1075 signiﬁcet,
1575 1041 1744 1068 aﬁirmamns

955 1092 1148 1122 repraesentare
1161 1088 1213 1114 vim
1226 1087 1271 1114 τοῦ
1283 1086 1340 1114 ἄνω
1355 1087 1460 1122 ἀθρεῖν,
1481 1088 1506 1114 id
1521 1092 1573 1119 est,
1586 1087 1743 1115 facultatem

956 1132 982 1159 in
1001 1133 1116 1160 sublime
1133 1132 1293 1167 aspiciendi,
1310 1132 1367 1160 sive
1381 1133 1509 1167 ἀναθρεῖν
1531 1132 1550 1159 ἃ.
1570 1133 1693 1163 barum-sv,
1717 1131 1743 1158 id

954 1180 1007 1209 est,
1023 1177 1178 1204 facultatem
1195 1176 1362 1211 recogitamli
1375 1184 1435 1211 qua:
1448 1176 1565 1210 aspexit,
1583 1177 1693 1202 nomine
1707 1183 1741 1202 ex

954 1221 1072 1256 quadam
1091 1222 1254 1256 etymologia
1273 1226 1300 1249 et
1319 1222 1426 1249 actione
1453 1222 1526 1248 circa
1549 1229 1604 1247 rem
1630 1221 1664 1247 al)
1693 1221 1745 1246 hu-

954 1274 1035 1294 mana
1058 1272 1149 1294 mente
1173 1267 1336 1302 excogitato.
1352 1268 1420 1294 Cum
1436 1273 1526 1294 autem
1543 1267 1583 1294 sic
1607 1274 1663 1294 rem
1690 1268 1743 1294 ali-

953 1320 1035 1347 quam
1060 1313 1228 1340 nominalam
1260 1314 1466 1348 signiﬁcaverit,
1492 1313 1524 1340 ad
1551 1313 1738 1340 deﬁnitionent

954 1359 1025 1393 ejus,
1041 1363 1069 1386 et
1084 1359 1150 1394 quid
1169 1364 1222 1391 est,
1238 1360 1410 1387 revertimur.
1426 1360 1505 1386 Aliud
1521 1359 1603 1394 igitur
1621 1363 1664 1387 est
1678 1359 1746 1394 quid

954 1405 1004 1431 hoc
1020 1412 1117 1432 nomen
1136 1405 1272 1437 declaret,
1290 1409 1317 1432 et
1331 1405 1404 1433 aliud
1421 1413 1518 1433 rursus
1533 1406 1566 1432 ad
1581 1405 1645 1439 quid
1662 1405 1746 1439 parti--

954 1455 1016 1477 neat
1031 1457 1075 1477 res
1089 1457 1103 1477 a
1121 1450 1199 1478 nobis
1216 1451 1256 1478 sic
1271 1450 1409 1477 nominata
1426 1459 1432 1477 :
1453 1459 1485 1490 ac
1502 1451 1613 1478 nomina
1626 1450 1736 1485 quidem

954 1503 986 1522 ex
1005 1501 1142 1522 convento
1165 1495 1203 1531 (2)
1229 1497 1338 1523 inventa
1362 1501 1425 1524 sunt
1442 1496 1635 1523 alit-«tionibus
1650 1493 1752 1523 animae

121 1554 182 1574 cum
201 1545 357 1572 nominibus
375 1544 554 1571 substantiam
575 1543 681 1576 dividi,
701 1544 848 1579 opinantur
870 1544 913 1571 itt-
925 1551 947 1580 ο
962 1541 1095 1572 ducibus:
1114 1550 1157 1569 res“
1176 1549 1239 1569 vero
1264 1542 1330 1570 foris
1347 1547 1482 1578 quatenus
1499 1549 1670 1576 unaqmeque
1696 1547 1738 1568 est

121 1591 278 1626 ti-lligentiis
295 1592 365 1624 suis,
380 1598 449 1625 quas
464 1590 631 1624 concipiunt,
649 1598 710 1625 quae
725 1594 788 1617 sunt
802 1591 909 1624 penitus

121 1637 230 1671 indigna
244 1637 355 1663 divinis.
370 1635 592 1663 Consentaneum
616 1642 681 1662 vero
706 1635 784 1662 uobts
801 1640 842 1661 est
854 1654 861 1667 ,
880 1640 909 1662 ut

121 1683 166 1717 qtti
192 1682 315 1710 veritatis
341 1681 456 1710 studiosi
481 1689 586 1712 sumus.
611 1683 731 1708 sciamus
745 1681 865 1708 divinam
881 1685 907 1708 et

123 1728 272 1762 simplicem
298 1727 343 1754 Dei
369 1727 552 1754 substantiam
571 1734 631 1754 esse
653 1726 843 1760 impartibilem
856 1747 863 1758 ,
880 1733 907 1753 et

122 1774 202 1800 unius
218 1772 320 1800 lorma'.
337 1772 403 1799 l'em
419 1772 570 1807 Gregorius
585 1772 722 1806 Nyssenus
735 1779 742 1799 :
756 1771 795 1801 Si.
809 1771 908 1806 inquit,

123 1827 220 1846 nomen
238 1818 258 1845 D
277 1819 284 1846 i
300 1818 338 1854 (Ι)
355 1825 498 1853 persanata
526 1818 656 1849 declarat,
671 1826 732 1845 cum
749 1822 803 1845 tres
817 1825 910 1852 perso-

122 1874 171 1894 nas
192 1866 320 1897 dicimus,
339 1871 394 1892 tres
411 1865 478 1892 deos
495 1864 654 1892 neCessario
669 1864 787 1892 dicitntts
807 1872 814 1891 :
837 1869 865 1891 at
887 1865 909 1892 si

123 1919 220 1939 nomen
238 1911 284 1938 Dei
301 1911 484 1938 substantiam
501 1910 638 1944 signiﬁcat
651 1929 659 1942 ,
671 1917 733 1937 cum
748 1910 911 1938 conﬁtentur

123 1965 202 1985 uuam
222 1957 402 1985 substantiam
419 1961 520 1984 sanctze
534 1955 689 1989 Trinitatis,
713 1963 798 1982 unum
822 1954 907 1982 Deunt

122 2007 305 2030 Consentanee
317 2007 444 2037 putamus
461 2009 468 2027 :
489 2001 624 2036 siquidem
640 2008 737 2027 nomen
756 2000 811 2033 Dei,
829 2001 910 2028 unius

123 2048 282 2075 substantia:
302 2055 400 2074 nomen
415 2051 467 2074 est.
483 2046 523 2073 Ac
538 2053 651 2080 magnus
668 2045 749 2072 etiam
770 2045 886 2072 Basilius
902 2054 909 2072 :

123 2095 149 2122 Si
165 2101 239 2126 vero,
255 2093 354 2127 inquit,
371 2092 551 2120 substantiam
569 2091 614 2118 Dei
633 2091 723 2118 lumen
740 2099 802 2118 esse
815 2091 911 2118 statui-

125 2148 196 2172 tnus,
215 2144 262 2167 aut
276 2139 371 2171 vitant,
393 2143 440 2165 aut
455 2138 555 2165 bonum
573 2142 671 2170 totum,
687 2137 712 2164 id
730 2142 781 2170 est,
795 2145 857 2164 cum
875 2136 911 2164 sit

125 2186 187 2217 vita,
203 2190 289 2213 tottttn
306 2186 396 2212 lumett
413 2189 464 2216 est,
478 2189 504 2211 et
522 2188 607 2211 totnttt
624 2184 737 2215 bonum,
753 2185 807 2222 vita
818 2188 910 2210 autem

960 1588 1136 1616 exstiterunt.
1159 1588 1355 1616 Consentanee
1380 1589 1463 1622 igitur
1489 1589 1515 1616 itt
1541 1588 1615 1615 omni
1639 1588 1749 1615 nomine

960 1635 1122 1669 quatrimus,
1140 1635 1202 1669 quis
1218 1634 1322 1667 pritntts
1338 1635 1458 1668 invenit,
1476 1639 1503 1662 et
1518 1635 1589 1661 unde
1609 1642 1685 1660 mens
1699 1634 1749 1660 ho-

962 1680 1044 1708 minis
1059 1681 1123 1708 illud
1138 1681 1242 1715 accepit
1263 1690 1270 1708 :
1286 1685 1314 1708 et
1328 1681 1361 1708 ad
1380 1688 1463 1716 quam
1489 1689 1544 1709 rem
1569 1687 1664 1707 earum
1689 1687 1749 1714 quae

959 1731 1035 1754 extra
1053 1732 1127 1758 sottt,
1141 1734 1189 1761 per
1204 1726 1313 1753 nomina
1327 1727 1498 1754 adducimur.

1258 1793 1371 1822 CAPUT
1386 1793 1432 1821 IX.

963 1852 1039 1884 Quod
1054 1851 1162 1878 nomina
1181 1851 1270 1878 diuina
1302 1851 1336 1876 ad
1370 1859 1425 1886 rem,
1445 1851 1541 1884 ipsum,
1571 1851 1619 1877 Dei
1648 1850 1751 1877 scilicet

975 1893 977 1896 '
996 1886 1176 1914 substantiam
1194 1885 1288 1918 relata,
1304 1887 1410 1920 proprie
1429 1886 1515 1920 ipsam
1529 1886 1693 1920 signiﬁcant.
1722 1889 1749 1911 et

996 1929 1047 1947 non
1061 1929 1105 1953 per
1123 1920 1275 1947 abusionem
1291 1928 1301 1947 .·
1331 1925 1354 1947 el
1380 1921 1448 1954 quod
1475 1929 1522 1954 per
1547 1925 1750 1953 unumquodque

996 1956 1088 1982 horum
1105 1956 1238 1982 nominum
1254 1955 1426 1988 Trinitalem,
1438 1963 1496 1990 qua:
1507 1963 1588 1990 supra
1598 1963 1677 1990 quum
1690 1954 1752 1981 sub-

998 1991 1098 2018 stantia
1121 1995 1170 2023 est,
1204 1990 1382 2017 declaramus.

997 2046 1114 2073 Sanctus
1129 2045 1247 2081 Cyrillns
1267 2046 1294 2072 ιιι
1315 2045 1455 2073 Thesauri:
1482 2045 1518 2081 (ε)
1545 2046 1605 2073 ait:
1633 2045 1752 2080 Oporte-

962 2093 1007 2120 bat
1021 2097 1120 2124 tacere,
1138 2095 1166 2118 et
1180 2091 1293 2118 nihilad
1323 2091 1436 2118 istorum
1470 2091 1505 2118 ita
1534 2091 1637 2118 fatuam
1666 2098 1751 2125 argu-

962 2138 1157 2166 mentationem
1175 2136 1348 2172 respondere.
1370 2137 1401 2164 Et
1417 2136 1498 2171 paulo
1521 2142 1582 2171 post
1599 2145 1606 2164 :
1624 2136 1714 2169 Quare
1726 2136 1750 2164 si

963 2184 1024 2219 quis
1039 2183 1175 2211 hominem
1197 2182 1357 2213 nominavit,
1369 2182 1432 2216 quia
1454 2183 1535 2209 homo
1550 2189 1603 2209 non
1629 2187 1670 2210 est
1699 2183 1751 2219 hoc

124 2239 295 2267 consequens
320 2231 401 2258 ltabet
425 2230 576 2265 ingenitum
604 2238 611 2257 :
634 2229 771 2264 Quomodo
790 2219 851 2256 non
870 2234 913 2258 est
928 2217 1074 2257 Domnino
1091 2235 1201 2260 nomen,
1219 2226 1291 2262 quod
1322 2228 1458 2255 hominem
1483 2227 1628 2261 signiﬁcat,
1657 2232 1686 2254 ut
1707 2217 1752 2254 isti

124 2285 221 2311 expers
235 2274 455 2309 compositionis,
478 2274 584 2308 quiest
609 2273 760 2300 secundum
785 2274 913 2301 substan-

126 2324 189 2350 tiam
216 2321 350 2357 simplex?
375 2321 446 2348 ldetn
474 2320 557 2347 etiam
574 2327 581 2346 :
599 2318 713 2347 Nomina
739 2320 828 2354 n'agni
847 2321 911 2350 Doi,

160 2394 180 2411 ι’
196 2393 280 2421 Exod.
295 2401 336 2425 ttt;
353 2391 422 2420 Gen.
438 2399 463 2424 t;
489 2390 566 2418 Deut.
579 2397 617 2417 Vl.

965 2280 1202 2311 argumentantur.
1216 2274 1348 2309 intelligat
1369 2274 1450 2309 igitur
1465 2273 1537 2300 aliud
1557 2273 1633 2308 quid,
1651 2279 1676 2300 et
1697 2280 1752 2299 non

969 2323 1020 2350 hoc
1037 2322 1156 2357 penitus,
1173 2320 1245 2356 quod
1264 2328 1363 2348 nomen
1387 2319 1522 2356 signiﬁcat
1535 2328 1543 2347 :
1558 2324 1585 2347 at
1600 2320 1622 2347 si
1647 2320 1698 2347 ltoc
1710 2320 1752 2346 itt-

767 2448 890 2480 Scholia
908 2449 939 2479 S.
955 2448 1095 2480 Thomas.

162 2506 200 2540 (1)
217 2504 278 2532 llatc
298 2512 348 2532 vox
360 2525 367 2536 .
386 2505 466 2537 Deus,
484 2505 554 2533 sicut
570 2504 690 2532 continet
708 2511 849 2538 personas,
861 2503 908 2540 sic

127 2542 208 2568 etiam
236 2540 369 2572 signiﬁcat
392 2546 419 2568 et
439 2541 560 2567 declarat.
585 2547 725 2573 personas,
750 2543 777 2565 et
798 2540 832 2566 de
860 2539 914 2565 illis

129 2576 311 2610 pra‘dicalur:
328 2576 374 2602 sed
399 2576 462 2609 quia
490 2584 543 2602 non
569 2576 657 2601 solum
678 2575 799 2601 declarat
815 2581 911 2609 perso-

129 2618 202 2641 1111111,
229 2611 275 2637 sed
300 2611 379 2636 (³1111111
403 2619 483 2637 unam
507 2615 631 2636 naturam
656 2617 829 2636 communem
859 2616 911 2635 nOII

131 2645 293 2680 cogitatione
310 2646 376 2676 sola,
398 2647 444 2672 sed
461 2654 500 2676 re,
515 2645 616 2671 idcirco
631 2645 677 2678 qui
698 2644 764 2680 dicit
780 2649 834 2680 trcs
851 2651 912 2680 per-

130 2688 284 2712 sonas,-ncn
296 2681 339 2707 dic
352 2680 433 2707 tdieit
449 2685 503 2707 tres
517 2681 673 2711 deos(sicut
689 2679 735 2712 qni
750 2683 805 2705 tres
823 2679 911 2704 hotni—

132 2716 190 2748 nes)
202 2716 250 2743 scd
268 2723 350 2742 unum
364 2724 370 2740 :
386 2715 472 2742 duitas
490 2722 553 2742 vero
568 2715 618 2740 t-Isi
633 2715 752 2741 eotttinet
768 2721 908 2746 personas,

131 2756 157 2777 et
178 2751 210 2777 de
234 2750 286 2777 illis
300 2750 463 2785 prmdiiatur
485 2749 636 2777 secundum
659 2757 727 2778 t't‘llt,
745 2753 909 2782 tamenquia

167 2821 204 2854 (η)
219 2820 247 2846 ln
264 2819 342 2854 epist.
359 2821 389 2847 de
403 2821 511 2855 synodis
525 2819 638 2846 Arimini
652 2823 679 2845 et
692 2819 831 2846 Seleneia‘.

167 2855 205 2890 (tt)
221 2855 249 2882 ιιι
264 2857 382 2883 secunda
400 2856 520 2883 oratione
539 2858 570 2882 de
583 2855 742 2889 Tlteologta.

965 2503 1113 2530 secundum
1141 2501 1249 2527 modum
1270 2507 1442 2528 communem
1463 2499 1644 2534 signiﬁcandi,
1673 2504 1753 2526 natu-

965 2545 1024 2564 ram
1039 2537 1098 2563 sine
1112 2537 1324 2571 proprietatibus
1339 2535 1516 2571 hypostaticis
1532 2535 1679 2571 signiﬁcat,
1692 2541 1752 2571 non

965 2569 1127 2607 prmdicatur
1147 2569 1255 2607 proprie
1279 2571 1313 2597 dc
1337 2569 1470 2607 personis.
1488 2569 1567 2596 Pater
1585 2569 1656 2596 enim
1673 2569 1752 2607 _divi-

965 2604 1050 2634 nitate
1077 2611 1103 2633 ct
1120 2604 1282 2640 paternitatc
1297 2610 1426 2640 tanquam
1443 2604 1527 2631 forma
1545 2610 1571 2632 et
1589 2605 1753 2640 proprietate

964 2639 1243 2677 ltypostatic’arl’ator
1259 2644 1300 2677 est
1314 2648 1321 2672 ;
1338 2639 1505 2677 et‘similitrr
1523 2639 1688 2677 inre-liquis.

1000 2673 1037 2711 (‘2)
1055 2676 1111 2703 Hoc
1128 2676 1203 2707 dicit,
1220 2676 1283 2709 quia
1301 2674 1412 2711 nomina
1428 2683 1459 2701 ex
1476 2673 1632 2702 constituto
1645 2673 1751 2711 signiti-

961 2707 1047 2738 cant':
1063 2716 1089 2738 et
1110 2718 1140 2737 ea
1158 2719 1217 2744 qua:
1229 2707 1298 2736 sunt
1314 2709 1341 2736 in
1356 2717 1433 2743 voce,
1452 2710 1529 2745 signa
1546 2714 1611 2738 sunt
1627 2707 1751 2736 allectio-

962 2755 1026 2774 ttunt
1042 2754 1101 2780 qua:
1117 2747 1143 2772 ιιι
1162 2745 1252 2772 anima
1273 2751 1348 2772 sunt.

1004 2818 1039 2842 ιει
1055 2817 1115 2845 Lib.
1129 2824 1177 2845 vn.
1193 2823 1252 2851 cap.
1267 2816 1296 2844 2.
