1954 3071
89 165 149 199 793

88 233 125 251 eo
141 225 203 260 ipso
219 222 291 258 quod
318 227 370 255 est,
387 223 510 250 omnium
539 231 620 250 causa
639 229 691 255 est,
719 221 885 253 rrovidcutia

90 270 140 296 Dei
159 276 253 296 eorum
271 268 317 303 qui
332 269 367 295 dii
385 268 526 300 dicuntur,
537 268 682 303 principis,
692 275 751 301 quur
764 266 887 293 omnium

89 316 229 343 bonorum
255 314 415 350 principium
434 319 494 347 est,
510 315 544 341 ab
558 313 688 341 omnibus
710 313 813 339 effectis
832 312 890 338 Iau—

90 362 186 388 danda
206 367 258 394 est,
284 362 346 396 quia
364 365 390 387 et
406 362 512 387 circum
539 360 628 393 ipsum
651 365 716 387 sunt
737 359 847 391 omnia,
864 361 891 386 et

92 413 207 443 prtpter
221 408 328 442 ipsum;
343 411 367 433 et
389 407 446 441 ipse
464 410 506 434 e~t
528 410 591 432 ante
611 406 714 438 o-unia,
736 410 763 432 et
788 405 814 431 in
831 405 891 439 ipso

92 462 161 480 outn
175 461 189 480 a
216 454 382 483 consistunt.
402 457 429 479 ct
447 459 507 479 esse
522 459 584 479 eum
610 451 735 486 producit
751 450 851 482 omnia,
865 455 892 476 et

94 500 162 527 fauit
175 504 202 526 ut
211 500 352 526 exsistant.
366 498 421 525 lloc
434 504 523 526 autem
532 503 643 525 sanctus
653 497 784 524 Maximus
791 496 892 523 erlisse-

95 547 133 572 rit
161 551 188 572 ct
208 549 338 572 retractat
356 554 362 572 :
382 544 418 571 l‘lx
446 545 498 576 liis,
522 544 628 578 inquit,
657 543 799 569 solvuntur
814 541 893 567 fituze

94 599 119 623 o;
133 591 141 618 i
155 591 240 618 tiones
251 599 345 618 mrum
357 591 403 624 qui
421 590 480 617 ausi
496 595 560 617 sunt
573 590 673 621 dicere,
690 589 796 614 insitam
831 595 891 614 esse

96 634 154 661 Deo
172 641 267 661 natura
290 637 406 668 quadam
423 634 475 660 vim
491 634 613 666 creandi,
631 633 703 660 sicttt
719 632 833 659 insitum
850 636 894 658 est

96 681 236 707 araneolis
260 685 350 707 texere
367 688 375 712 ;
390 680 559 706 demonstrat
580 679 651 706 enim
675 683 786 713 propter
809 678 894 704 solani

97 726 248 753 bonitatem
283 726 433 760 producere
462 726 545 752 Deum
575 725 678 751 omnia.
709 723 894 756 Quamobrem

97 779 154 798 non
187 771 288 797 audent
317 770 434 804 theologi
461 770 574 797 laudare
602 769 688 796 Deum
721 769 755 795 ab
782 768 814 794 iis
837 775 896 802 quae

98 816 187 850 ipsius
211 822 286 846 sunt,
303 817 328 843 id
354 821 405 846 est,
421 824 434 842 a
462 823 559 842 natura
573 821 600 842 et
614 815 734 842 essentia
749 814 810 848 ejus
828 813 896 847 (lucc

99 863 174 888 enim
202 863 291 896 ignota
317 862 404 896 sunt),
437 862 484 888 sed
512 861 546 888 ab
562 861 752 893 emanntione,
769 867 829 894 qua:
856 862 897 885 est

99 907 276 942 providentia
292 908 351 942 ejus
373 908 399 934 in
421 915 451 934 ea
468 914 530 941 qua:
548 906 582 933 ab
599 906 658 941 ipso
675 912 786 933 auctore
801 904 895 932 effecta

101 962 177 980 sunt.
204 953 279 980 llanc
301 953 390 980 divina
405 962 419 978 ιι
447 952 645 987 providentiam
660 972 668 984 ,
692 959 745 986 qua
768 950 897 978 omnibus

102 1000 177 1027 Deus
206 1000 338 1033 providet.
367 1000 493 1026 laudibus
522 998 672 1025 celebrant.
695 997 802 1024 Rursus
826 997 896 1024 idem

104 1047 249 1082 Dionysius
268 1046 356 1078 capite
385 1045 505 1072 secundo
535 1044 571 1070 De
596 1043 692 1070 divinis
719 1043 896 1069 nominibus:

104 1093 164 1120 Non
180 1098 218 1120 est
237 1092 354 1126 perfecta
375 1095 401 1118 et
417 1091 541 1118 absoluta
557 1090 712 1118 similitudo
728 1096 823 1116 eorum
837 1097 898 1122 qum.

104 1139 199 1166 ef'l‘rctt
216 1142 290 1168 sunt,
309 1143 335 1164 et
352 1144 518 1168 causarum;
535 1136 600 1170 quin
619 1136 709 1170 potius
723 1135 824 1162 habent
839 1135 899 1169 qui-

105 1184 168 1210 dem
181 1182 214 1209 «ια
226 1188 275 1208 ~cta
289 1189 432 1208 causrrum
449 1180 540 1215 quoad
557 1179 614 1206 fieri
630 1183 729 1213 potest.
745 1179 897 1212 imagines;

107 1228 172 1262 ipsze
192 1235 256 1254 vero
277 1234 366 1253 causa:
385 1234 415 1253 ex
436 1225 540 1252 e'l'ectis
560 1229 694 1259 exelnptie
710 1229 835 1256 suut;’ct
848 1231 898 1258 pro

108 1274 215 1301 ratione
236 1273 406 1307 principatus
431 1272 471 1298 sui
496 1279 578 1304 supra
603 1271 698 1297 locat.e
717 1277 748 1296 ac
769 1269 897 1296 fundata}.

108 1319 196 1352 Quem
227 1318 317 1345 locum
339 1318 436 1345 iterum
452 1317 586 1343 adnotaus
607 1320 719 1342 sanctus
738 1314 874 1341 Maximus
892 1322 898 1340 :

111 1365 224 1396 Effrcta,
249 1363 355 1397 inquit,
372 1367 437 1390 sunt
454 1362 545 1389 omnia
564 1366 657 1388 creata
687 1360 746 1387 sive
768 1360 795 1386 in
818 1359 900 1392 coelo,

113 1411 172 1439 sive
188 1411 214 1437 in
231 1415 313 1443 terra,
331 1416 420 1436 causa;
439 1415 503 1434 vero
525 1407 675 1434 efficientes
698 1407 757 1433 sive
779 1411 903 1433 creantes

114 1464 238 1492 pI-rsonae
262 1463 320 1482 sant
332 1459 364 1481 tae
380 1453 523 1480 Trinitatis
537 1458 612 1480 sunt.
632 1451 804 1479 Manifestum
822 1452 904 1486 igitur

115 1510 176 1535 est,
194 1502 296 1529 nullam
325 1508 384 1527 esse
409 1500 506 1526 horum
534 1499 604 1525 inter
630 1505 660 1525 se
684 1497 902 1530 similitudinem,

456 165 575 195 DECAS
590 164 640 196 IV.
659 178 693 182 -
708 164 758 194 DE
781 161 992 193 INFORMAT.
1017 138 1141 191 DIViNI
1161 158 1338 190 NOMINIS.

1671 155 1732 187 ΤΜ

902 220 997 253 Aqum
1024 219 1049 246 in
1078 219 1255 246 universitate
1281 217 1375 245 mundi
1404 214 1625 248 contempiatur;
1656 218 1731 240 unde

942 264 1096 298 liujusmodi
1122 264 1274 290 divinorum
1292 262 1433 289 nominum
1450 260 1562 288 formam
1583 264 1609 287 ct
1631 259 1732 287 distin-

940 309 1057 337 ctioncm
1079 310 1190 345 colligit.

1242 354 1358 382 CAPUT
1388 354 1432 381 IV.

943 419 1032 452 Quare
1052 418 1082 443 ab
1096 415 1194 449 effectis
1208 410 1358 441 nominatur
1376 412 1453 453 Deus.
1469 417 1493 438 et
1512 419 1564 438 non
1581 410 1612 436 ab
1628 409 1660 436 iis
1675 417 1733 444 quae

1206 456 1268 477 sunt
1289 454 1391 474 ilﬂllll'ﬂ,’
1411 456 1477 479 εγιιε.

978 499 1092 533 Magnus
1119 497 1235 523 Basilius
1263 496 1288 522 in
1318 494 1351 521 iis
1368 502 1429 526 qua:
1447 498 1541 520 contra
1570 491 1733 518 Eunomium

944 545 1055 579 scripsit
1068 553 1074 570 ε
1087 544 1114 570 Si
1129 543 1260 572 divinam,
1272 541 1372 575 inquit,
1387 543 1511 566 naturam
1529 538 1555 564 in
1571 545 1600 564 se
1612 541 1736 564 contem-

945 591 1013 625 plari
1028 597 1183 624 possemus,
1196 592 1222 614 et
1236 587 1310 621 quod
1323 585 1461 620 proprium
1478 584 1537 618 ejus
1552 588 1604 615 est,
1619 588 1645 609 et
1661 580 1734 616 quod

945 637 1077 664 alienum,
1098 642 1144 669 per
1161 641 1192 660 ea
1212 640 1270 667 qua:
1296 636 1446 659 cernuntur
1471 630 1603 661 invenire,
1628 628 1736 661 penitus

947 691 999 709 nnu
1016 681 1201 715 iudigeremus
1218 678 1383 708 rationibus,
1411 683 1499 710 neque
1515 674 1680 709 conjecturis
1703 674 1735 700 ad

947 725 1236 762 comprehendendum
1264 724 1334 758 quod
1352 722 1485 758 quzeritur
1500 730 1506 747 :
1526 720 1572 748 sed
1590 719 1653 754 quia
1681 719 1739 746 eel-

948 775 1005 801 sior
1022 778 1064 800 est
1078 779 1161 807 quam
1177 776 1206 797 ut
1219 769 1334 805 perspici
1356 768 1444 803 possit
1461 766 1532 801 quod
1549 765 1691 800 qua-ritur,
1706 772 1739 791 ex

949 820 1117 854 coujecturis
1134 821 1224 844 autem
1240 815 1425 850 cognitionem
1444 820 1540 839 eorum
1554 818 1615 845 qum
1631 817 1682 837 nos
1695 809 1739 836 fu-

913 884 933 911 "
950 865 1038 899 giunt,
1054 869 1198 893 venamur,
1213 867 1327 888 necesse
1340 864 1381 886 est
1397 857 1508 885 omnino
1524 860 1553 883 ut
1568 856 1600 882 ad
1615 859 1741 882 scrutan-

958 910 962 911 ,
1038 908 1082 911 η.
1455 903 1471 911 ..
1518 910 1538 911 η
1565 902 1660 911 μμ.-
1684 908 1730 911 .,.-

948 910 1012 937 dum
1029 908 1149 936 divinam
1163 913 1288 934 naturam
1305 913 1352 940 per
1369 903 1543 939 operatioues
1559 902 1741 929 deducantur.

948 956 987 983 Ac
1005 961 1102 982 rursus
1121 954 1192 981 idem
1219 954 1246 980 in
1267 952 1355 987 primo
1378 955 1472 978 contra
1494 948 1620 976 eumdem
1639 955 1646 973 :
1663 946 1744 973 Unus

950 1001 1083 1028 Dominus
1102 1007 1163 1028 cum
1179 999 1225 1032 sit,
1250 1003 1275 1026 et
1307 1005 1360 1024 una
1387 990 1543 1024 substantia
1563 994 1679 1028 simplex
1709 996 1737 1019 et

949 1054 1048 1081 expers
1058 1044 1278 1080 compositionis,
1290 1043 1358 1070 alias
1371 1042 1451 1069 aliter
1461 1049 1491 1069 se
1501 1040 1634 1072 nominat,
1647 1042 1746 1073 aptans

950 1093 1001 1119 sibi
1020 1092 1223 1118 nominationes
1239 1097 1299 1125 quae
1321 1088 1424 1115 nostris
1447 1085 1658 1120 cogitationibus
1671 1084 1746 1110 inter

951 1146 982 1166 se
995 1137 1136 1170 difIcrunt,
1154 1136 1261 1163 diversa
1277 1134 1350 1161 enim
1375 1133 1486 1160 nomina
1504 1130 1555 1158 sibi
1574 1129 1699 1164 imponit,
1715 1131 1746 1154 ut

951 1188 1017 1212 sunt
1030 1183 1144 1210 diversae
1155 1180 1329 1216 operationes
1341 1178 1481 1212 subjectae,
1492 1180 1519 1203 et
1529 1175 1636 1203 diversa
1649 1179 1743 1199 earum

951 1230 985 1257 ad
1002 1236 1032 1256 ea
1051 1235 1110 1262 qua:
1133 1227 1202 1254 fiunt
1220 1225 1362 1252 habitudo.
1379 1224 1451 1251 Idem
1468 1221 1550 1249 etiam
1571 1228 1579 1246 :
1595 1219 1651 1246 Nos
1677 1225 1744 1245 vero

951 1281 983 1300 ex
999 1271 1204 1308 operationibus
1221 1270 1304 1297 Deum
1319 1273 1444 1296 nostrutn
1464 1265 1591 1301 cognosci
1610 1259 1746 1291 dicimus:

953 1319 985 1346 ad
1004 1317 1153 1345 essentiam
1169 1320 1262 1343 tamen
1289 1315 1350 1349 ejtts
1367 1312 1587 1348 appropinquare
1601 1317 1655 1337 non
1683 1315 1749 1342 pro-

954 1364 1100 1394 mittimus,
1119 1362 1294 1395 operatioues
1307 1361 1379 1387 enim
1395 1358 1439 1386 Dei
1452 1357 1620 1386 descendunt
1633 1355 1665 1382 ad
1679 1361 1727 1380 nos
1740 1361 1746 1379 :

954 1415 982 1438 at
997 1409 1113 1437 essentia
1130 1409 1190 1442 ejus
1204 1411 1297 1434 manet
1315 1406 1463 1432 inaccessa.
1479 1403 1516 1430 Ex
1535 1402 1578 1429 bis
1593 1401 1675 1436 igitur
1692 1407 1750 1426 mac

956 1456 1089 1484 nlfestum
1114 1454 1250 1486 edicitur,
1276 1451 1348 1487 quod
1374 1451 1444 1478 sicut
1470 1457 1502 1477 ex
1525 1449 1558 1476 iis
1573 1454 1633 1482 qua:
1651 1447 1677 1472 in
1694 1446 1750 1472 Deo

956 1506 1021 1528 sunt
1033 1521 1040 1531 ,
1058 1497 1244 1534 philosophari
1264 1499 1296 1524 de
1315 1497 1368 1524 Deo
1396 1504 1450 1523 non
1469 1501 1627 1529 possumus,
1646 1492 1686 1520 sic
1699 1499 1752 1519 ne-

116 1558 262 1578 causarum
289 1547 394 1575 scilicet
415 1551 438 1574 et
464 1547 636 1579 effer-torum.
660 1545 768 1572 Rursus
785 1545 854 1570 idem
881 1545 905 1570 in
921 1547 944 1578 (ζ
962 1554 1015 1581 que
1029 1554 1077 1581 per
1094 1552 1125 1572 ea
1141 1544 1226 1571 Deum
1241 1542 1384 1570 nominare
1401 1549 1408 1566 :
1425 1544 1453 1567 at
1465 1548 1497 1567 ex
1513 1538 1678 1574 coniecturis
1693 1536 1753 1570 qui-

115 1595 239 1625 ccnturia
254 1600 360 1627 octava,
385 1593 471 1628 capite
492 1593 528 1619 2i
548 1601 555 1618 :
572 1590 788 1622 Advertendum,
809 1590 907 1624 inquit,

115 1648 167 1676 est,
183 1642 254 1677 quod
268 1641 362 1668 effecta
378 1646 523 1666 causarum
549 1639 682 1672 imagines
710 1637 821 1669 habent,
841 1645 909 1670 qua-

116 1695 198 1717 tenus
235 1688 335 1715 ltabere
366 1689 497 1720 possunt,
534 1692 596 1712 esse
631 1687 706 1716 sunt,
741 1690 910 1717 qu:rcunque

118 1740 209 1763 creata
242 1740 324 1766 sunt;
352 1740 442 1759 causa:
469 1725 544 1761 vero,
571 1736 632 1764 qua:
660 1729 704 1756 illa
736 1728 859 1755 efficiunt
885 1733 910 1755 ct

120 1786 223 1814 creant,
253 1780 326 1807 nulla
352 1784 443 1805 autent
473 1776 623 1804 similitudo
651 1780 694 1803 est
715 1782 860 1802 causarum
886 1779 912 1801 ct

122 1829 266 1855 factorum.
293 1826 334 1853 Ex
372 1824 472 1858 quibus
501 1827 575 1855 patet
619 1821 850 1855 quemadmodum
879 1828 911 1847 ex

121 1873 236 1903 ell'ecﬁs,
258 1871 284 1898 id
310 1875 361 1901 est,
382 1877 414 1896 ex
443 1868 576 1895 creaturis
603 1866 712 1893 nomina
737 1865 796 1896 Dei,
813 1866 914 1900 quibus

124 1918 208 1944 Deum
226 1916 366 1943 laudamus
378 1919 403 1940 ct
418 1913 605 1948 imploramus,
619 1913 736 1939 humana
758 1918 835 1938 mens
848 1919 913 1938 con-

125 1963 271 1992 siderando
286 1960 437 1989 adiuvenil.

424 1999 539 2034 CAPUT
567 2005 612 2032 uL

208 2055 274 2089 Qum
292 2055 345 2081 sint
360 2053 464 2087 effecta,
479 2057 503 2078 et
517 2060 576 2086 qua
590 2058 681 2078 eorum
697 2050 821 2077 mu'cria.

162 2102 310 2137 Gregorius
327 2100 466 2135 Nyssenus
479 2099 503 2125 in
517 2097 707 2132 csplanatioue
724 2095 829 2123 Cantici
853 2103 918 2122 catt-

126 2151 242 2178 ticorum
261 2157 267 2174 :
287 2146 395 2177 Omnia,
423 2144 521 2179 inquit,
537 2143 617 2174 mira,
648 2149 709 2175 qua:
736 2142 762 2169 in
791 2141 919 2168 universo

127 2194 355 2229 contemplamur,
368 2191 508 2217 materiam
527 2189 683 2215 divinorum
697 2188 838 2214 nominum
853 2194 920 2220 prte-

129 2243 204 2271 bt-ut,
225 2240 323 2274 quibus
348 2237 432 2263 Deum
455 2234 617 2269 sapientem,
636 2237 786 2267 potentem.
807 2232 920 2263 bonum,

129 2282 265 2316 sanctum,
281 2285 400 2313 beatum,
417 2286 560 2309 :elernu-n,
588 2279 720 2314 judiceln,
748 2277 921 2306 Salvatorem.

130 2340 156 2360 et
190 2333 249 2360 aliis
281 2328 437 2364 Itnjustnodi
465 2329 645 2354 ce‘eltramus.
679 2324 710 2350 Et
740 2324 924 2350 Damusceuus

132 2380 285 2412 The-lngus
312 2376 363 2407 (at,
392 2374 472 2405 Deus,
497 2372 593 2405 inquit,
623 2375 734 2405 propter
762 2369 923 2396 ineffabilem

134 2425 198 2454 boni
212 2429 282 2451 atem
306 2421 391 2448 voluit
412 2419 445 2447 dc
461 2418 560 2444 nostris
578 2417 669 2448 rebus,
685 2421 712 2442 et
732 2420 826 2442 nostro
851 2422 926 2442 more

136 2469 282 2499 nominari,
301 2476 334 2494 nc
351 2466 439 2493 simus
455 2463 577 2490 funditus
599 2461 702 2488 notitiae
714 2460 774 2495 ejus
789 2465 925 2494 expertes.

137 2517 176 2544 Ex
202 2515 244 2542 liis
266 2509 604 2547 liquet,quemadmodum
636 2508 752 2533 humana
786 2514 864 2533 mens
887 2510 928 2532 cst

139 2570 232 2594 causa,
247 2567 307 2595 quae
317 2559 464 2587 format,et
480 2555 559 2582 veluti
571 2554 661 2587 specie
681 2554 719 2587 (Ι)
737 2552 820 2579 allicit
838 2552 928 2578 divina

141 2609 267 2641 nomina;
285 2603 397 2632 materia
423 2610 497 2635 vero,
518 2601 562 2628 illa
581 2599 763 2630 admirabilia,
779 2604 806 2626 et
824 2598 929 2629 effecta,

960 1593 1086 1620 busdam.
1102 1597 1163 1625 quae
1182 1593 1247 1616 sunt
1262 1595 1358 1615 eorum
1376 1595 1436 1622 qua:
1450 1586 1477 1613 in
1491 1586 1546 1612 Deo
1562 1589 1638 1615 sunt,
1655 1582 1754 1610 simili—

960 1630 1068 1665 tudines
1085 1641 1111 1663 et
1125 1635 1285 1664 simulacra.
1300 1633 1427 1661 notitiam
1446 1631 1491 1658 Dei
1506 1630 1671 1664 colligimus,
1688 1635 1756 1655 con-

958 1684 1083 1718 jecturas
1101 1686 1129 1709 et
1149 1681 1325 1716 operationcs
1342 1679 1412 1706 idem
1430 1685 1490 1705 esse
1507 1676 1700 1710 intelligentes.
1720 1673 1756 1700 ιτι

961 1729 1033 1756 enim
1048 1736 1081 1755 ex
1097 1726 1263 1762 conjecturis
1286 1725 1321 1753 de
1338 1725 1392 1752 Deo
1413 1723 1610 1751 ratiocinamur
1622 1741 1630 1753 ,
1654 1721 1693 1748 sic
1708 1727 1757 1754 per

962 1775 1137 1809 operationes
1155 1773 1189 1800 ad
1206 1771 1414 1806 intelligendum
1433 1776 1495 1796 eum
1512 1767 1682 1798 adducimur;
1699 1766 1758 1793 sive

963 1830 994 1849 ex
1013 1820 1229 1857 operationibus,
1244 1824 1271 1846 et
1286 1827 1318 1845 ex
1338 1817 1372 1844 iis
1388 1815 1560 1843 mirabilibus
1575 1822 1636 1848 qua:
1652 1814 1678 1840 in
1695 1813 1758 1839 uni-

964 1876 1044 1895 verso
1069 1866 1252 1902 speculamur,
1285 1864 1367 1891 Deum
1397 1866 1520 1889 nostrum
1546 1859 1686 1887 declarare
1708 1865 1760 1885 nos

965 1915 1096 1942 dicimus.
1112 1913 1200 1947 Atque
1215 1912 1279 1938 hinc
1298 1909 1448 1937 secundum
1469 1906 1648 1934 differentiam
1662 1912 1760 1939 opera-

966 1959 1071 1986 tiouum
1086 1958 1271 1993 subjectarnm
1285 1977 1292 1989 ,
1308 1960 1336 1982 et
1358 1959 1388 1982 ut
1406 1960 1521 1988 quarque
1533 1951 1657 1986 operatio
1673 1951 1706 1976 ad
1726 1957 1761 1976 ea

967 2012 1026 2040 qum
1046 2005 1115 2031 fiunt
1136 2003 1264 2034 refertur,
1281 2001 1422 2036 negotium
1439 1999 1596 2026 divinorum
1614 2002 1757 2023 uommum

968 2049 1142 2081 conficimus,
1159 2056 1213 2075 non
1232 2052 1358 2082 putantes
1372 2043 1566 2079 intempestive
1581 2042 1669 2069 facere
1688 2040 1770 2075 quod.

969 2097 1026 2124 Inec
1037 2095 1145 2123 nomina
1156 2102 1189 2122 ex
1198 2088 1599 2141 coniecturalibusargumentis
1610 2087 1764 2118 colligimus

970 2147 998 2169 et
1024 2141 1201 2176 imponimus.
1226 2133 1371 2173 conjicere
1394 2141 1484 2163 autem
1510 2134 1576 2169 quid
1604 2133 1676 2159 aliud
1699 2136 1763 2162 est,

972 2197 1053 2222 quem
1074 2196 1106 2215 ex
1130 2187 1163 2214 iis
1184 2194 1245 2221 qua:
1260 2185 1288 2212 in
1302 2184 1428 2211 universo
1443 2182 1511 2209 mira
1535 2179 1763 2214 contemplamur,

974 2240 1002 2262 et
1018 2242 1052 2261 ex
1066 2233 1171 2261 eﬂ’ectis
1193 2232 1264 2267 ipsis
1279 2231 1312 2257 ad
1329 2238 1389 2264 quae
1410 2227 1599 2256 emanationes
1613 2232 1640 2254 et
1655 2225 1764 2252 habitu-

973 2282 1049 2308 dines
1062 2280 1230 2310 referuittttr,
1247 2277 1454 2305 similitudinem
1468 2279 1494 2302 et
1510 2274 1625 2301 formam
1640 2273 1740 2298 ducere
1753 2269 1765 2296 ’ἔ

974 2326 1043 2354 Cum
1059 2332 1125 2360 ergo
1142 2324 1260 2351 dicimus
1278 2321 1356 2352 illud,
1382 2327 1396 2347 a
1421 2327 1475 2354 quo
1497 2324 1525 2346 et
1542 2317 1613 2344 unde
1633 2314 1744 2342 materia
1758 2333 1766 2345 ,

976 2379 1030 2399 non
1047 2370 1298 2405 appropinquamus
1319 2366 1357 2393 illi
1377 2364 1410 2392 ad
1423 2363 1495 2399 quod
1512 2362 1659 2392 tendimus,
1673 2360 1698 2386 id
1713 2364 1765 2388 est,

981 2416 1144 2444 substantim
1159 2414 1230 2448 ejus,
1255 2412 1326 2439 sicut
1345 2418 1407 2437 cum
1431 2409 1559 2442 dicimus.
1575 2407 1645 2433 unde
1669 2411 1768 2431 nomen

981 2462 1044 2490 (εωιί
1073 2465 1211 2495 sumptum
1238 2463 1290 2490 est,
1318 2464 1372 2484 non
1397 2455 1558 2489 attingimus
1587 2450 1767 2479 substantiam

981 2508 1042 2536 cmli
1057 2533 1064 2544 ,
1085 2505 1273 2541 operationem
1295 2507 1385 2530 tamen
1406 2501 1464 2534 ejus
1481 2500 1609 2529 maxime,
1623 2503 1764 2532 argumen—

983 2559 1072 2582 tumur
1092 2552 1164 2581 enim
1180 2550 1299 2584 undique
1315 2549 1404 2584 ipsum
1422 2555 1436 2574 a
1455 2547 1534 2573 nobis
1549 2545 1616 2580 aspir
1628 2544 1645 2571 i.

885 2669 1022 2701 Scholia.

180 2756 219 2789 (li
237 2754 326 2789 Specie
339 2753 444 2780 allicere
460 2749 569 2789 nomina
585 2751 626 2774 est
642 2746 739 2787 litteris
762 2754 792 2785 ac
817 2746 930 2789 syllabis

146 2782 332 2822 ea‘inse'rere;
350 2796 382 2816 ex
397 2785 595 2821 compositione
609 2782 681 2810 enim
697 2786 724 2808 et
742 2783 811 2809 serie
827 2782 932 2809 Litera-

188 2886 226 2915 tui
244 2884 301 2912 Lib.
315 2893 334 2915 t.
353 2884 388 2910 De
404 2882 456 2915 [ulc
473 2880 632 2909 orthodoxa.

988 2755 1046 2773 rum
1064 2754 1094 2773 ac
1110 2745 1275 2780 syllabarum
1293 2745 1397 2770 (‘XSlSlll
1416 2741 1521 2775 species
1536 2745 1562 2767 et
1579 2737 1665 2766 forma
1682 2734 1771 2762 notiti-

989 2784 1029 2809 uis
1047 2788 1072 2809 et
1091 2781 1224 2808 vocabuli.
