  <div class='ocr_page' id='page_1' title='image "/cluster/home/n/w/nwhite01/storage/ocr_20150623/152/njp.32101077773206/421.png"; bbox 0 0 1954 3071; ppageno 0'>
   <div class='ocr_carea' id='block_1_1' title="bbox 175 111 239 144">
    <p class='ocr_par' dir='ltr' id='par_1_1' title="bbox 175 111 239 144">
     <span class='ocr_line' id='line_1_1' title="bbox 175 111 239 144; baseline 0 0"><span class='ocrx_word' id='word_1_1' title='bbox 175 111 239 144; x_wconf 53' lang='grc' dir='ltr'><strong>τοῦ.</strong></span> 
     </span>
    </p>
   </div>
   <div class='ocr_carea' id='block_1_2' title="bbox 443 162 647 190">
    <p class='ocr_par' dir='ltr' id='par_1_2' title="bbox 443 162 647 190">
     <span class='ocr_line' id='line_1_2' title="bbox 443 162 647 190; baseline -0.005 0"><span class='ocrx_word' id='word_1_2' title='bbox 443 169 450 173; x_wconf 76' lang='lat'><strong><em>’</em></strong></span> <span class='ocrx_word' id='word_1_3' title='bbox 482 163 595 190; x_wconf 63' lang='lat' dir='ltr'><strong>(MNTT</strong></span> <span class='ocrx_word' id='word_1_4' title='bbox 617 162 647 189; x_wconf 68' lang='grc' dir='ltr'><strong>γ.</strong></span> 
     </span>
    </p>
   </div>
   <div class='ocr_carea' id='block_1_3' title="bbox 205 209 930 245">
    <p class='ocr_par' dir='ltr' id='par_1_3' title="bbox 205 209 930 245">
     <span class='ocr_line' id='line_1_3' title="bbox 205 209 930 245; baseline -0.006 -6"><span class='ocrx_word' id='word_1_5' title='bbox 205 212 342 244; x_wconf 77' lang='lat' dir='ltr'><strong>Quomodo</strong></span> <span class='ocrx_word' id='word_1_6' title='bbox 359 210 426 238; x_wconf 66' lang='lat' dir='ltr'><strong>Deus</strong></span> <span class='ocrx_word' id='word_1_7' title='bbox 442 211 489 245; x_wconf 79' lang='lat' dir='ltr'><strong>ﬁat</strong></span> <span class='ocrx_word' id='word_1_8' title='bbox 506 220 520 236; x_wconf 84' lang='lat' dir='ltr'><strong>u</strong></span> <span class='ocrx_word' id='word_1_9' title='bbox 537 210 608 236; x_wconf 83' lang='lat' dir='ltr'><strong>nobis</strong></span> <span class='ocrx_word' id='word_1_10' title='bbox 627 209 767 235; x_wconf 68' lang='lat' dir='ltr'><strong>multarum</strong></span> <span class='ocrx_word' id='word_1_11' title='bbox 785 209 930 235; x_wconf 71' lang='lat' dir='ltr'><strong>non&#39;iimm.</strong></span> 
     </span>
    </p>
   </div>
   <div class='ocr_carea' id='block_1_4' title="bbox 213 254 960 292">
    <p class='ocr_par' dir='ltr' id='par_1_4' title="bbox 213 254 960 292">
     <span class='ocr_line' id='line_1_4' title="bbox 213 254 960 292; baseline -0.005 -7"><span class='ocrx_word' id='word_1_12' title='bbox 213 258 362 292; x_wconf 77' lang='lat' dir='ltr'><strong>Gregorius</strong></span> <span class='ocrx_word' id='word_1_13' title='bbox 374 256 512 291; x_wconf 81' lang='lat' dir='ltr'><strong>Nysseuus</strong></span> <span class='ocrx_word' id='word_1_14' title='bbox 522 255 664 289; x_wconf 87' lang='lat' dir='ltr'><strong>disputans</strong></span> <span class='ocrx_word' id='word_1_15' title='bbox 681 261 775 281; x_wconf 83' lang='lat' dir='ltr'><strong>contra</strong></span> <span class='ocrx_word' id='word_1_16' title='bbox 789 254 960 282; x_wconf 85' lang='lat' dir='ltr'><strong>Eunomium:</strong></span> 
     </span>
    </p>
   </div>
   <div class='ocr_carea' id='block_1_5' title="bbox 179 300 963 339">
    <p class='ocr_par' dir='ltr' id='par_1_5' title="bbox 179 300 963 339">
     <span class='ocr_line' id='line_1_5' title="bbox 179 300 963 339; baseline -0.005 -9"><span class='ocrx_word' id='word_1_17' title='bbox 179 304 244 339; x_wconf 76' lang='lat' dir='ltr'><strong>Ego,</strong></span> <span class='ocrx_word' id='word_1_18' title='bbox 264 302 362 337; x_wconf 84' lang='lat' dir='ltr'><strong>inquit,</strong></span> <span class='ocrx_word' id='word_1_19' title='bbox 375 302 445 336; x_wconf 91' lang='lat' dir='ltr'><strong>quod</strong></span> <span class='ocrx_word' id='word_1_20' title='bbox 459 309 491 328; x_wconf 83' lang='lat' dir='ltr'><strong>ex</strong></span> <span class='ocrx_word' id='word_1_21' title='bbox 506 300 646 334; x_wconf 81' lang='lat' dir='ltr'><strong>Scriptura</strong></span> <span class='ocrx_word' id='word_1_22' title='bbox 664 305 756 327; x_wconf 85' lang='lat' dir='ltr'><strong>sancta</strong></span> <span class='ocrx_word' id='word_1_23' title='bbox 772 300 865 331; x_wconf 82' lang='lat' dir='ltr'><strong>didici,</strong></span> <span class='ocrx_word' id='word_1_24' title='bbox 880 300 963 326; x_wconf 74' lang='lat' dir='ltr'><strong>ﬁden-</strong></span> 
     </span>
    </p>
   </div>
   <div class='ocr_carea' id='block_1_6' title="bbox 178 347 961 385">
    <p class='ocr_par' dir='ltr' id='par_1_6' title="bbox 178 347 961 385">
     <span class='ocr_line' id='line_1_6' title="bbox 178 347 961 385; baseline -0.006 -10"><span class='ocrx_word' id='word_1_25' title='bbox 178 354 220 375; x_wconf 85' lang='lat' dir='ltr'><strong>ter</strong></span> <span class='ocrx_word' id='word_1_26' title='bbox 243 347 400 385; x_wconf 64' lang='lat' dir='ltr'><strong>pronuntio,</strong></span> <span class='ocrx_word' id='word_1_27' title='bbox 422 354 484 373; x_wconf 85' lang='lat' dir='ltr'><strong>eu:n</strong></span> <span class='ocrx_word' id='word_1_28' title='bbox 509 347 554 380; x_wconf 85' lang='lat' dir='ltr'><strong>qui</strong></span> <span class='ocrx_word' id='word_1_29' title='bbox 578 350 618 372; x_wconf 90' lang='lat' dir='ltr'><strong>est</strong></span> <span class='ocrx_word' id='word_1_30' title='bbox 637 348 727 379; x_wconf 87' lang='lat' dir='ltr'><strong>supra&#39;</strong></span> <span class='ocrx_word' id='word_1_31' title='bbox 743 352 824 372; x_wconf 87' lang='lat' dir='ltr'><strong>omne</strong></span> <span class='ocrx_word' id='word_1_32' title='bbox 851 353 961 378; x_wconf 86' lang='lat' dir='ltr'><strong>nomen,</strong></span> 
     </span>
    </p>
   </div>
   <div class='ocr_carea' id='block_1_7' title="bbox 179 391 964 425">
    <p class='ocr_par' dir='ltr' id='par_1_7' title="bbox 179 391 964 425">
     <span class='ocr_line' id='line_1_7' title="bbox 179 391 964 425; baseline -0.003 -5"><span class='ocrx_word' id='word_1_33' title='bbox 179 393 237 420; x_wconf 59' lang='lat' dir='ltr'><strong>ﬁeri</strong></span> <span class='ocrx_word' id='word_1_34' title='bbox 256 393 337 420; x_wconf 76' lang='lat' dir='ltr'><strong>nobis</strong></span> <span class='ocrx_word' id='word_1_35' title='bbox 349 393 495 419; x_wconf 89' lang='lat' dir='ltr'><strong>multormn</strong></span> <span class='ocrx_word' id='word_1_36' title='bbox 515 392 668 422; x_wconf 90' lang='lat' dir='ltr'><strong>nominum,</strong></span> <span class='ocrx_word' id='word_1_37' title='bbox 684 399 746 418; x_wconf 91' lang='lat' dir='ltr'><strong>cum</strong></span> <span class='ocrx_word' id='word_1_38' title='bbox 762 399 810 425; x_wconf 91' lang='lat' dir='ltr'><strong>pro</strong></span> <span class='ocrx_word' id='word_1_39' title='bbox 833 391 964 418; x_wconf 75' lang='lat' dir='ltr'><strong>varietate</strong></span> 
     </span>
    </p>
   </div>
   <div class='ocr_carea' id='block_1_8' title="bbox 180 436 969 468">
    <p class='ocr_par' dir='ltr' id='par_1_8' title="bbox 180 436 969 468">
     <span class='ocr_line' id='line_1_8' title="bbox 180 436 969 468; baseline -0.004 -4"><span class='ocrx_word' id='word_1_40' title='bbox 180 437 370 465; x_wconf 80' lang='lat' dir='ltr'><strong>beneﬁciorum</strong></span> <span class='ocrx_word' id='word_1_41' title='bbox 390 437 463 463; x_wconf 81' lang='lat' dir='ltr'><strong>varie</strong></span> <span class='ocrx_word' id='word_1_42' title='bbox 478 437 644 468; x_wconf 77' lang='lat' dir='ltr'><strong>nominatur;</strong></span> <span class='ocrx_word' id='word_1_43' title='bbox 660 436 749 462; x_wconf 80' lang='lat' dir='ltr'><strong>lumen</strong></span> <span class='ocrx_word' id='word_1_44' title='bbox 765 437 836 463; x_wconf 87' lang='lat' dir='ltr'><strong>enim</strong></span> <span class='ocrx_word' id='word_1_45' title='bbox 852 436 886 462; x_wconf 65' lang='lat' dir='ltr'><strong>di:</strong></span> <span class='ocrx_word' id='word_1_46' title='bbox 897 436 969 468; x_wconf 58' lang='lat' dir='ltr'><strong>itur,</strong></span> 
     </span>
    </p>
   </div>
   <div class='ocr_carea' id='block_1_9' title="bbox 179 477 964 517">
    <p class='ocr_par' dir='ltr' id='par_1_9' title="bbox 179 477 964 517">
     <span class='ocr_line' id='line_1_9' title="bbox 179 477 964 517; baseline -0.005 -7"><span class='ocrx_word' id='word_1_47' title='bbox 179 491 240 510; x_wconf 81' lang='lat' dir='ltr'><strong>cum</strong></span> <span class='ocrx_word' id='word_1_48' title='bbox 257 483 400 517; x_wconf 78' lang='lat' dir='ltr'><strong>caliginem</strong></span> <span class='ocrx_word' id='word_1_49' title='bbox 424 482 583 517; x_wconf 70' lang='lat' dir='ltr'><strong>ignorantia:</strong></span> <span class='ocrx_word' id='word_1_50' title='bbox 597 482 721 516; x_wconf 78' lang='lat' dir='ltr'><strong>depellit;</strong></span> <span class='ocrx_word' id='word_1_51' title='bbox 736 482 802 514; x_wconf 84' lang='lat' dir='ltr'><strong>vita,</strong></span> <span class='ocrx_word' id='word_1_52' title='bbox 827 489 888 508; x_wconf 88' lang='lat' dir='ltr'><strong>cum</strong></span> <span class='ocrx_word' id='word_1_53' title='bbox 914 477 964 506; x_wconf 39' lang='lat' dir='ltr'><strong>im-&#39;</strong></span> 
     </span>
    </p>
   </div>
   <div class='ocr_carea' id='block_1_10' title="bbox 179 525 964 562">
    <p class='ocr_par' dir='ltr' id='par_1_10' title="bbox 179 525 964 562">
     <span class='ocr_line' id='line_1_10' title="bbox 179 525 964 562; baseline -0.005 -7"><span class='ocrx_word' id='word_1_54' title='bbox 179 529 372 556; x_wconf 64' lang='lat' dir='ltr'><strong>mortalitatem</strong></span> <span class='ocrx_word' id='word_1_55' title='bbox 392 528 524 562; x_wconf 76' lang='lat' dir='ltr'><strong>largitur:</strong></span> <span class='ocrx_word' id='word_1_56' title='bbox 543 528 595 560; x_wconf 75' lang='lat' dir='ltr'><strong>via,</strong></span> <span class='ocrx_word' id='word_1_57' title='bbox 609 535 670 554; x_wconf 91' lang='lat' dir='ltr'><strong>cum</strong></span> <span class='ocrx_word' id='word_1_58' title='bbox 688 527 721 554; x_wconf 87' lang='lat' dir='ltr'><strong>ab</strong></span> <span class='ocrx_word' id='word_1_59' title='bbox 735 534 830 554; x_wconf 83' lang='lat' dir='ltr'><strong>errore</strong></span> <span class='ocrx_word' id='word_1_60' title='bbox 847 527 879 553; x_wconf 86' lang='lat' dir='ltr'><strong>ad</strong></span> <span class='ocrx_word' id='word_1_61' title='bbox 895 525 964 552; x_wconf 83' lang='lat' dir='ltr'><strong>vcri-</strong></span> 
     </span>
    </p>
   </div>
   <div class='ocr_carea' id='block_1_11' title="bbox 180 571 964 605">
    <p class='ocr_par' dir='ltr' id='par_1_11' title="bbox 180 571 964 605">
     <span class='ocr_line' id='line_1_11' title="bbox 180 571 964 605; baseline -0.003 -6"><span class='ocrx_word' id='word_1_62' title='bbox 180 578 260 600; x_wconf 83' lang='lat' dir='ltr'><strong>tatem</strong></span> <span class='ocrx_word' id='word_1_63' title='bbox 285 573 415 601; x_wconf 81' lang='lat' dir='ltr'><strong>deducit:</strong></span> <span class='ocrx_word' id='word_1_64' title='bbox 441 574 481 600; x_wconf 90' lang='lat' dir='ltr'><strong>sic</strong></span> <span class='ocrx_word' id='word_1_65' title='bbox 508 574 589 600; x_wconf 84' lang='lat' dir='ltr'><strong>turris</strong></span> <span class='ocrx_word' id='word_1_66' title='bbox 617 573 795 605; x_wconf 79' lang='lat' dir='ltr'><strong>fortitudinis,</strong></span> <span class='ocrx_word' id='word_1_67' title='bbox 822 576 847 599; x_wconf 90' lang='lat' dir='ltr'><strong>ct</strong></span> <span class='ocrx_word' id='word_1_68' title='bbox 869 571 964 598; x_wconf 88' lang='lat' dir='ltr'><strong>civitas</strong></span> 
     </span>
    </p>
   </div>
   <div class='ocr_carea' id='block_1_12' title="bbox 181 616 965 654">
    <p class='ocr_par' dir='ltr' id='par_1_12' title="bbox 181 616 965 654">
     <span class='ocr_line' id='line_1_12' title="bbox 181 616 965 654; baseline -0.004 -10"><span class='ocrx_word' id='word_1_69' title='bbox 181 617 296 654; x_wconf 54' lang='lat' dir='ltr'><strong>munita,</strong></span> <span class='ocrx_word' id='word_1_70' title='bbox 312 622 338 644; x_wconf 90' lang='lat' dir='ltr'><strong>ct</strong></span> <span class='ocrx_word' id='word_1_71' title='bbox 352 617 422 647; x_wconf 80' lang='lat' dir='ltr'><strong>fons,</strong></span> <span class='ocrx_word' id='word_1_72' title='bbox 436 621 463 644; x_wconf 88' lang='lat' dir='ltr'><strong>et</strong></span> <span class='ocrx_word' id='word_1_73' title='bbox 487 621 561 651; x_wconf 79' lang='lat' dir='ltr'><strong>petra</strong></span> <span class='ocrx_word' id='word_1_74' title='bbox 574 636 581 647; x_wconf 84' lang='lat'><em>.</em></span> <span class='ocrx_word' id='word_1_75' title='bbox 598 621 625 643; x_wconf 88' lang='lat' dir='ltr'><strong>ct</strong></span> <span class='ocrx_word' id='word_1_76' title='bbox 639 617 713 647; x_wconf 78' lang='lat' dir='ltr'><strong>vitis,</strong></span> <span class='ocrx_word' id='word_1_77' title='bbox 735 622 765 643; x_wconf 83' lang='lat' dir='ltr'><strong>et</strong></span> <span class='ocrx_word' id='word_1_78' title='bbox 783 616 916 646; x_wconf 76' lang='lat' dir='ltr'><strong>medicus,</strong></span> <span class='ocrx_word' id='word_1_79' title='bbox 938 621 965 641; x_wconf 79' lang='lat' dir='ltr'><strong>et</strong></span> 
     </span>
    </p>
   </div>
   <div class='ocr_carea' id='block_1_13' title="bbox 182 662 965 695">
    <p class='ocr_par' dir='ltr' id='par_1_13' title="bbox 182 662 965 695">
     <span class='ocr_line' id='line_1_13' title="bbox 182 662 965 695; baseline -0.003 -6"><span class='ocrx_word' id='word_1_80' title='bbox 182 663 346 690; x_wconf 81' lang='lat' dir='ltr'><strong>resurrectio</strong></span> <span class='ocrx_word' id='word_1_81' title='bbox 357 681 365 695; x_wconf 91' lang='lat'><strong>,</strong></span> <span class='ocrx_word' id='word_1_82' title='bbox 380 667 407 689; x_wconf 85' lang='lat' dir='ltr'><strong>et</strong></span> <span class='ocrx_word' id='word_1_83' title='bbox 424 662 550 688; x_wconf 86' lang='lat' dir='ltr'><strong>omnibus</strong></span> <span class='ocrx_word' id='word_1_84' title='bbox 568 662 722 695; x_wconf 86' lang='lat' dir='ltr'><strong>ltujusmodi</strong></span> <span class='ocrx_word' id='word_1_85' title='bbox 738 662 894 688; x_wconf 80' lang='lat' dir='ltr'><strong>nominibus</strong></span> <span class='ocrx_word' id='word_1_86' title='bbox 915 668 965 694; x_wconf 88' lang='lat' dir='ltr'><strong>ap-</strong></span> 
     </span>
    </p>
   </div>
   <div class='ocr_carea' id='block_1_14' title="bbox 182 707 963 743">
    <p class='ocr_par' dir='ltr' id='par_1_14' title="bbox 182 707 963 743">
     <span class='ocr_line' id='line_1_14' title="bbox 182 707 963 743; baseline 0 -9"><span class='ocrx_word' id='word_1_87' title='bbox 182 708 308 743; x_wconf 75' lang='lat' dir='ltr'><strong>pellatur.</strong></span> <span class='ocrx_word' id='word_1_88' title='bbox 323 709 428 736; x_wconf 81' lang='lat' dir='ltr'><strong>Rursus</strong></span> <span class='ocrx_word' id='word_1_89' title='bbox 441 709 512 735; x_wconf 86' lang='lat' dir='ltr'><strong>idem</strong></span> <span class='ocrx_word' id='word_1_90' title='bbox 528 716 535 734; x_wconf 76' lang='lat'><strong>2</strong></span> <span class='ocrx_word' id='word_1_91' title='bbox 551 708 620 736; x_wconf 82' lang='lat' dir='ltr'><strong>Deus</strong></span> <span class='ocrx_word' id='word_1_92' title='bbox 634 707 741 742; x_wconf 83' lang='lat' dir='ltr'><strong>quidem</strong></span> <span class='ocrx_word' id='word_1_93' title='bbox 762 713 802 734; x_wconf 86' lang='lat' dir='ltr'><strong>est</strong></span> <span class='ocrx_word' id='word_1_94' title='bbox 814 707 963 734; x_wconf 87' lang='lat' dir='ltr'><strong>secumlum</strong></span> 
     </span>
    </p>
   </div>
   <div class='ocr_carea' id='block_1_15' title="bbox 183 751 965 783">
    <p class='ocr_par' dir='ltr' id='par_1_15' title="bbox 183 751 965 783">
     <span class='ocr_line' id='line_1_15' title="bbox 183 751 965 783; baseline 0 -6"><span class='ocrx_word' id='word_1_95' title='bbox 183 760 212 778; x_wconf 80' lang='lat' dir='ltr'><strong>se</strong></span> <span class='ocrx_word' id='word_1_96' title='bbox 230 751 255 778; x_wconf 89' lang='lat' dir='ltr'><strong>id</strong></span> <span class='ocrx_word' id='word_1_97' title='bbox 277 752 348 783; x_wconf 89' lang='lat' dir='ltr'><strong>quod</strong></span> <span class='ocrx_word' id='word_1_98' title='bbox 373 752 481 779; x_wconf 87' lang='lat' dir='ltr'><strong>demum</strong></span> <span class='ocrx_word' id='word_1_99' title='bbox 499 760 559 779; x_wconf 83' lang='lat' dir='ltr'><strong>esse</strong></span> <span class='ocrx_word' id='word_1_100' title='bbox 580 752 702 779; x_wconf 77' lang='lat' dir='ltr'><strong>creditur</strong></span> <span class='ocrx_word' id='word_1_101' title='bbox 720 761 726 778; x_wconf 93' lang='lat'>:</span> <span class='ocrx_word' id='word_1_102' title='bbox 743 753 900 779; x_wconf 84' lang='lat' dir='ltr'><strong>nominatur</strong></span> <span class='ocrx_word' id='word_1_103' title='bbox 919 760 965 778; x_wconf 81' lang='lat' dir='ltr'><strong>a-i-</strong></span> 
     </span>
    </p>
   </div>
   <div class='ocr_carea' id='block_1_16' title="bbox 183 797 963 832">
    <p class='ocr_par' dir='ltr' id='par_1_16' title="bbox 183 797 963 832">
     <span class='ocr_line' id='line_1_16' title="bbox 183 797 963 832; baseline -0.001 -8"><span class='ocrx_word' id='word_1_104' title='bbox 183 802 235 824; x_wconf 81' lang='lat' dir='ltr'><strong>tcm</strong></span> <span class='ocrx_word' id='word_1_105' title='bbox 258 798 292 824; x_wconf 90' lang='lat' dir='ltr'><strong>ab</strong></span> <span class='ocrx_word' id='word_1_106' title='bbox 315 797 348 824; x_wconf 86' lang='lat' dir='ltr'><strong>iis</strong></span> <span class='ocrx_word' id='word_1_107' title='bbox 365 798 410 832; x_wconf 88' lang='lat' dir='ltr'><strong>qui</strong></span> <span class='ocrx_word' id='word_1_108' title='bbox 430 806 491 825; x_wconf 89' lang='lat' dir='ltr'><strong>eum</strong></span> <span class='ocrx_word' id='word_1_109' title='bbox 509 799 657 832; x_wconf 65' lang='lat' dir='ltr'><strong>appeliant,</strong></span> <span class='ocrx_word' id='word_1_110' title='bbox 676 806 728 825; x_wconf 90' lang='lat' dir='ltr'><strong>non</strong></span> <span class='ocrx_word' id='word_1_111' title='bbox 755 798 869 832; x_wconf 80' lang='lat' dir='ltr'><strong>idipsmn</strong></span> <span class='ocrx_word' id='word_1_112' title='bbox 892 799 963 832; x_wconf 71' lang='lat' dir='ltr'><strong>quod</strong></span> 
     </span>
    </p>
   </div>
   <div class='ocr_carea' id='block_1_17' title="bbox 182 843 962 877">
    <p class='ocr_par' dir='ltr' id='par_1_17' title="bbox 182 843 962 877">
     <span class='ocr_line' id='line_1_17' title="bbox 182 843 962 877; baseline 0 -9"><span class='ocrx_word' id='word_1_113' title='bbox 182 847 223 869; x_wconf 85' lang='lat' dir='ltr'><strong>cst</strong></span> <span class='ocrx_word' id='word_1_114' title='bbox 245 843 314 876; x_wconf 85' lang='lat' dir='ltr'><strong>(non</strong></span> <span class='ocrx_word' id='word_1_115' title='bbox 325 843 403 870; x_wconf 83' lang='lat' dir='ltr'><strong>enim</strong></span> <span class='ocrx_word' id='word_1_116' title='bbox 422 843 550 876; x_wconf 82' lang='lat' dir='ltr'><strong>explicari</strong></span> <span class='ocrx_word' id='word_1_117' title='bbox 569 847 656 877; x_wconf 78' lang='lat' dir='ltr'><strong>potest</strong></span> <span class='ocrx_word' id='word_1_118' title='bbox 677 847 773 869; x_wconf 77' lang='lat' dir='ltr'><strong>natura</strong></span> <span class='ocrx_word' id='word_1_119' title='bbox 792 843 874 876; x_wconf 82' lang='lat' dir='ltr'><strong>ejus),</strong></span> <span class='ocrx_word' id='word_1_120' title='bbox 897 851 962 877; x_wconf 79' lang='lat' dir='ltr'><strong>quin</strong></span> 
     </span>
    </p>
   </div>
   <div class='ocr_carea' id='block_1_18' title="bbox 183 888 969 923">
    <p class='ocr_par' dir='ltr' id='par_1_18' title="bbox 183 888 969 923">
     <span class='ocr_line' id='line_1_18' title="bbox 183 888 969 923; baseline 0.001 -10"><span class='ocrx_word' id='word_1_121' title='bbox 183 888 273 922; x_wconf 80' lang='lat' dir='ltr'><strong>potius</strong></span> <span class='ocrx_word' id='word_1_122' title='bbox 294 896 327 915; x_wconf 80' lang='lat' dir='ltr'><strong>ex</strong></span> <span class='ocrx_word' id='word_1_123' title='bbox 356 889 389 915; x_wconf 88' lang='lat' dir='ltr'><strong>iis</strong></span> <span class='ocrx_word' id='word_1_124' title='bbox 408 896 468 923; x_wconf 68' lang='lat' dir='ltr'><strong>quae</strong></span> <span class='ocrx_word' id='word_1_125' title='bbox 495 892 528 915; x_wconf 82' lang='lat' dir='ltr'><strong>ad</strong></span> <span class='ocrx_word' id='word_1_126' title='bbox 553 889 636 915; x_wconf 82' lang='lat' dir='ltr'><strong>vitam</strong></span> <span class='ocrx_word' id='word_1_127' title='bbox 658 893 778 915; x_wconf 87' lang='lat' dir='ltr'><strong>nostram</strong></span> <span class='ocrx_word' id='word_1_128' title='bbox 804 888 969 923; x_wconf 76' lang='lat' dir='ltr'><strong>pertinentia</strong></span> 
     </span>
    </p>
   </div>
   <div class='ocr_carea' id='block_1_19' title="bbox 183 934 967 970">
    <p class='ocr_par' dir='ltr' id='par_1_19' title="bbox 183 934 967 970">
     <span class='ocr_line' id='line_1_19' title="bbox 183 934 967 970; baseline -0.001 -9"><span class='ocrx_word' id='word_1_129' title='bbox 183 935 289 968; x_wconf 74' lang='lat' dir='ltr'><strong>Operari</strong></span> <span class='ocrx_word' id='word_1_130' title='bbox 315 935 446 966; x_wconf 84' lang='lat' dir='ltr'><strong>creditur,</strong></span> <span class='ocrx_word' id='word_1_131' title='bbox 473 935 661 970; x_wconf 84' lang='lat' dir='ltr'><strong>homonymias</strong></span> <span class='ocrx_word' id='word_1_132' title='bbox 685 934 775 966; x_wconf 72' lang='lat' dir='ltr'><strong>habet,</strong></span> <span class='ocrx_word' id='word_1_133' title='bbox 796 934 821 960; x_wconf 89' lang='lat' dir='ltr'><strong>id</strong></span> <span class='ocrx_word' id='word_1_134' title='bbox 840 938 894 965; x_wconf 85' lang='lat' dir='ltr'><strong>est,</strong></span> <span class='ocrx_word' id='word_1_135' title='bbox 920 942 967 960; x_wconf 85' lang='lat' dir='ltr'><strong>no-</strong></span> 
     </span>
    </p>
   </div>
   <div class='ocr_carea' id='block_1_20' title="bbox 183 978 962 1014">
    <p class='ocr_par' dir='ltr' id='par_1_20' title="bbox 183 978 962 1014">
     <span class='ocr_line' id='line_1_20' title="bbox 183 978 962 1014; baseline -0.003 -8"><span class='ocrx_word' id='word_1_136' title='bbox 183 981 255 1007; x_wconf 91' lang='lat' dir='ltr'><strong>mina</strong></span> <span class='ocrx_word' id='word_1_137' title='bbox 279 988 339 1014; x_wconf 69' lang='lat' dir='ltr'><strong>qua:</strong></span> <span class='ocrx_word' id='word_1_138' title='bbox 360 980 499 1014; x_wconf 67' lang='lat' dir='ltr'><strong>mqnivoca</strong></span> <span class='ocrx_word' id='word_1_139' title='bbox 516 984 623 1006; x_wconf 90' lang='lat' dir='ltr'><strong>vocant.</strong></span> <span class='ocrx_word' id='word_1_140' title='bbox 641 979 673 1006; x_wconf 87' lang='lat' dir='ltr'><strong>Et</strong></span> <span class='ocrx_word' id='word_1_141' title='bbox 689 979 807 1006; x_wconf 78' lang='lat' dir='ltr'><strong>Basilius</strong></span> <span class='ocrx_word' id='word_1_142' title='bbox 825 978 940 1012; x_wconf 69' lang='lat' dir='ltr'><strong>M&#39;gnus</strong></span> <span class='ocrx_word' id='word_1_143' title='bbox 955 997 962 1009; x_wconf 87' lang='lat'><strong>,</strong></span> 
     </span>
    </p>
   </div>
   <div class='ocr_carea' id='block_1_21' title="bbox 181 1025 965 1060">
    <p class='ocr_par' dir='ltr' id='par_1_21' title="bbox 181 1025 965 1060">
     <span class='ocr_line' id='line_1_21' title="bbox 181 1025 965 1060; baseline -0.003 -8"><span class='ocrx_word' id='word_1_144' title='bbox 181 1025 322 1058; x_wconf 77' lang='lat' dir='ltr'><strong>Naturam,</strong></span> <span class='ocrx_word' id='word_1_145' title='bbox 337 1026 434 1060; x_wconf 88' lang='lat' dir='ltr'><strong>inquit,</strong></span> <span class='ocrx_word' id='word_1_146' title='bbox 446 1025 714 1060; x_wconf 67' lang='lat' dir='ltr'><strong>(livinaurqnateuus</strong></span> <span class='ocrx_word' id='word_1_147' title='bbox 728 1030 778 1052; x_wconf 68' lang='lat' dir='ltr'><strong>est.</strong></span> <span class='ocrx_word' id='word_1_148' title='bbox 793 1025 860 1051; x_wconf 89' lang='lat' dir='ltr'><strong>nihil</strong></span> <span class='ocrx_word' id='word_1_149' title='bbox 871 1032 965 1051; x_wconf 85' lang='lat' dir='ltr'><strong>eorum</strong></span> 
     </span>
    </p>
   </div>
   <div class='ocr_carea' id='block_1_22' title="bbox 181 1071 965 1106">
    <p class='ocr_par' dir='ltr' id='par_1_22' title="bbox 181 1071 965 1106">
     <span class='ocr_line' id='line_1_22' title="bbox 181 1071 965 1106; baseline -0.003 -8"><span class='ocrx_word' id='word_1_150' title='bbox 181 1080 243 1106; x_wconf 63' lang='lat' dir='ltr'><strong>qum</strong></span> <span class='ocrx_word' id='word_1_151' title='bbox 257 1073 457 1106; x_wconf 74' lang='lat' dir='ltr'><strong>excogitantur,</strong></span> <span class='ocrx_word' id='word_1_152' title='bbox 472 1072 603 1099; x_wconf 80' lang='lat' dir='ltr'><strong>d&#39;rclarat.</strong></span> <span class='ocrx_word' id='word_1_153' title='bbox 624 1071 661 1098; x_wconf 78' lang='lat' dir='ltr'><strong>Ex</strong></span> <span class='ocrx_word' id='word_1_154' title='bbox 688 1071 729 1098; x_wconf 89' lang='lat' dir='ltr'><strong>bis</strong></span> <span class='ocrx_word' id='word_1_155' title='bbox 753 1071 836 1105; x_wconf 80' lang='lat' dir='ltr'><strong>igitur</strong></span> <span class='ocrx_word' id='word_1_156' title='bbox 859 1071 943 1105; x_wconf 88' lang='lat' dir='ltr'><strong>liquet</strong></span> <span class='ocrx_word' id='word_1_157' title='bbox 957 1089 965 1101; x_wconf 84' lang='lat'><strong>,</strong></span> 
     </span>
    </p>
   </div>
   <div class='ocr_carea' id='block_1_23' title="bbox 184 1114 966 1150">
    <p class='ocr_par' dir='ltr' id='par_1_23' title="bbox 184 1114 966 1150">
     <span class='ocr_line' id='line_1_23' title="bbox 184 1114 966 1150; baseline -0.004 -7"><span class='ocrx_word' id='word_1_158' title='bbox 184 1118 242 1144; x_wconf 75' lang='lat' dir='ltr'><strong>ﬁeri</strong></span> <span class='ocrx_word' id='word_1_159' title='bbox 270 1118 349 1145; x_wconf 83' lang='lat' dir='ltr'><strong>nobis</strong></span> <span class='ocrx_word' id='word_1_160' title='bbox 380 1118 462 1144; x_wconf 75' lang='lat' dir='ltr'><strong>Deum</strong></span> <span class='ocrx_word' id='word_1_161' title='bbox 490 1118 637 1144; x_wconf 85' lang='lat' dir='ltr'><strong>multorum</strong></span> <span class='ocrx_word' id='word_1_162' title='bbox 659 1114 811 1147; x_wconf 84' lang='lat' dir='ltr'><strong>nominum,</strong></span> <span class='ocrx_word' id='word_1_163' title='bbox 837 1116 966 1150; x_wconf 82' lang='lat' dir='ltr'><strong>quoniam</strong></span> 
     </span>
    </p>
   </div>
   <div class='ocr_carea' id='block_1_24' title="bbox 182 1161 966 1197">
    <p class='ocr_par' dir='ltr' id='par_1_24' title="bbox 182 1161 966 1197">
     <span class='ocr_line' id='line_1_24' title="bbox 182 1161 966 1197; baseline -0.005 -7"><span class='ocrx_word' id='word_1_164' title='bbox 182 1163 276 1190; x_wconf 87' lang='lat' dir='ltr'><strong>multis</strong></span> <span class='ocrx_word' id='word_1_165' title='bbox 288 1163 431 1191; x_wconf 84' lang='lat' dir='ltr'><strong>beneﬁciis</strong></span> <span class='ocrx_word' id='word_1_166' title='bbox 445 1163 505 1197; x_wconf 84' lang='lat' dir='ltr'><strong>ejus</strong></span> <span class='ocrx_word' id='word_1_167' title='bbox 517 1163 549 1189; x_wconf 89' lang='lat' dir='ltr'><strong>ad</strong></span> <span class='ocrx_word' id='word_1_168' title='bbox 565 1162 771 1189; x_wconf 83' lang='lat' dir='ltr'><strong>custodiendam</strong></span> <span class='ocrx_word' id='word_1_169' title='bbox 791 1161 873 1187; x_wconf 84' lang='lat' dir='ltr'><strong>vitam</strong></span> <span class='ocrx_word' id='word_1_170' title='bbox 896 1161 966 1187; x_wconf 88' lang='lat' dir='ltr'><strong>indi-</strong></span> 
     </span>
    </p>
   </div>
   <div class='ocr_carea' id='block_1_25' title="bbox 182 1207 966 1246">
    <p class='ocr_par' dir='ltr' id='par_1_25' title="bbox 182 1207 966 1246">
     <span class='ocr_line' id='line_1_25' title="bbox 182 1207 966 1246; baseline -0.005 -10"><span class='ocrx_word' id='word_1_171' title='bbox 182 1218 288 1246; x_wconf 60' lang='lat' dir='ltr'><strong>gemus,</strong></span> <span class='ocrx_word' id='word_1_172' title='bbox 309 1217 411 1244; x_wconf 85' lang='lat' dir='ltr'><strong>nosque</strong></span> <span class='ocrx_word' id='word_1_173' title='bbox 424 1217 519 1236; x_wconf 78' lang='lat' dir='ltr'><strong>sumus</strong></span> <span class='ocrx_word' id='word_1_174' title='bbox 529 1209 574 1243; x_wconf 91' lang='lat' dir='ltr'><strong>qui</strong></span> <span class='ocrx_word' id='word_1_175' title='bbox 589 1208 794 1235; x_wconf 84' lang='lat' dir='ltr'><strong>dimcultatibns</strong></span> <span class='ocrx_word' id='word_1_176' title='bbox 809 1207 966 1241; x_wconf 84' lang='lat' dir='ltr'><strong>circumpli-</strong></span> 
     </span>
    </p>
   </div>
   <div class='ocr_carea' id='block_1_26' title="bbox 181 1253 963 1288">
    <p class='ocr_par' dir='ltr' id='par_1_26' title="bbox 181 1253 963 1288">
     <span class='ocr_line' id='line_1_26' title="bbox 181 1253 963 1288; baseline -0.004 -6"><span class='ocrx_word' id='word_1_177' title='bbox 181 1263 297 1288; x_wconf 88' lang='lat' dir='ltr'><strong>camnr,</strong></span> <span class='ocrx_word' id='word_1_178' title='bbox 320 1260 346 1282; x_wconf 89' lang='lat' dir='ltr'><strong>et</strong></span> <span class='ocrx_word' id='word_1_179' title='bbox 366 1257 391 1282; x_wconf 92' lang='lat' dir='ltr'><strong>in</strong></span> <span class='ocrx_word' id='word_1_180' title='bbox 416 1255 456 1282; x_wconf 86' lang='lat' dir='ltr'><strong>eis</strong></span> <span class='ocrx_word' id='word_1_181' title='bbox 485 1255 565 1281; x_wconf 87' lang='lat' dir='ltr'><strong>Deum</strong></span> <span class='ocrx_word' id='word_1_182' title='bbox 587 1254 749 1288; x_wconf 77' lang='lat' dir='ltr'><strong>excogitatis</strong></span> <span class='ocrx_word' id='word_1_183' title='bbox 765 1258 791 1280; x_wconf 83' lang='lat' dir='ltr'><strong>et</strong></span> <span class='ocrx_word' id='word_1_184' title='bbox 808 1253 963 1280; x_wconf 80' lang='lat' dir='ltr'><strong>adinvcntis</strong></span> 
     </span>
    </p>
   </div>
   <div class='ocr_carea' id='block_1_27' title="bbox 180 1299 967 1336">
    <p class='ocr_par' dir='ltr' id='par_1_27' title="bbox 180 1299 967 1336">
     <span class='ocr_line' id='line_1_27' title="bbox 180 1299 967 1336; baseline -0.005 -7"><span class='ocrx_word' id='word_1_185' title='bbox 180 1301 339 1329; x_wconf 84' lang='lat' dir='ltr'><strong>nominibus</strong></span> <span class='ocrx_word' id='word_1_186' title='bbox 360 1301 548 1336; x_wconf 88' lang='lat' dir='ltr'><strong>imploramns.</strong></span> <span class='ocrx_word' id='word_1_187' title='bbox 565 1303 659 1332; x_wconf 79' lang='lat' dir='ltr'><strong>Quare</strong></span> <span class='ocrx_word' id='word_1_188' title='bbox 680 1300 730 1326; x_wconf 86' lang='lat' dir='ltr'><strong>hoc</strong></span> <span class='ocrx_word' id='word_1_189' title='bbox 748 1301 828 1326; x_wconf 87' lang='lat' dir='ltr'><strong>etiam</strong></span> <span class='ocrx_word' id='word_1_190' title='bbox 853 1299 967 1326; x_wconf 79' lang='lat' dir='ltr'><strong>eﬁicitur</strong></span> 
     </span>
    </p>
   </div>
   <div class='ocr_carea' id='block_1_28' title="bbox 181 1344 959 1380">
    <p class='ocr_par' dir='ltr' id='par_1_28' title="bbox 181 1344 959 1380">
     <span class='ocr_line' id='line_1_28' title="bbox 181 1344 959 1380; baseline -0.008 -8"><span class='ocrx_word' id='word_1_191' title='bbox 181 1345 353 1372; x_wconf 71' lang='lat' dir='ltr'><strong>maniiestnm</strong></span> <span class='ocrx_word' id='word_1_192' title='bbox 367 1364 374 1376; x_wconf 83' lang='lat'><strong>,</strong></span> <span class='ocrx_word' id='word_1_193' title='bbox 396 1346 467 1380; x_wconf 83' lang='lat' dir='ltr'><strong>quod</strong></span> <span class='ocrx_word' id='word_1_194' title='bbox 484 1345 547 1372; x_wconf 79' lang='lat' dir='ltr'><strong>lieet</strong></span> <span class='ocrx_word' id='word_1_195' title='bbox 562 1345 631 1372; x_wconf 89' lang='lat' dir='ltr'><strong>Dens</strong></span> <span class='ocrx_word' id='word_1_196' title='bbox 647 1353 677 1371; x_wconf 82' lang='lat' dir='ltr'><strong>ex</strong></span> <span class='ocrx_word' id='word_1_197' title='bbox 692 1344 805 1371; x_wconf 82' lang='lat' dir='ltr'><strong>inﬁnitis</strong></span> <span class='ocrx_word' id='word_1_198' title='bbox 822 1345 959 1377; x_wconf 79' lang='lat' dir='ltr'><strong>operatio.</strong></span> 
     </span>
    </p>
   </div>
   <div class='ocr_carea' id='block_1_29' title="bbox 182 1390 964 1424">
    <p class='ocr_par' dir='ltr' id='par_1_29' title="bbox 182 1390 964 1424">
     <span class='ocr_line' id='line_1_29' title="bbox 182 1390 964 1424; baseline -0.003 -6"><span class='ocrx_word' id='word_1_199' title='bbox 182 1392 263 1419; x_wconf 87' lang='lat' dir='ltr'><strong>nibus</strong></span> <span class='ocrx_word' id='word_1_200' title='bbox 285 1391 377 1418; x_wconf 88' lang='lat' dir='ltr'><strong>multis</strong></span> <span class='ocrx_word' id='word_1_201' title='bbox 404 1391 561 1417; x_wconf 84' lang='lat' dir='ltr'><strong>nominibus</strong></span> <span class='ocrx_word' id='word_1_202' title='bbox 585 1390 737 1423; x_wconf 84' lang='lat' dir='ltr'><strong>alliciatur,</strong></span> <span class='ocrx_word' id='word_1_203' title='bbox 764 1397 847 1424; x_wconf 90' lang='lat' dir='ltr'><strong>quam</strong></span> <span class='ocrx_word' id='word_1_204' title='bbox 875 1395 964 1416; x_wconf 76' lang='lat' dir='ltr'><strong>tamen</strong></span> 
     </span>
    </p>
   </div>
   <div class='ocr_carea' id='block_1_30' title="bbox 182 1436 965 1470">
    <p class='ocr_par' dir='ltr' id='par_1_30' title="bbox 182 1436 965 1470">
     <span class='ocr_line' id='line_1_30' title="bbox 182 1436 965 1470; baseline 0 -7"><span class='ocrx_word' id='word_1_205' title='bbox 182 1442 306 1463; x_wconf 80' lang='lat' dir='ltr'><strong>naturam</strong></span> <span class='ocrx_word' id='word_1_206' title='bbox 329 1437 425 1463; x_wconf 72' lang='lat' dir='ltr'><strong>lia-beat</strong></span> <span class='ocrx_word' id='word_1_207' title='bbox 439 1455 447 1468; x_wconf 88' lang='lat'><strong>,</strong></span> <span class='ocrx_word' id='word_1_208' title='bbox 464 1436 586 1463; x_wconf 82' lang='lat' dir='ltr'><strong>funditus</strong></span> <span class='ocrx_word' id='word_1_209' title='bbox 604 1436 783 1470; x_wconf 77' lang='lat' dir='ltr'><strong>intelligentia</strong></span> <span class='ocrx_word' id='word_1_210' title='bbox 803 1440 895 1463; x_wconf 89' lang='lat' dir='ltr'><strong>nostra</strong></span> <span class='ocrx_word' id='word_1_211' title='bbox 913 1444 965 1463; x_wconf 87' lang='lat' dir='ltr'><strong>non</strong></span> 
     </span>
    </p>
   </div>
   <div class='ocr_carea' id='block_1_31' title="bbox 750 104 1219 137">
    <p class='ocr_par' dir='ltr' id='par_1_31' title="bbox 750 104 1219 137">
     <span class='ocr_line' id='line_1_31' title="bbox 750 104 1219 137; baseline -0.006 0"><span class='ocrx_word' id='word_1_212' title='bbox 750 106 815 137; x_wconf 59' lang='lat'><strong>10&#39;.</strong></span> <span class='ocrx_word' id='word_1_213' title='bbox 823 105 884 135; x_wconf 69' lang='lat' dir='ltr'><strong>NN!</strong></span> <span class='ocrx_word' id='word_1_214' title='bbox 893 106 912 135; x_wconf 92' lang='lat' dir='ltr'><strong>S</strong></span> <span class='ocrx_word' id='word_1_215' title='bbox 929 106 1019 135; x_wconf 66' lang='lat' dir='ltr'><strong>CYPA</strong></span> <span class='ocrx_word' id='word_1_216' title='bbox 1025 105 1123 135; x_wconf 70' lang='lat' dir='ltr'><strong>liiSSi</strong></span> <span class='ocrx_word' id='word_1_217' title='bbox 1130 104 1219 134; x_wconf 73' lang='grc' dir='ltr'><strong>ΟΤΕΔ</strong></span> 
     </span>
    </p>
   </div>
   <div class='ocr_carea' id='block_1_32' title="bbox 979 157 1802 194">
    <p class='ocr_par' dir='ltr' id='par_1_32' title="bbox 979 157 1802 194">
     <span class='ocr_line' id='line_1_32' title="bbox 979 157 1802 194; baseline -0.006 -6"><span class='ocrx_word' id='word_1_218' title='bbox 979 165 998 191; x_wconf 73' lang='grc' dir='ltr'><strong>Α</strong></span> <span class='ocrx_word' id='word_1_219' title='bbox 1016 162 1171 194; x_wconf 64' lang='lat' dir='ltr'><strong>miser-undi,</strong></span> <span class='ocrx_word' id='word_1_220' title='bbox 1186 167 1210 187; x_wconf 85' lang='lat' dir='ltr'><strong>et</strong></span> <span class='ocrx_word' id='word_1_221' title='bbox 1231 159 1424 188; x_wconf 68' lang='lat' dir='ltr'><strong>misericordia‘</strong></span> <span class='ocrx_word' id='word_1_222' title='bbox 1439 165 1548 185; x_wconf 87' lang='lat' dir='ltr'><strong>nomen.</strong></span> <span class='ocrx_word' id='word_1_223' title='bbox 1562 157 1593 184; x_wconf 85' lang='lat' dir='ltr'><strong>Et</strong></span> <span class='ocrx_word' id='word_1_224' title='bbox 1609 158 1706 183; x_wconf 78' lang='lat' dir='ltr'><strong>iterum</strong></span> <span class='ocrx_word' id='word_1_225' title='bbox 1723 157 1802 183; x_wconf 67' lang='lat' dir='ltr'><strong>idem</strong></span> 
     </span>
    </p>
   </div>
   <div class='ocr_carea' id='block_1_33' title="bbox 1739 98 1802 129">
    <p class='ocr_par' dir='ltr' id='par_1_33' title="bbox 1739 98 1802 129">
     <span class='ocr_line' id='line_1_33' title="bbox 1739 98 1802 129; baseline 0.016 -1"><span class='ocrx_word' id='word_1_226' title='bbox 1739 98 1802 129; x_wconf 71' lang='grc' dir='ltr'><strong>τυῧ</strong></span> 
     </span>
    </p>
   </div>
   <div class='ocr_carea' id='block_1_34' title="bbox 1014 202 1804 238">
    <p class='ocr_par' dir='ltr' id='par_1_34' title="bbox 1014 202 1804 238">
     <span class='ocr_line' id='line_1_34' title="bbox 1014 202 1804 238; baseline -0.008 -6"><span class='ocrx_word' id='word_1_227' title='bbox 1014 207 1039 233; x_wconf 93' lang='lat' dir='ltr'><strong>in</strong></span> <span class='ocrx_word' id='word_1_228' title='bbox 1056 208 1187 238; x_wconf 75' lang='lat' dir='ltr'><strong>secundo,</strong></span> <span class='ocrx_word' id='word_1_229' title='bbox 1206 206 1237 233; x_wconf 82' lang='lat' dir='ltr'><strong>Ut</strong></span> <span class='ocrx_word' id='word_1_230' title='bbox 1254 206 1325 231; x_wconf 87' lang='lat' dir='ltr'><strong>enim</strong></span> <span class='ocrx_word' id='word_1_231' title='bbox 1339 225 1346 235; x_wconf 87' lang='lat'><strong>,</strong></span> <span class='ocrx_word' id='word_1_232' title='bbox 1374 204 1460 238; x_wconf 88' lang='lat' dir='ltr'><strong>inquit</strong></span> <span class='ocrx_word' id='word_1_233' title='bbox 1472 223 1479 234; x_wconf 85' lang='lat'><strong><em>.</em></strong></span> <span class='ocrx_word' id='word_1_234' title='bbox 1497 211 1550 230; x_wconf 91' lang='lat' dir='ltr'><strong>non</strong></span> <span class='ocrx_word' id='word_1_235' title='bbox 1575 207 1647 230; x_wconf 82' lang='lat' dir='ltr'><strong>esset</strong></span> <span class='ocrx_word' id='word_1_236' title='bbox 1676 202 1804 228; x_wconf 71' lang='lat' dir='ltr'><strong>medicus</strong></span> 
     </span>
    </p>
   </div>
   <div class='ocr_carea' id='block_1_35' title="bbox 1013 248 1803 285">
    <p class='ocr_par' dir='ltr' id='par_1_35' title="bbox 1013 248 1803 285">
     <span class='ocr_line' id='line_1_35' title="bbox 1013 248 1803 285; baseline -0.004 -8"><span class='ocrx_word' id='word_1_237' title='bbox 1013 252 1064 278; x_wconf 60' lang='lat' dir='ltr'><strong>nisi</strong></span> <span class='ocrx_word' id='word_1_238' title='bbox 1081 257 1189 285; x_wconf 69' lang='lat' dir='ltr'><strong>propter</strong></span> <span class='ocrx_word' id='word_1_239' title='bbox 1205 255 1331 285; x_wconf 76' lang='lat' dir='ltr'><strong>aegrotos,</strong></span> <span class='ocrx_word' id='word_1_240' title='bbox 1353 251 1392 276; x_wconf 81' lang='lat' dir='ltr'><strong>sic</strong></span> <span class='ocrx_word' id='word_1_241' title='bbox 1407 257 1504 276; x_wconf 77' lang='lat' dir='ltr'><strong>rursus</strong></span> <span class='ocrx_word' id='word_1_242' title='bbox 1516 256 1602 283; x_wconf 77' lang='lat' dir='ltr'><strong>neque</strong></span> <span class='ocrx_word' id='word_1_243' title='bbox 1618 248 1776 274; x_wconf 81' lang='lat' dir='ltr'><strong>misericors</strong></span> <span class='ocrx_word' id='word_1_244' title='bbox 1794 267 1803 278; x_wconf 84' lang='lat'><strong>,</strong></span> 
     </span>
    </p>
   </div>
   <div class='ocr_carea' id='block_1_36' title="bbox 1014 294 1804 331">
    <p class='ocr_par' dir='ltr' id='par_1_36' title="bbox 1014 294 1804 331">
     <span class='ocr_line' id='line_1_36' title="bbox 1014 294 1804 331; baseline -0.008 -8"><span class='ocrx_word' id='word_1_245' title='bbox 1014 305 1101 331; x_wconf 82' lang='lat' dir='ltr'><strong>nequc</strong></span> <span class='ocrx_word' id='word_1_246' title='bbox 1116 298 1268 326; x_wconf 71' lang='lat' dir='ltr'><strong>miseratur,</strong></span> <span class='ocrx_word' id='word_1_247' title='bbox 1285 303 1333 322; x_wconf 85' lang='lat' dir='ltr'><strong>nec</strong></span> <span class='ocrx_word' id='word_1_248' title='bbox 1348 295 1407 322; x_wconf 84' lang='lat' dir='ltr'><strong>aliis</strong></span> <span class='ocrx_word' id='word_1_249' title='bbox 1428 294 1563 328; x_wconf 83' lang='lat' dir='ltr'><strong>ejusmodi</strong></span> <span class='ocrx_word' id='word_1_250' title='bbox 1581 294 1738 319; x_wconf 75' lang='lat' dir='ltr'><strong>nominibus</strong></span> <span class='ocrx_word' id='word_1_251' title='bbox 1749 301 1804 327; x_wconf 79' lang='lat' dir='ltr'><strong>ap—</strong></span> 
     </span>
    </p>
   </div>
   <div class='ocr_carea' id='block_1_37' title="bbox 1014 339 1805 378">
    <p class='ocr_par' dir='ltr' id='par_1_37' title="bbox 1014 339 1805 378">
     <span class='ocr_line' id='line_1_37' title="bbox 1014 339 1805 378; baseline -0.005 -9"><span class='ocrx_word' id='word_1_252' title='bbox 1014 343 1170 378; x_wconf 80' lang='lat' dir='ltr'><strong>pcllarctur.</strong></span> <span class='ocrx_word' id='word_1_253' title='bbox 1194 342 1246 368; x_wconf 76' lang='lat' dir='ltr'><strong>nisi</strong></span> <span class='ocrx_word' id='word_1_254' title='bbox 1271 347 1380 376; x_wconf 89' lang='lat' dir='ltr'><strong>propter</strong></span> <span class='ocrx_word' id='word_1_255' title='bbox 1405 349 1466 368; x_wconf 90' lang='lat' dir='ltr'><strong>eum</strong></span> <span class='ocrx_word' id='word_1_256' title='bbox 1494 341 1539 374; x_wconf 90' lang='lat' dir='ltr'><strong>qui</strong></span> <span class='ocrx_word' id='word_1_257' title='bbox 1567 339 1755 366; x_wconf 81' lang='lat' dir='ltr'><strong>misericordia</strong></span> <span class='ocrx_word' id='word_1_258' title='bbox 1773 343 1805 365; x_wconf 73' lang='lat' dir='ltr'><strong>a-t</strong></span> 
     </span>
    </p>
   </div>
   <div class='ocr_carea' id='block_1_38' title="bbox 1014 386 1804 421">
    <p class='ocr_par' dir='ltr' id='par_1_38' title="bbox 1014 386 1804 421">
     <span class='ocr_line' id='line_1_38' title="bbox 1014 386 1804 421; baseline -0.005 -7"><span class='ocrx_word' id='word_1_259' title='bbox 1014 389 1188 415; x_wconf 81' lang='lat' dir='ltr'><strong>miseratione</strong></span> <span class='ocrx_word' id='word_1_260' title='bbox 1205 388 1306 421; x_wconf 76' lang='lat' dir='ltr'><strong>indiget</strong></span> <span class='ocrx_word' id='word_1_261' title='bbox 1323 396 1329 414; x_wconf 90' lang='lat'><strong>:</strong></span> <span class='ocrx_word' id='word_1_262' title='bbox 1348 388 1387 413; x_wconf 77' lang='lat' dir='ltr'><strong>sic</strong></span> <span class='ocrx_word' id='word_1_263' title='bbox 1404 387 1486 414; x_wconf 88' lang='lat' dir='ltr'><strong>etiam</strong></span> <span class='ocrx_word' id='word_1_264' title='bbox 1507 394 1556 413; x_wconf 88' lang='lat' dir='ltr'><strong>nec</strong></span> <span class='ocrx_word' id='word_1_265' title='bbox 1571 386 1741 418; x_wconf 85' lang='lat' dir='ltr'><strong>omnipotens</strong></span> <span class='ocrx_word' id='word_1_266' title='bbox 1753 394 1804 410; x_wconf 74' lang='grc' dir='ltr'><strong>υς-</strong></span> 
     </span>
    </p>
   </div>
   <div class='ocr_carea' id='block_1_39' title="bbox 1015 431 1807 465">
    <p class='ocr_par' dir='ltr' id='par_1_39' title="bbox 1015 431 1807 465">
     <span class='ocr_line' id='line_1_39' title="bbox 1015 431 1807 465; baseline -0.008 -4"><span class='ocrx_word' id='word_1_267' title='bbox 1015 438 1067 465; x_wconf 81' lang='lat' dir='ltr'><strong>set,</strong></span> <span class='ocrx_word' id='word_1_268' title='bbox 1096 433 1146 460; x_wconf 89' lang='lat' dir='ltr'><strong>nisi</strong></span> <span class='ocrx_word' id='word_1_269' title='bbox 1166 434 1255 459; x_wconf 83' lang='lat' dir='ltr'><strong>omnis</strong></span> <span class='ocrx_word' id='word_1_270' title='bbox 1269 437 1393 460; x_wconf 87' lang='lat' dir='ltr'><strong>creatura</strong></span> <span class='ocrx_word' id='word_1_271' title='bbox 1414 437 1441 458; x_wconf 93' lang='lat' dir='ltr'><strong>nt</strong></span> <span class='ocrx_word' id='word_1_272' title='bbox 1454 431 1488 458; x_wconf 90' lang='lat' dir='ltr'><strong>ab</strong></span> <span class='ocrx_word' id='word_1_273' title='bbox 1503 439 1535 457; x_wconf 86' lang='lat' dir='ltr'><strong>eo</strong></span> <span class='ocrx_word' id='word_1_274' title='bbox 1557 437 1695 457; x_wconf 78' lang='lat' dir='ltr'><strong>teneretur</strong></span> <span class='ocrx_word' id='word_1_275' title='bbox 1710 436 1736 456; x_wconf 90' lang='lat' dir='ltr'><strong>et</strong></span> <span class='ocrx_word' id='word_1_276' title='bbox 1751 438 1807 455; x_wconf 57' lang='grc' dir='ltr'>ι-ιιν</span> 
     </span>
    </p>
   </div>
   <div class='ocr_carea' id='block_1_40' title="bbox 1014 475 1804 514">
    <p class='ocr_par' dir='ltr' id='par_1_40' title="bbox 1014 475 1804 514">
     <span class='ocr_line' id='line_1_40' title="bbox 1014 475 1804 514; baseline -0.008 -8"><span class='ocrx_word' id='word_1_277' title='bbox 1014 480 1171 511; x_wconf 86' lang='lat' dir='ltr'><strong>stodiretur,</strong></span> <span class='ocrx_word' id='word_1_278' title='bbox 1190 487 1258 514; x_wconf 85' lang='lat' dir='ltr'><strong>opus</strong></span> <span class='ocrx_word' id='word_1_279' title='bbox 1274 479 1397 505; x_wconf 84' lang='lat' dir='ltr'><strong>haberet.</strong></span> <span class='ocrx_word' id='word_1_280' title='bbox 1411 478 1443 504; x_wconf 86' lang='lat' dir='ltr'><strong>Et</strong></span> <span class='ocrx_word' id='word_1_281' title='bbox 1458 478 1555 504; x_wconf 76' lang='lat' dir='ltr'><strong>iterum</strong></span> <span class='ocrx_word' id='word_1_282' title='bbox 1573 477 1599 503; x_wconf 94' lang='lat' dir='ltr'><strong>in</strong></span> <span class='ocrx_word' id='word_1_283' title='bbox 1616 476 1704 510; x_wconf 86' lang='lat' dir='ltr'><strong>primo</strong></span> <span class='ocrx_word' id='word_1_284' title='bbox 1718 475 1804 502; x_wconf 83' lang='lat' dir='ltr'><strong>libro:</strong></span> 
     </span>
    </p>
   </div>
   <div class='ocr_carea' id='block_1_41' title="bbox 1015 521 1804 558">
    <p class='ocr_par' dir='ltr' id='par_1_41' title="bbox 1015 521 1804 558">
     <span class='ocr_line' id='line_1_41' title="bbox 1015 521 1804 558; baseline -0.009 -6"><span class='ocrx_word' id='word_1_285' title='bbox 1015 525 1084 555; x_wconf 81' lang='lat' dir='ltr'><strong>Alia,</strong></span> <span class='ocrx_word' id='word_1_286' title='bbox 1107 525 1219 558; x_wconf 88' lang='lat' dir='ltr'><strong>inquit,</strong></span> <span class='ocrx_word' id='word_1_287' title='bbox 1245 525 1352 550; x_wconf 86' lang='lat' dir='ltr'><strong>nomina</strong></span> <span class='ocrx_word' id='word_1_288' title='bbox 1374 523 1525 558; x_wconf 74' lang='lat' dir='ltr'><strong>signiﬁcant</strong></span> <span class='ocrx_word' id='word_1_289' title='bbox 1543 522 1608 549; x_wconf 91' lang='lat' dir='ltr'><strong>utile</strong></span> <span class='ocrx_word' id='word_1_290' title='bbox 1624 521 1656 548; x_wconf 86' lang='lat' dir='ltr'><strong>ad</strong></span> <span class='ocrx_word' id='word_1_291' title='bbox 1674 521 1777 555; x_wconf 83' lang='lat' dir='ltr'><strong>aliquid</strong></span> <span class='ocrx_word' id='word_1_292' title='bbox 1796 540 1804 551; x_wconf 85' lang='lat'><strong>,</strong></span> 
     </span>
    </p>
   </div>
   <div class='ocr_carea' id='block_1_42' title="bbox 1016 568 1805 602">
    <p class='ocr_par' dir='ltr' id='par_1_42' title="bbox 1016 568 1805 602">
     <span class='ocr_line' id='line_1_42' title="bbox 1016 568 1805 602; baseline -0.005 -7"><span class='ocrx_word' id='word_1_293' title='bbox 1016 574 1046 596; x_wconf 90' lang='lat' dir='ltr'><strong>ut</strong></span> <span class='ocrx_word' id='word_1_294' title='bbox 1068 568 1185 602; x_wconf 73' lang='lat' dir='ltr'><strong>adiutor.</strong></span> <span class='ocrx_word' id='word_1_295' title='bbox 1213 573 1361 602; x_wconf 81' lang='lat' dir='ltr'><strong>protector.</strong></span> <span class='ocrx_word' id='word_1_296' title='bbox 1388 568 1543 597; x_wconf 73' lang='lat' dir='ltr'><strong>auxiliator,</strong></span> <span class='ocrx_word' id='word_1_297' title='bbox 1568 569 1594 592; x_wconf 82' lang='lat' dir='ltr'><strong>et</strong></span> <span class='ocrx_word' id='word_1_298' title='bbox 1617 570 1714 592; x_wconf 71' lang='lat' dir='ltr'><strong>cretera</strong></span> <span class='ocrx_word' id='word_1_299' title='bbox 1738 572 1805 598; x_wconf 79' lang='lat' dir='ltr'><strong>qmc</strong></span> 
     </span>
    </p>
   </div>
   <div class='ocr_carea' id='block_1_43' title="bbox 1015 611 1806 649">
    <p class='ocr_par' dir='ltr' id='par_1_43' title="bbox 1015 611 1806 649">
     <span class='ocr_line' id='line_1_43' title="bbox 1015 611 1806 649; baseline -0.005 -8"><span class='ocrx_word' id='word_1_300' title='bbox 1015 615 1135 649; x_wconf 78' lang='lat' dir='ltr'><strong>ejusdem</strong></span> <span class='ocrx_word' id='word_1_301' title='bbox 1160 614 1368 649; x_wconf 77' lang='lat' dir='ltr'><strong>signiﬁcationis</strong></span> <span class='ocrx_word' id='word_1_302' title='bbox 1385 614 1577 647; x_wconf 87' lang='lat' dir='ltr'><strong>reperiuntur:</strong></span> <span class='ocrx_word' id='word_1_303' title='bbox 1597 612 1622 638; x_wconf 90' lang='lat' dir='ltr'><strong>in</strong></span> <span class='ocrx_word' id='word_1_304' title='bbox 1649 612 1749 646; x_wconf 87' lang='lat' dir='ltr'><strong>quilms</strong></span> <span class='ocrx_word' id='word_1_305' title='bbox 1780 611 1806 637; x_wconf 86' lang='lat' dir='ltr'><strong>si</strong></span> 
     </span>
    </p>
   </div>
   <div class='ocr_carea' id='block_1_44' title="bbox 1015 657 1807 694">
    <p class='ocr_par' dir='ltr' id='par_1_44' title="bbox 1015 657 1807 694">
     <span class='ocr_line' id='line_1_44' title="bbox 1015 657 1807 694; baseline -0.006 -7"><span class='ocrx_word' id='word_1_306' title='bbox 1015 668 1077 687; x_wconf 91' lang='lat' dir='ltr'><strong>cum</strong></span> <span class='ocrx_word' id='word_1_307' title='bbox 1102 660 1148 694; x_wconf 93' lang='lat' dir='ltr'><strong>qui</strong></span> <span class='ocrx_word' id='word_1_308' title='bbox 1173 659 1275 686; x_wconf 62' lang='lat' dir='ltr'><strong>auxilio</strong></span> <span class='ocrx_word' id='word_1_309' title='bbox 1291 659 1411 692; x_wconf 79' lang='lat' dir='ltr'><strong>indiget,</strong></span> <span class='ocrx_word' id='word_1_310' title='bbox 1427 658 1517 689; x_wconf 85' lang='lat' dir='ltr'><strong>tollas,</strong></span> <span class='ocrx_word' id='word_1_311' title='bbox 1535 658 1578 684; x_wconf 86' lang='lat' dir='ltr'><strong>vis</strong></span> <span class='ocrx_word' id='word_1_312' title='bbox 1601 665 1662 692; x_wconf 63' lang='lat' dir='ltr'><strong>quae</strong></span> <span class='ocrx_word' id='word_1_313' title='bbox 1686 657 1713 683; x_wconf 90' lang='lat' dir='ltr'><strong>in</strong></span> <span class='ocrx_word' id='word_1_314' title='bbox 1741 657 1807 690; x_wconf 60' lang='lat' dir='ltr'><strong>ipso</strong></span> 
     </span>
    </p>
   </div>
   <div class='ocr_carea' id='block_1_45' title="bbox 1016 702 1803 735">
    <p class='ocr_par' dir='ltr' id='par_1_45' title="bbox 1016 702 1803 735">
     <span class='ocr_line' id='line_1_45' title="bbox 1016 702 1803 735; baseline -0.006 -3"><span class='ocrx_word' id='word_1_315' title='bbox 1016 706 1125 732; x_wconf 88' lang='lat' dir='ltr'><strong>nomine</strong></span> <span class='ocrx_word' id='word_1_316' title='bbox 1141 706 1271 735; x_wconf 81' lang='lat' dir='ltr'><strong>cernitur,</strong></span> <span class='ocrx_word' id='word_1_317' title='bbox 1288 711 1373 731; x_wconf 88' lang='lat' dir='ltr'><strong>vacua</strong></span> <span class='ocrx_word' id='word_1_318' title='bbox 1399 703 1489 730; x_wconf 79' lang='lat' dir='ltr'><strong>fuerit.</strong></span> <span class='ocrx_word' id='word_1_319' title='bbox 1518 702 1595 730; x_wconf 86' lang='lat' dir='ltr'><strong>Unde</strong></span> <span class='ocrx_word' id='word_1_320' title='bbox 1622 702 1803 729; x_wconf 80' lang='lat' dir='ltr'><strong>manifestum</strong></span> 
     </span>
    </p>
   </div>
   <div class='ocr_carea' id='block_1_46' title="bbox 1016 748 1810 785">
    <p class='ocr_par' dir='ltr' id='par_1_46' title="bbox 1016 748 1810 785">
     <span class='ocr_line' id='line_1_46' title="bbox 1016 748 1810 785; baseline -0.005 -9"><span class='ocrx_word' id='word_1_321' title='bbox 1016 752 1140 782; x_wconf 78' lang='lat' dir='ltr'><strong>etlleitur,</strong></span> <span class='ocrx_word' id='word_1_322' title='bbox 1163 750 1313 785; x_wconf 78' lang='lat' dir='ltr'><strong>posteriora</strong></span> <span class='ocrx_word' id='word_1_323' title='bbox 1340 756 1401 776; x_wconf 84' lang='lat' dir='ltr'><strong>csse</strong></span> <span class='ocrx_word' id='word_1_324' title='bbox 1428 749 1539 776; x_wconf 83' lang='lat' dir='ltr'><strong>nomina</strong></span> <span class='ocrx_word' id='word_1_325' title='bbox 1568 749 1627 782; x_wconf 87' lang='lat' dir='ltr'><strong>ipsa</strong></span> <span class='ocrx_word' id='word_1_326' title='bbox 1651 748 1810 774; x_wconf 67' lang='lat' dir='ltr'><strong>aeternitate</strong></span> 
     </span>
    </p>
   </div>
   <div class='ocr_carea' id='block_1_47' title="bbox 1019 793 1807 831">
    <p class='ocr_par' dir='ltr' id='par_1_47' title="bbox 1019 793 1807 831">
     <span class='ocr_line' id='line_1_47' title="bbox 1019 793 1807 831; baseline -0.006 -9"><span class='ocrx_word' id='word_1_327' title='bbox 1019 798 1075 829; x_wconf 78' lang='lat' dir='ltr'><strong>Dei,</strong></span> <span class='ocrx_word' id='word_1_328' title='bbox 1091 801 1118 824; x_wconf 89' lang='lat' dir='ltr'><strong>et</strong></span> <span class='ocrx_word' id='word_1_329' title='bbox 1135 801 1196 831; x_wconf 92' lang='lat' dir='ltr'><strong>post</strong></span> <span class='ocrx_word' id='word_1_330' title='bbox 1211 795 1347 822; x_wconf 78' lang='lat' dir='ltr'><strong>hominem</strong></span> <span class='ocrx_word' id='word_1_331' title='bbox 1367 799 1393 821; x_wconf 89' lang='lat' dir='ltr'><strong>et</strong></span> <span class='ocrx_word' id='word_1_332' title='bbox 1414 799 1530 821; x_wconf 81' lang='lat' dir='ltr'><strong>tuentem</strong></span> <span class='ocrx_word' id='word_1_333' title='bbox 1549 794 1667 821; x_wconf 83' lang='lat' dir='ltr'><strong>hominis</strong></span> <span class='ocrx_word' id='word_1_334' title='bbox 1692 793 1807 819; x_wconf 80' lang='lat' dir='ltr'><strong>inventa</strong></span> 
     </span>
    </p>
   </div>
   <div class='ocr_carea' id='block_1_48' title="bbox 1017 839 1808 876">
    <p class='ocr_par' dir='ltr' id='par_1_48' title="bbox 1017 839 1808 876">
     <span class='ocr_line' id='line_1_48' title="bbox 1017 839 1808 876; baseline -0.006 -7"><span class='ocrx_word' id='word_1_335' title='bbox 1017 851 1088 874; x_wconf 84' lang='lat' dir='ltr'><strong>esse,</strong></span> <span class='ocrx_word' id='word_1_336' title='bbox 1116 842 1292 876; x_wconf 84' lang='lat' dir='ltr'><strong>accidereque</strong></span> <span class='ocrx_word' id='word_1_337' title='bbox 1309 841 1466 874; x_wconf 85' lang='lat' dir='ltr'><strong>aliquando,</strong></span> <span class='ocrx_word' id='word_1_338' title='bbox 1485 845 1514 866; x_wconf 86' lang='lat' dir='ltr'><strong>ut</strong></span> <span class='ocrx_word' id='word_1_339' title='bbox 1529 840 1565 866; x_wconf 92' lang='lat' dir='ltr'><strong>sit</strong></span> <span class='ocrx_word' id='word_1_340' title='bbox 1578 839 1635 872; x_wconf 89' lang='lat' dir='ltr'><strong>ipsa</strong></span> <span class='ocrx_word' id='word_1_341' title='bbox 1651 839 1808 865; x_wconf 86' lang='lat' dir='ltr'><strong>nominatio</strong></span> 
     </span>
    </p>
   </div>
   <div class='ocr_carea' id='block_1_49' title="bbox 1017 884 1808 924">
    <p class='ocr_par' dir='ltr' id='par_1_49' title="bbox 1017 884 1808 924">
     <span class='ocr_line' id='line_1_49' title="bbox 1017 884 1808 924; baseline -0.009 -8"><span class='ocrx_word' id='word_1_342' title='bbox 1017 895 1183 924; x_wconf 78' lang='lat' dir='ltr'><strong>supervacua</strong></span> <span class='ocrx_word' id='word_1_343' title='bbox 1200 889 1220 914; x_wconf 90' lang='lat' dir='ltr'><strong>si</strong></span> <span class='ocrx_word' id='word_1_344' title='bbox 1240 887 1307 914; x_wconf 83' lang='lat' dir='ltr'><strong>forte</strong></span> <span class='ocrx_word' id='word_1_345' title='bbox 1322 894 1373 920; x_wconf 88' lang='lat' dir='ltr'><strong>ope</strong></span> <span class='ocrx_word' id='word_1_346' title='bbox 1390 885 1555 919; x_wconf 81' lang='lat' dir='ltr'><strong>indigentem</strong></span> <span class='ocrx_word' id='word_1_347' title='bbox 1577 884 1666 911; x_wconf 88' lang='lat' dir='ltr'><strong>tollas.</strong></span> <span class='ocrx_word' id='word_1_348' title='bbox 1683 885 1808 916; x_wconf 82' lang='lat' dir='ltr'><strong>Denique</strong></span> 
     </span>
    </p>
   </div>
   <div class='ocr_carea' id='block_1_50' title="bbox 1018 930 1806 966">
    <p class='ocr_par' dir='ltr' id='par_1_50' title="bbox 1018 930 1806 966">
     <span class='ocr_line' id='line_1_50' title="bbox 1018 930 1806 966; baseline -0.008 -6"><span class='ocrx_word' id='word_1_349' title='bbox 1018 942 1065 966; x_wconf 83' lang='lat' dir='ltr'><strong>per</strong></span> <span class='ocrx_word' id='word_1_350' title='bbox 1078 933 1167 960; x_wconf 85' lang='lat' dir='ltr'><strong>omnia</strong></span> <span class='ocrx_word' id='word_1_351' title='bbox 1183 933 1397 960; x_wconf 84' lang='lat' dir='ltr'><strong>demonstratum</strong></span> <span class='ocrx_word' id='word_1_352' title='bbox 1413 936 1464 961; x_wconf 81' lang='lat' dir='ltr'><strong>est.</strong></span> <span class='ocrx_word' id='word_1_353' title='bbox 1481 930 1708 965; x_wconf 83' lang='lat' dir='ltr'><strong>quemadmodum</strong></span> <span class='ocrx_word' id='word_1_354' title='bbox 1725 938 1806 955; x_wconf 69' lang='grc' dir='ltr'>ιιιι-ιις</span> 
     </span>
    </p>
   </div>
   <div class='ocr_carea' id='block_1_51' title="bbox 1017 975 1806 1007">
    <p class='ocr_par' dir='ltr' id='par_1_51' title="bbox 1017 975 1806 1007">
     <span class='ocr_line' id='line_1_51' title="bbox 1017 975 1806 1007; baseline -0.005 -2"><span class='ocrx_word' id='word_1_355' title='bbox 1017 980 1088 1005; x_wconf 79' lang='lat' dir='ltr'><strong>sicut</strong></span> <span class='ocrx_word' id='word_1_356' title='bbox 1111 978 1226 1004; x_wconf 87' lang='lat' dir='ltr'><strong>aliarum</strong></span> <span class='ocrx_word' id='word_1_357' title='bbox 1249 985 1339 1004; x_wconf 84' lang='lat' dir='ltr'><strong>rerum</strong></span> <span class='ocrx_word' id='word_1_358' title='bbox 1369 977 1480 1005; x_wconf 90' lang='lat' dir='ltr'><strong>nomina</strong></span> <span class='ocrx_word' id='word_1_359' title='bbox 1505 976 1652 1007; x_wconf 79' lang='lat' dir='ltr'><strong>adinvcnit,</strong></span> <span class='ocrx_word' id='word_1_360' title='bbox 1668 976 1706 1002; x_wconf 85' lang='lat' dir='ltr'><strong>sic</strong></span> <span class='ocrx_word' id='word_1_361' title='bbox 1720 975 1806 1002; x_wconf 81' lang='lat' dir='ltr'><strong>etiam</strong></span> 
     </span>
    </p>
   </div>
   <div class='ocr_carea' id='block_1_52' title="bbox 1018 1021 1805 1058">
    <p class='ocr_par' dir='ltr' id='par_1_52' title="bbox 1018 1021 1805 1058">
     <span class='ocr_line' id='line_1_52' title="bbox 1018 1021 1805 1058; baseline -0.004 -8"><span class='ocrx_word' id='word_1_362' title='bbox 1018 1024 1127 1050; x_wconf 89' lang='lat' dir='ltr'><strong>nomina</strong></span> <span class='ocrx_word' id='word_1_363' title='bbox 1149 1023 1206 1055; x_wconf 87' lang='lat' dir='ltr'><strong>Dei,</strong></span> <span class='ocrx_word' id='word_1_364' title='bbox 1223 1031 1361 1058; x_wconf 69' lang='lat' dir='ltr'><strong>aggressa,</strong></span> <span class='ocrx_word' id='word_1_365' title='bbox 1378 1027 1406 1050; x_wconf 89' lang='lat' dir='ltr'><strong>et</strong></span> <span class='ocrx_word' id='word_1_366' title='bbox 1423 1022 1505 1049; x_wconf 72' lang='lat' dir='ltr'><strong>Veluti</strong></span> <span class='ocrx_word' id='word_1_367' title='bbox 1533 1021 1673 1048; x_wconf 80' lang='lat' dir='ltr'><strong>materiam</strong></span> <span class='ocrx_word' id='word_1_368' title='bbox 1701 1025 1781 1047; x_wconf 84' lang='lat' dir='ltr'><strong>narta</strong></span> <span class='ocrx_word' id='word_1_369' title='bbox 1797 1041 1805 1052; x_wconf 92' lang='lat'><strong>,</strong></span> 
     </span>
    </p>
   </div>
   <div class='ocr_carea' id='block_1_53' title="bbox 1018 1068 1805 1104">
    <p class='ocr_par' dir='ltr' id='par_1_53' title="bbox 1018 1068 1805 1104">
     <span class='ocr_line' id='line_1_53' title="bbox 1018 1068 1805 1104; baseline -0.004 -8"><span class='ocrx_word' id='word_1_370' title='bbox 1018 1070 1060 1096; x_wconf 83' lang='lat' dir='ltr'><strong>illa</strong></span> <span class='ocrx_word' id='word_1_371' title='bbox 1082 1070 1138 1104; x_wconf 79' lang='lat' dir='ltr'><strong>ipsa</strong></span> <span class='ocrx_word' id='word_1_372' title='bbox 1162 1069 1257 1097; x_wconf 77' lang='lat' dir='ltr'><strong>eﬂ&#39;ecta</strong></span> <span class='ocrx_word' id='word_1_373' title='bbox 1283 1074 1310 1096; x_wconf 88' lang='lat' dir='ltr'><strong>et</strong></span> <span class='ocrx_word' id='word_1_374' title='bbox 1336 1069 1524 1101; x_wconf 82' lang='lat' dir='ltr'><strong>admirabilia,</strong></span> <span class='ocrx_word' id='word_1_375' title='bbox 1540 1076 1600 1102; x_wconf 69' lang='lat' dir='ltr'><strong>quae</strong></span> <span class='ocrx_word' id='word_1_376' title='bbox 1624 1068 1650 1093; x_wconf 93' lang='lat' dir='ltr'><strong>in</strong></span> <span class='ocrx_word' id='word_1_377' title='bbox 1674 1068 1805 1094; x_wconf 83' lang='lat' dir='ltr'><strong>universo</strong></span> 
     </span>
    </p>
   </div>
   <div class='ocr_carea' id='block_1_54' title="bbox 1017 1112 1805 1149">
    <p class='ocr_par' dir='ltr' id='par_1_54' title="bbox 1017 1112 1805 1149">
     <span class='ocr_line' id='line_1_54' title="bbox 1017 1112 1805 1149; baseline -0.004 -7"><span class='ocrx_word' id='word_1_378' title='bbox 1017 1115 1232 1149; x_wconf 77' lang='lat' dir='ltr'><strong>Contemplatur&#39;,</strong></span> <span class='ocrx_word' id='word_1_379' title='bbox 1255 1115 1312 1142; x_wconf 79' lang='lat' dir='ltr'><strong>hzec</strong></span> <span class='ocrx_word' id='word_1_380' title='bbox 1335 1115 1409 1142; x_wconf 90' lang='lat' dir='ltr'><strong>enim</strong></span> <span class='ocrx_word' id='word_1_381' title='bbox 1426 1115 1583 1148; x_wconf 85' lang='lat' dir='ltr'><strong>insequens,</strong></span> <span class='ocrx_word' id='word_1_382' title='bbox 1599 1118 1626 1140; x_wconf 90' lang='lat' dir='ltr'><strong>et</strong></span> <span class='ocrx_word' id='word_1_383' title='bbox 1640 1114 1672 1140; x_wconf 87' lang='lat' dir='ltr'><strong>de</strong></span> <span class='ocrx_word' id='word_1_384' title='bbox 1688 1112 1742 1139; x_wconf 83' lang='lat' dir='ltr'><strong>Deo</strong></span> <span class='ocrx_word' id='word_1_385' title='bbox 1758 1113 1805 1139; x_wconf 86' lang='lat' dir='ltr'><strong>in-</strong></span> 
     </span>
    </p>
   </div>
   <div class='ocr_carea' id='block_1_55' title="bbox 1017 1161 1805 1199">
    <p class='ocr_par' dir='ltr' id='par_1_55' title="bbox 1017 1161 1805 1199">
     <span class='ocr_line' id='line_1_55' title="bbox 1017 1161 1805 1199; baseline -0.005 -8"><span class='ocrx_word' id='word_1_386' title='bbox 1017 1163 1141 1199; x_wconf 85' lang='lat' dir='ltr'><strong>quirens,</strong></span> <span class='ocrx_word' id='word_1_387' title='bbox 1156 1163 1268 1189; x_wconf 90' lang='lat' dir='ltr'><strong>nomina</strong></span> <span class='ocrx_word' id='word_1_388' title='bbox 1287 1163 1426 1197; x_wconf 86' lang='lat' dir='ltr'><strong>imposuit.</strong></span> <span class='ocrx_word' id='word_1_389' title='bbox 1442 1161 1587 1188; x_wconf 84' lang='lat' dir='ltr'><strong>Declaraut</strong></span> <span class='ocrx_word' id='word_1_390' title='bbox 1603 1161 1653 1187; x_wconf 80' lang='lat' dir='ltr'><strong>hoc</strong></span> <span class='ocrx_word' id='word_1_391' title='bbox 1665 1161 1691 1187; x_wconf 92' lang='lat' dir='ltr'><strong>in</strong></span> <span class='ocrx_word' id='word_1_392' title='bbox 1709 1161 1805 1194; x_wconf 72' lang='lat' dir='ltr'><strong>primis</strong></span> 
     </span>
    </p>
   </div>
   <div class='ocr_carea' id='block_1_56' title="bbox 1017 1206 1803 1244">
    <p class='ocr_par' dir='ltr' id='par_1_56' title="bbox 1017 1206 1803 1244">
     <span class='ocr_line' id='line_1_56' title="bbox 1017 1206 1803 1244; baseline -0.004 -9"><span class='ocrx_word' id='word_1_393' title='bbox 1017 1210 1063 1244; x_wconf 91' lang='lat' dir='ltr'><strong>qui</strong></span> <span class='ocrx_word' id='word_1_394' title='bbox 1078 1209 1135 1235; x_wconf 60' lang='lat' dir='ltr'><strong>ha&#39;c</strong></span> <span class='ocrx_word' id='word_1_395' title='bbox 1151 1207 1269 1242; x_wconf 86' lang='lat' dir='ltr'><strong>primum</strong></span> <span class='ocrx_word' id='word_1_396' title='bbox 1297 1207 1480 1236; x_wconf 84' lang='lat' dir='ltr'><strong>invenerunt.</strong></span> <span class='ocrx_word' id='word_1_397' title='bbox 1501 1206 1557 1233; x_wconf 82' lang='lat' dir='ltr'><strong>sive</strong></span> <span class='ocrx_word' id='word_1_398' title='bbox 1580 1206 1803 1240; x_wconf 75' lang='lat' dir='ltr'><strong>antiquissimum</strong></span> 
     </span>
    </p>
   </div>
   <div class='ocr_carea' id='block_1_57' title="bbox 1017 1252 1805 1290">
    <p class='ocr_par' dir='ltr' id='par_1_57' title="bbox 1017 1252 1805 1290">
     <span class='ocr_line' id='line_1_57' title="bbox 1017 1252 1805 1290; baseline -0.004 -8"><span class='ocrx_word' id='word_1_399' title='bbox 1017 1255 1160 1290; x_wconf 84' lang='lat' dir='ltr'><strong>queindam</strong></span> <span class='ocrx_word' id='word_1_400' title='bbox 1178 1253 1325 1285; x_wconf 82' lang='lat' dir='ltr'><strong>Tlicuthin,</strong></span> <span class='ocrx_word' id='word_1_401' title='bbox 1348 1254 1405 1280; x_wconf 85' lang='lat' dir='ltr'><strong>sive</strong></span> <span class='ocrx_word' id='word_1_402' title='bbox 1428 1253 1510 1279; x_wconf 91' lang='lat' dir='ltr'><strong>alium</strong></span> <span class='ocrx_word' id='word_1_403' title='bbox 1537 1252 1691 1286; x_wconf 85' lang='lat' dir='ltr'><strong>quempiam</strong></span> <span class='ocrx_word' id='word_1_404' title='bbox 1717 1253 1805 1279; x_wconf 77' lang='lat' dir='ltr'><strong>fuisse</strong></span> 
     </span>
    </p>
   </div>
   <div class='ocr_carea' id='block_1_58' title="bbox 1017 1298 1812 1332">
    <p class='ocr_par' dir='ltr' id='par_1_58' title="bbox 1017 1298 1812 1332">
     <span class='ocr_line' id='line_1_58' title="bbox 1017 1298 1812 1332; baseline -0.006 -4"><span class='ocrx_word' id='word_1_405' title='bbox 1017 1302 1119 1329; x_wconf 89' lang='lat' dir='ltr'><strong>dicunt.</strong></span> <span class='ocrx_word' id='word_1_406' title='bbox 1132 1301 1252 1328; x_wconf 76' lang='lat' dir='ltr'><strong>Gentiles</strong></span> <span class='ocrx_word' id='word_1_407' title='bbox 1266 1300 1397 1326; x_wconf 83' lang='lat' dir='ltr'><strong>hactenus</strong></span> <span class='ocrx_word' id='word_1_408' title='bbox 1410 1298 1529 1330; x_wconf 88' lang='lat' dir='ltr'><strong>fuerunt,</strong></span> <span class='ocrx_word' id='word_1_409' title='bbox 1546 1304 1572 1325; x_wconf 90' lang='lat' dir='ltr'><strong>et</strong></span> <span class='ocrx_word' id='word_1_410' title='bbox 1587 1300 1613 1325; x_wconf 94' lang='lat' dir='ltr'><strong>in</strong></span> <span class='ocrx_word' id='word_1_411' title='bbox 1630 1298 1812 1332; x_wconf 71' lang='lat' dir='ltr'><strong>dogmatibus</strong></span> 
     </span>
    </p>
   </div>
   <div class='ocr_carea' id='block_1_59' title="bbox 1018 1345 1805 1381">
    <p class='ocr_par' dir='ltr' id='par_1_59' title="bbox 1018 1345 1805 1381">
     <span class='ocr_line' id='line_1_59' title="bbox 1018 1345 1805 1381; baseline -0.004 -7"><span class='ocrx_word' id='word_1_412' title='bbox 1018 1347 1157 1381; x_wconf 72' lang='lat' dir='ltr'><strong>gentilium</strong></span> <span class='ocrx_word' id='word_1_413' title='bbox 1176 1346 1222 1373; x_wconf 90' lang='lat' dir='ltr'><strong>al:i</strong></span> <span class='ocrx_word' id='word_1_414' title='bbox 1237 1351 1263 1372; x_wconf 92' lang='lat' dir='ltr'><strong>et</strong></span> <span class='ocrx_word' id='word_1_415' title='bbox 1280 1345 1399 1375; x_wconf 78' lang='lat' dir='ltr'><strong>educati,</strong></span> <span class='ocrx_word' id='word_1_416' title='bbox 1413 1345 1459 1379; x_wconf 92' lang='lat' dir='ltr'><strong>qui</strong></span> <span class='ocrx_word' id='word_1_417' title='bbox 1478 1349 1655 1379; x_wconf 64' lang='lat' dir='ltr'><strong>pratterquam</strong></span> <span class='ocrx_word' id='word_1_418' title='bbox 1673 1345 1698 1370; x_wconf 91' lang='lat' dir='ltr'><strong>in</strong></span> <span class='ocrx_word' id='word_1_419' title='bbox 1710 1345 1805 1371; x_wconf 80' lang='lat' dir='ltr'><strong>divino</strong></span> 
     </span>
    </p>
   </div>
   <div class='ocr_carea' id='block_1_60' title="bbox 1017 1391 1817 1427">
    <p class='ocr_par' dir='ltr' id='par_1_60' title="bbox 1017 1391 1817 1427">
     <span class='ocr_line' id='line_1_60' title="bbox 1017 1391 1817 1427; baseline -0.004 -8"><span class='ocrx_word' id='word_1_420' title='bbox 1017 1398 1043 1419; x_wconf 78' lang='grc' dir='ltr'>(ιι</span> <span class='ocrx_word' id='word_1_421' title='bbox 1059 1400 1141 1427; x_wconf 81' lang='lat' dir='ltr'><strong>supra</strong></span> <span class='ocrx_word' id='word_1_422' title='bbox 1157 1397 1280 1419; x_wconf 81' lang='lat' dir='ltr'><strong>naturam</strong></span> <span class='ocrx_word' id='word_1_423' title='bbox 1294 1391 1423 1426; x_wconf 81' lang='lat' dir='ltr'><strong>mysterio</strong></span> <span class='ocrx_word' id='word_1_424' title='bbox 1435 1397 1534 1417; x_wconf 63' lang='lat' dir='ltr'><strong>nostrae</strong></span> <span class='ocrx_word' id='word_1_425' title='bbox 1551 1391 1737 1422; x_wconf 78' lang='lat' dir='ltr'><strong>humanitatis,</strong></span> <span class='ocrx_word' id='word_1_426' title='bbox 1750 1391 1817 1417; x_wconf 86' lang='lat' dir='ltr'><strong>alia.</strong></span> 
     </span>
    </p>
   </div>
   <div class='ocr_carea' id='block_1_61' title="bbox 1019 1437 1810 1468">
    <p class='ocr_par' dir='ltr' id='par_1_61' title="bbox 1019 1437 1810 1468">
     <span class='ocr_line' id='line_1_61' title="bbox 1019 1437 1810 1468; baseline -0.003 -3"><span class='ocrx_word' id='word_1_427' title='bbox 1019 1438 1063 1465; x_wconf 84' lang='lat' dir='ltr'><strong>Dei</strong></span> <span class='ocrx_word' id='word_1_428' title='bbox 1089 1438 1196 1465; x_wconf 83' lang='lat' dir='ltr'><strong>nomina</strong></span> <span class='ocrx_word' id='word_1_429' title='bbox 1215 1438 1387 1468; x_wconf 82' lang='lat' dir='ltr'><strong>invenerunt,</strong></span> <span class='ocrx_word' id='word_1_430' title='bbox 1405 1442 1429 1464; x_wconf 88' lang='lat' dir='ltr'><strong>ct</strong></span> <span class='ocrx_word' id='word_1_431' title='bbox 1445 1437 1644 1468; x_wconf 88' lang='lat' dir='ltr'><strong>nominarunt,</strong></span> <span class='ocrx_word' id='word_1_432' title='bbox 1665 1437 1734 1464; x_wconf 82' lang='lat' dir='ltr'><strong>sicut</strong></span> <span class='ocrx_word' id='word_1_433' title='bbox 1753 1445 1810 1463; x_wconf 81' lang='lat' dir='ltr'><strong>nos-</strong></span> 
     </span>
    </p>
   </div>
   <div class='ocr_carea' id='block_1_62' title="bbox 181 1481 1805 1517">
    <p class='ocr_par' dir='ltr' id='par_1_62' title="bbox 181 1481 1805 1517">
     <span class='ocr_line' id='line_1_62' title="bbox 181 1481 1805 1517; baseline -0.001 -9"><span class='ocrx_word' id='word_1_434' title='bbox 181 1482 346 1516; x_wconf 51' lang='lat' dir='ltr'><strong>asscquitur.</strong></span> <span class='ocrx_word' id='word_1_435' title='bbox 365 1482 434 1509; x_wconf 90' lang='lat' dir='ltr'><strong>Cum</strong></span> <span class='ocrx_word' id='word_1_436' title='bbox 448 1482 519 1508; x_wconf 90' lang='lat' dir='ltr'><strong>enim</strong></span> <span class='ocrx_word' id='word_1_437' title='bbox 535 1481 630 1515; x_wconf 70' lang='lat' dir='ltr'><strong>duplex</strong></span> <span class='ocrx_word' id='word_1_438' title='bbox 650 1481 684 1507; x_wconf 82' lang='lat' dir='ltr'><strong>sit</strong></span> <span class='ocrx_word' id='word_1_439' title='bbox 697 1481 822 1515; x_wconf 73' lang='lat' dir='ltr'><strong>qumstio,</strong></span> <span class='ocrx_word' id='word_1_440' title='bbox 835 1481 905 1515; x_wconf 88' lang='lat' dir='ltr'><strong>quod</strong></span> <span class='ocrx_word' id='word_1_441' title='bbox 923 1486 963 1508; x_wconf 79' lang='lat' dir='ltr'><strong>est</strong></span> <span class='ocrx_word' id='word_1_442' title='bbox 978 1484 999 1512; x_wconf 85' lang='lat' dir='ltr'><strong>c</strong></span> <span class='ocrx_word' id='word_1_443' title='bbox 1016 1484 1105 1511; x_wconf 61' lang='lat' dir='ltr'><strong>hodie.</strong></span> <span class='ocrx_word' id='word_1_444' title='bbox 1136 1484 1187 1510; x_wconf 53' lang='lat' dir='ltr'><strong>Sed</strong></span> <span class='ocrx_word' id='word_1_445' title='bbox 1214 1484 1276 1517; x_wconf 81' lang='lat' dir='ltr'><strong>quia</strong></span> <span class='ocrx_word' id='word_1_446' title='bbox 1305 1491 1385 1510; x_wconf 81' lang='lat' dir='ltr'><strong>omne</strong></span> <span class='ocrx_word' id='word_1_447' title='bbox 1412 1491 1510 1510; x_wconf 84' lang='lat' dir='ltr'><strong>nomen</strong></span> <span class='ocrx_word' id='word_1_448' title='bbox 1536 1488 1563 1510; x_wconf 81' lang='lat' dir='ltr'><strong>el,</strong></span> <span class='ocrx_word' id='word_1_449' title='bbox 1587 1484 1662 1510; x_wconf 87' lang='lat' dir='ltr'><strong>notio</strong></span> <span class='ocrx_word' id='word_1_450' title='bbox 1695 1488 1805 1517; x_wconf 80' lang='lat' dir='ltr'><strong>propter</strong></span> 
     </span>
    </p>
   </div>
   <div class='ocr_carea' id='block_1_63' title="bbox 183 1526 966 1561">
    <p class='ocr_par' dir='ltr' id='par_1_63' title="bbox 183 1526 966 1561">
     <span class='ocr_line' id='line_1_63' title="bbox 183 1526 966 1561; baseline -0.004 -7"><span class='ocrx_word' id='word_1_451' title='bbox 183 1528 265 1558; x_wconf 80' lang='lat' dir='ltr'><strong>D&#39;rus,</strong></span> <span class='ocrx_word' id='word_1_452' title='bbox 281 1533 308 1554; x_wconf 88' lang='lat' dir='ltr'><strong>et</strong></span> <span class='ocrx_word' id='word_1_453' title='bbox 325 1527 389 1561; x_wconf 89' lang='lat' dir='ltr'><strong>quid</strong></span> <span class='ocrx_word' id='word_1_454' title='bbox 406 1531 464 1558; x_wconf 73' lang='lat' dir='ltr'><strong>est;</strong></span> <span class='ocrx_word' id='word_1_455' title='bbox 480 1527 546 1552; x_wconf 87' lang='lat' dir='ltr'><strong>illud</strong></span> <span class='ocrx_word' id='word_1_456' title='bbox 561 1527 681 1560; x_wconf 74' lang='lat' dir='ltr'><strong>quidem,</strong></span> <span class='ocrx_word' id='word_1_457' title='bbox 703 1526 728 1552; x_wconf 90' lang='lat' dir='ltr'><strong>id</strong></span> <span class='ocrx_word' id='word_1_458' title='bbox 749 1532 801 1557; x_wconf 86' lang='lat' dir='ltr'><strong>est,</strong></span> <span class='ocrx_word' id='word_1_459' title='bbox 817 1534 890 1557; x_wconf 75' lang='lat' dir='ltr'><strong>esse,</strong></span> <span class='ocrx_word' id='word_1_460' title='bbox 907 1534 966 1552; x_wconf 91' lang='lat' dir='ltr'><strong>om-</strong></span> 
     </span>
    </p>
   </div>
   <div class='ocr_carea' id='block_1_64' title="bbox 183 1571 965 1605">
    <p class='ocr_par' dir='ltr' id='par_1_64' title="bbox 183 1571 965 1605">
     <span class='ocr_line' id='line_1_64' title="bbox 183 1571 965 1605; baseline -0.004 -5"><span class='ocrx_word' id='word_1_461' title='bbox 183 1574 247 1600; x_wconf 84' lang='lat' dir='ltr'><strong>nino</strong></span> <span class='ocrx_word' id='word_1_462' title='bbox 264 1574 336 1599; x_wconf 88' lang='lat' dir='ltr'><strong>inter</strong></span> <span class='ocrx_word' id='word_1_463' title='bbox 351 1579 444 1599; x_wconf 84' lang='lat' dir='ltr'><strong>omnes</strong></span> <span class='ocrx_word' id='word_1_464' title='bbox 462 1572 589 1599; x_wconf 65' lang='lat' dir='ltr'><strong>convenit</strong></span> <span class='ocrx_word' id='word_1_465' title='bbox 606 1580 613 1599; x_wconf 90' lang='lat'>:</span> <span class='ocrx_word' id='word_1_466' title='bbox 633 1571 697 1605; x_wconf 84' lang='lat' dir='ltr'><strong>quid</strong></span> <span class='ocrx_word' id='word_1_467' title='bbox 720 1579 782 1597; x_wconf 80' lang='lat' dir='ltr'><strong>vero</strong></span> <span class='ocrx_word' id='word_1_468' title='bbox 798 1572 854 1602; x_wconf 90' lang='lat' dir='ltr'><strong>sit,</strong></span> <span class='ocrx_word' id='word_1_469' title='bbox 872 1576 899 1597; x_wconf 89' lang='lat' dir='ltr'><strong>et</strong></span> <span class='ocrx_word' id='word_1_470' title='bbox 914 1579 965 1605; x_wconf 86' lang='lat' dir='ltr'><strong>qua</strong></span> 
     </span>
    </p>
   </div>
   <div class='ocr_carea' id='block_1_65' title="bbox 183 1616 971 1650">
    <p class='ocr_par' dir='ltr' id='par_1_65' title="bbox 183 1616 971 1650">
     <span class='ocr_line' id='line_1_65' title="bbox 183 1616 971 1650; baseline -0.004 -4"><span class='ocrx_word' id='word_1_471' title='bbox 183 1623 288 1648; x_wconf 83' lang='lat' dir='ltr'><strong>natura,</strong></span> <span class='ocrx_word' id='word_1_472' title='bbox 311 1625 365 1644; x_wconf 88' lang='lat' dir='ltr'><strong>non</strong></span> <span class='ocrx_word' id='word_1_473' title='bbox 392 1616 479 1644; x_wconf 91' lang='lat' dir='ltr'><strong>solum</strong></span> <span class='ocrx_word' id='word_1_474' title='bbox 505 1617 593 1650; x_wconf 62' lang='lat' dir='ltr'><strong>nobis,</strong></span> <span class='ocrx_word' id='word_1_475' title='bbox 620 1617 666 1643; x_wconf 85' lang='lat' dir='ltr'><strong>sed</strong></span> <span class='ocrx_word' id='word_1_476' title='bbox 689 1616 792 1650; x_wconf 71' lang='lat' dir='ltr'><strong>angelis</strong></span> <span class='ocrx_word' id='word_1_477' title='bbox 817 1616 898 1642; x_wconf 81' lang='lat' dir='ltr'><strong>etiam</strong></span> <span class='ocrx_word' id='word_1_478' title='bbox 925 1620 971 1643; x_wconf 66' lang='lat' dir='ltr'><strong>cst&#39;</strong></span> 
     </span>
    </p>
   </div>
   <div class='ocr_carea' id='block_1_66' title="bbox 187 1663 316 1697">
    <p class='ocr_par' dir='ltr' id='par_1_66' title="bbox 187 1663 316 1697">
     <span class='ocr_line' id='line_1_66' title="bbox 187 1663 316 1697; baseline -0.023 -7"><span class='ocrx_word' id='word_1_479' title='bbox 187 1663 275 1697; x_wconf 84' lang='lat' dir='ltr'><strong>i_,notu</strong></span> <span class='ocrx_word' id='word_1_480' title='bbox 282 1670 316 1688; x_wconf 88' lang='grc' dir='ltr'>ιιι.</span> 
     </span>
    </p>
   </div>
   <div class='ocr_carea' id='block_1_67' title="bbox 481 1704 666 1733">
    <p class='ocr_par' dir='ltr' id='par_1_67' title="bbox 481 1704 666 1733">
     <span class='ocr_line' id='line_1_67' title="bbox 481 1704 666 1733; baseline -0.005 0"><span class='ocrx_word' id='word_1_481' title='bbox 481 1705 594 1733; x_wconf 79' lang='lat' dir='ltr'><strong>CAPUT</strong></span> <span class='ocrx_word' id='word_1_482' title='bbox 622 1704 666 1732; x_wconf 71' lang='lat' dir='ltr'><strong>Vl.</strong></span> 
     </span>
    </p>
   </div>
   <div class='ocr_carea' id='block_1_68' title="bbox 313 1747 829 1779">
    <p class='ocr_par' dir='ltr' id='par_1_68' title="bbox 313 1747 829 1779">
     <span class='ocr_line' id='line_1_68' title="bbox 313 1747 829 1779; baseline 0 0"><span class='ocrx_word' id='word_1_483' title='bbox 313 1752 353 1779; x_wconf 88' lang='grc' dir='ltr'>Αιι</span> <span class='ocrx_word' id='word_1_484' title='bbox 370 1752 422 1779; x_wconf 73' lang='lat' dir='ltr'><strong>sint</strong></span> <span class='ocrx_word' id='word_1_485' title='bbox 435 1759 468 1778; x_wconf 73' lang='lat' dir='ltr'><strong>ea:</strong></span> <span class='ocrx_word' id='word_1_486' title='bbox 485 1747 634 1779; x_wconf 62' lang='lat' dir='ltr'><strong>aeternitate</strong></span> <span class='ocrx_word' id='word_1_487' title='bbox 650 1751 756 1778; x_wconf 77' lang='lat' dir='ltr'><strong>nomina</strong></span> <span class='ocrx_word' id='word_1_488' title='bbox 772 1751 829 1779; x_wconf 82' lang='lat' dir='ltr'><strong>Dei.</strong></span> 
     </span>
    </p>
   </div>
   <div class='ocr_carea' id='block_1_69' title="bbox 219 1798 965 1830">
    <p class='ocr_par' dir='ltr' id='par_1_69' title="bbox 219 1798 965 1830">
     <span class='ocr_line' id='line_1_69' title="bbox 219 1798 965 1830; baseline 0.001 -5"><span class='ocrx_word' id='word_1_489' title='bbox 219 1798 336 1826; x_wconf 81' lang='lat' dir='ltr'><strong>Basilius</strong></span> <span class='ocrx_word' id='word_1_490' title='bbox 349 1807 374 1830; x_wconf 81' lang='lat' dir='ltr'><strong>in</strong></span> <span class='ocrx_word' id='word_1_491' title='bbox 386 1800 506 1825; x_wconf 67' lang='lat' dir='ltr'><strong>secunto</strong></span> <span class='ocrx_word' id='word_1_492' title='bbox 521 1798 589 1825; x_wconf 90' lang='lat' dir='ltr'><strong>libro</strong></span> <span class='ocrx_word' id='word_1_493' title='bbox 600 1798 698 1825; x_wconf 78' lang='lat' dir='ltr'><strong>Contra</strong></span> <span class='ocrx_word' id='word_1_494' title='bbox 709 1798 868 1825; x_wconf 82' lang='lat' dir='ltr'><strong>Eunomium</strong></span> <span class='ocrx_word' id='word_1_495' title='bbox 882 1806 892 1826; x_wconf 88' lang='lat'><strong><em>:</em></strong></span> <span class='ocrx_word' id='word_1_496' title='bbox 906 1798 965 1826; x_wconf 81' lang='lat' dir='ltr'><strong>Non</strong></span> 
     </span>
    </p>
   </div>
   <div class='ocr_carea' id='block_1_70' title="bbox 182 1844 967 1878">
    <p class='ocr_par' dir='ltr' id='par_1_70' title="bbox 182 1844 967 1878">
     <span class='ocr_line' id='line_1_70' title="bbox 182 1844 967 1878; baseline -0.001 -6"><span class='ocrx_word' id='word_1_497' title='bbox 182 1845 255 1872; x_wconf 87' lang='lat' dir='ltr'><strong>enim</strong></span> <span class='ocrx_word' id='word_1_498' title='bbox 268 1864 275 1875; x_wconf 84' lang='lat'><strong>,</strong></span> <span class='ocrx_word' id='word_1_499' title='bbox 289 1844 396 1878; x_wconf 85' lang='lat' dir='ltr'><strong>inquit,</strong></span> <span class='ocrx_word' id='word_1_500' title='bbox 417 1849 511 1871; x_wconf 87' lang='lat' dir='ltr'><strong>natura</strong></span> <span class='ocrx_word' id='word_1_501' title='bbox 530 1852 618 1870; x_wconf 83' lang='lat' dir='ltr'><strong>rerum</strong></span> <span class='ocrx_word' id='word_1_502' title='bbox 639 1844 747 1871; x_wconf 89' lang='lat' dir='ltr'><strong>nomina</strong></span> <span class='ocrx_word' id='word_1_503' title='bbox 763 1845 895 1877; x_wconf 76' lang='lat' dir='ltr'><strong>sequitur,</strong></span> <span class='ocrx_word' id='word_1_504' title='bbox 912 1846 967 1873; x_wconf 63' lang='lat' dir='ltr'><strong>into</strong></span> 
     </span>
    </p>
   </div>
   <div class='ocr_carea' id='block_1_71' title="bbox 182 1890 961 1926">
    <p class='ocr_par' dir='ltr' id='par_1_71' title="bbox 182 1890 961 1926">
     <span class='ocr_line' id='line_1_71' title="bbox 182 1890 961 1926; baseline 0.001 -9"><span class='ocrx_word' id='word_1_505' title='bbox 182 1895 244 1926; x_wconf 83' lang='lat' dir='ltr'><strong>post</strong></span> <span class='ocrx_word' id='word_1_506' title='bbox 259 1897 301 1917; x_wconf 88' lang='lat' dir='ltr'><strong>res</strong></span> <span class='ocrx_word' id='word_1_507' title='bbox 318 1890 390 1924; x_wconf 81' lang='lat' dir='ltr'><strong>ipsas</strong></span> <span class='ocrx_word' id='word_1_508' title='bbox 410 1890 516 1917; x_wconf 74' lang='lat' dir='ltr'><strong>inventa</strong></span> <span class='ocrx_word' id='word_1_509' title='bbox 533 1895 595 1917; x_wconf 90' lang='lat' dir='ltr'><strong>sunt</strong></span> <span class='ocrx_word' id='word_1_510' title='bbox 610 1890 718 1916; x_wconf 83' lang='lat' dir='ltr'><strong>nomina</strong></span> <span class='ocrx_word' id='word_1_511' title='bbox 733 1897 739 1916; x_wconf 91' lang='lat'>:</span> <span class='ocrx_word' id='word_1_512' title='bbox 753 1891 853 1917; x_wconf 83' lang='lat' dir='ltr'><strong>etenim</strong></span> <span class='ocrx_word' id='word_1_513' title='bbox 870 1891 892 1918; x_wconf 91' lang='lat' dir='ltr'><strong>si</strong></span> <span class='ocrx_word' id='word_1_514' title='bbox 910 1892 961 1919; x_wconf 91' lang='lat' dir='ltr'><strong>hoc</strong></span> 
     </span>
    </p>
   </div>
   <div class='ocr_carea' id='block_1_72' title="bbox 181 1935 966 1971">
    <p class='ocr_par' dir='ltr' id='par_1_72' title="bbox 181 1935 966 1971">
     <span class='ocr_line' id='line_1_72' title="bbox 181 1935 966 1971; baseline 0.001 -8"><span class='ocrx_word' id='word_1_515' title='bbox 181 1940 255 1963; x_wconf 86' lang='lat' dir='ltr'><strong>esset</strong></span> <span class='ocrx_word' id='word_1_516' title='bbox 267 1943 429 1964; x_wconf 66' lang='lat' dir='ltr'><strong>versuumn</strong></span> <span class='ocrx_word' id='word_1_517' title='bbox 444 1942 505 1963; x_wconf 82' lang='lat' dir='ltr'><strong>esse</strong></span> <span class='ocrx_word' id='word_1_518' title='bbox 514 1935 622 1962; x_wconf 81' lang='lat' dir='ltr'><strong>nomina</strong></span> <span class='ocrx_word' id='word_1_519' title='bbox 636 1936 714 1963; x_wconf 85' lang='lat' dir='ltr'><strong>rebus</strong></span> <span class='ocrx_word' id='word_1_520' title='bbox 727 1937 886 1970; x_wconf 81' lang='lat' dir='ltr'><strong>posteriora,</strong></span> <span class='ocrx_word' id='word_1_521' title='bbox 898 1945 966 1971; x_wconf 86' lang='lat' dir='ltr'><strong>opus</strong></span> 
     </span>
    </p>
   </div>
   <div class='ocr_carea' id='block_1_73' title="bbox 181 1976 967 2019">
    <p class='ocr_par' dir='ltr' id='par_1_73' title="bbox 181 1976 967 2019">
     <span class='ocr_line' id='line_1_73' title="bbox 181 1976 967 2019; baseline 0.004 -12"><span class='ocrx_word' id='word_1_522' title='bbox 181 1976 300 2007; x_wconf 65' lang='lat' dir='ltr'><strong>esset‘nt</strong></span> <span class='ocrx_word' id='word_1_523' title='bbox 316 1987 431 2014; x_wconf 90' lang='lat' dir='ltr'><strong>quorum</strong></span> <span class='ocrx_word' id='word_1_524' title='bbox 450 1986 514 2007; x_wconf 85' lang='lat' dir='ltr'><strong>sunt</strong></span> <span class='ocrx_word' id='word_1_525' title='bbox 526 1981 626 2008; x_wconf 62' lang='lat' dir='ltr'><strong>eandem</strong></span> <span class='ocrx_word' id='word_1_526' title='bbox 644 1981 855 2019; x_wconf 65' lang='lat' dir='ltr'><strong>nominationes,</strong></span> <span class='ocrx_word' id='word_1_527' title='bbox 872 1990 925 2009; x_wconf 86' lang='lat' dir='ltr'><strong>una</strong></span> <span class='ocrx_word' id='word_1_528' title='bbox 939 1988 967 2010; x_wconf 84' lang='lat' dir='ltr'><strong>et</strong></span> 
     </span>
    </p>
   </div>
   <div class='ocr_carea' id='block_1_74' title="bbox 182 2026 959 2063">
    <p class='ocr_par' dir='ltr' id='par_1_74' title="bbox 182 2026 959 2063">
     <span class='ocr_line' id='line_1_74' title="bbox 182 2026 959 2063; baseline 0.004 -11"><span class='ocrx_word' id='word_1_529' title='bbox 182 2026 275 2052; x_wconf 72' lang='lat' dir='ltr'><strong>eadem</strong></span> <span class='ocrx_word' id='word_1_530' title='bbox 292 2026 440 2053; x_wconf 80' lang='lat' dir='ltr'><strong>substantia</strong></span> <span class='ocrx_word' id='word_1_531' title='bbox 455 2031 546 2053; x_wconf 83' lang='lat' dir='ltr'><strong>esset:</strong></span> <span class='ocrx_word' id='word_1_532' title='bbox 562 2033 595 2053; x_wconf 74' lang='lat' dir='ltr'><strong>ex</strong></span> <span class='ocrx_word' id='word_1_533' title='bbox 612 2033 666 2061; x_wconf 91' lang='lat' dir='ltr'><strong>quo</strong></span> <span class='ocrx_word' id='word_1_534' title='bbox 684 2027 775 2061; x_wconf 78' lang='lat' dir='ltr'><strong>ﬁeret,</strong></span> <span class='ocrx_word' id='word_1_535' title='bbox 791 2032 820 2054; x_wconf 95' lang='lat' dir='ltr'><strong>ut</strong></span> <span class='ocrx_word' id='word_1_536' title='bbox 834 2028 896 2063; x_wconf 87' lang='lat' dir='ltr'><strong>quia</strong></span> <span class='ocrx_word' id='word_1_537' title='bbox 913 2029 959 2063; x_wconf 92' lang='lat' dir='ltr'><strong>qui</strong></span> 
     </span>
    </p>
   </div>
   <div class='ocr_carea' id='block_1_75' title="bbox 182 2071 964 2108">
    <p class='ocr_par' dir='ltr' id='par_1_75' title="bbox 182 2071 964 2108">
     <span class='ocr_line' id='line_1_75' title="bbox 182 2071 964 2108; baseline 0.005 -10"><span class='ocrx_word' id='word_1_538' title='bbox 182 2079 246 2099; x_wconf 72' lang='lat' dir='ltr'><strong>sunt</strong></span> <span class='ocrx_word' id='word_1_539' title='bbox 261 2073 361 2099; x_wconf 81' lang='lat' dir='ltr'><strong>virtute</strong></span> <span class='ocrx_word' id='word_1_540' title='bbox 380 2071 498 2107; x_wconf 71' lang='lat' dir='ltr'><strong>perfecti.</strong></span> <span class='ocrx_word' id='word_1_541' title='bbox 521 2073 594 2107; x_wconf 74' lang='lat' dir='ltr'><strong>digni</strong></span> <span class='ocrx_word' id='word_1_542' title='bbox 615 2073 726 2102; x_wconf 79' lang='lat' dir='ltr'><strong>nomine</strong></span> <span class='ocrx_word' id='word_1_543' title='bbox 744 2074 791 2101; x_wconf 86' lang='lat' dir='ltr'><strong>Dei</strong></span> <span class='ocrx_word' id='word_1_544' title='bbox 817 2075 964 2108; x_wconf 83' lang='lat' dir='ltr'><strong>habentur,</strong></span> 
     </span>
    </p>
   </div>
   <div class='ocr_carea' id='block_1_76' title="bbox 181 2118 963 2154">
    <p class='ocr_par' dir='ltr' id='par_1_76' title="bbox 181 2118 963 2154">
     <span class='ocr_line' id='line_1_76' title="bbox 181 2118 963 2154; baseline 0.005 -10"><span class='ocrx_word' id='word_1_545' title='bbox 181 2123 208 2144; x_wconf 78' lang='lat' dir='ltr'><strong>rt</strong></span> <span class='ocrx_word' id='word_1_546' title='bbox 220 2118 256 2144; x_wconf 82' lang='lat' dir='ltr'><strong>dii</strong></span> <span class='ocrx_word' id='word_1_547' title='bbox 269 2119 448 2152; x_wconf 73' lang='lat' dir='ltr'><strong>appellantur,</strong></span> <span class='ocrx_word' id='word_1_548' title='bbox 461 2125 553 2145; x_wconf 78' lang='lat' dir='ltr'><strong>essent</strong></span> <span class='ocrx_word' id='word_1_549' title='bbox 569 2119 693 2147; x_wconf 79' lang='lat' dir='ltr'><strong>homines</strong></span> <span class='ocrx_word' id='word_1_550' title='bbox 709 2120 858 2152; x_wconf 82' lang='lat' dir='ltr'><strong>homonuii,</strong></span> <span class='ocrx_word' id='word_1_551' title='bbox 873 2121 898 2147; x_wconf 89' lang='lat' dir='ltr'><strong>id</strong></span> <span class='ocrx_word' id='word_1_552' title='bbox 912 2127 963 2154; x_wconf 85' lang='lat' dir='ltr'><strong>est,</strong></span> 
     </span>
    </p>
   </div>
   <div class='ocr_carea' id='block_1_77' title="bbox 179 2164 965 2199">
    <p class='ocr_par' dir='ltr' id='par_1_77' title="bbox 179 2164 965 2199">
     <span class='ocr_line' id='line_1_77' title="bbox 179 2164 965 2199; baseline 0.008 -11"><span class='ocrx_word' id='word_1_553' title='bbox 179 2164 302 2196; x_wconf 72' lang='lat' dir='ltr'><strong>eiusdem</strong></span> <span class='ocrx_word' id='word_1_554' title='bbox 317 2164 476 2191; x_wconf 66' lang='lat' dir='ltr'><strong>substanlitl‘.</strong></span> <span class='ocrx_word' id='word_1_555' title='bbox 489 2172 542 2199; x_wconf 89' lang='lat' dir='ltr'><strong>qua</strong></span> <span class='ocrx_word' id='word_1_556' title='bbox 558 2164 645 2197; x_wconf 79' lang='lat' dir='ltr'><strong>Deus;</strong></span> <span class='ocrx_word' id='word_1_557' title='bbox 661 2173 754 2191; x_wconf 65' lang='lat' dir='ltr'><strong>\‘ernm</strong></span> <span class='ocrx_word' id='word_1_558' title='bbox 779 2167 848 2193; x_wconf 90' lang='lat' dir='ltr'><strong>sicut</strong></span> <span class='ocrx_word' id='word_1_559' title='bbox 873 2167 965 2194; x_wconf 82' lang='lat' dir='ltr'><strong>dicere</strong></span> 
     </span>
    </p>
   </div>
   <div class='ocr_carea' id='block_1_78' title="bbox 181 2209 965 2247">
    <p class='ocr_par' dir='ltr' id='par_1_78' title="bbox 181 2209 965 2247">
     <span class='ocr_line' id='line_1_78' title="bbox 181 2209 965 2247; baseline 0.006 -12"><span class='ocrx_word' id='word_1_560' title='bbox 181 2209 233 2236; x_wconf 90' lang='lat' dir='ltr'><strong>hoc</strong></span> <span class='ocrx_word' id='word_1_561' title='bbox 257 2209 398 2236; x_wconf 78' lang='lat' dir='ltr'><strong>manifesta</strong></span> <span class='ocrx_word' id='word_1_562' title='bbox 423 2209 527 2237; x_wconf 79' lang='lat' dir='ltr'><strong>insania</strong></span> <span class='ocrx_word' id='word_1_563' title='bbox 543 2214 593 2240; x_wconf 86' lang='lat' dir='ltr'><strong>cst.</strong></span> <span class='ocrx_word' id='word_1_564' title='bbox 619 2210 658 2237; x_wconf 84' lang='lat' dir='ltr'><strong>sic</strong></span> <span class='ocrx_word' id='word_1_565' title='bbox 683 2211 748 2238; x_wconf 88' lang='lat' dir='ltr'><strong>illud</strong></span> <span class='ocrx_word' id='word_1_566' title='bbox 773 2211 864 2239; x_wconf 79' lang='lat' dir='ltr'><strong>dicere</strong></span> <span class='ocrx_word' id='word_1_567' title='bbox 887 2221 965 2247; x_wconf 58' lang='lat' dir='ltr'><strong>aeque</strong></span> 
     </span>
    </p>
   </div>
   <div class='ocr_carea' id='block_1_79' title="bbox 181 2254 963 2292">
    <p class='ocr_par' dir='ltr' id='par_1_79' title="bbox 181 2254 963 2292">
     <span class='ocr_line' id='line_1_79' title="bbox 181 2254 963 2292; baseline 0.005 -12"><span class='ocrx_word' id='word_1_568' title='bbox 181 2255 315 2281; x_wconf 77' lang='lat' dir='ltr'><strong>dementia</strong></span> <span class='ocrx_word' id='word_1_569' title='bbox 331 2260 382 2283; x_wconf 81' lang='lat' dir='ltr'><strong>est.</strong></span> <span class='ocrx_word' id='word_1_570' title='bbox 398 2254 453 2283; x_wconf 77' lang='lat' dir='ltr'><strong>lino</strong></span> <span class='ocrx_word' id='word_1_571' title='bbox 469 2261 494 2282; x_wconf 84' lang='lat' dir='ltr'><strong>et</strong></span> <span class='ocrx_word' id='word_1_572' title='bbox 505 2256 654 2289; x_wconf 73' lang='lat' dir='ltr'><strong>Gregorius</strong></span> <span class='ocrx_word' id='word_1_573' title='bbox 668 2256 805 2291; x_wconf 80' lang='lat' dir='ltr'><strong>stsenus</strong></span> <span class='ocrx_word' id='word_1_574' title='bbox 817 2259 889 2286; x_wconf 94' lang='lat' dir='ltr'><strong>libro</strong></span> <span class='ocrx_word' id='word_1_575' title='bbox 905 2268 963 2292; x_wconf 71' lang='lat' dir='ltr'><strong>xm,</strong></span> 
     </span>
    </p>
   </div>
   <div class='ocr_carea' id='block_1_80' title="bbox 180 2300 964 2339">
    <p class='ocr_par' dir='ltr' id='par_1_80' title="bbox 180 2300 964 2339">
     <span class='ocr_line' id='line_1_80' title="bbox 180 2300 964 2339; baseline 0.005 -11"><span class='ocrx_word' id='word_1_576' title='bbox 180 2301 321 2335; x_wconf 83' lang='lat' dir='ltr'><strong>disputans</strong></span> <span class='ocrx_word' id='word_1_577' title='bbox 345 2305 440 2328; x_wconf 88' lang='lat' dir='ltr'><strong>contra</strong></span> <span class='ocrx_word' id='word_1_578' title='bbox 468 2300 652 2329; x_wconf 83' lang='lat' dir='ltr'><strong>Eunomium:</strong></span> <span class='ocrx_word' id='word_1_579' title='bbox 675 2302 835 2336; x_wconf 76' lang='lat' dir='ltr'><strong>Miserator,</strong></span> <span class='ocrx_word' id='word_1_580' title='bbox 855 2305 943 2339; x_wconf 85' lang='lat' dir='ltr'><strong>inquit</strong></span> <span class='ocrx_word' id='word_1_581' title='bbox 956 2325 964 2337; x_wconf 84' lang='lat'><em>.</em></span> 
     </span>
    </p>
   </div>
   <div class='ocr_carea' id='block_1_81' title="bbox 180 2346 964 2382">
    <p class='ocr_par' dir='ltr' id='par_1_81' title="bbox 180 2346 964 2382">
     <span class='ocr_line' id='line_1_81' title="bbox 180 2346 964 2382; baseline 0.005 -8"><span class='ocrx_word' id='word_1_582' title='bbox 180 2353 204 2374; x_wconf 80' lang='lat' dir='ltr'><strong>ct</strong></span> <span class='ocrx_word' id='word_1_583' title='bbox 221 2347 367 2373; x_wconf 72' lang='lat' dir='ltr'><strong>misericors</strong></span> <span class='ocrx_word' id='word_1_584' title='bbox 384 2346 520 2379; x_wconf 73' lang='lat' dir='ltr'><strong>Dominus,</strong></span> <span class='ocrx_word' id='word_1_585' title='bbox 540 2349 654 2382; x_wconf 75' lang='lat' dir='ltr'><strong>patiens.</strong></span> <span class='ocrx_word' id='word_1_586' title='bbox 672 2353 696 2375; x_wconf 81' lang='lat' dir='ltr'><strong>et</strong></span> <span class='ocrx_word' id='word_1_587' title='bbox 710 2350 799 2376; x_wconf 79' lang='lat' dir='ltr'><strong>multa:</strong></span> <span class='ocrx_word' id='word_1_588' title='bbox 814 2351 964 2378; x_wconf 75' lang='lat' dir='ltr'><strong>misericor-</strong></span> 
     </span>
    </p>
   </div>
   <div class='ocr_carea' id='block_1_82' title="bbox 180 2391 967 2428">
    <p class='ocr_par' dir='ltr' id='par_1_82' title="bbox 180 2391 967 2428">
     <span class='ocr_line' id='line_1_82' title="bbox 180 2391 967 2428; baseline 0.008 -10"><span class='ocrx_word' id='word_1_589' title='bbox 180 2391 232 2419; x_wconf 75' lang='grc' dir='ltr'><strong>(Ιὶω</strong></span> <span class='ocrx_word' id='word_1_590' title='bbox 252 2391 285 2423; x_wconf 80' lang='grc' dir='ltr'><strong>³ο,</strong></span> <span class='ocrx_word' id='word_1_591' title='bbox 303 2392 367 2426; x_wconf 86' lang='lat' dir='ltr'><strong>quid</strong></span> <span class='ocrx_word' id='word_1_592' title='bbox 384 2392 440 2419; x_wconf 68' lang='lat' dir='ltr'><strong>ha&#39;c</strong></span> <span class='ocrx_word' id='word_1_593' title='bbox 456 2391 531 2419; x_wconf 86' lang='lat' dir='ltr'><strong>aiunt</strong></span> <span class='ocrx_word' id='word_1_594' title='bbox 547 2393 720 2427; x_wconf 73' lang='lat' dir='ltr'><strong>signiﬁcare?</strong></span> <span class='ocrx_word' id='word_1_595' title='bbox 735 2399 905 2428; x_wconf 84' lang='lat' dir='ltr'><strong>naturaniue,</strong></span> <span class='ocrx_word' id='word_1_596' title='bbox 932 2404 967 2424; x_wconf 85' lang='lat' dir='ltr'><strong>an</strong></span> 
     </span>
    </p>
   </div>
   <div class='ocr_carea' id='block_1_83' title="bbox 180 2437 966 2474">
    <p class='ocr_par' dir='ltr' id='par_1_83' title="bbox 180 2437 966 2474">
     <span class='ocr_line' id='line_1_83' title="bbox 180 2437 966 2474; baseline 0.004 -9"><span class='ocrx_word' id='word_1_597' title='bbox 180 2437 388 2471; x_wconf 86' lang='lat' dir='ltr'><strong>operationem?</strong></span> <span class='ocrx_word' id='word_1_598' title='bbox 405 2445 485 2464; x_wconf 78' lang='lat' dir='ltr'><strong>nemo</strong></span> <span class='ocrx_word' id='word_1_599' title='bbox 505 2446 569 2465; x_wconf 80' lang='lat' dir='ltr'><strong>~ane</strong></span> <span class='ocrx_word' id='word_1_600' title='bbox 588 2439 660 2466; x_wconf 86' lang='lat' dir='ltr'><strong>aliud</strong></span> <span class='ocrx_word' id='word_1_601' title='bbox 683 2440 822 2468; x_wconf 83' lang='lat' dir='ltr'><strong>declarare</strong></span> <span class='ocrx_word' id='word_1_602' title='bbox 848 2442 966 2474; x_wconf 83' lang='lat' dir='ltr'><strong>dixerit,</strong></span> 
     </span>
    </p>
   </div>
   <div class='ocr_carea' id='block_1_84' title="bbox 181 2483 967 2520">
    <p class='ocr_par' dir='ltr' id='par_1_84' title="bbox 181 2483 967 2520">
     <span class='ocr_line' id='line_1_84' title="bbox 181 2483 967 2520; baseline 0.008 -11"><span class='ocrx_word' id='word_1_603' title='bbox 181 2488 360 2516; x_wconf 66' lang='lat' dir='ltr'><strong>prtetcrquam</strong></span> <span class='ocrx_word' id='word_1_604' title='bbox 375 2483 571 2518; x_wconf 78' lang='lat' dir='ltr'><strong>operationem.</strong></span> <span class='ocrx_word' id='word_1_605' title='bbox 588 2484 703 2517; x_wconf 79' lang='lat' dir='ltr'><strong>Quando</strong></span> <span class='ocrx_word' id='word_1_606' title='bbox 722 2486 805 2520; x_wconf 78' lang='lat' dir='ltr'><strong>igitur</strong></span> <span class='ocrx_word' id='word_1_607' title='bbox 821 2487 967 2515; x_wconf 76' lang='lat' dir='ltr'><strong>miseratus</strong></span> 
     </span>
    </p>
   </div>
   <div class='ocr_carea' id='block_1_85' title="bbox 180 2529 963 2564">
    <p class='ocr_par' dir='ltr' id='par_1_85' title="bbox 180 2529 963 2564">
     <span class='ocr_line' id='line_1_85' title="bbox 180 2529 963 2564; baseline 0.006 -9"><span class='ocrx_word' id='word_1_608' title='bbox 180 2536 222 2556; x_wconf 87' lang='lat' dir='ltr'><strong>est</strong></span> <span class='ocrx_word' id='word_1_609' title='bbox 235 2529 375 2559; x_wconf 84' lang='lat' dir='ltr'><strong>Dominus,</strong></span> <span class='ocrx_word' id='word_1_610' title='bbox 394 2535 423 2563; x_wconf 75' lang='lat' dir='ltr'><strong>ut</strong></span> <span class='ocrx_word' id='word_1_611' title='bbox 441 2538 471 2556; x_wconf 85' lang='lat' dir='ltr'><strong>cx</strong></span> <span class='ocrx_word' id='word_1_612' title='bbox 489 2532 649 2564; x_wconf 69' lang='lat' dir='ltr'><strong>operatione</strong></span> <span class='ocrx_word' id='word_1_613' title='bbox 663 2533 848 2560; x_wconf 81' lang='lat' dir='ltr'><strong>miserationis</strong></span> <span class='ocrx_word' id='word_1_614' title='bbox 865 2541 963 2560; x_wconf 86' lang='lat' dir='ltr'><strong>nomen</strong></span> 
     </span>
    </p>
   </div>
   <div class='ocr_carea' id='block_1_86' title="bbox 180 2573 964 2612">
    <p class='ocr_par' dir='ltr' id='par_1_86' title="bbox 180 2573 964 2612">
     <span class='ocr_line' id='line_1_86' title="bbox 180 2573 964 2612; baseline 0.005 -12"><span class='ocrx_word' id='word_1_615' title='bbox 180 2573 310 2601; x_wconf 86' lang='lat' dir='ltr'><strong>duceret?</strong></span> <span class='ocrx_word' id='word_1_616' title='bbox 331 2574 452 2608; x_wconf 70' lang='lat' dir='ltr'><strong>nunquid</strong></span> <span class='ocrx_word' id='word_1_617' title='bbox 480 2580 543 2602; x_wconf 86' lang='lat' dir='ltr'><strong>ante</strong></span> <span class='ocrx_word' id='word_1_618' title='bbox 569 2576 652 2602; x_wconf 85' lang='lat' dir='ltr'><strong>vitam</strong></span> <span class='ocrx_word' id='word_1_619' title='bbox 680 2577 847 2604; x_wconf 80' lang='lat' dir='ltr'><strong>humanam?</strong></span> <span class='ocrx_word' id='word_1_620' title='bbox 870 2579 964 2612; x_wconf 77' lang='lat' dir='ltr'><strong>ecquis</strong></span> 
     </span>
    </p>
   </div>
   <div class='ocr_carea' id='block_1_87' title="bbox 181 2619 963 2657">
    <p class='ocr_par' dir='ltr' id='par_1_87' title="bbox 181 2619 963 2657">
     <span class='ocr_line' id='line_1_87' title="bbox 181 2619 963 2657; baseline 0.001 -10"><span class='ocrx_word' id='word_1_621' title='bbox 181 2624 245 2647; x_wconf 89' lang='lat' dir='ltr'><strong>tunc</strong></span> <span class='ocrx_word' id='word_1_622' title='bbox 259 2619 442 2647; x_wconf 83' lang='lat' dir='ltr'><strong>miseiicordia</strong></span> <span class='ocrx_word' id='word_1_623' title='bbox 458 2621 655 2656; x_wconf 68' lang='lat' dir='ltr'><strong>iudigebat‘iAt</strong></span> <span class='ocrx_word' id='word_1_624' title='bbox 672 2630 736 2650; x_wconf 88' lang='lat' dir='ltr'><strong>vero</strong></span> <span class='ocrx_word' id='word_1_625' title='bbox 749 2627 808 2656; x_wconf 85' lang='lat' dir='ltr'><strong>post</strong></span> <span class='ocrx_word' id='word_1_626' title='bbox 823 2630 879 2657; x_wconf 66' lang='lat' dir='ltr'><strong>pec.</strong></span> <span class='ocrx_word' id='word_1_627' title='bbox 889 2629 963 2649; x_wconf 85' lang='lat' dir='ltr'><strong>atu:n</strong></span> 
     </span>
    </p>
   </div>
   <div class='ocr_carea' id='block_1_88' title="bbox 183 2666 962 2703">
    <p class='ocr_par' dir='ltr' id='par_1_88' title="bbox 183 2666 962 2703">
     <span class='ocr_line' id='line_1_88' title="bbox 183 2666 962 2703; baseline 0.005 -12"><span class='ocrx_word' id='word_1_628' title='bbox 183 2673 294 2700; x_wconf 72' lang='lat' dir='ltr'><strong>prorsus</strong></span> <span class='ocrx_word' id='word_1_629' title='bbox 320 2666 506 2694; x_wconf 67' lang='lat' dir='ltr'><strong>misericordia</strong></span> <span class='ocrx_word' id='word_1_630' title='bbox 532 2676 600 2702; x_wconf 87' lang='lat' dir='ltr'><strong>opus</strong></span> <span class='ocrx_word' id='word_1_631' title='bbox 625 2668 686 2699; x_wconf 85' lang='lat' dir='ltr'><strong>fuit,</strong></span> <span class='ocrx_word' id='word_1_632' title='bbox 712 2673 853 2703; x_wconf 82' lang='lat' dir='ltr'><strong>peccatum</strong></span> <span class='ocrx_word' id='word_1_633' title='bbox 872 2674 962 2695; x_wconf 58' lang='lat' dir='ltr'><strong>autem</strong></span> 
     </span>
    </p>
   </div>
   <div class='ocr_carea' id='block_1_89' title="bbox 181 2710 964 2748">
    <p class='ocr_par' dir='ltr' id='par_1_89' title="bbox 181 2710 964 2748">
     <span class='ocr_line' id='line_1_89' title="bbox 181 2710 964 2748; baseline 0.008 -12"><span class='ocrx_word' id='word_1_634' title='bbox 181 2714 242 2744; x_wconf 74' lang='lat' dir='ltr'><strong>post</strong></span> <span class='ocrx_word' id='word_1_635' title='bbox 259 2710 395 2738; x_wconf 85' lang='lat' dir='ltr'><strong>hominem</strong></span> <span class='ocrx_word' id='word_1_636' title='bbox 414 2712 537 2744; x_wconf 75' lang='lat' dir='ltr'><strong>exstitit;</strong></span> <span class='ocrx_word' id='word_1_637' title='bbox 558 2718 618 2746; x_wconf 81' lang='lat' dir='ltr'><strong>post</strong></span> <span class='ocrx_word' id='word_1_638' title='bbox 638 2713 773 2741; x_wconf 79' lang='lat' dir='ltr'><strong>hominem</strong></span> <span class='ocrx_word' id='word_1_639' title='bbox 797 2713 879 2748; x_wconf 71' lang='lat' dir='ltr'><strong>igitur</strong></span> <span class='ocrx_word' id='word_1_640' title='bbox 893 2713 964 2742; x_wconf 78' lang='lat' dir='ltr'><strong>aclio</strong></span> 
     </span>
    </p>
   </div>
   <div class='ocr_carea' id='block_1_90' title="bbox 219 2800 469 2837">
    <p class='ocr_par' dir='ltr' id='par_1_90' title="bbox 219 2800 469 2837">
     <span class='ocr_line' id='line_1_90' title="bbox 219 2800 469 2837; baseline 0.008 -9"><span class='ocrx_word' id='word_1_641' title='bbox 219 2800 243 2818; x_wconf 83' lang='grc'><strong><em>⁸⁸</em></strong></span> <span class='ocrx_word' id='word_1_642' title='bbox 256 2801 328 2830; x_wconf 68' lang='lat' dir='ltr'><strong>l’sal.</strong></span> <span class='ocrx_word' id='word_1_643' title='bbox 339 2810 430 2837; x_wconf 73' lang='lat' dir='ltr'><strong>cxuv,</strong></span> <span class='ocrx_word' id='word_1_644' title='bbox 442 2803 469 2830; x_wconf 72' lang='lat'><strong>8.</strong></span> 
     </span>
    </p>
   </div>
   <div class='ocr_carea' id='block_1_91' title="bbox 1019 1529 1806 1564">
    <p class='ocr_par' dir='ltr' id='par_1_91' title="bbox 1019 1529 1806 1564">
     <span class='ocr_line' id='line_1_91' title="bbox 1019 1529 1806 1564; baseline -0.001 -8"><span class='ocrx_word' id='word_1_645' title='bbox 1019 1538 1097 1556; x_wconf 85' lang='lat' dir='ltr'><strong>usum</strong></span> <span class='ocrx_word' id='word_1_646' title='bbox 1116 1530 1224 1563; x_wconf 88' lang='lat' dir='ltr'><strong>quidem</strong></span> <span class='ocrx_word' id='word_1_647' title='bbox 1245 1537 1257 1554; x_wconf 91' lang='lat' dir='ltr'><strong>a</strong></span> <span class='ocrx_word' id='word_1_648' title='bbox 1277 1529 1410 1564; x_wconf 81' lang='lat' dir='ltr'><strong>principio</strong></span> <span class='ocrx_word' id='word_1_649' title='bbox 1427 1530 1580 1556; x_wconf 84' lang='lat' dir='ltr'><strong>introducta</strong></span> <span class='ocrx_word' id='word_1_650' title='bbox 1603 1534 1683 1562; x_wconf 83' lang='lat' dir='ltr'><strong>sunt,</strong></span> <span class='ocrx_word' id='word_1_651' title='bbox 1706 1529 1738 1555; x_wconf 87' lang='lat' dir='ltr'><strong>ad</strong></span> <span class='ocrx_word' id='word_1_652' title='bbox 1755 1529 1806 1555; x_wconf 87' lang='lat' dir='ltr'><strong>ali-</strong></span> 
     </span>
    </p>
   </div>
   <div class='ocr_carea' id='block_1_92' title="bbox 1017 1569 1805 1610">
    <p class='ocr_par' dir='ltr' id='par_1_92' title="bbox 1017 1569 1805 1610">
     <span class='ocr_line' id='line_1_92' title="bbox 1017 1569 1805 1610; baseline 0 -9"><span class='ocrx_word' id='word_1_653' title='bbox 1017 1575 1082 1610; x_wconf 85' lang='lat' dir='ltr'><strong>quid</strong></span> <span class='ocrx_word' id='word_1_654' title='bbox 1096 1583 1159 1602; x_wconf 82' lang='lat' dir='ltr'><strong>vero</strong></span> <span class='ocrx_word' id='word_1_655' title='bbox 1176 1576 1343 1608; x_wconf 79' lang='lat' dir='ltr'><strong>referuntur,</strong></span> <span class='ocrx_word' id='word_1_656' title='bbox 1363 1575 1434 1602; x_wconf 88' lang='lat' dir='ltr'><strong>unde</strong></span> <span class='ocrx_word' id='word_1_657' title='bbox 1450 1569 1557 1608; x_wconf 85' lang='lat' dir='ltr'><strong>sumpta</strong></span> <span class='ocrx_word' id='word_1_658' title='bbox 1574 1575 1627 1602; x_wconf 86' lang='lat' dir='ltr'><strong>sint</strong></span> <span class='ocrx_word' id='word_1_659' title='bbox 1644 1575 1735 1601; x_wconf 87' lang='lat' dir='ltr'><strong>divina</strong></span> <span class='ocrx_word' id='word_1_660' title='bbox 1753 1583 1805 1601; x_wconf 92' lang='lat' dir='ltr'><strong>no-</strong></span> 
     </span>
    </p>
   </div>
   <div class='ocr_carea' id='block_1_93' title="bbox 1018 1620 1804 1655">
    <p class='ocr_par' dir='ltr' id='par_1_93' title="bbox 1018 1620 1804 1655">
     <span class='ocr_line' id='line_1_93' title="bbox 1018 1620 1804 1655; baseline 0 -8"><span class='ocrx_word' id='word_1_661' title='bbox 1018 1621 1100 1652; x_wconf 83' lang='lat' dir='ltr'><strong>mina.</strong></span> <span class='ocrx_word' id='word_1_662' title='bbox 1122 1626 1147 1647; x_wconf 87' lang='lat' dir='ltr'><strong>et</strong></span> <span class='ocrx_word' id='word_1_663' title='bbox 1164 1620 1229 1655; x_wconf 93' lang='lat' dir='ltr'><strong>quid</strong></span> <span class='ocrx_word' id='word_1_664' title='bbox 1245 1621 1304 1655; x_wconf 63' lang='lat' dir='ltr'><strong>ipsa</strong></span> <span class='ocrx_word' id='word_1_665' title='bbox 1321 1629 1368 1655; x_wconf 86' lang='lat' dir='ltr'><strong>per</strong></span> <span class='ocrx_word' id='word_1_666' title='bbox 1387 1628 1416 1648; x_wconf 87' lang='lat' dir='ltr'><strong>se</strong></span> <span class='ocrx_word' id='word_1_667' title='bbox 1432 1621 1597 1655; x_wconf 58' lang='lat' dir='ltr'><strong>signiﬁcent,</strong></span> <span class='ocrx_word' id='word_1_668' title='bbox 1620 1621 1721 1648; x_wconf 87' lang='lat' dir='ltr'><strong>dictum</strong></span> <span class='ocrx_word' id='word_1_669' title='bbox 1740 1625 1804 1652; x_wconf 79' lang='lat' dir='ltr'><strong>cst;</strong></span> 
     </span>
    </p>
   </div>
   <div class='ocr_carea' id='block_1_94' title="bbox 1018 1667 1806 1702">
    <p class='ocr_par' dir='ltr' id='par_1_94' title="bbox 1018 1667 1806 1702">
     <span class='ocr_line' id='line_1_94' title="bbox 1018 1667 1806 1702; baseline 0.001 -9"><span class='ocrx_word' id='word_1_670' title='bbox 1018 1667 1050 1694; x_wconf 86' lang='lat' dir='ltr'><strong>ad</strong></span> <span class='ocrx_word' id='word_1_671' title='bbox 1068 1667 1131 1701; x_wconf 88' lang='lat' dir='ltr'><strong>quid</strong></span> <span class='ocrx_word' id='word_1_672' title='bbox 1146 1672 1235 1694; x_wconf 76' lang='lat' dir='ltr'><strong>autem</strong></span> <span class='ocrx_word' id='word_1_673' title='bbox 1252 1668 1289 1694; x_wconf 91' lang='lat' dir='ltr'><strong>rci</strong></span> <span class='ocrx_word' id='word_1_674' title='bbox 1309 1667 1438 1701; x_wconf 75' lang='lat' dir='ltr'><strong>subjecta:</strong></span> <span class='ocrx_word' id='word_1_675' title='bbox 1454 1667 1617 1699; x_wconf 65' lang='lat' dir='ltr'><strong>referantur,</strong></span> <span class='ocrx_word' id='word_1_676' title='bbox 1628 1672 1654 1694; x_wconf 85' lang='lat' dir='ltr'><strong>et</strong></span> <span class='ocrx_word' id='word_1_677' title='bbox 1668 1668 1732 1702; x_wconf 88' lang='lat' dir='ltr'><strong>quid</strong></span> <span class='ocrx_word' id='word_1_678' title='bbox 1746 1668 1806 1695; x_wconf 62' lang='lat' dir='ltr'><strong>istis</strong></span> 
     </span>
    </p>
   </div>
   <div class='ocr_carea' id='block_1_95' title="bbox 1017 1713 1803 1749">
    <p class='ocr_par' dir='ltr' id='par_1_95' title="bbox 1017 1713 1803 1749">
     <span class='ocr_line' id='line_1_95' title="bbox 1017 1713 1803 1749; baseline 0.001 -10"><span class='ocrx_word' id='word_1_679' title='bbox 1017 1713 1174 1741; x_wconf 48' lang='lat' dir='ltr'><strong>nominibus</strong></span> <span class='ocrx_word' id='word_1_680' title='bbox 1189 1713 1230 1741; x_wconf 86' lang='lat' dir='ltr'><strong>sic</strong></span> <span class='ocrx_word' id='word_1_681' title='bbox 1249 1713 1428 1749; x_wconf 71' lang='lat' dir='ltr'><strong>signiﬁcetur,</strong></span> <span class='ocrx_word' id='word_1_682' title='bbox 1448 1721 1480 1740; x_wconf 79' lang='lat' dir='ltr'><strong>cx</strong></span> <span class='ocrx_word' id='word_1_683' title='bbox 1504 1713 1546 1740; x_wconf 89' lang='lat' dir='ltr'><strong>his</strong></span> <span class='ocrx_word' id='word_1_684' title='bbox 1561 1721 1622 1748; x_wconf 70' lang='lat' dir='ltr'><strong>qua:</strong></span> <span class='ocrx_word' id='word_1_685' title='bbox 1640 1719 1803 1748; x_wconf 78' lang='lat' dir='ltr'><strong>sequuntur,</strong></span> 
     </span>
    </p>
   </div>
   <div class='ocr_carea' id='block_1_96' title="bbox 1017 1758 1129 1792">
    <p class='ocr_par' dir='ltr' id='par_1_96' title="bbox 1017 1758 1129 1792">
     <span class='ocr_line' id='line_1_96' title="bbox 1017 1758 1129 1792; baseline 0.009 -8"><span class='ocrx_word' id='word_1_686' title='bbox 1017 1758 1129 1792; x_wconf 80' lang='lat' dir='ltr'><strong>patebit.</strong></span> 
     </span>
    </p>
   </div>
   <div class='ocr_carea' id='block_1_97' title="bbox 1315 1804 1504 1832">
    <p class='ocr_par' dir='ltr' id='par_1_97' title="bbox 1315 1804 1504 1832">
     <span class='ocr_line' id='line_1_97' title="bbox 1315 1804 1504 1832; baseline 0.005 -1"><span class='ocrx_word' id='word_1_687' title='bbox 1315 1804 1428 1832; x_wconf 78' lang='lat' dir='ltr'><strong>CAPUT</strong></span> <span class='ocrx_word' id='word_1_688' title='bbox 1449 1804 1504 1832; x_wconf 80' lang='lat' dir='ltr'><strong>VH.</strong></span> 
     </span>
    </p>
   </div>
   <div class='ocr_carea' id='block_1_98' title="bbox 975 1861 1806 1895">
    <p class='ocr_par' dir='ltr' id='par_1_98' title="bbox 975 1861 1806 1895">
     <span class='ocr_line' id='line_1_98' title="bbox 975 1861 1806 1895; baseline 0.001 -9"><span class='ocrx_word' id='word_1_689' title='bbox 975 1869 983 1879; x_wconf 71' lang='grc' dir='ltr'><strong>ι</strong></span> <span class='ocrx_word' id='word_1_690' title='bbox 1019 1861 1177 1893; x_wconf 69' lang='lat' dir='ltr'><strong>Quod-itm</strong></span> <span class='ocrx_word' id='word_1_691' title='bbox 1197 1861 1286 1888; x_wconf 83' lang='lat' dir='ltr'><strong>diuina</strong></span> <span class='ocrx_word' id='word_1_692' title='bbox 1303 1866 1412 1888; x_wconf 85' lang='lat' dir='ltr'><strong>nomina</strong></span> <span class='ocrx_word' id='word_1_693' title='bbox 1436 1869 1469 1888; x_wconf 76' lang='lat' dir='ltr'><strong>ea:</strong></span> <span class='ocrx_word' id='word_1_694' title='bbox 1490 1861 1587 1894; x_wconf 70' lang='lat' dir='ltr'><strong>effectis</strong></span> <span class='ocrx_word' id='word_1_695' title='bbox 1603 1867 1710 1895; x_wconf 76' lang='lat' dir='ltr'><strong>sumpta</strong></span> <span class='ocrx_word' id='word_1_696' title='bbox 1730 1861 1806 1894; x_wconf 70' lang='lat' dir='ltr'><strong>(Ii/fc-</strong></span> 
     </span>
    </p>
   </div>
   <div class='ocr_carea' id='block_1_99' title="bbox 1053 1895 1805 1929">
    <p class='ocr_par' dir='ltr' id='par_1_99' title="bbox 1053 1895 1805 1929">
     <span class='ocr_line' id='line_1_99' title="bbox 1053 1895 1805 1929; baseline 0 -7"><span class='ocrx_word' id='word_1_697' title='bbox 1053 1896 1164 1922; x_wconf 81' lang='lat' dir='ltr'><strong>rentiam</strong></span> <span class='ocrx_word' id='word_1_698' title='bbox 1188 1897 1371 1929; x_wconf 76' lang='lat' dir='ltr'><strong>npcrntionum</strong></span> <span class='ocrx_word' id='word_1_699' title='bbox 1388 1900 1583 1928; x_wconf 71' lang='lat' dir='ltr'><strong>repra‘seutaut,</strong></span> <span class='ocrx_word' id='word_1_700' title='bbox 1605 1897 1642 1922; x_wconf 69' lang='lat' dir='ltr'><strong>sic</strong></span> <span class='ocrx_word' id='word_1_701' title='bbox 1667 1897 1701 1922; x_wconf 82' lang='lat' dir='ltr'><strong>(ul</strong></span> <span class='ocrx_word' id='word_1_702' title='bbox 1726 1895 1805 1922; x_wconf 69' lang='lat' dir='ltr'><strong>“cum</strong></span> 
     </span>
    </p>
   </div>
   <div class='ocr_carea' id='block_1_100' title="bbox 1053 1931 1750 1965">
    <p class='ocr_par' dir='ltr' id='par_1_100' title="bbox 1053 1931 1750 1965">
     <span class='ocr_line' id='line_1_100' title="bbox 1053 1931 1750 1965; baseline 0.001 -9"><span class='ocrx_word' id='word_1_703' title='bbox 1053 1931 1138 1957; x_wconf 79' lang='lat' dir='ltr'><strong>relatu</strong></span> <span class='ocrx_word' id='word_1_704' title='bbox 1153 1931 1272 1958; x_wconf 74' lang='lat' dir='ltr'><strong>diversas</strong></span> <span class='ocrx_word' id='word_1_705' title='bbox 1302 1939 1341 1957; x_wconf 70' lang='lat' dir='ltr'><strong>res</strong></span> <span class='ocrx_word' id='word_1_706' title='bbox 1364 1938 1551 1965; x_wconf 70' lang='lat' dir='ltr'><strong>repnrsenlare</strong></span> <span class='ocrx_word' id='word_1_707' title='bbox 1569 1939 1619 1957; x_wconf 86' lang='lat' dir='ltr'><strong>non</strong></span> <span class='ocrx_word' id='word_1_708' title='bbox 1634 1937 1750 1965; x_wconf 73' lang='lat' dir='ltr'><strong>possm&quot;.</strong></span> 
     </span>
    </p>
   </div>
   <div class='ocr_carea' id='block_1_101' title="bbox 1054 1987 1805 2022">
    <p class='ocr_par' dir='ltr' id='par_1_101' title="bbox 1054 1987 1805 2022">
     <span class='ocr_line' id='line_1_101' title="bbox 1054 1987 1805 2022; baseline 0.003 -9"><span class='ocrx_word' id='word_1_709' title='bbox 1054 1987 1169 2015; x_wconf 81' lang='lat' dir='ltr'><strong>Basilius</strong></span> <span class='ocrx_word' id='word_1_710' title='bbox 1182 1987 1304 2022; x_wconf 80' lang='lat' dir='ltr'><strong>Magnus,</strong></span> <span class='ocrx_word' id='word_1_711' title='bbox 1318 1988 1344 2014; x_wconf 92' lang='lat' dir='ltr'><strong>in</strong></span> <span class='ocrx_word' id='word_1_712' title='bbox 1359 1988 1470 2022; x_wconf 75' lang='lat' dir='ltr'><strong>epistola</strong></span> <span class='ocrx_word' id='word_1_713' title='bbox 1485 1988 1517 2014; x_wconf 89' lang='lat' dir='ltr'><strong>ad</strong></span> <span class='ocrx_word' id='word_1_714' title='bbox 1533 1988 1704 2015; x_wconf 84' lang='lat' dir='ltr'><strong>Eustatbinm</strong></span> <span class='ocrx_word' id='word_1_715' title='bbox 1720 1995 1727 2015; x_wconf 86' lang='lat'><strong>:</strong></span> <span class='ocrx_word' id='word_1_716' title='bbox 1741 1989 1805 2016; x_wconf 83' lang='lat' dir='ltr'><strong>Om-</strong></span> 
     </span>
    </p>
   </div>
   <div class='ocr_carea' id='block_1_102' title="bbox 1018 2032 1803 2067">
    <p class='ocr_par' dir='ltr' id='par_1_102' title="bbox 1018 2032 1803 2067">
     <span class='ocr_line' id='line_1_102' title="bbox 1018 2032 1803 2067; baseline 0.003 -9"><span class='ocrx_word' id='word_1_717' title='bbox 1018 2039 1076 2062; x_wconf 82' lang='lat' dir='ltr'><strong>nes,</strong></span> <span class='ocrx_word' id='word_1_718' title='bbox 1094 2032 1191 2065; x_wconf 85' lang='lat' dir='ltr'><strong>inquit,</strong></span> <span class='ocrx_word' id='word_1_719' title='bbox 1206 2032 1329 2059; x_wconf 81' lang='lat' dir='ltr'><strong>notiones</strong></span> <span class='ocrx_word' id='word_1_720' title='bbox 1358 2038 1384 2058; x_wconf 81' lang='lat' dir='ltr'><strong>et</strong></span> <span class='ocrx_word' id='word_1_721' title='bbox 1401 2033 1511 2059; x_wconf 87' lang='lat' dir='ltr'><strong>nomina</strong></span> <span class='ocrx_word' id='word_1_722' title='bbox 1523 2040 1584 2067; x_wconf 64' lang='lat' dir='ltr'><strong>quae</strong></span> <span class='ocrx_word' id='word_1_723' title='bbox 1601 2032 1684 2059; x_wconf 81' lang='lat' dir='ltr'><strong>Deum</strong></span> <span class='ocrx_word' id='word_1_724' title='bbox 1697 2034 1803 2064; x_wconf 87' lang='lat' dir='ltr'><strong>dcceut.</strong></span> 
     </span>
    </p>
   </div>
   <div class='ocr_carea' id='block_1_103' title="bbox 1018 2078 1804 2114">
    <p class='ocr_par' dir='ltr' id='par_1_103' title="bbox 1018 2078 1804 2114">
     <span class='ocr_line' id='line_1_103' title="bbox 1018 2078 1804 2114; baseline 0.003 -10"><span class='ocrx_word' id='word_1_725' title='bbox 1018 2078 1130 2112; x_wconf 59' lang='lat' dir='ltr'><strong>a‘quaIis</strong></span> <span class='ocrx_word' id='word_1_726' title='bbox 1152 2078 1221 2105; x_wconf 79' lang='lat' dir='ltr'><strong>inter</strong></span> <span class='ocrx_word' id='word_1_727' title='bbox 1241 2086 1269 2106; x_wconf 83' lang='lat' dir='ltr'><strong>se</strong></span> <span class='ocrx_word' id='word_1_728' title='bbox 1288 2078 1400 2105; x_wconf 86' lang='lat' dir='ltr'><strong>honoris</strong></span> <span class='ocrx_word' id='word_1_729' title='bbox 1419 2084 1499 2109; x_wconf 89' lang='lat' dir='ltr'><strong>sunt,</strong></span> <span class='ocrx_word' id='word_1_730' title='bbox 1517 2084 1653 2112; x_wconf 85' lang='lat' dir='ltr'><strong>quatenus</strong></span> <span class='ocrx_word' id='word_1_731' title='bbox 1667 2079 1804 2114; x_wconf 73' lang='lat' dir='ltr'><strong>signiﬁca-</strong></span> 
     </span>
    </p>
   </div>
   <div class='ocr_carea' id='block_1_104' title="bbox 1020 2123 1802 2158">
    <p class='ocr_par' dir='ltr' id='par_1_104' title="bbox 1020 2123 1802 2158">
     <span class='ocr_line' id='line_1_104' title="bbox 1020 2123 1802 2158; baseline 0.004 -10"><span class='ocrx_word' id='word_1_732' title='bbox 1020 2123 1091 2150; x_wconf 79' lang='lat' dir='ltr'><strong>tione</strong></span> <span class='ocrx_word' id='word_1_733' title='bbox 1117 2123 1155 2150; x_wconf 88' lang='lat' dir='ltr'><strong>rei</strong></span> <span class='ocrx_word' id='word_1_734' title='bbox 1182 2123 1312 2158; x_wconf 65' lang='lat' dir='ltr'><strong>subjectae</strong></span> <span class='ocrx_word' id='word_1_735' title='bbox 1337 2124 1402 2150; x_wconf 18' lang='lat' dir='ltr'><strong>nihil</strong></span> <span class='ocrx_word' id='word_1_736' title='bbox 1430 2123 1577 2156; x_wconf 63' lang='lat' dir='ltr'><strong>dimi-unt;</strong></span> <span class='ocrx_word' id='word_1_737' title='bbox 1601 2133 1654 2150; x_wconf 89' lang='lat' dir='ltr'><strong>non</strong></span> <span class='ocrx_word' id='word_1_738' title='bbox 1676 2124 1746 2151; x_wconf 81' lang='lat' dir='ltr'><strong>enim</strong></span> <span class='ocrx_word' id='word_1_739' title='bbox 1770 2126 1802 2152; x_wconf 83' lang='lat' dir='ltr'><strong>ad</strong></span> 
     </span>
    </p>
   </div>
   <div class='ocr_carea' id='block_1_105' title="bbox 1017 2168 1802 2204">
    <p class='ocr_par' dir='ltr' id='par_1_105' title="bbox 1017 2168 1802 2204">
     <span class='ocr_line' id='line_1_105' title="bbox 1017 2168 1802 2204; baseline 0.003 -9"><span class='ocrx_word' id='word_1_740' title='bbox 1017 2168 1097 2195; x_wconf 85' lang='lat' dir='ltr'><strong>aliam</strong></span> <span class='ocrx_word' id='word_1_741' title='bbox 1117 2176 1172 2195; x_wconf 88' lang='lat' dir='ltr'><strong>rem</strong></span> <span class='ocrx_word' id='word_1_742' title='bbox 1189 2169 1340 2202; x_wconf 85' lang='lat' dir='ltr'><strong>subjectam</strong></span> <span class='ocrx_word' id='word_1_743' title='bbox 1355 2174 1471 2196; x_wconf 85' lang='lat' dir='ltr'><strong>mentem</strong></span> <span class='ocrx_word' id='word_1_744' title='bbox 1483 2169 1559 2196; x_wconf 87' lang='lat' dir='ltr'><strong>ducit</strong></span> <span class='ocrx_word' id='word_1_745' title='bbox 1573 2170 1717 2204; x_wconf 85' lang='lat' dir='ltr'><strong>appellatio</strong></span> <span class='ocrx_word' id='word_1_746' title='bbox 1730 2171 1802 2202; x_wconf 86' lang='lat' dir='ltr'><strong>boni,</strong></span> 
     </span>
    </p>
   </div>
   <div class='ocr_carea' id='block_1_106' title="bbox 1018 2214 1803 2249">
    <p class='ocr_par' dir='ltr' id='par_1_106' title="bbox 1018 2214 1803 2249">
     <span class='ocr_line' id='line_1_106' title="bbox 1018 2214 1803 2249; baseline 0.004 -10"><span class='ocrx_word' id='word_1_747' title='bbox 1018 2219 1043 2240; x_wconf 81' lang='lat' dir='ltr'><strong>et</strong></span> <span class='ocrx_word' id='word_1_748' title='bbox 1066 2214 1105 2247; x_wconf 63' lang='lat' dir='ltr'><strong>{ad</strong></span> <span class='ocrx_word' id='word_1_749' title='bbox 1133 2214 1214 2241; x_wconf 86' lang='lat' dir='ltr'><strong>aliam</strong></span> <span class='ocrx_word' id='word_1_750' title='bbox 1232 2215 1378 2248; x_wconf 88' lang='lat' dir='ltr'><strong>appellatio</strong></span> <span class='ocrx_word' id='word_1_751' title='bbox 1401 2215 1542 2248; x_wconf 62' lang='lat' dir='ltr'><strong>sapientis,</strong></span> <span class='ocrx_word' id='word_1_752' title='bbox 1564 2221 1591 2241; x_wconf 85' lang='lat' dir='ltr'><strong>et</strong></span> <span class='ocrx_word' id='word_1_753' title='bbox 1616 2216 1753 2249; x_wconf 66' lang='lat' dir='ltr'><strong>poti-mis,</strong></span> <span class='ocrx_word' id='word_1_754' title='bbox 1778 2221 1803 2242; x_wconf 84' lang='lat' dir='ltr'><strong>ct</strong></span> 
     </span>
    </p>
   </div>
   <div class='ocr_carea' id='block_1_107' title="bbox 1014 2259 1801 2294">
    <p class='ocr_par' dir='ltr' id='par_1_107' title="bbox 1014 2259 1801 2294">
     <span class='ocr_line' id='line_1_107' title="bbox 1014 2259 1801 2294; baseline 0.004 -10"><span class='ocrx_word' id='word_1_755' title='bbox 1014 2259 1078 2292; x_wconf 76' lang='lat' dir='ltr'><strong>justi</strong></span> <span class='ocrx_word' id='word_1_756' title='bbox 1109 2259 1199 2293; x_wconf 87' lang='lat' dir='ltr'><strong>:quin</strong></span> <span class='ocrx_word' id='word_1_757' title='bbox 1223 2260 1312 2293; x_wconf 87' lang='lat' dir='ltr'><strong>potius</strong></span> <span class='ocrx_word' id='word_1_758' title='bbox 1344 2267 1515 2294; x_wconf 65' lang='lat' dir='ltr'><strong>qumcunque</strong></span> <span class='ocrx_word' id='word_1_759' title='bbox 1545 2260 1654 2286; x_wconf 88' lang='lat' dir='ltr'><strong>nomina</strong></span> <span class='ocrx_word' id='word_1_760' title='bbox 1684 2261 1801 2292; x_wconf 79' lang='lat' dir='ltr'><strong>dixeris,</strong></span> 
     </span>
    </p>
   </div>
   <div class='ocr_carea' id='block_1_108' title="bbox 1017 2303 1801 2337">
    <p class='ocr_par' dir='ltr' id='par_1_108' title="bbox 1017 2303 1801 2337">
     <span class='ocr_line' id='line_1_108' title="bbox 1017 2303 1801 2337; baseline 0.003 -8"><span class='ocrx_word' id='word_1_761' title='bbox 1017 2311 1100 2330; x_wconf 89' lang='lat' dir='ltr'><strong>tlllllm</strong></span> <span class='ocrx_word' id='word_1_762' title='bbox 1116 2308 1156 2330; x_wconf 91' lang='lat' dir='ltr'><strong>est</strong></span> <span class='ocrx_word' id='word_1_763' title='bbox 1169 2303 1241 2335; x_wconf 89' lang='lat' dir='ltr'><strong>quod</strong></span> <span class='ocrx_word' id='word_1_764' title='bbox 1257 2303 1436 2337; x_wconf 54' lang='lat' dir='ltr'><strong>signiﬁcante,</strong></span> <span class='ocrx_word' id='word_1_765' title='bbox 1448 2309 1475 2330; x_wconf 87' lang='lat' dir='ltr'><strong>ct</strong></span> <span class='ocrx_word' id='word_1_766' title='bbox 1491 2304 1513 2330; x_wconf 85' lang='lat' dir='ltr'><strong>si</strong></span> <span class='ocrx_word' id='word_1_767' title='bbox 1529 2304 1611 2331; x_wconf 84' lang='lat' dir='ltr'><strong>Deum</strong></span> <span class='ocrx_word' id='word_1_768' title='bbox 1628 2304 1715 2336; x_wconf 62' lang='lat' dir='ltr'><strong>dicas,</strong></span> <span class='ocrx_word' id='word_1_769' title='bbox 1728 2313 1801 2331; x_wconf 87' lang='lat' dir='ltr'><strong>cum-</strong></span> 
     </span>
    </p>
   </div>
   <div class='ocr_carea' id='block_1_109' title="bbox 1016 2349 1802 2383">
    <p class='ocr_par' dir='ltr' id='par_1_109' title="bbox 1016 2349 1802 2383">
     <span class='ocr_line' id='line_1_109' title="bbox 1016 2349 1802 2383; baseline 0.001 -7"><span class='ocrx_word' id='word_1_770' title='bbox 1016 2349 1076 2376; x_wconf 78' lang='lat' dir='ltr'><strong>dem</strong></span> <span class='ocrx_word' id='word_1_771' title='bbox 1094 2349 1254 2381; x_wconf 55' lang='lat' dir='ltr'><strong>usti-ndidi,</strong></span> <span class='ocrx_word' id='word_1_772' title='bbox 1279 2356 1360 2383; x_wconf 78' lang='lat' dir='ltr'><strong>quem</strong></span> <span class='ocrx_word' id='word_1_773' title='bbox 1386 2356 1433 2382; x_wconf 86' lang='lat' dir='ltr'><strong>per</strong></span> <span class='ocrx_word' id='word_1_774' title='bbox 1458 2349 1561 2383; x_wconf 82' lang='lat' dir='ltr'><strong>reliqua</strong></span> <span class='ocrx_word' id='word_1_775' title='bbox 1581 2350 1690 2376; x_wconf 85' lang='lat' dir='ltr'><strong>nomina</strong></span> <span class='ocrx_word' id='word_1_776' title='bbox 1717 2355 1802 2377; x_wconf 79' lang='lat' dir='ltr'><strong>neme</strong></span> 
     </span>
    </p>
   </div>
   <div class='ocr_carea' id='block_1_110' title="bbox 1016 2393 1802 2429">
    <p class='ocr_par' dir='ltr' id='par_1_110' title="bbox 1016 2393 1802 2429">
     <span class='ocr_line' id='line_1_110' title="bbox 1016 2393 1802 2429; baseline -0.001 -8"><span class='ocrx_word' id='word_1_777' title='bbox 1016 2394 1173 2427; x_wconf 66' lang='lat' dir='ltr'><strong>conci-pisti.</strong></span> <span class='ocrx_word' id='word_1_778' title='bbox 1188 2393 1225 2420; x_wconf 81' lang='lat' dir='ltr'><strong>Ex</strong></span> <span class='ocrx_word' id='word_1_779' title='bbox 1251 2394 1294 2420; x_wconf 87' lang='lat' dir='ltr'><strong>his</strong></span> <span class='ocrx_word' id='word_1_780' title='bbox 1315 2394 1397 2427; x_wconf 78' lang='lat' dir='ltr'><strong>igitur</strong></span> <span class='ocrx_word' id='word_1_781' title='bbox 1413 2393 1585 2420; x_wconf 74' lang='lat' dir='ltr'><strong>manifestum</strong></span> <span class='ocrx_word' id='word_1_782' title='bbox 1615 2394 1654 2425; x_wconf 87' lang='lat' dir='ltr'><strong>ﬁt,</strong></span> <span class='ocrx_word' id='word_1_783' title='bbox 1670 2395 1741 2429; x_wconf 86' lang='lat' dir='ltr'><strong>quod</strong></span> <span class='ocrx_word' id='word_1_784' title='bbox 1760 2402 1802 2420; x_wconf 77' lang='lat' dir='ltr'><strong>ra-</strong></span> 
     </span>
    </p>
   </div>
   <div class='ocr_carea' id='block_1_111' title="bbox 1015 2439 1802 2468">
    <p class='ocr_par' dir='ltr' id='par_1_111' title="bbox 1015 2439 1802 2468">
     <span class='ocr_line' id='line_1_111' title="bbox 1015 2439 1802 2468; baseline 0.003 -4"><span class='ocrx_word' id='word_1_785' title='bbox 1015 2440 1076 2464; x_wconf 75' lang='lat' dir='ltr'><strong>dem</strong></span> <span class='ocrx_word' id='word_1_786' title='bbox 1092 2439 1182 2465; x_wconf 78' lang='lat' dir='ltr'><strong>divina</strong></span> <span class='ocrx_word' id='word_1_787' title='bbox 1201 2439 1321 2468; x_wconf 79' lang='lat' dir='ltr'><strong>nomina.</strong></span> <span class='ocrx_word' id='word_1_788' title='bbox 1338 2443 1363 2465; x_wconf 85' lang='lat' dir='ltr'><strong>et</strong></span> <span class='ocrx_word' id='word_1_789' title='bbox 1378 2439 1478 2466; x_wconf 70' lang='lat' dir='ltr'><strong>emdem</strong></span> <span class='ocrx_word' id='word_1_790' title='bbox 1505 2440 1630 2466; x_wconf 88' lang='lat' dir='ltr'><strong>notiones</strong></span> <span class='ocrx_word' id='word_1_791' title='bbox 1657 2445 1755 2466; x_wconf 79' lang='lat' dir='ltr'><strong>nostra:</strong></span> <span class='ocrx_word' id='word_1_792' title='bbox 1771 2441 1802 2467; x_wconf 89' lang='lat' dir='ltr'><strong>de</strong></span> 
     </span>
    </p>
   </div>
   <div class='ocr_carea' id='block_1_112' title="bbox 1017 2485 1801 2520">
    <p class='ocr_par' dir='ltr' id='par_1_112' title="bbox 1017 2485 1801 2520">
     <span class='ocr_line' id='line_1_112' title="bbox 1017 2485 1801 2520; baseline 0.003 -9"><span class='ocrx_word' id='word_1_793' title='bbox 1017 2485 1070 2511; x_wconf 88' lang='lat' dir='ltr'><strong>Dro</strong></span> <span class='ocrx_word' id='word_1_794' title='bbox 1085 2485 1224 2516; x_wconf 77' lang='lat' dir='ltr'><strong>dicunt-ur,</strong></span> <span class='ocrx_word' id='word_1_795' title='bbox 1241 2485 1397 2519; x_wconf 80' lang='lat' dir='ltr'><strong>nuannque</strong></span> <span class='ocrx_word' id='word_1_796' title='bbox 1410 2485 1560 2512; x_wconf 62' lang='lat' dir='ltr'><strong>(limat-entia</strong></span> <span class='ocrx_word' id='word_1_797' title='bbox 1572 2495 1595 2511; x_wconf 87' lang='grc' dir='ltr'><strong>ιιι</strong></span> <span class='ocrx_word' id='word_1_798' title='bbox 1622 2487 1658 2512; x_wconf 89' lang='lat' dir='ltr'><strong>rci</strong></span> <span class='ocrx_word' id='word_1_799' title='bbox 1675 2487 1801 2520; x_wconf 67' lang='lat' dir='ltr'><strong>subjectae</strong></span> 
     </span>
    </p>
   </div>
   <div class='ocr_carea' id='block_1_113' title="bbox 1018 2531 1799 2565">
    <p class='ocr_par' dir='ltr' id='par_1_113' title="bbox 1018 2531 1799 2565">
     <span class='ocr_line' id='line_1_113' title="bbox 1018 2531 1799 2565; baseline 0.003 -9"><span class='ocrx_word' id='word_1_800' title='bbox 1018 2532 1049 2556; x_wconf 81' lang='lat' dir='ltr'><strong>ad</strong></span> <span class='ocrx_word' id='word_1_801' title='bbox 1070 2531 1154 2557; x_wconf 59' lang='lat' dir='ltr'><strong>Deum</strong></span> <span class='ocrx_word' id='word_1_802' title='bbox 1172 2531 1257 2557; x_wconf 79' lang='lat' dir='ltr'><strong>relata</strong></span> <span class='ocrx_word' id='word_1_803' title='bbox 1276 2535 1483 2565; x_wconf 65' lang='lat' dir='ltr'><strong>repra-sentaut,</strong></span> <span class='ocrx_word' id='word_1_804' title='bbox 1500 2536 1525 2557; x_wconf 82' lang='lat' dir='ltr'><strong>ct</strong></span> <span class='ocrx_word' id='word_1_805' title='bbox 1539 2531 1612 2564; x_wconf 84' lang='lat' dir='ltr'><strong>quod</strong></span> <span class='ocrx_word' id='word_1_806' title='bbox 1627 2532 1734 2558; x_wconf 80' lang='lat' dir='ltr'><strong>nomina</strong></span> <span class='ocrx_word' id='word_1_807' title='bbox 1757 2531 1799 2559; x_wconf 60' lang='lat' dir='ltr'><strong>Dei</strong></span> 
     </span>
    </p>
   </div>
   <div class='ocr_carea' id='block_1_114' title="bbox 1019 2577 1800 2611">
    <p class='ocr_par' dir='ltr' id='par_1_114' title="bbox 1019 2577 1800 2611">
     <span class='ocr_line' id='line_1_114' title="bbox 1019 2577 1800 2611; baseline 0.003 -9"><span class='ocrx_word' id='word_1_808' title='bbox 1019 2577 1150 2610; x_wconf 86' lang='lat' dir='ltr'><strong>triplicem</strong></span> <span class='ocrx_word' id='word_1_809' title='bbox 1169 2577 1268 2602; x_wconf 87' lang='lat' dir='ltr'><strong>habent</strong></span> <span class='ocrx_word' id='word_1_810' title='bbox 1283 2583 1405 2609; x_wconf 81' lang='lat' dir='ltr'><strong>causam,</strong></span> <span class='ocrx_word' id='word_1_811' title='bbox 1422 2577 1581 2603; x_wconf 76' lang='lat' dir='ltr'><strong>etlirientcm</strong></span> <span class='ocrx_word' id='word_1_812' title='bbox 1600 2577 1708 2611; x_wconf 81' lang='lat' dir='ltr'><strong>quidem</strong></span> <span class='ocrx_word' id='word_1_813' title='bbox 1727 2585 1800 2604; x_wconf 79' lang='lat' dir='ltr'><strong>men-</strong></span> 
     </span>
    </p>
   </div>
   <div class='ocr_carea' id='block_1_115' title="bbox 1019 2622 1800 2656">
    <p class='ocr_par' dir='ltr' id='par_1_115' title="bbox 1019 2622 1800 2656">
     <span class='ocr_line' id='line_1_115' title="bbox 1019 2622 1800 2656; baseline 0 -7"><span class='ocrx_word' id='word_1_814' title='bbox 1019 2627 1071 2649; x_wconf 86' lang='lat' dir='ltr'><strong>Iem</strong></span> <span class='ocrx_word' id='word_1_815' title='bbox 1089 2622 1173 2656; x_wconf 86' lang='lat' dir='ltr'><strong>ipsam</strong></span> <span class='ocrx_word' id='word_1_816' title='bbox 1191 2622 1353 2654; x_wconf 79' lang='lat' dir='ltr'><strong>lmmauain;</strong></span> <span class='ocrx_word' id='word_1_817' title='bbox 1372 2623 1512 2648; x_wconf 88' lang='lat' dir='ltr'><strong>materiam</strong></span> <span class='ocrx_word' id='word_1_818' title='bbox 1527 2643 1535 2655; x_wconf 87' lang='lat'><strong>,</strong></span> <span class='ocrx_word' id='word_1_819' title='bbox 1560 2623 1603 2649; x_wconf 86' lang='lat' dir='ltr'><strong>illa</strong></span> <span class='ocrx_word' id='word_1_820' title='bbox 1620 2623 1699 2649; x_wconf 75' lang='lat' dir='ltr'><strong>‘uude</strong></span> <span class='ocrx_word' id='word_1_821' title='bbox 1725 2624 1800 2649; x_wconf 83' lang='lat' dir='ltr'><strong>coll--</strong></span> 
     </span>
    </p>
   </div>
   <div class='ocr_carea' id='block_1_116' title="bbox 1017 2667 1800 2704">
    <p class='ocr_par' dir='ltr' id='par_1_116' title="bbox 1017 2667 1800 2704">
     <span class='ocr_line' id='line_1_116' title="bbox 1017 2667 1800 2704; baseline 0.003 -11"><span class='ocrx_word' id='word_1_822' title='bbox 1017 2672 1127 2699; x_wconf 69' lang='lat' dir='ltr'><strong>gnntur,</strong></span> <span class='ocrx_word' id='word_1_823' title='bbox 1145 2667 1170 2693; x_wconf 93' lang='lat' dir='ltr'><strong>id</strong></span> <span class='ocrx_word' id='word_1_824' title='bbox 1187 2672 1238 2701; x_wconf 64' lang='lat' dir='ltr'><strong>cst,</strong></span> <span class='ocrx_word' id='word_1_825' title='bbox 1254 2667 1368 2701; x_wconf 73' lang='lat' dir='ltr'><strong>cﬂ&#39;ccta;</strong></span> <span class='ocrx_word' id='word_1_826' title='bbox 1384 2668 1473 2700; x_wconf 87' lang='lat' dir='ltr'><strong>linem,</strong></span> <span class='ocrx_word' id='word_1_827' title='bbox 1498 2668 1592 2699; x_wconf 72' lang='lat' dir='ltr'><strong>Deum,</strong></span> <span class='ocrx_word' id='word_1_828' title='bbox 1609 2669 1641 2695; x_wconf 86' lang='lat' dir='ltr'><strong>ad</strong></span> <span class='ocrx_word' id='word_1_829' title='bbox 1663 2677 1742 2704; x_wconf 74' lang='lat' dir='ltr'><strong>quem</strong></span> <span class='ocrx_word' id='word_1_830' title='bbox 1759 2677 1800 2696; x_wconf 84' lang='lat' dir='ltr'><strong>re-</strong></span> 
     </span>
    </p>
   </div>
   <div class='ocr_carea' id='block_1_117' title="bbox 1018 2712 1150 2740">
    <p class='ocr_par' dir='ltr' id='par_1_117' title="bbox 1018 2712 1150 2740">
     <span class='ocr_line' id='line_1_117' title="bbox 1018 2712 1150 2740; baseline 0.008 -2"><span class='ocrx_word' id='word_1_831' title='bbox 1018 2712 1150 2740; x_wconf 73' lang='lat' dir='ltr'><strong>fccuutnL.</strong></span> 
     </span>
    </p>
   </div>
  </div>
