1954 3071
101 152 166 186 τ97
491 155 610 190 DECAS
632 159 680 191 ιν.
699 173 732 178 -
751 159 799 191 DE
821 160 905 192 ΙΝΕο

960 163 1027 196 ΙΛΤ.
1051 165 1176 196 DIVINI
1192 166 1371 198 NOMINIS.

1684 169 1747 202 799

405 212 518 243 CAPUT
536 215 603 243 VIII.

918 222 938 248 Α
957 224 1080 248 naturam
1097 222 1228 251 indicant.
1248 224 1280 252 Et
1295 217 1478 252 Damasi-enus
1492 224 1648 261 Tlteologus
1663 235 1670 253 :
1693 226 1739 253 Di-

101 266 140 294 Si
157 276 213 295 non
238 275 346 302 possunt
368 271 459 298 dirimi
482 273 587 299 nomina
604 273 719 300 diuersas
742 282 782 300 res
805 275 832 302 in
847 274 900 301 Deo

143 311 348 344 rfpra'senlare,
363 306 521 344 relinquitur
531 309 648 344 ulsolam
656 309 834 336 substantiam
844 310 900 344 ejus

143 338 294 370 declarent,
311 348 362 367 non
376 338 440 375 quid
456 347 505 373 est,
517 343 561 369 sed
577 345 645 378 quod
659 349 707 370 est.

143 395 262 430 Magnus
277 397 444 426 Athanasius
461 399 561 427 docens
577 400 615 436 (a)
637 406 709 429 recte
724 402 824 430 dictum
841 410 901 431 esse

105 447 122 467 a
151 439 279 469 Patribus
313 443 420 470 concilii
445 444 547 472 Nica‘ni
563 447 722 474 vocabulum
747 448 899 475 ltomousit':

103 487 182 514 Cum
202 487 300 521 inquit,
317 489 464 518 audimus:
483 490 538 526 Ego
551 501 628 524 sum,
646 494 692 527 qui
704 502 760 520 sum
775 515 782 526 ,
799 499 826 522 et.
843 503 850 521 :
869 493 901 521 Ῑη

104 533 243 567 principio
264 535 359 561 creauit
378 535 447 562 Deus
463 537 556 563 caelum
570 543 594 564 et
613 543 721 571 terram,
739 545 764 566 et
789 549 795 566 :
818 541 900 574 Audi,

107 577 211 611 Israel,
227 579 354 607 Dominus
366 581 434 608 Dens
449 587 509 608 lttus
525 582 594 610 Deus
607 592 676 611 unus
698 590 750 616 est,
766 591 794 612 ct
811 595 818 613 :
838 585 901 613 Ilaec

105 625 178 652 dicit
191 625 317 654 Dominus
329 628 492 661 amnipotens
502 628 535 660 η,
548 629 615 655 nihil
629 629 701 657 aliud
715 638 794 664 quam
815 631 900 665 ipsam

106 671 263 705 simplicem
293 677 319 699 et
345 673 464 701 beatam.
490 679 516 701 ct
543 681 602 708 qua:
628 675 821 709 comprehendi
847 684 901 703 non

107 720 215 749 potest.
234 717 414 744 substantiam
432 718 492 753 ejus
503 719 548 753 qui
566 725 607 746 est
619 719 804 755 intelligimus.
822 713 911 748 Tam-i

107 762 164 788 etsi
181 762 267 796 enim,
283 763 346 798 quid
364 768 416 796 est,
432 764 662 798 comprehendere
675 774 728 793 non
746 774 902 801 possumus,

108 811 206 835 tamen
226 816 287 835 cum
306 810 442 842 audimus,
465 810 552 844 Pater,
567 816 604 842 et,
619 811 808 847 Omnipotens.
837 815 903 842 nihil

109 852 188 880 aliud
206 859 384 889 praeterquam
407 855 492 889 ips-aut
509 856 687 883 substantiattt
705 857 765 891 ejus
783 859 828 891 qui
850 864 902 889 est,

109 898 302 933 intelligimus.
319 899 351 926 Et
366 907 462 927 rursus
482 900 551 928 idem
577 902 601 927 in
616 901 783 937 Apologelico
801 911 848 937 pro
862 912 905 937 sy-

111 944 185 970 nodo
200 944 307 972 Nicwua
328 953 337 972 :
354 946 382 973 Si
402 945 473 973 Deus
491 951 543 978 est,
561 946 658 981 inquit,
676 948 748 975 ulittd
767 949 881 983 simplex
895 968 903 981 ,

113 995 142 1015 ut
161 989 271 1023 quidem
287 995 339 1021 est.
353 997 414 1017 cum
434 989 553 1018 dit-imus
568 991 665 1024 Dcnm,
683 997 711 1020 et
731 994 904 1021 nominamus

114 1034 238 1066 Patrem,
257 1036 323 1062 nilttl
344 1041 472 1070 tauquam
489 1037 561 1064 circa
576 1046 650 1068 eum.
667 1040 713 1066 sed
735 1039 820 1073 ipsatn
836 1041 902 1066 sub-

115 1082 246 1109 stantiam
263 1082 322 1116 eius
342 1082 528 1118 intelligimus.
557 1084 588 1111 Et
614 1084 760 1119 Gregorius
787 1085 905 1114 Theolo-

115 1128 235 1163 gusib):
254 1128 284 1154 Ὀ
301 1127 348 1161 ὢν,
361 1129 447 1158 idest.
468 1130 579 1164 quiest,
593 1136 620 1157 et
641 1130 722 1163 Deus,
736 1132 821 1167 magis
837 1140 904 1166 quo-

115 1175 265 1203 dammodo
280 1179 343 1203 sunt
356 1177 464 1203 nomina
477 1176 634 1203 substantim
650 1185 656 1203 :
673 1183 698 1204 et
712 1186 744 1205 ex
761 1178 803 1205 his
819 1178 904 1212 magis

116 1222 131 1248 ὸ
145 1221 194 1248 ὢν.
214 1222 244 1248 Et
260 1229 355 1249 rursus
370 1222 440 1249 idem
457 1230 463 1248 :
483 1221 576 1249 Nonne
597 1222 724 1257 Spiritus,
752 1229 776 1250 et
789 1223 870 1258 Ignis,
886 1232 902 1251 0

117 1268 216 1299 amice,
231 1272 258 1294 rt
273 1267 421 1302 Sapientia,
431 1272 458 1294 et
473 1267 592 1300 iustitia,
607 1273 633 1295 et
646 1269 901 1303 illens,cthrbum,

117 1316 145 1339 et
158 1313 218 1339 alite
232 1312 365 1347 ejusmodi
384 1314 583 1341 nominationes
601 1318 705 1342 natura;
717 1315 799 1342 sunt?
810 1315 840 1342 Et
854 1315 902 1342 ite-

117 1368 179 1387 rum
198 1360 269 1386 idettt
294 1365 388 1387 contra
416 1359 560 1395 Evagrium
576 1368 584 1388 :
600 1360 651 1388 Srtl
679 1361 839 1393 nominatio.
862 1361 903 1388 itt-

117 1406 187 1442 quit,
206 1406 279 1433 utilis
297 1410 348 1438 est,
367 1413 426 1440 quin
448 1414 497 1433 nos
516 1410 626 1441 propter
652 1406 841 1434 necessitatem
867 1406 900 1432 ad

118 1453 257 1480 notionem
282 1459 375 1479 eorum
394 1459 454 1486 quas
476 1451 527 1478 sub
550 1451 755 1486 intelligentiam
779 1452 879 1478 radunt
893 1471 900 1483 ,

118 1499 204 1526 ducit.
229 1497 345 1531 Quidam
370 1505 434 1524 vero
458 1497 523 1524 dum
547 1505 640 1524 crasse
658 1497 804 1532 opinantur
820 1497 900 1524 simul

951 267 1061 301 viuitas,
1078 268 1174 304 inquit,
1192 275 1318 298 naturam
1331 271 1463 302 declarat,
1478 271 1557 298 Pater
1572 277 1662 298 autem
1678 279 1747 306 per-

951 321 1057 343 sonam.
1072 314 1109 341 Ex
1126 316 1226 350 quibus
1240 316 1342 351 pateﬁt,
1358 317 1429 350 quod
1445 325 1507 343 cuin
1524 317 1638 351 theologi
1652 317 1739 350 respi—

951 360 1027 386 citutt
1047 361 1117 388 unde
1136 362 1243 388 nomina
1260 361 1307 388 Dei
1324 362 1402 389 nobis
1415 362 1528 388 collecta
1547 368 1611 389 sunt
1623 382 1630 394 ,
1649 362 1683 388 ab
1704 362 1739 389 iis

952 405 1065 437 scilicet.
1086 414 1146 440 qua:
1173 407 1199 433 in
1227 408 1355 434 universo
1372 408 1439 434 mira
1456 407 1645 441 speculamur,
1661 412 1687 434 ct
1704 407 1739 434 ab

952 450 1053 478 circulis
1068 451 1133 484 ipsis
1144 472 1152 483 ,
1171 453 1355 486 operatiottcm
1372 457 1398 480 et
1410 453 1579 480 ell'cctioneut
1595 452 1642 479 Dei
1660 453 1738 479 aiunt

953 500 1161 529 reprmsentare,
1177 501 1204 523 et
1223 504 1275 523 non
1294 497 1358 531 quid
1376 501 1428 529 est,
1449 502 1476 524 et
1498 497 1586 532 ipsam
1610 497 1739 524 substan-

952 541 1036 574 tiam;
1058 546 1120 576 post
1138 543 1274 569 hominem
1290 543 1362 570 enim
1385 543 1492 570 inventa
1517 548 1579 570 sunt
1604 543 1737 573 nomina;

954 586 1008 614 imo
1027 595 1102 614 mens
1125 588 1243 615 lmmana
1268 589 1300 615 ad
1321 595 1400 616 usum
1427 596 1505 616 suout
1526 589 1589 615 tbzec
1615 589 1738 620 int-cuit;

954 641 1015 660 cum
1033 639 1122 660 autent
1141 641 1237 661 rursus
1254 634 1349 660 volunt
1370 642 1416 668 per
1433 635 1489 660 lure
1508 634 1618 660 nomina
1641 634 1740 660 efferre

954 685 1010 704 rem
1027 678 1218 712 signiﬁcatam.
1230 683 1257 705 et
1269 678 1301 705 ad
1314 678 1416 713 aliquid
1433 671 1590 709 referitnur,
1599 678 1682 705 Deum
1694 685 1741 711 per

955 719 1011 746 bare
1026 720 1134 747 nomina
1149 720 1322 753 invocantes,
1337 728 1392 748 non
1406 721 1536 748 dividitur
1550 729 1593 748 res
1607 721 1739 759 subjectay

955 769 984 792 ut
1003 765 1160 793 dividuntur
1175 767 1299 794 notiones
1315 767 1424 802 (crpers
1448 768 1520 794 enim
1543 767 1640 801 partis,
1657 771 1683 793 ct
1698 767 1741 794 in-

955 810 1062 837 dividua
1071 817 1112 838 est
1125 812 1276 839 substantia
1293 812 1350 846 Dei)
1363 821 1370 845 ;
1390 813 1490 840 idcirco
1500 813 1632 840 aﬁirtuant
1649 821 1677 839 se
1692 821 1743 839 nn-

956 855 1075 884 minibus
1089 856 1149 883 istis
1173 857 1242 885 ltanc
1258 858 1345 892 ipsam
1363 858 1543 885 substantiam
1564 857 1609 885 Dei
1634 858 1740 891 sig-titi-

955 910 1027 934 care,
1045 911 1097 931 non
1120 904 1184 938 quid
1209 910 1261 935 est.
1276 904 1322 931 sed
1340 905 1413 939 quod
1427 910 1469 932 est
1485 905 1571 932 solum
1591 911 1741 939 repnesen-

955 953 1061 980 tantes,
1077 948 1147 976 sicut
1162 949 1187 976 in
1205 949 1266 977 aliis
1284 950 1441 978 nominibus
1457 950 1567 978 evenire
1583 950 1742 978 consuevit.

954 994 1022 1021 Cum
1040 995 1112 1021 enim
1128 994 1197 1022 forte
1211 996 1368 1030 quzeriotus,
1383 996 1455 1023 unde
1475 1004 1573 1023 nomen
1592 996 1737 1031 ἀνθρώπου

955 1041 1105 1068 derivatum
1125 1041 1169 1072 sit.
1187 1046 1214 1068 et
1228 1042 1293 1076 quid
1311 1049 1359 1076 per
1373 1050 1402 1070 se
1416 1042 1560 1076 signiticet,
1574 1042 1742 1069 afﬁrmamus

954 1093 1148 1122 repraesentare
1161 1088 1213 1114 vim
1225 1087 1270 1114 τοῦ
1283 1087 1339 1115 ἄνω
1354 1088 1459 1123 ἀθρεῖν.
1480 1089 1505 1115 id
1520 1093 1572 1120 est,
1585 1088 1743 1116 facultatem

954 1132 981 1159 in
999 1133 1115 1160 sublime
1131 1133 1293 1167 aspiciendi.
1309 1133 1366 1160 sive
1380 1134 1508 1168 ἀναθρεῖν
1530 1133 1548 1160 ἃ
1569 1134 1692 1164 δπωπεν,
1715 1132 1742 1159 id

953 1180 1005 1209 est,
1022 1177 1177 1204 facultatem
1194 1177 1361 1212 recogitandi
1374 1185 1434 1212 quae
1447 1177 1563 1211 aspexit,
1582 1179 1691 1204 nomine
1706 1185 1740 1203 ex

953 1222 1070 1256 quadam
1090 1222 1252 1257 etymologia
1272 1227 1299 1249 et
1318 1223 1424 1250 actione
1451 1223 1525 1249 circa
1548 1230 1603 1248 rem
1629 1222 1663 1248 ab
1692 1221 1744 1248 bu-

953 1274 1034 1294 ntana
1057 1272 1147 1295 mente
1171 1267 1336 1303 excogitato.
1351 1269 1419 1296 Cum
1435 1273 1524 1296 autem
1542 1268 1582 1295 sic
1606 1276 1662 1295 rem
1689 1269 1741 1295 ali-

952 1320 1033 1347 quam
1060 1313 1227 1340 nominatam
1259 1314 1465 1348 signiﬁcaverit.
1491 1314 1523 1340 ad
1550 1314 1737 1341 deﬁnitionem

952 1359 1024 1393 ejus.
1040 1363 1068 1386 et
1083 1359 1148 1394 quid
1168 1364 1221 1391 est.
1237 1361 1409 1388 revertimur.
1425 1361 1504 1387 Aliud
1519 1360 1602 1395 igitur
1620 1364 1662 1388 est
1677 1361 1746 1395 quid

952 1405 1003 1430 hoc
1019 1412 1115 1432 nomen
1135 1405 1271 1437 declaret,
1289 1410 1315 1432 et
1330 1406 1403 1433 aliud
1420 1413 1517 1434 rursus
1532 1407 1565 1433 ad
1579 1406 1644 1440 quid
1661 1406 1745 1440 pertir-

953 1455 1014 1477 neat
1030 1458 1073 1477 res
1088 1457 1102 1477 a
1120 1450 1198 1478 uobis
1215 1451 1254 1478 sic
1270 1451 1407 1478 nominata
1425 1460 1431 1478 ι
1452 1460 1483 1491 ac
1501 1452 1611 1479 nomina
1625 1452 1734 1486 quidem

953 1503 985 1522 cx
1004 1501 1140 1523 convento
1163 1495 1202 1531 (‘2)
1228 1497 1337 1524 inrcnta
1360 1501 1424 1524 sunt
1440 1497 1633 1524 amationibus
1648 1494 1750 1524 attinue

119 1553 181 1573 cutn
199 1544 355 1572 nominibus
373 1544 553 1571 substantiam
574 1543 679 1576 dividi,
700 1544 846 1578 opinantur
868 1544 911 1571 in-
924 1551 945 1580 ο
960 1541 1093 1571 ducibus:
1113 1550 1155 1569 res
1174 1550 1237 1569 vero
1261 1542 1329 1570 foris
1345 1548 1481 1578 quatenus
1497 1551 1668 1577 unaquaeque
1694 1548 1736 1569 est

120 1591 276 1626 tt-lligentiis
294 1591 364 1624 suis,
378 1598 447 1625 quas
463 1589 629 1624 concipiunt,
647 1598 708 1624 qua:
723 1594 786 1616 suttt
800 1590 907 1623 penitus

119 1636 228 1671 indigna
242 1636 354 1663 divinis.
369 1635 590 1662 Consentaneum
615 1642 679 1662 vero
704 1635 783 1662 nobis
799 1640 859 1666 est,
878 1640 907 1662 ut

120 1683 165 1716 qui
191 1681 314 1709 veritatis
339 1681 454 1709 studiosi
479 1688 584 1711 sumus,
610 1683 729 1708 sciamus
743 1681 864 1708 divinam
879 1685 905 1707 et

122 1727 270 1762 simplicem
296 1727 342 1754 Dci
368 1726 550 1754 substantiam
569 1733 629 1754 esse
651 1725 861 1760 intpartibilem,
878 1733 905 1753 et

120 1773 201 1800 ttnius
216 1772 319 1799 formm.
336 1772 401 1799 Item
417 1771 568 1807 Gregorius
583 1772 721 1806 Nyssenus
733 1779 740 1799 :
754 1771 793 1800 Si.
807 1771 906 1806 inquit,

122 1827 219 1846 nomen
236 1818 256 1845 ι)
276 1819 282 1845 i
299 1817 336 1853 (1)
353 1825 497 1852 personam
524 1817 655 1849 declarat,
670 1825 730 1844 cum
748 1821 801 1845 tres
815 1825 908 1852 perso-
925 1837 931 1841 .

121 1873 170 1894 nas
191 1865 318 1897 dicimus,
337 1871 392 1892 tres
409 1864 476 1892 deos
494 1864 652 1892 necossario
667 1864 785 1891 dicimus
805 1872 813 1891 :
835 1869 863 1891 at
885 1865 907 1891 si

122 1918 219 1939 nomen
237 1910 282 1937 Dei
299 1910 482 1937 substantiam
499 1909 636 1944 signiﬁcat
649 1928 657 1941 ,
669 1917 731 1937 cum
746 1910 909 1937 conﬁtemur

122 1964 201 1984 unam
220 1956 400 1984 substantiam
417 1961 517 1984 sancta:
532 1955 687 1988 Trinitatis,
711 1963 796 1982 unum
821 1955 905 1983 Deum

121 2006 304 2030 Consentanee
315 2007 443 2036 putamus
459 2009 466 2027 ι
487 2001 622 2035 siquidem
638 2008 735 2027 nomen
754 2000 809 2033 Dei,
828 2000 908 2028 unius

122 2048 281 2075 substantia:
300 2054 398 2074 nomen
413 2050 465 2073 est.
481 2045 521 2073 Ac
535 2053 650 2080 magnus
666 2045 747 2072 etiam
767 2045 884 2073 Basilius
900 2054 907 2072 :

122 2094 148 2121 Si
164 2101 237 2126 Vero,
254 2093 352 2127 inquit,
369 2092 549 2120 substantiam
567 2091 612 2118 Dei
631 2091 721 2118 lumen
738 2099 799 2118 esse
813 2091 909 2118 statui-

124 2147 194 2171 mus,
213 2143 260 2166 aut
274 2139 368 2170 vitam,
392 2142 438 2164 aut
453 2138 554 2164 bonum
570 2141 669 2170 totum,
685 2137 711 2164 id
728 2142 780 2170 cst,
794 2145 854 2164 cum
873 2137 909 2164 sit

124 2186 186 2215 vita.
201 2190 287 2212 tottnn
304 2185 394 2211 lumen
411 2189 462 2215 est.
476 2189 502 2210 et
520 2188 605 2210 totttttt
622 2184 735 2215 bonum.
751 2185 805 2210 vita
817 2188 907 2210 autem

959 1588 1134 1617 exstiterunt.
1158 1588 1353 1617 Consentanee
1378 1590 1462 1623 igitur
1487 1590 1514 1617 in
1539 1590 1613 1616 omni
1638 1589 1747 1616 nomine

958 1635 1120 1669 qumriutus,
1138 1635 1200 1669 quis
1215 1635 1320 1667 primus
1336 1636 1439 1662 invenit
1450 1657 1456 1668 ,
1474 1640 1502 1662 ct
1516 1636 1587 1662 unde
1607 1643 1683 1662 mens
1698 1635 1748 1662 ho-

960 1680 1042 1708 minis
1057 1680 1122 1707 illud
1136 1681 1240 1715 accepit
1260 1690 1268 1708 :
1285 1686 1312 1709 et
1327 1682 1359 1709 ad
1378 1689 1461 1716 quam
1487 1690 1542 1710 rem
1567 1689 1662 1708 earum
1687 1689 1748 1716 quae

958 1731 1033 1753 extra
1051 1732 1125 1759 sunt,
1140 1735 1187 1762 per
1201 1726 1311 1754 nomina
1325 1727 1496 1755 adducimur.

1256 1794 1368 1823 CAPUT
1384 1794 1430 1822 IX.

961 1852 1037 1884 Quod
1052 1851 1160 1878 nomina
1179 1851 1268 1878 divina
1300 1852 1334 1877 ad
1367 1859 1421 1878 rem
1443 1852 1539 1885 ipsum.
1568 1852 1617 1878 Dei
1646 1851 1748 1878 scilicet

994 1887 1173 1914 substantiam
1192 1886 1286 1918 relatu,
1302 1887 1407 1920 proprie
1427 1887 1512 1920 ipsum
1527 1887 1690 1921 signiﬁcant.
1720 1890 1746 1913 et

994 1929 1045 1947 mm
1059 1929 1103 1953 per
1121 1921 1298 1948 abusionem:
1328 1925 1352 1947 et
1378 1922 1446 1954 quod
1473 1929 1520 1955 per
1546 1925 1747 1954 unumquodque

994 1956 1086 1982 horum
1103 1956 1235 1991 nominum
1252 1955 1423 1991 Trinitatem,
1436 1964 1493 1991 quae
1505 1964 1585 1990 supra
1596 1964 1675 1991 quant
1688 1955 1750 1982 sub-

996 1991 1095 2017 stantia
1119 1995 1168 2022 est,
1201 1990 1380 2017 declaramus.

995 2046 1112 2074 Sanctus
1127 2045 1245 2081 Cyrillns
1264 2046 1291 2072 in
1312 2045 1453 2074 Thesauri:
1480 2046 1515 2082 (ε)
1542 2047 1603 2074 ait:
1631 2045 1750 2081 Oporte-

959 2093 1005 2120 bat
1018 2097 1118 2124 tacere,
1135 2096 1163 2119 et
1177 2091 1245 2118 nihil
1257 2093 1290 2118 ad
1321 2091 1434 2119 istorum
1467 2092 1502 2119 ita
1532 2092 1635 2119 fatuatn
1664 2099 1749 2126 argu-

960 2139 1154 2166 mentationem
1172 2137 1346 2171 respondere.
1367 2137 1398 2164 Et
1414 2137 1495 2171 paulo
1519 2142 1579 2172 post
1597 2146 1604 2165 :
1621 2137 1712 2170 Quare
1724 2137 1748 2164 si

960 2184 1022 2219 quis
1036 2183 1172 2211 hominem
1194 2183 1355 2214 nominavit,
1367 2183 1430 2217 quia
1452 2183 1533 2209 homo
1548 2190 1601 2209 non
1627 2187 1668 2211 est
1697 2185 1748 2220 hoc

123 2238 293 2266 consequens
318 2230 399 2258 habet
423 2229 574 2264 ingenitum
602 2238 609 2257 :
632 2229 769 2264 quontodo
796 2238 849 2256 tton
868 2234 911 2257 est
926 2217 1072 2256 Domnino
1089 2235 1198 2260 nomen,
1216 2227 1289 2262 quod
1319 2228 1456 2255 hominem
1481 2228 1626 2262 signiﬁcat,
1654 2233 1683 2255 ut
1704 2217 1750 2254 isti

124 2284 219 2310 expers
233 2273 453 2309 rotupositiouis.
476 2273 522 2308 qui
541 2278 582 2300 est
608 2273 758 2300 secundum
783 2274 911 2301 substan-

126 2323 187 2350 tiam
214 2321 348 2356 simplex?
373 2320 445 2348 Idem
471 2320 555 2346 etiam
572 2327 579 2345 :
597 2318 711 2346 Nomina
737 2320 826 2354 nvagui
845 2320 909 2350 Dci,

159 2394 179 2410 "
195 2393 278 2420 Exod.
293 2400 334 2424 In;
351 2391 420 2420 Gen.
437 2398 461 2424 t;
487 2389 564 2417 Deut.
577 2397 615 2417 VI.

963 2280 1200 2311 argumentantur.
1214 2274 1345 2310 intelligat
1366 2275 1448 2309 igitur
1463 2273 1535 2301 aliud
1555 2274 1631 2309 quid,
1648 2279 1674 2300 et
1695 2281 1750 2300 non

967 2323 1019 2350 hoc
1034 2322 1154 2357 penitus,
1171 2321 1243 2356 qttod
1261 2328 1360 2348 nomen
1384 2319 1540 2357 signiﬁcat:
1556 2325 1583 2347 at
1598 2320 1620 2347 si
1645 2321 1696 2347 hoc
1708 2320 1750 2347 in-

765 2448 888 2480 Scbolia
905 2449 937 2480 S.
952 2449 1092 2479 'l‘homte.

161 2505 198 2539 (ι)
215 2503 276 2531 Ilaec
297 2512 347 2531 vox
359 2525 365 2536 ,
384 2505 465 2536 Deus,
481 2504 553 2532 sicut
568 2504 688 2532 continet
705 2511 846 2538 personas,
865 2503 906 2530 sic

128 2541 206 2567 etiam
233 2540 367 2572 signiﬁcat
390 2546 417 2568 ct
437 2541 558 2567 declarat
583 2547 723 2573 personas,
748 2543 775 2565 et
796 2539 830 2566 de
858 2539 911 2565 illis

130 2575 309 2610 praulicatur:
326 2575 372 2601 sed
396 2576 460 2609 quia
489 2584 541 2601 non
567 2576 655 2600 solunt
676 2575 797 2600 declarat
813 2581 908 2608 perso-

130 2618 200 2641 nam,
226 2610 273 2636 sed
298 2610 377 2636 etiam
401 2618 480 2636 unum
505 2615 629 2636 naturaut
654 2616 827 2635 commuttth
857 2616 908 2635 non

132 2645 291 2678 cogitatione
308 2646 374 2676 sola.
396 2647 442 2671 sed
459 2653 497 2676 rc,
514 2645 614 2671 idcirco
629 2645 674 2678 qui
696 2644 761 2670 dicit
777 2649 832 2670 tres
849 2651 910 2677 pcr-

131 2687 283 2712 sonasmcn
294 2680 337 2706 dic
350 2679 431 2706 tdicil
446 2685 500 2706 tres
514 2680 579 2706 deos
589 2680 670 2711 (sicut
686 2678 732 2712 qui
747 2684 802 2704 tres
820 2679 909 2704 bouti-

134 2715 188 2747 nes)
200 2715 248 2742 scd
266 2722 348 2740 unum
362 2723 368 2740 :
384 2715 470 2741 tleita;
488 2722 550 2741 vero
566 2715 616 2740 t-tsi
631 2714 749 2741 euntiuct
765 2721 906 2746 personas,

132 2755 156 2776 et
176 2750 208 2776 de
232 2750 284 2777 illis
298 2750 461 2784 prmtlitatur
483 2749 633 2776 secundum
657 2757 724 2778 rem.
742 2753 830 2775 tamen
844 2756 906 2782 quia

166 2820 203 2853 (a)
218 2819 246 2845 In
262 2819 340 2853 cpist.
356 2821 387 2846 de
400 2820 508 2854 synodis
522 2819 634 2846 Arimini
649 2824 676 2845 ct
689 2818 828 2846 Seleucia;

166 2854 204 2889 (ιι)
220 2854 247 2880 In
263 2856 380 2882 secunda
397 2855 517 2882 oratione
536 2858 567 2882 de
580 2854 739 2889 'I‘ltcologta.

962 2503 1111 2530 secundum
1139 2501 1247 2528 modum
1268 2508 1439 2528 communem
1461 2499 1641 2535 signiﬁcandi.
1671 2504 1751 2526 natu-

963 2545 1021 2564 ram
1036 2537 1095 2563 sine
1110 2537 1321 2571 proprietatibus
1336 2535 1513 2571 bypostuticis
1529 2535 1677 2571 signiﬁcat,
1695 2542 1750 2571 non

962 2570 1124 2607 praedicatur
1144 2573 1252 2607 proprie
1277 2571 1310 2597 de
1333 2571 1468 2607 personis.
1485 2570 1564 2597 Pater
1582 2570 1653 2596 enim
1671 2570 1750 2607 _divi-

962 2605 1048 2634 nitate
1075 2611 1101 2632 ct
1117 2606 1279 2640 paternitatc
1294 2611 1423 2640 tanquam
1440 2605 1524 2632 forma
1542 2611 1569 2632 et
1586 2605 1750 2638 proprietate

961 2639 1135 2677 Itypostatica
1146 2676 1149 2677 ν
1161 2640 1240 2667 Pater
1257 2645 1297 2677 est
1311 2649 1318 2672 ;
1335 2639 1502 2677 etsimilitrr
1519 2639 1685 2677 lttprcliqui}.

997 2678 1035 2712 (‘2)
1053 2676 1108 2703 lloc
1125 2676 1201 2707 dicit,
1217 2676 1280 2710 quia
1298 2675 1409 2712 nomina
1425 2675 1624 2712 exrconstituto
1642 2674 1748 2712 signiﬁ-

959 2709 1044 2738 cant:
1060 2716 1086 2738 ct
1107 2718 1138 2737 ea
1155 2718 1215 2744 qut:
1228 2709 1295 2736 sunt
1312 2710 1338 2736 in
1353 2717 1430 2743 voce,
1449 2711 1527 2746 signa
1543 2714 1608 2739 sunt
1624 2709 1748 2737 alicctio-

959 2755 1023 2774 num
1039 2754 1098 2780 qua:
1115 2746 1141 2772 in
1159 2745 1249 2772 anima
1271 2751 1345 2772 sunt.

1001 2818 1036 2842 In)
1052 2817 1112 2845 Lib.
1126 2825 1174 2846 vn.
1190 2824 1249 2852 cap.
1265 2817 1294 2844 ἓ.
