1954 3071
84 141 141 173 809

421 137 538 168 DECAS
558 137 590 167 V.
611 149 645 156 —-
666 135 714 166 DE
732 132 1065 167 PROPRIETATIBUS
1094 132 1211 162 DlVlN.
1232 132 1366 182 NOMllN.

1649 128 1704 162 810

91 197 203 232 quidem
215 196 342 228 dicimus,
356 195 427 229 quod
445 193 656 228 pulchritudinis
670 193 871 227 particepscst;
888 193 909 219 Α
925 197 972 216 nes
987 195 1014 217 et
1027 190 1176 217 accidentia
1196 191 1222 217 iu
1237 191 1318 218 rebus
1352 194 1505 222 censentur,
1518 189 1590 224 quod
1607 189 1634 216 in
1649 189 1705 216 Deo

91 241 328 277 pulchritudinem
342 248 405 267 vero
419 239 654 275 participationem
667 246 756 265 causa:
783 236 874 263 omnia

93 289 208 322 pulchra
225 286 378 314 etlicicntis.
393 286 490 318 Quoin
509 285 570 312 loco
595 285 633 311 ait
653 289 762 311 sanctus
789 282 874 309 Maxi~

93 339 172 360 mus:
184 331 302 358 Pulcher
312 331 410 358 dicitur
422 330 494 357 Deus
507 331 531 356 itt
541 329 653 356 Cantico
661 329 828 355 canticorum
839 327 875 359 ",

92 383 119 404 et
137 377 390 410 David:Speciasus
415 376 501 410 [arma
527 383 582 410 prw
605 374 668 408 [iliis
701 372 874 400 hominum".

95 413 207 449 Dicitur.
216 426 306 448 autem
318 422 461 456 pulchrum
478 426 505 447 et
521 419 708 454 pulchritudo,
724 419 789 453 quia
818 418 875 444 dis-

94 467 228 501 tinguitur
244 466 270 492 iu
287 467 369 492 rebus
395 466 421 492 in
452 465 636 498 participaulia
665 467 691 490 et
706 463 876 497 participata,

95 512 122 538 itt
138 512 193 538 Deo
207 516 299 538 autem
317 519 369 537 non
386 511 425 537 sic
444 519 450 537 :
467 510 546 541 καλὸς
566 517 694 543 namque,
706 509 730 535 id
746 514 798 540 est,
820 507 877 542 pul-

94 557 162 582 cher
179 556 290 587 dicitur,
306 560 332 582 et
348 555 411 589 quia
441 555 673 581 tribuitomnibus
696 553 876 588 pulchritudi-

95 609 170 632 nem,
187 606 214 628 et
225 601 288 634 quia
300 601 391 626 omnia
407 600 440 626 ad
450 607 480 626 se
493 600 580 631 καλεῖ,
596 600 622 626 id
637 605 689 636 est,
703 603 781 626 vocat
795 608 802 631 ;
820 606 880 624 rur-

96 655 146 674 sus
161 647 242 673 καλδν
256 647 293 677 ὡς
310 646 352 672 ἀεὶ
385 645 425 677 ὃν,
443 647 467 672 id
481 650 532 676 est,
567 645 710 678 pulchrum
740 650 877 678 tamquam

95 700 205 726 semper
219 692 366 722 exsistens.
381 691 528 718 secundant
553 690 640 717 Graeci
674 690 793 717 nominis
822 695 880 724 ety-

97 738 257 771 mologiam,
280 741 372 771 utpote
386 743 524 768 nunquam
533 735 705 767 decrescens,
723 741 771 761 nec
797 742 880 768 auge-

95 790 190 810 ccens.
215 783 314 809 lbidetn
331 783 411 808 ctiam
430 781 574 816 Dionysius
590 789 596 807 :
613 780 792 813 Quamobrem
809 780 879 806 idem

95 833 140 855 est.
157 828 300 862 pulchrum
315 832 397 861 atque
412 827 522 858 bonum,
535 826 664 860 quoniatu
679 826 768 852 omnia
783 833 880 852 secun-

97 875 163 900 dum
191 880 298 899 omnem
323 879 433 899 causam
458 871 599 905 pulchrum
621 875 647 897 et
670 871 768 897 bonunt
797 877 879 904 appe-

99 923 162 945 tunt
171 918 210 953 (5)
223 922 266 944 :et
278 917 343 944 niltil
355 922 396 944 est
407 917 433 942 in
445 924 532 942 rerum
543 922 648 948 ttatura,
659 917 724 950 quin
735 915 878 949 pulchrum

97 969 123 990 ct
140 964 241 990 bonum
261 963 405 997 participat
428 971 434 988 :
464 961 569 988 audebo
598 962 680 988 etiam
702 961 753 988 hoc
780 961 880 992 dicere,

97 1009 172 1043 quod
186 1016 240 1034 non
259 1011 312 1039 est,
326 1007 468 1042 pulchrum
481 1007 612 1033 etbonum
629 1007 803 1041 participare,
817 1010 881 1032 tunc

98 1054 172 1081 enim
186 1057 228 1080 est
244 1054 342 1086 ipsum.
357 1053 503 1086 pulchrum
516 1057 541 1079 et
577 1053 691 1083 bonum,
720 1052 829 1086 quando
854 1052 881 1078 in

101 1101 156 1127 Deo
166 1099 290 1126 laudatur
299 1107 379 1132 supra
392 1099 570 1125 substantiam
579 1098 726 1125 auferendo
735 1098 823 1124 omnia
833 1098 881 1132 (4).

99 1146 178 1178 Quod
212 1149 302 1171 autem
332 1145 400 1170 idem
433 1149 474 1170 est
499 1144 641 1176 pulchrum
671 1150 752 1178 atque
780 1145 880 1172 bonunt

101 1192 128 1216 in
146 1191 211 1221 Deo,
222 1190 268 1224 qui
285 1195 326 1216 est
341 1197 422 1223 supra
450 1189 652 1220 substantiam;
668 1194 694 1216 et
724 1189 795 1223 quod
826 1191 883 1217 haec

101 1243 163 1270 qua:
181 1235 361 1263 substantiam
373 1234 430 1265 Dei,
444 1241 504 1268 qua:
522 1239 561 1260 est
592 1242 668 1268 origo
691 1234 882 1266 deiticationis,

101 1280 253 1311 declarant,
272 1279 304 1305 ad
318 1279 406 1313 ipsum
425 1287 471 1312 per
486 1279 580 1305 divina
595 1279 703 1304 nomina
729 1279 836 1312 pulchri
859 1283 885 1305 ct

102 1326 166 1352 boni
176 1325 311 1360 pertinent
325 1333 332 1350 :
346 1329 373 1350 et
385 1324 457 1358 quod
487 1323 519 1350 ad
533 1331 564 1350 ea
580 1332 640 1357 qua:
669 1325 694 1349 iu
723 1324 777 1350 Deo
809 1329 884 1356 sunt,

104 1379 159 1397 non
178 1371 384 1404 distinguuntur
398 1369 425 1396 itt
442 1369 666 1403 participationes
681 1373 706 1396 et
738 1369 885 1404 participa«

105 1422 142 1449 ta,
158 1417 245 1451 liquet
260 1424 293 1443 ex
305 1423 439 1443 consensu
451 1415 653 1450 theologorum.
664 1414 692 1441 ln
715 1417 814 1450 quibus
836 1423 885 1442 au-

108 1469 160 1490 tem
178 1462 354 1497 distinguitur
369 1461 486 1492 bonitas,
501 1467 527 1488 et
540 1469 587 1496 per
601 1462 684 1495 ipsam
695 1462 849 1496 pulchrum,
861 1467 887 1489 et

109 1509 182 1544 quod
200 1509 226 1536 iu
243 1513 368 1535 creatura
385 1507 599 1542 distinguuntur,
623 1513 650 1534 ct
680 1515 740 1542 quae
766 1508 885 1542 ipsorum

110 1556 251 1582 nominum
269 1553 430 1588 proprietas,
444 1560 478 1579 ex
500 1553 541 1579 his
572 1552 745 1580 manifestum
770 1553 815 1580 sit.
840 1552 890 1588 Sy-

109 1601 198 1627 nodus
214 1606 306 1627 contra
323 1599 485 1626 Maniclmos
495 1599 528 1624 ab
539 1598 668 1632 episcopo
696 1598 785 1625 Caron
811 1599 889 1625 habi-

109 1644 401 1680 ta.qu-.oinPanariis
434 1645 529 1674 fertur,
556 1644 612 1671 ait:
644 1644 747 1671 Bonum
779 1645 805 1671 in
837 1645 890 1671 θυι)

109 1691 262 1718 substantia
288 1695 339 1721 est,
367 1690 393 1716 in
422 1691 556 1716 creaturis
582 1696 672 1716 autent
694 1690 832 1717 accidens.
858 1689 891 1716 Et

111 1737 181 1762 idem
197 1736 298 1762 ibim-tn
316 1742 323 1761 :
337 1734 448 1762 Bonitas
461 1736 546 1766 enim,
564 1742 624 1768 quae
639 1735 665 1761 itt
683 1735 809 1762 universo
833 1743 892 1762 eer-

111 1782 196 1812 ttitur,
215 1780 394 1807 inte-uisionem
408 1785 435 1806 et
457 1780 645 1807 remissionem
663 1785 692 1806 ut
703 1781 831 1807 accidens
847 1788 890 1808 re-

111 1826 188 1860 cipit.
206 1825 237 1851 Et
251 1825 396 1859 Dionysius
412 1825 498 1858 capite
515 1825 620 1851 decimo
634 1825 712 1852 tertio
733 1825 769 1851 De
797 1826 891 1852 divinis

113 1871 274 1902 numinibus,
300 1869 356 1896 Nec
388 1871 486 1904 ipsum,
514 1870 612 1904 inquit,
643 1877 741 1896 nomen
766 1871 893 1898 bonitatis

114 1915 250 1942 ditinitati
281 1920 409 1948 tanquam
439 1919 531 1948 aptum
569 1915 819 1948 accommodamus,
846 1916 892 1943 sed

115 1961 251 1988 desiderio
264 1961 364 1994 aliquid
387 1959 553 1994 intelligendi
567 1965 594 1987 et
610 1960 718 1987 dicendi
734 1961 767 1988 de
796 1967 893 1988 natura

116 2008 159 2034 illa
176 2014 275 2033 arcana
289 2012 315 2032 et
331 2005 470 2036 iueﬂ‘abéli,
494 2006 566 2040 quod
594 2011 634 2032 est
656 2006 776 2033 otttttiuut
809 2009 895 2034 uomi-

115 2061 179 2079 num
199 2052 315 2077 maxime
340 2051 504 2082 venerabile,
531 2051 581 2085 ipsi
606 2051 723 2085 primum
754 2060 896 2079 consecra-

118 2106 179 2124 mus
195 2097 244 2124 Ubi
259 2104 375 2124 sanctus
391 2097 524 2124 Maximus
542 2106 547 2122 τ
565 2097 605 2124 0b
620 2098 690 2124 hanc
701 2105 824 2130 causam,
852 2099 896 2125 ln-

117 2144 185 2176 qnit.
203 2151 299 2169 nomen
318 2142 381 2169 boni
399 2147 445 2169 attt
462 2142 566 2175 pulchri
586 2150 637 2168 nou
656 2145 764 2177 proprio
788 2151 894 2171 accom-

928 243 981 260 ttou
1002 235 1038 261 ita
1053 240 1106 267 est,
1123 237 1170 269 qui
1189 237 1278 262 omnia
1314 235 1460 262 antecellit.
1481 235 1587 262 Rursus
1611 234 1704 261 idem:

926 279 1066 308 Desiderio
1090 281 1253 315 intelligendi
1274 286 1300 308 et
1325 281 1431 308 dicendi
1461 280 1562 315 aliquid
1585 280 1619 307 de
1650 279 1705 306 Deo

927 333 1023 353 nomen
1041 326 1104 353 boni
1134 327 1260 362 'l‘henlogi
1287 327 1342 354 Deo
1373 327 1565 357 attribuerunt.
1596 326 1706 361 proprie

927 371 998 399 enim
1010 372 1081 399 Deus
1094 377 1135 399 est
1143 381 1222 406 supra
1230 381 1311 408 quam
1321 373 1419 403 bonus.
1428 378 1455 400 et
1467 368 1631 407 supraquam
1643 373 1708 400 snbv

927 419 1038 449 stantia,
1054 418 1159 444 bonitas
1174 423 1262 445 autem
1278 426 1374 445 nomen
1386 423 1426 446 est
1440 419 1631 445 venerationis.
1645 417 1707 444 Item

929 463 1000 490 idem
1017 465 1178 491 incumbens
1189 466 1214 491 itt
1231 473 1262 491 ca
1276 473 1336 499 quae
1348 470 1410 492 sunt
1430 465 1455 491 in
1467 469 1564 499 quarto
1574 465 1662 498 capite
1676 463 1710 490 de

928 509 1030 535 eisdem
1071 508 1172 536 divitiis
1209 510 1388 536 nominibus:
1411 509 1526 540 Bonum,
1556 509 1655 543 inquit,
1681 513 1709 534 et

929 555 1085 589 pulchrum,
1098 555 1170 589 quod
1189 555 1215 582 itt
1244 555 1371 582 omnibus
1402 556 1483 588 illest,
1501 564 1555 582 ttun
1570 561 1612 583 est
1643 555 1708 581 illud

931 599 1047 634 primunt
1065 600 1208 634 pulcltrum
1226 606 1253 627 et
1265 601 1366 627 bonum
1381 601 1514 631 omnium,
1538 599 1616 634 cujus
1648 607 1710 634 par-

931 645 1086 680 ticipatione
1105 647 1196 673 omnia
1208 652 1271 674 sunt
1287 647 1396 681 pulcltra
1411 651 1438 673 et
1456 647 1536 678 bona,
1551 647 1621 680 quod
1636 645 1707 672 enim

930 695 972 716 cst
988 690 1014 716 itt
1033 691 1115 717 rebus
1128 691 1272 724 pulchrum
1288 695 1314 718 et
1331 691 1443 722 bonum,
1459 699 1510 717 non
1528 695 1570 717 cst
1583 690 1711 717 substan-

931 735 979 766 tia,
996 743 1177 770 nequegenus
1194 737 1361 767 substantias,
1395 737 1442 764 sed
1470 737 1608 768 neci-Irus,
1638 736 1710 770 quod

933 781 1013 807 habet
1028 781 1235 808 similitudinem
1256 781 1650 815 aliquantulumcnnjnnctant.
1673 780 1711 807 Et:

932 826 1031 860 quibus
1043 827 1146 860 pateﬁt,
1176 828 1405 861 quemadmodum
1432 828 1540 854 bonitas
1564 833 1591 854 et
1621 828 1710 861 ipsum

934 871 1076 905 pulchrum
1091 872 1117 898 in
1138 871 1191 899 Deo
1213 873 1374 907 copulantur
1389 882 1395 905 ;
1411 877 1438 900 et
1453 873 1522 900 idem
1542 879 1582 900 est
1610 873 1710 899 bonum

935 920 1015 950 atque
1028 915 1182 949 pulcttrum,
1201 922 1276 943 extra
1296 917 1379 943 Deum
1394 924 1467 948 vero,
1484 921 1510 944 et
1526 917 1551 943 in
1578 914 1713 945 creaturis

934 961 994 995 ejus
1009 961 1126 988 discreta
1142 965 1216 994 sunt,
1230 962 1437 996 passionesque,
1455 967 1481 988 et
1497 963 1646 989 accidentia
1659 971 1710 989 ttu-

935 1012 1086 1032 merantur.
1109 1005 1196 1032 Etiam
1230 1007 1423 1040 proprietatem
1456 1007 1553 1034 horum
1583 1008 1714 1042 intellige-

937 1057 1009 1082 mus,
1027 1051 1049 1078 si
1069 1059 1130 1086 qua:
1145 1051 1211 1078 dicit
1236 1059 1362 1079 summus
1393 1052 1534 1086 theologus
1568 1053 1714 1088 Dionysius

937 1096 1125 1124 advertimus:
1160 1096 1227 1125 Boni
1257 1098 1341 1129 enint,
1372 1097 1470 1132 inquit,
1503 1107 1614 1132 nomen,
1643 1099 1716 1132 quod

938 1142 1077 1169 universas
1091 1143 1278 1170 emanalioncs
1293 1144 1415 1171 auctoris
1437 1144 1559 1171 omnium
1584 1145 1714 1176 declarat,

938 1187 964 1213 ix:
981 1195 1011 1213 ea
1028 1195 1088 1221 qua:
1107 1192 1180 1219 sunt,
1193 1191 1218 1214 et
1238 1195 1298 1222 qua:
1312 1196 1365 1214 tton
1377 1193 1450 1221 sunt,
1469 1190 1587 1216 tenditur
1604 1195 1630 1217 et
1653 1197 1717 1224 por-

939 1233 1052 1266 rigitur;
1069 1236 1095 1258 et
1111 1240 1191 1265 supra
1201 1233 1293 1259 omnia
1308 1241 1367 1266 qua:
1381 1239 1455 1266 sunt,
1468 1240 1495 1260 et
1505 1242 1566 1269 quae
1575 1242 1627 1261 non
1641 1240 1704 1262 suut

938 1282 981 1303 cst
998 1285 1004 1304 :
1021 1278 1044 1304 si
1059 1283 1148 1304 autem
1166 1277 1267 1304 bonum
1281 1277 1400 1312 idipsum
1428 1286 1490 1306 cum
1520 1280 1632 1314 pulchro
1662 1285 1714 1311 est,

939 1331 1111 1350 communem
1124 1325 1236 1350 omnino
1249 1331 1312 1350 eum
1328 1332 1361 1351 eo
1378 1325 1569 1359 proprietatem
1589 1326 1716 1357 habebit;

945 1369 1050 1403 eritque
1070 1371 1220 1404 proprietas
1237 1370 1344 1405 pulchri
1373 1371 1444 1397 tendi
1465 1371 1491 1398 in
1502 1378 1532 1398 ea
1560 1379 1621 1406 qua;
1642 1376 1719 1404 sunt,

939 1419 966 1440 et
979 1422 1039 1448 qua:
1051 1423 1102 1441 non
1117 1421 1191 1446 sunt,
1209 1421 1319 1450 propter
1336 1417 1478 1450 pulchruttt
1495 1413 1566 1444 eniiu
1580 1422 1606 1444 et
1617 1418 1716 1444 bonum

941 1465 1037 1487 cuncta
1055 1461 1186 1494 producta
1202 1467 1277 1494 sunt,
1299 1462 1353 1488 imo
1369 1467 1480 1497 propter
1492 1462 1547 1488 haec.
1560 1463 1629 1496 ipsa,
1660 1463 1720 1498 pul-

943 1507 1038 1532 chruttt
1055 1506 1114 1533 dico
1133 1511 1159 1534 et
1174 1507 1287 1538 bonunt,
1304 1508 1369 1535 item
1384 1515 1415 1534 ea
1433 1516 1492 1542 qua:
1509 1517 1562 1535 tton
1577 1513 1652 1541 sunt,
1668 1517 1721 1535 nou

943 1555 1006 1577 sunt
1022 1552 1161 1586 producta,
1181 1553 1308 1586 quoniam
1322 1562 1392 1581 unus
1406 1553 1444 1581 sol
1459 1559 1568 1588 propter
1581 1555 1681 1581 bonum
1694 1559 1722 1581 et

943 1597 1087 1630 pulchrum
1104 1599 1191 1625 factus
1207 1603 1258 1631 est,
1273 1604 1298 1625 et
1313 1599 1380 1626 alter
1400 1599 1440 1626 sol
1456 1600 1501 1634 qui
1517 1607 1569 1626 non
1594 1605 1644 1633 est,
1661 1608 1724 1634 pro-

944 1646 1002 1675 pter
1018 1642 1116 1669 honum
1132 1643 1194 1669 item
1212 1649 1238 1670 et
1252 1644 1393 1676 pulchrum
1405 1651 1458 1670 non
1477 1649 1518 1671 est
1544 1644 1632 1671 factus
1646 1653 1652 1671 :
1671 1645 1723 1671 ita-

944 1697 996 1722 que
1009 1690 1062 1715 duo
1079 1697 1131 1715 ttutt
1145 1693 1208 1715 sunt
1223 1688 1286 1715 facti
1300 1694 1408 1723 propter
1418 1689 1542 1717 eamdem
1574 1689 1722 1717 bonitatem

946 1741 971 1761 et
984 1734 1226 1768 pulchritudinem.
1240 1735 1268 1762 Si
1280 1735 1352 1762 enim
1369 1743 1453 1762 unum
1477 1737 1561 1762 solent
1579 1737 1605 1763 in
1627 1738 1726 1764 ardore

946 1780 1017 1806 ferre
1031 1787 1083 1806 non
1102 1787 1258 1813 possumus,
1273 1781 1294 1806 si
1311 1780 1479 1812 duo'cssent,
1498 1782 1559 1814 quis
1581 1790 1634 1808 tton
1651 1790 1726 1809 coni.

946 1824 1044 1851 bustus
1068 1825 1248 1851 remaneret?
1275 1824 1388 1859 Propter
1412 1825 1559 1852 bonitatem
1592 1827 1674 1860 igitur
1698 1833 1726 1855 et

947 1869 1178 1904 pulchritudinem
1192 1870 1361 1904 etiamquod
1390 1875 1505 1905 nonest,
1525 1879 1578 1898 non
1597 1879 1639 1899 est
1666 1872 1724 1901 [πε

948 1919 1014 1942 tum.
1027 1915 1114 1942 Simul
1123 1915 1336 1942 demonstratum
1347 1920 1397 1947 est,
1407 1917 1498 1942 omnia
1508 1918 1618 1944 nomina
1630 1919 1657 1945 in
1671 1918 1726 1946 Deo

949 1968 1002 1986 tton
1019 1960 1101 1987 dividi
1120 1960 1147 1986 in
1171 1961 1396 1994 participationes
1410 1967 1437 1989 et
1451 1962 1610 1997 participata
1626 1972 1632 1990 :
1648 1969 1726 1990 extra

950 2007 1033 2033 Deum
1053 2010 1154 2038 autem,
1172 2013 1233 2032 cuttt
1252 2007 1341 2039 agitur
1357 2008 1390 2034 de
1406 2008 1637 2040 emanationihus,
1660 2014 1726 2036 tunc

949 2056 975 2078 et
986 2051 1219 2086 partieipationes,
1235 2057 1258 2078 et
1289 2053 1440 2086 passiones,
1461 2057 1489 2079 et
1514 2054 1664 2080 accidentia
1684 2063 1727 2081 re-

949 2103 1079 2132 putautur
1094 2106 1100 2123 :
1114 2098 1184 2124 sicut
1199 2102 1288 2124 tuottts
1302 2097 1329 2124 itt
1360 2098 1516 2130 mobilibus,
1544 2104 1570 2125 et
1597 2100 1728 2133 operatio-

950 2152 998 2172 nes
1030 2143 1058 2170 in
1087 2143 1210 2176 ell‘ectis;
1237 2151 1288 2170 nec
1316 2151 1375 2177 quae
1400 2143 1462 2170 talia
1481 2149 1553 2176 sunt,
1570 2145 1729 2173 substantiae

119 2189 245 2216 modatur
258 2189 321 2219 l‘reo,
342 2188 404 2223 quia
423 2188 477 2214 haec
499 2188 525 2214 in
541 2188 621 2215 rebus
635 2190 808 2222 reperiuntur
824 2200 830 2217 :
857 2192 897 2218 sic
914 2194 935 2221 ι)
950 2191 1091 2223 dicuntur,
1107 2190 1171 2225 quia
1188 2195 1218 2216 ut
1232 2195 1311 2217 antea
1336 2191 1551 2218 demonstratum
1577 2197 1630 2224 est,
1664 2198 1730 2221 tunc

117 2236 197 2262 etiam
215 2242 341 2268 superius
357 2233 460 2260 dictum
473 2234 603 2267 reperies,
617 2234 680 2268 quia
710 2235 767 2262 hac
794 2236 897 2269 passio-

154 2328 176 2344 ³⁷
190 2328 269 2356 Cant.
287 2335 307 2360 ι,
325 2327 369 2359 l5,
406 2327 429 2342 ⁸⁸
443 2327 515 2354 Psal.
529 2334 599 2360 thv,
615 2327 641 2354 3.

950 2241 1025 2268 sunt,
1041 2244 1101 2263 cum
1117 2236 1194 2262 ﬁunt.

860 2385 995 2416 Scholia.

157 2443 196 2476 (5)
216 2440 313 2468 Omnia
343 2443 486 2476 secttnauut
515 2445 620 2476 omnem
645 2445 751 2464 causam
767 2437 904 2476 pulchrum

119 2483 143 2505 et
161 2472 259 2504 bonum
273 2480 407 2508 appetunt.
427 2474 495 2506 Quia
526 2472 596 2500 Deus
606 2472 649 2499 'est
669 2480 748 2500 causa
783 2473 904 2508 omnium

121 2512 253 2542 t-ﬂ‘ectrix,
273 2507 318 2542 qui
335 2518 396 2536 cum
415 2508 543 2535 omnibus
557 2507 704 2534 bonitatem
727 2512 754 2534 et
781 2507 904 2540 pulchri-

121 2548 242 2575 tudinem
253 2553 329 2571 suam
347 2544 544 2573 communicat,
556 2547 582 2569 et
601 2542 664 2576 quia
687 2542 748 2568 linis
771 2542 904 2573 omnium,

123 2582 212 2608 munia
231 2581 301 2606 enim
333 2579 401 2605 facta
429 2583 503 2607 sunt,
521 2581 550 2603 ut
576 2577 696 2603 divinam
715 2576 860 2603 bonitatem
879 2581 906 2602 et

124 2615 366 2651 putcltriuulmem,
386 2619 415 2640 ut
431 2612 558 2651 quidque
568 2615 668 2645 potest.
684 2611 832 2651 imitentur.
847 2610 904 2650 _Est

126 2645 254 2686 int-terea
274 2656 354 2676 causa
368 2645 624 2686 exetnplatts‘De‘us,
635 2653 696 2679 qum
708 2646 799 2686 omnia
812 2646 904 2686 prius-

124 2680 204 2720 quam
227 2685 332 2714 tierent,
349 2689 374 2720 et
387 2680 458 2709 inter
472 2689 506 2720 se
521 2681 764 2720 distinguercu‘tur,
793 2680 819 2707 itt
843 2681 902 2720 ipso

125 2715 212 2750 urant,
226 2724 253 2745 et
268 2719 415 2745 secundum
428 2717 546 2744 rationes
566 2720 593 2742 et
606 2715 770 2749 exemplaria
781 2716 902 2742 omnium

125 2762 185 2788 qua:
218 2754 246 2780 itt
277 2760 307 2780 se
339 2753 468 2784 habebat,
503 2751 594 2778 omnia
630 2752 700 2777 facta
732 2755 757 2777 et
785 2751 903 2777 disereta

127 2793 201 2817 sunt.

161 2824 199 2858 (4)
221 2822 336 2856 Quando
362 2820 458 2852 iuDeo
485 2819 610 2846 laudatur
630 2827 710 2855 supra
731 2819 905 2853 substpttlt'am

285 2869 418 2901 Damon.
441 2868 500 2898 Gn.
522 2867 606 2899 CLII.

955 2438 1098 2475 auferendo
1118 2439 1217 2475 omnia.
1243 2438 1357 2473 Exponit
1383 2441 1492 2475 quando
1518 2441 1590 2475 quod
1609 2448 1661 2468 non
1677 2446 1730 2474 est,

956 2474 1101 2509 participat
1116 2473 1258 2509 pulchrum
1274 2473 1429 2509 etibonuiu,
1443 2473 1553 2509 quando
1566 2477 1670 2503 scilicet
1684 2473 1732 2504 ali-

955 2508 1174 2546 quisdicitzllpc
1184 2515 1236 2534 non
1250 2512 1290 2535 est
1304 2508 1383 2538 Deus.
1395 2517 1443 2535 nec
1455 2510 1529 2541 Illud,
1540 2511 1584 2537 sed
1597 2517 1638 2538 est
1652 2519 1734 2546 supra

956 2544 1014 2570 haec
1027 2551 1034 2574 ;
1048 2544 1097 2569 hoc
1112 2543 1193 2576 igitur
1211 2551 1263 2578 non
1277 2551 1346 2572 esse.
1364 2545 1464 2570 ablatio
1477 2545 1586 2578 inquam
1601 2543 1734 2577 omnium.

956 2579 1013 2605 sivi:
1027 2579 1135 2612 negatio
1148 2577 1290 2610 participat
1302 2579 1443 2611 pulchrum
1459 2584 1486 2605 et
1511 2581 1623 2609 bonum,
1639 2586 1732 2612 quate~

956 2621 1006 2639 nus
1020 2612 1088 2639 Deus
1103 2613 1202 2639 dicitur
1222 2620 1272 2638 tton
1290 2619 1361 2640 esse.
1391 2614 1482 2640 Potest
1506 2616 1586 2640 etiam
1603 2615 1655 2641 dici
1693 2616 1737 2642 hic

955 2655 1008 2673 nott
1036 2655 1094 2674 esse
1112 2647 1267 2683 malet-iant
1282 2648 1334 2673 dici
1355 2648 1424 2675 solet
1446 2656 1461 2674 a
1476 2649 1615 2683 Dionysio,
1641 2654 1737 2683 quate—

956 2689 1008 2708 nus
1022 2689 1121 2714 expers
1133 2686 1174 2708 est
1187 2682 1305 2716 pulchra
1318 2682 1420 2712 formae,
1434 2687 1522 2716 potest
1538 2682 1600 2710 item
1613 2682 1665 2711 dici
1684 2692 1737 2711 non

955 2724 1015 2744 esse
1031 2717 1141 2748 malum,
1157 2722 1186 2742 ut
1208 2717 1290 2742 etiam
1304 2717 1371 2743 alias
1387 2717 1498 2749 dicitur,
1524 2723 1550 2744 et
1574 2719 1625 2745 hoc
1655 2719 1737 2745 etiam

956 2752 1100 2787 participat
1128 2752 1239 2784 bonum,
1265 2752 1328 2784 quia
1356 2752 1384 2778 tit
1401 2759 1511 2787 propter
1533 2753 1648 2787 aliquid,
1665 2754 1740 2787 quod

957 2786 1100 2819 pult'lll‘utlt
1119 2791 1145 2812 ct
1158 2786 1259 2814 bottutu
1275 2786 1389 2814 videtur.
1410 2786 1449 2814 Ex
1471 2787 1498 2814 5.
1521 2788 1651 2820 Maximo,
1666 2786 1738 2815 etet

954 2822 1127 2855 l’acbymeru.

1544 2867 1582 2897 26
