  <div class='ocr_page' id='page_1' title='image "/cluster/home/n/w/nwhite01/storage/ocr_20150623/152/njp.32101077773206/430.png"; bbox 0 0 1954 3071; ppageno 0'>
   <div class='ocr_carea' id='block_1_1' title="bbox 77 173 133 205">
    <p class='ocr_par' dir='ltr' id='par_1_1' title="bbox 77 173 133 205">
     <span class='ocr_line' id='line_1_1' title="bbox 77 173 133 205; baseline 0.036 -2"><span class='ocrx_word' id='word_1_1' title='bbox 77 173 133 205; x_wconf 78' lang='grc'><strong>813</strong></span> 
     </span>
    </p>
   </div>
   <div class='ocr_carea' id='block_1_2' title="bbox 78 225 901 259">
    <p class='ocr_par' dir='ltr' id='par_1_2' title="bbox 78 225 901 259">
     <span class='ocr_line' id='line_1_2' title="bbox 78 225 901 259; baseline -0.006 -5"><span class='ocrx_word' id='word_1_2' title='bbox 78 235 159 254; x_wconf 89' lang='lat' dir='ltr'><strong>nunc</strong></span> <span class='ocrx_word' id='word_1_3' title='bbox 176 234 240 254; x_wconf 81' lang='lat' dir='ltr'><strong>vero</strong></span> <span class='ocrx_word' id='word_1_4' title='bbox 261 225 404 253; x_wconf 88' lang='lat' dir='ltr'><strong>amabilem</strong></span> <span class='ocrx_word' id='word_1_5' title='bbox 432 231 458 252; x_wconf 85' lang='lat' dir='ltr'><strong>et</strong></span> <span class='ocrx_word' id='word_1_6' title='bbox 476 225 627 252; x_wconf 83' lang='lat' dir='ltr'><strong>dilectum?</strong></span> <span class='ocrx_word' id='word_1_7' title='bbox 644 225 716 251; x_wconf 91' lang='lat' dir='ltr'><strong>illius</strong></span> <span class='ocrx_word' id='word_1_8' title='bbox 744 225 865 258; x_wconf 88' lang='lat' dir='ltr'><strong>quidem,</strong></span> <span class='ocrx_word' id='word_1_9' title='bbox 882 233 901 259; x_wconf 68' lang='grc' dir='ltr'>Α</span> 
     </span>
    </p>
   </div>
   <div class='ocr_carea' id='block_1_3' title="bbox 81 270 870 303">
    <p class='ocr_par' dir='ltr' id='par_1_3' title="bbox 81 270 870 303">
     <span class='ocr_line' id='line_1_3' title="bbox 81 270 870 303; baseline -0.006 -5"><span class='ocrx_word' id='word_1_10' title='bbox 81 273 107 298; x_wconf 88' lang='lat' dir='ltr'><strong>id</strong></span> <span class='ocrx_word' id='word_1_11' title='bbox 126 276 182 303; x_wconf 84' lang='lat' dir='ltr'><strong>est,</strong></span> <span class='ocrx_word' id='word_1_12' title='bbox 212 272 314 297; x_wconf 88' lang='lat' dir='ltr'><strong>amoris</strong></span> <span class='ocrx_word' id='word_1_13' title='bbox 341 278 372 297; x_wconf 88' lang='lat' dir='ltr'><strong>ac</strong></span> <span class='ocrx_word' id='word_1_14' title='bbox 389 270 543 297; x_wconf 89' lang='lat' dir='ltr'><strong>dilectionis</strong></span> <span class='ocrx_word' id='word_1_15' title='bbox 559 274 664 300; x_wconf 85' lang='lat' dir='ltr'><strong>auctor,</strong></span> <span class='ocrx_word' id='word_1_16' title='bbox 685 273 712 296; x_wconf 88' lang='lat' dir='ltr'><strong>et</strong></span> <span class='ocrx_word' id='word_1_17' title='bbox 741 275 870 303; x_wconf 78' lang='lat' dir='ltr'><strong>tanquam</strong></span> 
     </span>
    </p>
   </div>
   <div class='ocr_carea' id='block_1_4' title="bbox 80 314 875 350">
    <p class='ocr_par' dir='ltr' id='par_1_4' title="bbox 80 314 875 350">
     <span class='ocr_line' id='line_1_4' title="bbox 80 314 875 350; baseline -0.003 -8"><span class='ocrx_word' id='word_1_18' title='bbox 80 317 238 350; x_wconf 74' lang='lat' dir='ltr'><strong>projuctor</strong></span> <span class='ocrx_word' id='word_1_19' title='bbox 261 319 288 342; x_wconf 87' lang='lat' dir='ltr'><strong>et</strong></span> <span class='ocrx_word' id='word_1_20' title='bbox 319 319 462 350; x_wconf 73' lang='lat' dir='ltr'><strong>generator</strong></span> <span class='ocrx_word' id='word_1_21' title='bbox 487 320 537 347; x_wconf 85' lang='lat' dir='ltr'><strong>est;</strong></span> <span class='ocrx_word' id='word_1_22' title='bbox 565 315 615 341; x_wconf 89' lang='lat' dir='ltr'><strong>hoc</strong></span> <span class='ocrx_word' id='word_1_23' title='bbox 645 321 746 346; x_wconf 87' lang='lat' dir='ltr'><strong>autem,</strong></span> <span class='ocrx_word' id='word_1_24' title='bbox 781 314 807 340; x_wconf 89' lang='lat' dir='ltr'><strong>id</strong></span> <span class='ocrx_word' id='word_1_25' title='bbox 832 317 875 340; x_wconf 87' lang='lat' dir='ltr'><strong>est</strong></span> 
     </span>
    </p>
   </div>
   <div class='ocr_carea' id='block_1_5' title="bbox 82 359 874 395">
    <p class='ocr_par' dir='ltr' id='par_1_5' title="bbox 82 359 874 395">
     <span class='ocr_line' id='line_1_5' title="bbox 82 359 874 395; baseline -0.005 -6"><span class='ocrx_word' id='word_1_26' title='bbox 82 362 216 389; x_wconf 82' lang='lat' dir='ltr'><strong>amabilis</strong></span> <span class='ocrx_word' id='word_1_27' title='bbox 229 366 256 388; x_wconf 91' lang='lat' dir='ltr'><strong>et</strong></span> <span class='ocrx_word' id='word_1_28' title='bbox 271 361 386 388; x_wconf 73' lang='lat' dir='ltr'><strong>dilectus</strong></span> <span class='ocrx_word' id='word_1_29' title='bbox 400 361 457 395; x_wconf 85' lang='lat' dir='ltr'><strong>ipse</strong></span> <span class='ocrx_word' id='word_1_30' title='bbox 474 365 525 392; x_wconf 89' lang='lat' dir='ltr'><strong>est,</strong></span> <span class='ocrx_word' id='word_1_31' title='bbox 552 360 598 386; x_wconf 86' lang='lat' dir='ltr'><strong>illo</strong></span> <span class='ocrx_word' id='word_1_32' title='bbox 613 361 734 394; x_wconf 79' lang='lat' dir='ltr'><strong>quidem,</strong></span> <span class='ocrx_word' id='word_1_33' title='bbox 767 359 792 385; x_wconf 91' lang='lat' dir='ltr'><strong>id</strong></span> <span class='ocrx_word' id='word_1_34' title='bbox 822 364 874 391; x_wconf 86' lang='lat' dir='ltr'><strong>est,</strong></span> 
     </span>
    </p>
   </div>
   <div class='ocr_carea' id='block_1_6' title="bbox 83 404 873 436">
    <p class='ocr_par' dir='ltr' id='par_1_6' title="bbox 83 404 873 436">
     <span class='ocr_line' id='line_1_6' title="bbox 83 404 873 436; baseline -0.004 -3"><span class='ocrx_word' id='word_1_35' title='bbox 83 414 185 433; x_wconf 86' lang='lat' dir='ltr'><strong>amore</strong></span> <span class='ocrx_word' id='word_1_36' title='bbox 200 411 227 432; x_wconf 91' lang='lat' dir='ltr'><strong>et</strong></span> <span class='ocrx_word' id='word_1_37' title='bbox 240 406 387 432; x_wconf 88' lang='lat' dir='ltr'><strong>dilectione</strong></span> <span class='ocrx_word' id='word_1_38' title='bbox 403 411 544 436; x_wconf 86' lang='lat' dir='ltr'><strong>movetur;</strong></span> <span class='ocrx_word' id='word_1_39' title='bbox 573 404 624 431; x_wconf 90' lang='lat' dir='ltr'><strong>hoc</strong></span> <span class='ocrx_word' id='word_1_40' title='bbox 648 409 750 436; x_wconf 85' lang='lat' dir='ltr'><strong>autent,</strong></span> <span class='ocrx_word' id='word_1_41' title='bbox 773 404 797 430; x_wconf 88' lang='lat' dir='ltr'><strong>id</strong></span> <span class='ocrx_word' id='word_1_42' title='bbox 823 408 873 435; x_wconf 74' lang='lat' dir='ltr'><strong>est,</strong></span> 
     </span>
    </p>
   </div>
   <div class='ocr_carea' id='block_1_7' title="bbox 90 449 874 483">
    <p class='ocr_par' dir='ltr' id='par_1_7' title="bbox 90 449 874 483">
     <span class='ocr_line' id='line_1_7' title="bbox 90 449 874 483; baseline -0.004 -6"><span class='ocrx_word' id='word_1_43' title='bbox 90 455 121 477; x_wconf 91' lang='lat' dir='ltr'><strong>tit</strong></span> <span class='ocrx_word' id='word_1_44' title='bbox 141 451 269 477; x_wconf 80' lang='lat' dir='ltr'><strong>amabilis</strong></span> <span class='ocrx_word' id='word_1_45' title='bbox 284 455 309 476; x_wconf 86' lang='lat' dir='ltr'><strong>et</strong></span> <span class='ocrx_word' id='word_1_46' title='bbox 324 450 441 476; x_wconf 84' lang='lat' dir='ltr'><strong>dilectus</strong></span> <span class='ocrx_word' id='word_1_47' title='bbox 456 454 556 480; x_wconf 89' lang='lat' dir='ltr'><strong>movet,</strong></span> <span class='ocrx_word' id='word_1_48' title='bbox 573 450 634 483; x_wconf 93' lang='lat' dir='ltr'><strong>quia</strong></span> <span class='ocrx_word' id='word_1_49' title='bbox 646 457 674 476; x_wconf 87' lang='lat' dir='ltr'><strong>se</strong></span> <span class='ocrx_word' id='word_1_50' title='bbox 689 449 746 483; x_wconf 90' lang='lat' dir='ltr'><strong>ipse</strong></span> <span class='ocrx_word' id='word_1_51' title='bbox 754 449 874 481; x_wconf 86' lang='lat' dir='ltr'><strong>adducit,</strong></span> 
     </span>
    </p>
   </div>
   <div class='ocr_carea' id='block_1_8' title="bbox 58 488 875 523">
    <p class='ocr_par' dir='ltr' id='par_1_8' title="bbox 58 488 875 523">
     <span class='ocr_line' id='line_1_8' title="bbox 58 488 875 523; baseline -0.004 -1"><span class='ocrx_word' id='word_1_52' title='bbox 58 488 62 491; x_wconf 57' lang='grc'><em>’</em></span> <span class='ocrx_word' id='word_1_53' title='bbox 87 504 116 522; x_wconf 83' lang='lat' dir='ltr'><strong>et</strong></span> <span class='ocrx_word' id='word_1_54' title='bbox 133 496 186 523; x_wconf 86' lang='lat' dir='ltr'><strong>sibi</strong></span> <span class='ocrx_word' id='word_1_55' title='bbox 198 495 308 522; x_wconf 88' lang='lat' dir='ltr'><strong>adtlueit</strong></span> <span class='ocrx_word' id='word_1_56' title='bbox 322 499 349 522; x_wconf 83' lang='lat' dir='ltr'><strong>et</strong></span> <span class='ocrx_word' id='word_1_57' title='bbox 361 499 464 521; x_wconf 84' lang='lat' dir='ltr'><strong>movet:</strong></span> <span class='ocrx_word' id='word_1_58' title='bbox 479 495 528 521; x_wconf 84' lang='lat' dir='ltr'><strong>hac</strong></span> <span class='ocrx_word' id='word_1_59' title='bbox 538 500 625 520; x_wconf 83' lang='lat' dir='ltr'><strong>autent</strong></span> <span class='ocrx_word' id='word_1_60' title='bbox 636 494 738 520; x_wconf 90' lang='lat' dir='ltr'><strong>ratione</strong></span> <span class='ocrx_word' id='word_1_61' title='bbox 747 494 875 520; x_wconf 88' lang='lat' dir='ltr'><strong>dilectum</strong></span> 
     </span>
    </p>
   </div>
   <div class='ocr_carea' id='block_1_9' title="bbox 81 537 875 570">
    <p class='ocr_par' dir='ltr' id='par_1_9' title="bbox 81 537 875 570">
     <span class='ocr_line' id='line_1_9' title="bbox 81 537 875 570; baseline -0.008 -3"><span class='ocrx_word' id='word_1_62' title='bbox 81 538 115 567; x_wconf 75' lang='lat' dir='ltr'><strong>et</strong></span> <span class='ocrx_word' id='word_1_63' title='bbox 143 540 285 566; x_wconf 89' lang='lat' dir='ltr'><strong>amabilem</strong></span> <span class='ocrx_word' id='word_1_64' title='bbox 310 547 371 565; x_wconf 82' lang='lat' dir='ltr'><strong>eum</strong></span> <span class='ocrx_word' id='word_1_65' title='bbox 400 543 504 570; x_wconf 85' lang='lat' dir='ltr'><strong>voeaiil,</strong></span> <span class='ocrx_word' id='word_1_66' title='bbox 530 543 653 570; x_wconf 86' lang='lat' dir='ltr'><strong>tanquam</strong></span> <span class='ocrx_word' id='word_1_67' title='bbox 679 537 819 570; x_wconf 85' lang='lat' dir='ltr'><strong>pulchrum</strong></span> <span class='ocrx_word' id='word_1_68' title='bbox 848 541 875 561; x_wconf 89' lang='lat' dir='ltr'><strong>et</strong></span> 
     </span>
    </p>
   </div>
   <div class='ocr_carea' id='block_1_10' title="bbox 90 581 875 613">
    <p class='ocr_par' dir='ltr' id='par_1_10' title="bbox 90 581 875 613">
     <span class='ocr_line' id='line_1_10' title="bbox 90 581 875 613; baseline -0.008 -1"><span class='ocrx_word' id='word_1_69' title='bbox 90 587 196 613; x_wconf 82' lang='lat' dir='ltr'><strong>bonum</strong></span> <span class='ocrx_word' id='word_1_70' title='bbox 214 594 220 611; x_wconf 90' lang='lat'>:</span> <span class='ocrx_word' id='word_1_71' title='bbox 239 592 357 611; x_wconf 86' lang='lat' dir='ltr'><strong>amoieni</strong></span> <span class='ocrx_word' id='word_1_72' title='bbox 375 582 438 610; x_wconf 77' lang='lat' dir='ltr'><strong>vero</strong></span> <span class='ocrx_word' id='word_1_73' title='bbox 475 590 570 610; x_wconf 83' lang='lat' dir='ltr'><strong>rursus</strong></span> <span class='ocrx_word' id='word_1_74' title='bbox 590 587 617 608; x_wconf 86' lang='lat' dir='ltr'><strong>et</strong></span> <span class='ocrx_word' id='word_1_75' title='bbox 632 581 801 608; x_wconf 71' lang='lat' dir='ltr'><strong>dilectionem</strong></span> <span class='ocrx_word' id='word_1_76' title='bbox 816 585 875 607; x_wconf 90' lang='lat' dir='ltr'><strong>tan-</strong></span> 
     </span>
    </p>
   </div>
   <div class='ocr_carea' id='block_1_11' title="bbox 93 628 878 666">
    <p class='ocr_par' dir='ltr' id='par_1_11' title="bbox 93 628 878 666">
     <span class='ocr_line' id='line_1_11' title="bbox 93 628 878 666; baseline -0.008 -9"><span class='ocrx_word' id='word_1_77' title='bbox 93 640 179 666; x_wconf 83' lang='lat' dir='ltr'><strong>quam</strong></span> <span class='ocrx_word' id='word_1_78' title='bbox 193 635 346 657; x_wconf 74' lang='lat' dir='ltr'><strong>moventem</strong></span> <span class='ocrx_word' id='word_1_79' title='bbox 363 629 412 663; x_wconf 84' lang='lat' dir='ltr'><strong>(l),</strong></span> <span class='ocrx_word' id='word_1_80' title='bbox 425 637 486 655; x_wconf 81' lang='lat' dir='ltr'><strong>eum</strong></span> <span class='ocrx_word' id='word_1_81' title='bbox 502 629 605 655; x_wconf 77' lang='lat' dir='ltr'><strong>scilicet</strong></span> <span class='ocrx_word' id='word_1_82' title='bbox 630 628 662 654; x_wconf 87' lang='lat' dir='ltr'><strong>ad</strong></span> <span class='ocrx_word' id='word_1_83' title='bbox 691 631 838 656; x_wconf 79' lang='lat' dir='ltr'><strong>creaturas,</strong></span> <span class='ocrx_word' id='word_1_84' title='bbox 851 630 878 651; x_wconf 85' lang='lat' dir='ltr'><strong>et</strong></span> 
     </span>
    </p>
   </div>
   <div class='ocr_carea' id='block_1_12' title="bbox 90 673 877 707">
    <p class='ocr_par' dir='ltr' id='par_1_12' title="bbox 90 673 877 707">
     <span class='ocr_line' id='line_1_12' title="bbox 90 673 877 707; baseline -0.009 -4"><span class='ocrx_word' id='word_1_85' title='bbox 90 678 126 703; x_wconf 87' lang='lat' dir='ltr'><strong>ad</strong></span> <span class='ocrx_word' id='word_1_86' title='bbox 142 684 172 703; x_wconf 87' lang='lat' dir='ltr'><strong>sc</strong></span> <span class='ocrx_word' id='word_1_87' title='bbox 187 682 332 702; x_wconf 70' lang='lat' dir='ltr'><strong>creaturas</strong></span> <span class='ocrx_word' id='word_1_88' title='bbox 349 675 536 706; x_wconf 69' lang='lat' dir='ltr'><strong>adducentem,</strong></span> <span class='ocrx_word' id='word_1_89' title='bbox 562 674 608 707; x_wconf 86' lang='lat' dir='ltr'><strong>qui</strong></span> <span class='ocrx_word' id='word_1_90' title='bbox 629 675 703 700; x_wconf 87' lang='lat' dir='ltr'><strong>solus</strong></span> <span class='ocrx_word' id='word_1_91' title='bbox 725 678 767 700; x_wconf 80' lang='lat' dir='ltr'><strong>est</strong></span> <span class='ocrx_word' id='word_1_92' title='bbox 789 673 877 706; x_wconf 83' lang='lat' dir='ltr'><strong>ipsum</strong></span> 
     </span>
    </p>
   </div>
   <div class='ocr_carea' id='block_1_13' title="bbox 91 719 875 755">
    <p class='ocr_par' dir='ltr' id='par_1_13' title="bbox 91 719 875 755">
     <span class='ocr_line' id='line_1_13' title="bbox 91 719 875 755; baseline -0.005 -7"><span class='ocrx_word' id='word_1_93' title='bbox 91 726 207 755; x_wconf 85' lang='lat' dir='ltr'><strong>propter</strong></span> <span class='ocrx_word' id='word_1_94' title='bbox 223 729 253 747; x_wconf 86' lang='lat' dir='ltr'><strong>se</strong></span> <span class='ocrx_word' id='word_1_95' title='bbox 271 721 412 755; x_wconf 84' lang='lat' dir='ltr'><strong>pulchrum</strong></span> <span class='ocrx_word' id='word_1_96' title='bbox 427 724 454 746; x_wconf 82' lang='lat' dir='ltr'><strong>et</strong></span> <span class='ocrx_word' id='word_1_97' title='bbox 465 719 565 746; x_wconf 84' lang='lat' dir='ltr'><strong>bonum</strong></span> <span class='ocrx_word' id='word_1_98' title='bbox 580 723 606 745; x_wconf 87' lang='lat' dir='ltr'><strong>et</strong></span> <span class='ocrx_word' id='word_1_99' title='bbox 622 725 748 753; x_wconf 89' lang='lat' dir='ltr'><strong>tanquam</strong></span> <span class='ocrx_word' id='word_1_100' title='bbox 761 719 875 746; x_wconf 86' lang='lat' dir='ltr'><strong>iudicem</strong></span> 
     </span>
    </p>
   </div>
   <div class='ocr_carea' id='block_1_14' title="bbox 92 764 877 801">
    <p class='ocr_par' dir='ltr' id='par_1_14' title="bbox 92 764 877 801">
     <span class='ocr_line' id='line_1_14' title="bbox 92 764 877 801; baseline -0.004 -8"><span class='ocrx_word' id='word_1_101' title='bbox 92 767 137 794; x_wconf 83' lang='lat' dir='ltr'><strong>sui</strong></span> <span class='ocrx_word' id='word_1_102' title='bbox 154 767 239 801; x_wconf 81' lang='lat' dir='ltr'><strong>ipsius</strong></span> <span class='ocrx_word' id='word_1_103' title='bbox 265 773 313 800; x_wconf 89' lang='lat' dir='ltr'><strong>per</strong></span> <span class='ocrx_word' id='word_1_104' title='bbox 340 766 471 797; x_wconf 84' lang='lat' dir='ltr'><strong>seipsum,</strong></span> <span class='ocrx_word' id='word_1_105' title='bbox 488 770 515 791; x_wconf 88' lang='lat' dir='ltr'><strong>et</strong></span> <span class='ocrx_word' id='word_1_106' title='bbox 540 769 568 791; x_wconf 89' lang='lat' dir='ltr'><strong>ut</strong></span> <span class='ocrx_word' id='word_1_107' title='bbox 590 764 689 791; x_wconf 87' lang='lat' dir='ltr'><strong>bonum</strong></span> <span class='ocrx_word' id='word_1_108' title='bbox 707 771 877 799; x_wconf 73' lang='lat' dir='ltr'><strong>progressum</strong></span> 
     </span>
    </p>
   </div>
   <div class='ocr_carea' id='block_1_15' title="bbox 93 811 876 847">
    <p class='ocr_par' dir='ltr' id='par_1_15' title="bbox 93 811 876 847">
     <span class='ocr_line' id='line_1_15' title="bbox 93 811 876 847; baseline -0.004 -8"><span class='ocrx_word' id='word_1_109' title='bbox 93 812 240 847; x_wconf 56' lang='lat' dir='ltr'><strong>superlata}</strong></span> <span class='ocrx_word' id='word_1_110' title='bbox 273 811 393 843; x_wconf 89' lang='lat' dir='ltr'><strong>unionis,</strong></span> <span class='ocrx_word' id='word_1_111' title='bbox 414 816 440 837; x_wconf 89' lang='lat' dir='ltr'><strong>et</strong></span> <span class='ocrx_word' id='word_1_112' title='bbox 464 811 625 836; x_wconf 82' lang='lat' dir='ltr'><strong>aiuatoriaiu</strong></span> <span class='ocrx_word' id='word_1_113' title='bbox 652 811 796 836; x_wconf 82' lang='lat' dir='ltr'><strong>motionem</strong></span> <span class='ocrx_word' id='word_1_114' title='bbox 826 811 876 844; x_wconf 71' lang='lat'><strong>(2),</strong></span> 
     </span>
    </p>
   </div>
   <div class='ocr_carea' id='block_1_16' title="bbox 88 855 876 892">
    <p class='ocr_par' dir='ltr' id='par_1_16' title="bbox 88 855 876 892">
     <span class='ocr_line' id='line_1_16' title="bbox 88 855 876 892; baseline -0.003 -8"><span class='ocrx_word' id='word_1_115' title='bbox 88 857 260 892; x_wconf 78' lang='lat' dir='ltr'><strong>&#39;simplieem,</strong></span> <span class='ocrx_word' id='word_1_116' title='bbox 291 864 338 890; x_wconf 87' lang='lat' dir='ltr'><strong>per</strong></span> <span class='ocrx_word' id='word_1_117' title='bbox 367 863 396 883; x_wconf 87' lang='lat' dir='ltr'><strong>se</strong></span> <span class='ocrx_word' id='word_1_118' title='bbox 416 855 554 886; x_wconf 82' lang='lat' dir='ltr'><strong>mobilem,</strong></span> <span class='ocrx_word' id='word_1_119' title='bbox 580 862 627 888; x_wconf 89' lang='lat' dir='ltr'><strong>per</strong></span> <span class='ocrx_word' id='word_1_120' title='bbox 652 862 680 881; x_wconf 88' lang='lat' dir='ltr'><strong>se</strong></span> <span class='ocrx_word' id='word_1_121' title='bbox 708 861 876 889; x_wconf 83' lang='lat' dir='ltr'><strong>operantem,</strong></span> 
     </span>
    </p>
   </div>
   <div class='ocr_carea' id='block_1_17' title="bbox 93 900 878 938">
    <p class='ocr_par' dir='ltr' id='par_1_17' title="bbox 93 900 878 938">
     <span class='ocr_line' id='line_1_17' title="bbox 93 900 878 938; baseline -0.005 -8"><span class='ocrx_word' id='word_1_122' title='bbox 93 903 173 938; x_wconf 86' lang='lat' dir='ltr'><strong>prius</strong></span> <span class='ocrx_word' id='word_1_123' title='bbox 184 903 360 929; x_wconf 76' lang='lat' dir='ltr'><strong>exsistentem</strong></span> <span class='ocrx_word' id='word_1_124' title='bbox 377 902 402 928; x_wconf 94' lang='lat' dir='ltr'><strong>in</strong></span> <span class='ocrx_word' id='word_1_125' title='bbox 413 901 485 928; x_wconf 86' lang='lat' dir='ltr'><strong>bono</strong></span> <span class='ocrx_word' id='word_1_126' title='bbox 497 905 523 927; x_wconf 86' lang='lat' dir='ltr'><strong>et</strong></span> <span class='ocrx_word' id='word_1_127' title='bbox 531 908 562 927; x_wconf 82' lang='lat' dir='ltr'><strong>ex</strong></span> <span class='ocrx_word' id='word_1_128' title='bbox 580 900 650 926; x_wconf 82' lang='lat' dir='ltr'><strong>bono</strong></span> <span class='ocrx_word' id='word_1_129' title='bbox 665 900 691 926; x_wconf 95' lang='lat' dir='ltr'><strong>in</strong></span> <span class='ocrx_word' id='word_1_130' title='bbox 703 907 733 925; x_wconf 91' lang='lat' dir='ltr'><strong>ea</strong></span> <span class='ocrx_word' id='word_1_131' title='bbox 746 907 806 934; x_wconf 65' lang='lat' dir='ltr'><strong>quae</strong></span> <span class='ocrx_word' id='word_1_132' title='bbox 816 905 878 926; x_wconf 89' lang='lat' dir='ltr'><strong>sunt</strong></span> 
     </span>
    </p>
   </div>
   <div class='ocr_carea' id='block_1_18' title="bbox 95 942 880 977">
    <p class='ocr_par' dir='ltr' id='par_1_18' title="bbox 95 942 880 977">
     <span class='ocr_line' id='line_1_18' title="bbox 95 942 880 977; baseline -0.009 -3"><span class='ocrx_word' id='word_1_133' title='bbox 95 947 306 977; x_wconf 76' lang='lat' dir='ltr'><strong>redundantem,</strong></span> <span class='ocrx_word' id='word_1_134' title='bbox 323 952 354 972; x_wconf 87' lang='lat' dir='ltr'><strong>ac</strong></span> <span class='ocrx_word' id='word_1_135' title='bbox 365 952 459 971; x_wconf 89' lang='lat' dir='ltr'><strong>rursus</strong></span> <span class='ocrx_word' id='word_1_136' title='bbox 477 943 510 970; x_wconf 87' lang='lat' dir='ltr'><strong>ad</strong></span> <span class='ocrx_word' id='word_1_137' title='bbox 533 943 634 970; x_wconf 92' lang='lat' dir='ltr'><strong>bonum</strong></span> <span class='ocrx_word' id='word_1_138' title='bbox 648 947 837 973; x_wconf 83' lang='lat' dir='ltr'><strong>revertentem,</strong></span> <span class='ocrx_word' id='word_1_139' title='bbox 850 942 880 970; x_wconf 77' lang='lat' dir='ltr'><strong>iit</strong></span> 
     </span>
    </p>
   </div>
   <div class='ocr_carea' id='block_1_19' title="bbox 94 987 878 1027">
    <p class='ocr_par' dir='ltr' id='par_1_19' title="bbox 94 987 878 1027">
     <span class='ocr_line' id='line_1_19' title="bbox 94 987 878 1027; baseline -0.006 -10"><span class='ocrx_word' id='word_1_140' title='bbox 94 999 150 1027; x_wconf 89' lang='lat' dir='ltr'><strong>quo</strong></span> <span class='ocrx_word' id='word_1_141' title='bbox 166 991 371 1025; x_wconf 79' lang='lat' dir='ltr'><strong>perpetuitatem</strong></span> <span class='ocrx_word' id='word_1_142' title='bbox 388 997 478 1021; x_wconf 88' lang='lat' dir='ltr'><strong>suam,</strong></span> <span class='ocrx_word' id='word_1_143' title='bbox 492 995 518 1016; x_wconf 91' lang='lat' dir='ltr'><strong>ct</strong></span> <span class='ocrx_word' id='word_1_144' title='bbox 531 995 622 1015; x_wconf 84' lang='lat' dir='ltr'><strong>carere</strong></span> <span class='ocrx_word' id='word_1_145' title='bbox 645 995 674 1014; x_wconf 88' lang='lat' dir='ltr'><strong>se</strong></span> <span class='ocrx_word' id='word_1_146' title='bbox 687 987 792 1020; x_wconf 73' lang='lat' dir='ltr'><strong>origine</strong></span> <span class='ocrx_word' id='word_1_147' title='bbox 809 987 878 1013; x_wconf 83' lang='lat' dir='ltr'><strong>diri-</strong></span> 
     </span>
    </p>
   </div>
   <div class='ocr_carea' id='block_1_20' title="bbox 96 1032 878 1067">
    <p class='ocr_par' dir='ltr' id='par_1_20' title="bbox 96 1032 878 1067">
     <span class='ocr_line' id='line_1_20' title="bbox 96 1032 878 1067; baseline -0.006 -4"><span class='ocrx_word' id='word_1_148' title='bbox 96 1044 151 1064; x_wconf 88' lang='lat' dir='ltr'><strong>nus</strong></span> <span class='ocrx_word' id='word_1_149' title='bbox 175 1044 254 1063; x_wconf 90' lang='lat' dir='ltr'><strong>amor</strong></span> <span class='ocrx_word' id='word_1_150' title='bbox 280 1036 443 1063; x_wconf 79' lang='lat' dir='ltr'><strong>excellenter</strong></span> <span class='ocrx_word' id='word_1_151' title='bbox 469 1036 646 1066; x_wconf 79' lang='lat' dir='ltr'><strong>demonstrat,</strong></span> <span class='ocrx_word' id='word_1_152' title='bbox 673 1034 744 1061; x_wconf 81' lang='lat' dir='ltr'><strong>sicut</strong></span> <span class='ocrx_word' id='word_1_153' title='bbox 770 1032 878 1067; x_wconf 86' lang='lat' dir='ltr'><strong>quidam</strong></span> 
     </span>
    </p>
   </div>
   <div class='ocr_carea' id='block_1_21' title="bbox 97 1079 882 1114">
    <p class='ocr_par' dir='ltr' id='par_1_21' title="bbox 97 1079 882 1114">
     <span class='ocr_line' id='line_1_21' title="bbox 97 1079 882 1114; baseline -0.008 -5"><span class='ocrx_word' id='word_1_154' title='bbox 97 1086 159 1109; x_wconf 62' lang='lat' dir='ltr'><strong>aetei</strong></span> <span class='ocrx_word' id='word_1_155' title='bbox 169 1090 220 1108; x_wconf 88' lang='lat' dir='ltr'><strong>itus</strong></span> <span class='ocrx_word' id='word_1_156' title='bbox 233 1081 364 1111; x_wconf 80' lang='lat' dir='ltr'><strong>circulus,</strong></span> <span class='ocrx_word' id='word_1_157' title='bbox 380 1085 489 1114; x_wconf 82' lang='lat' dir='ltr'><strong>propter</strong></span> <span class='ocrx_word' id='word_1_158' title='bbox 506 1080 606 1106; x_wconf 81' lang='lat' dir='ltr'><strong>bonum</strong></span> <span class='ocrx_word' id='word_1_159' title='bbox 621 1080 797 1105; x_wconf 90' lang='lat' dir='ltr'><strong>conversione</strong></span> <span class='ocrx_word' id='word_1_160' title='bbox 810 1079 882 1105; x_wconf 81' lang='lat' dir='ltr'><strong>iiier-&#39;</strong></span> 
     </span>
    </p>
   </div>
   <div class='ocr_carea' id='block_1_22' title="bbox 96 1124 878 1156">
    <p class='ocr_par' dir='ltr' id='par_1_22' title="bbox 96 1124 878 1156">
     <span class='ocr_line' id='line_1_22' title="bbox 96 1124 878 1156; baseline -0.006 -2"><span class='ocrx_word' id='word_1_161' title='bbox 96 1131 177 1154; x_wconf 87' lang='lat' dir='ltr'><strong>rante</strong></span> <span class='ocrx_word' id='word_1_162' title='bbox 193 1126 453 1156; x_wconf 85' lang='lat' dir='ltr'><strong>eireuniambulans,</strong></span> <span class='ocrx_word' id='word_1_163' title='bbox 465 1129 492 1151; x_wconf 92' lang='lat' dir='ltr'><strong>et</strong></span> <span class='ocrx_word' id='word_1_164' title='bbox 502 1125 529 1151; x_wconf 92' lang='lat' dir='ltr'><strong>in</strong></span> <span class='ocrx_word' id='word_1_165' title='bbox 542 1124 635 1151; x_wconf 87' lang='lat' dir='ltr'><strong>eodem</strong></span> <span class='ocrx_word' id='word_1_166' title='bbox 648 1124 795 1151; x_wconf 86' lang='lat' dir='ltr'><strong>secundum</strong></span> <span class='ocrx_word' id='word_1_167' title='bbox 808 1124 878 1150; x_wconf 86' lang='lat' dir='ltr'><strong>idem</strong></span> 
     </span>
    </p>
   </div>
   <div class='ocr_carea' id='block_1_23' title="bbox 94 1169 879 1208">
    <p class='ocr_par' dir='ltr' id='par_1_23' title="bbox 94 1169 879 1208">
     <span class='ocr_line' id='line_1_23' title="bbox 94 1169 879 1208; baseline -0.004 -9"><span class='ocrx_word' id='word_1_168' title='bbox 94 1180 119 1200; x_wconf 89' lang='lat' dir='ltr'><strong>ei</strong></span> <span class='ocrx_word' id='word_1_169' title='bbox 142 1172 333 1208; x_wconf 76' lang='lat' dir='ltr'><strong>progrediens,</strong></span> <span class='ocrx_word' id='word_1_170' title='bbox 351 1175 377 1198; x_wconf 89' lang='lat' dir='ltr'><strong>et</strong></span> <span class='ocrx_word' id='word_1_171' title='bbox 394 1177 518 1202; x_wconf 83' lang='lat' dir='ltr'><strong>manens,</strong></span> <span class='ocrx_word' id='word_1_172' title='bbox 534 1175 559 1197; x_wconf 85' lang='lat' dir='ltr'><strong>et</strong></span> <span class='ocrx_word' id='word_1_173' title='bbox 579 1176 727 1197; x_wconf 84' lang='lat' dir='ltr'><strong>revertens.</strong></span> <span class='ocrx_word' id='word_1_174' title='bbox 751 1169 879 1201; x_wconf 70' lang='lat' dir='ltr'><strong>Quaedam</strong></span> 
     </span>
    </p>
   </div>
   <div class='ocr_carea' id='block_1_24' title="bbox 95 1214 880 1246">
    <p class='ocr_par' dir='ltr' id='par_1_24' title="bbox 95 1214 880 1246">
     <span class='ocr_line' id='line_1_24' title="bbox 95 1214 880 1246; baseline -0.006 -2"><span class='ocrx_word' id='word_1_175' title='bbox 95 1227 130 1245; x_wconf 85' lang='lat' dir='ltr'><strong>ex</strong></span> <span class='ocrx_word' id='word_1_176' title='bbox 149 1219 192 1244; x_wconf 86' lang='lat' dir='ltr'><strong>bis</strong></span> <span class='ocrx_word' id='word_1_177' title='bbox 212 1217 345 1244; x_wconf 80' lang='lat' dir='ltr'><strong>adiimaiis</strong></span> <span class='ocrx_word' id='word_1_178' title='bbox 362 1221 474 1243; x_wconf 89' lang='lat' dir='ltr'><strong>sanctus</strong></span> <span class='ocrx_word' id='word_1_179' title='bbox 504 1215 638 1241; x_wconf 80' lang='lat' dir='ltr'><strong>Maximus</strong></span> <span class='ocrx_word' id='word_1_180' title='bbox 671 1223 677 1241; x_wconf 90' lang='lat'><strong>:</strong></span> <span class='ocrx_word' id='word_1_181' title='bbox 711 1214 880 1246; x_wconf 83' lang='lat' dir='ltr'><strong>DilectiOnis,</strong></span> 
     </span>
    </p>
   </div>
   <div class='ocr_carea' id='block_1_25' title="bbox 98 1259 880 1298">
    <p class='ocr_par' dir='ltr' id='par_1_25' title="bbox 98 1259 880 1298">
     <span class='ocr_line' id='line_1_25' title="bbox 98 1259 880 1298; baseline -0.005 -9"><span class='ocrx_word' id='word_1_182' title='bbox 98 1263 198 1298; x_wconf 91' lang='lat' dir='ltr'><strong>inquit,</strong></span> <span class='ocrx_word' id='word_1_183' title='bbox 208 1267 235 1289; x_wconf 90' lang='lat' dir='ltr'><strong>et</strong></span> <span class='ocrx_word' id='word_1_184' title='bbox 253 1262 354 1288; x_wconf 85' lang='lat' dir='ltr'><strong>amoris</strong></span> <span class='ocrx_word' id='word_1_185' title='bbox 369 1261 457 1295; x_wconf 86' lang='lat' dir='ltr'><strong>ipsum</strong></span> <span class='ocrx_word' id='word_1_186' title='bbox 476 1259 579 1288; x_wconf 84' lang='lat' dir='ltr'><strong>scilicet</strong></span> <span class='ocrx_word' id='word_1_187' title='bbox 599 1261 681 1286; x_wconf 90' lang='lat' dir='ltr'><strong>Deum</strong></span> <span class='ocrx_word' id='word_1_188' title='bbox 699 1263 778 1286; x_wconf 84' lang='lat' dir='ltr'><strong>vocat</strong></span> <span class='ocrx_word' id='word_1_189' title='bbox 797 1260 880 1286; x_wconf 84' lang='lat' dir='ltr'><strong>emis-</strong></span> 
     </span>
    </p>
   </div>
   <div class='ocr_carea' id='block_1_26' title="bbox 98 1304 882 1341">
    <p class='ocr_par' dir='ltr' id='par_1_26' title="bbox 98 1304 882 1341">
     <span class='ocr_line' id='line_1_26' title="bbox 98 1304 882 1341; baseline -0.006 -6"><span class='ocrx_word' id='word_1_190' title='bbox 98 1315 203 1340; x_wconf 85' lang='lat' dir='ltr'><strong>sorem,</strong></span> <span class='ocrx_word' id='word_1_191' title='bbox 216 1311 244 1334; x_wconf 89' lang='lat' dir='ltr'><strong>et</strong></span> <span class='ocrx_word' id='word_1_192' title='bbox 262 1312 423 1341; x_wconf 85' lang='lat' dir='ltr'><strong>parentem:</strong></span> <span class='ocrx_word' id='word_1_193' title='bbox 440 1306 497 1340; x_wconf 88' lang='lat' dir='ltr'><strong>ipse</strong></span> <span class='ocrx_word' id='word_1_194' title='bbox 518 1305 589 1332; x_wconf 87' lang='lat' dir='ltr'><strong>enim</strong></span> <span class='ocrx_word' id='word_1_195' title='bbox 607 1305 673 1336; x_wconf 73' lang='lat' dir='ltr'><strong>lia&#39;c,</strong></span> <span class='ocrx_word' id='word_1_196' title='bbox 689 1312 748 1338; x_wconf 71' lang='lat' dir='ltr'><strong>quae</strong></span> <span class='ocrx_word' id='word_1_197' title='bbox 773 1304 800 1331; x_wconf 90' lang='lat' dir='ltr'><strong>iii</strong></span> <span class='ocrx_word' id='word_1_198' title='bbox 824 1305 882 1338; x_wconf 85' lang='lat' dir='ltr'><strong>ipso</strong></span> 
     </span>
    </p>
   </div>
   <div class='ocr_carea' id='block_1_27' title="bbox 97 1350 882 1388">
    <p class='ocr_par' dir='ltr' id='par_1_27' title="bbox 97 1350 882 1388">
     <span class='ocr_line' id='line_1_27' title="bbox 97 1350 882 1388; baseline -0.005 -8"><span class='ocrx_word' id='word_1_199' title='bbox 97 1359 188 1386; x_wconf 81' lang='lat' dir='ltr'><strong>erant,</strong></span> <span class='ocrx_word' id='word_1_200' title='bbox 201 1353 328 1388; x_wconf 87' lang='lat' dir='ltr'><strong>produxit</strong></span> <span class='ocrx_word' id='word_1_201' title='bbox 341 1352 367 1379; x_wconf 91' lang='lat' dir='ltr'><strong>in</strong></span> <span class='ocrx_word' id='word_1_202' title='bbox 391 1359 421 1378; x_wconf 90' lang='lat' dir='ltr'><strong>ea</strong></span> <span class='ocrx_word' id='word_1_203' title='bbox 436 1359 495 1386; x_wconf 69' lang='lat' dir='ltr'><strong>quae</strong></span> <span class='ocrx_word' id='word_1_204' title='bbox 524 1351 591 1378; x_wconf 76' lang='lat' dir='ltr'><strong>toris</strong></span> <span class='ocrx_word' id='word_1_205' title='bbox 607 1358 681 1381; x_wconf 86' lang='lat' dir='ltr'><strong>sunt,</strong></span> <span class='ocrx_word' id='word_1_206' title='bbox 698 1350 724 1377; x_wconf 88' lang='lat' dir='ltr'><strong>id</strong></span> <span class='ocrx_word' id='word_1_207' title='bbox 740 1354 792 1381; x_wconf 84' lang='lat' dir='ltr'><strong>est,</strong></span> <span class='ocrx_word' id='word_1_208' title='bbox 810 1351 882 1377; x_wconf 91' lang='lat' dir='ltr'><strong>circa</strong></span> 
     </span>
    </p>
   </div>
   <div class='ocr_carea' id='block_1_28' title="bbox 98 1394 882 1425">
    <p class='ocr_par' dir='ltr' id='par_1_28' title="bbox 98 1394 882 1425">
     <span class='ocr_line' id='line_1_28' title="bbox 98 1394 882 1425; baseline -0.006 0"><span class='ocrx_word' id='word_1_209' title='bbox 98 1403 251 1425; x_wconf 83' lang='lat' dir='ltr'><strong>creaturas.</strong></span> <span class='ocrx_word' id='word_1_210' title='bbox 277 1397 342 1422; x_wconf 89' lang='lat' dir='ltr'><strong>ltetii</strong></span> <span class='ocrx_word' id='word_1_211' title='bbox 371 1396 442 1422; x_wconf 88' lang='lat' dir='ltr'><strong>idem</strong></span> <span class='ocrx_word' id='word_1_212' title='bbox 466 1394 565 1422; x_wconf 88' lang='lat' dir='ltr'><strong>ibidem</strong></span> <span class='ocrx_word' id='word_1_213' title='bbox 588 1395 768 1421; x_wconf 84' lang='lat' dir='ltr'><strong>:Amatorius</strong></span> <span class='ocrx_word' id='word_1_214' title='bbox 792 1399 882 1421; x_wconf 90' lang='lat' dir='ltr'><strong>motus</strong></span> 
     </span>
    </p>
   </div>
   <div class='ocr_carea' id='block_1_29' title="bbox 99 1438 882 1476">
    <p class='ocr_par' dir='ltr' id='par_1_29' title="bbox 99 1438 882 1476">
     <span class='ocr_line' id='line_1_29' title="bbox 99 1438 882 1476; baseline -0.005 -8"><span class='ocrx_word' id='word_1_215' title='bbox 99 1442 177 1476; x_wconf 80' lang='lat' dir='ltr'><strong>prius</strong></span> <span class='ocrx_word' id='word_1_216' title='bbox 193 1440 327 1467; x_wconf 89' lang='lat' dir='ltr'><strong>exsisteus</strong></span> <span class='ocrx_word' id='word_1_217' title='bbox 348 1439 375 1466; x_wconf 90' lang='lat' dir='ltr'><strong>in</strong></span> <span class='ocrx_word' id='word_1_218' title='bbox 393 1439 475 1470; x_wconf 90' lang='lat' dir='ltr'><strong>bono,</strong></span> <span class='ocrx_word' id='word_1_219' title='bbox 501 1438 626 1471; x_wconf 80' lang='lat' dir='ltr'><strong>simplex,</strong></span> <span class='ocrx_word' id='word_1_220' title='bbox 654 1445 702 1472; x_wconf 86' lang='lat' dir='ltr'><strong>per</strong></span> <span class='ocrx_word' id='word_1_221' title='bbox 717 1445 745 1464; x_wconf 92' lang='lat' dir='ltr'><strong>se</strong></span> <span class='ocrx_word' id='word_1_222' title='bbox 763 1438 882 1470; x_wconf 77' lang='lat' dir='ltr'><strong>mobilis,</strong></span> 
     </span>
    </p>
   </div>
   <div class='ocr_carea' id='block_1_30' title="bbox 102 1483 882 1521">
    <p class='ocr_par' dir='ltr' id='par_1_30' title="bbox 102 1483 882 1521">
     <span class='ocr_line' id='line_1_30' title="bbox 102 1483 882 1521; baseline -0.003 -8"><span class='ocrx_word' id='word_1_223' title='bbox 102 1494 150 1521; x_wconf 89' lang='lat' dir='ltr'><strong>per</strong></span> <span class='ocrx_word' id='word_1_224' title='bbox 174 1493 204 1513; x_wconf 85' lang='lat' dir='ltr'><strong>se</strong></span> <span class='ocrx_word' id='word_1_225' title='bbox 229 1492 356 1520; x_wconf 87' lang='lat' dir='ltr'><strong>operaiis,</strong></span> <span class='ocrx_word' id='word_1_226' title='bbox 388 1490 480 1518; x_wconf 86' lang='lat' dir='ltr'><strong>postea</strong></span> <span class='ocrx_word' id='word_1_227' title='bbox 508 1483 682 1518; x_wconf 85' lang='lat' dir='ltr'><strong>prevideiitiis</strong></span> <span class='ocrx_word' id='word_1_228' title='bbox 710 1484 830 1511; x_wconf 84' lang='lat' dir='ltr'><strong>externis</strong></span> <span class='ocrx_word' id='word_1_229' title='bbox 856 1484 882 1511; x_wconf 92' lang='lat' dir='ltr'><strong>in</strong></span> 
     </span>
    </p>
   </div>
   <div class='ocr_carea' id='block_1_31' title="bbox 103 1529 883 1565">
    <p class='ocr_par' dir='ltr' id='par_1_31' title="bbox 103 1529 883 1565">
     <span class='ocr_line' id='line_1_31' title="bbox 103 1529 883 1565; baseline -0.001 -6"><span class='ocrx_word' id='word_1_230' title='bbox 103 1537 247 1559; x_wconf 83' lang='lat' dir='ltr'><strong>creaturas</strong></span> <span class='ocrx_word' id='word_1_231' title='bbox 264 1530 439 1565; x_wconf 78' lang='lat' dir='ltr'><strong>progrediens</strong></span> <span class='ocrx_word' id='word_1_232' title='bbox 455 1536 553 1556; x_wconf 90' lang='lat' dir='ltr'><strong>rursus</strong></span> <span class='ocrx_word' id='word_1_233' title='bbox 576 1529 670 1556; x_wconf 86' lang='lat' dir='ltr'><strong>eodem</strong></span> <span class='ocrx_word' id='word_1_234' title='bbox 684 1529 763 1562; x_wconf 82' lang='lat' dir='ltr'><strong>redit,</strong></span> <span class='ocrx_word' id='word_1_235' title='bbox 787 1530 839 1557; x_wconf 85' lang='lat' dir='ltr'><strong>line</strong></span> <span class='ocrx_word' id='word_1_236' title='bbox 856 1536 883 1558; x_wconf 87' lang='lat' dir='ltr'><strong>et</strong></span> 
     </span>
    </p>
   </div>
   <div class='ocr_carea' id='block_1_32' title="bbox 440 166 1357 202">
    <p class='ocr_par' dir='ltr' id='par_1_32' title="bbox 440 166 1357 202">
     <span class='ocr_line' id='line_1_32' title="bbox 440 166 1357 202; baseline -0.003 -1"><span class='ocrx_word' id='word_1_237' title='bbox 440 170 556 201; x_wconf 77' lang='lat' dir='ltr'><strong>DECAS</strong></span> <span class='ocrx_word' id='word_1_238' title='bbox 577 171 648 202; x_wconf 83' lang='grc' dir='ltr'><strong>ν,-</strong></span> <span class='ocrx_word' id='word_1_239' title='bbox 669 170 717 200; x_wconf 84' lang='lat' dir='ltr'><strong>DE</strong></span> <span class='ocrx_word' id='word_1_240' title='bbox 732 168 1060 199; x_wconf 73' lang='lat' dir='ltr'><strong>t’ROPRlE’l‘ATlBUS</strong></span> <span class='ocrx_word' id='word_1_241' title='bbox 1082 167 1199 198; x_wconf 87' lang='lat' dir='ltr'><strong>DlVlN.</strong></span> <span class='ocrx_word' id='word_1_242' title='bbox 1221 166 1357 198; x_wconf 85' lang='lat' dir='ltr'><strong>NOMIN.</strong></span> 
     </span>
    </p>
   </div>
   <div class='ocr_carea' id='block_1_33' title="bbox 1653 163 1707 198">
    <p class='ocr_par' dir='ltr' id='par_1_33' title="bbox 1653 163 1707 198">
     <span class='ocr_line' id='line_1_33' title="bbox 1653 163 1707 198; baseline -0.019 0"><span class='ocrx_word' id='word_1_243' title='bbox 1653 163 1707 198; x_wconf 72' lang='grc'><strong>814</strong></span> 
     </span>
    </p>
   </div>
   <div class='ocr_carea' id='block_1_34' title="bbox 928 219 1703 255">
    <p class='ocr_par' dir='ltr' id='par_1_34' title="bbox 928 219 1703 255">
     <span class='ocr_line' id='line_1_34' title="bbox 928 219 1703 255; baseline -0.004 -7"><span class='ocrx_word' id='word_1_244' title='bbox 928 221 1060 255; x_wconf 80' lang='lat' dir='ltr'><strong>principio</strong></span> <span class='ocrx_word' id='word_1_245' title='bbox 1074 228 1170 248; x_wconf 84' lang='lat' dir='ltr'><strong>carens</strong></span> <span class='ocrx_word' id='word_1_246' title='bbox 1180 229 1186 247; x_wconf 88' lang='lat'>:</span> <span class='ocrx_word' id='word_1_247' title='bbox 1197 220 1268 254; x_wconf 82' lang='lat' dir='ltr'><strong>quod</strong></span> <span class='ocrx_word' id='word_1_248' title='bbox 1285 220 1392 253; x_wconf 85' lang='lat' dir='ltr'><strong>quidem</strong></span> <span class='ocrx_word' id='word_1_249' title='bbox 1405 219 1568 247; x_wconf 68' lang='lat' dir='ltr'><strong>desiderium</strong></span> <span class='ocrx_word' id='word_1_250' title='bbox 1581 224 1703 247; x_wconf 86' lang='lat' dir='ltr'><strong>nostrum</strong></span> 
     </span>
    </p>
   </div>
   <div class='ocr_carea' id='block_1_35' title="bbox 931 265 1704 298">
    <p class='ocr_par' dir='ltr' id='par_1_35' title="bbox 931 265 1704 298">
     <span class='ocr_line' id='line_1_35' title="bbox 931 265 1704 298; baseline -0.004 -5"><span class='ocrx_word' id='word_1_251' title='bbox 931 269 956 293; x_wconf 89' lang='lat' dir='ltr'><strong>iii</strong></span> <span class='ocrx_word' id='word_1_252' title='bbox 975 268 1057 293; x_wconf 78' lang='lat' dir='ltr'><strong>Deum</strong></span> <span class='ocrx_word' id='word_1_253' title='bbox 1074 266 1203 293; x_wconf 88' lang='lat' dir='ltr'><strong>declarat.</strong></span> <span class='ocrx_word' id='word_1_254' title='bbox 1225 266 1341 292; x_wconf 79' lang='lat' dir='ltr'><strong>Advorte</strong></span> <span class='ocrx_word' id='word_1_255' title='bbox 1355 271 1455 295; x_wconf 84' lang='lat' dir='ltr'><strong>autem.</strong></span> <span class='ocrx_word' id='word_1_256' title='bbox 1476 265 1704 298; x_wconf 86' lang='lat' dir='ltr'><strong>quemadmodum</strong></span> 
     </span>
    </p>
   </div>
   <div class='ocr_carea' id='block_1_36' title="bbox 926 311 1702 345">
    <p class='ocr_par' dir='ltr' id='par_1_36' title="bbox 926 311 1702 345">
     <span class='ocr_line' id='line_1_36' title="bbox 926 311 1702 345; baseline -0.003 -7"><span class='ocrx_word' id='word_1_257' title='bbox 926 312 1058 338; x_wconf 86' lang='lat' dir='ltr'><strong>circulum</strong></span> <span class='ocrx_word' id='word_1_258' title='bbox 1076 312 1141 338; x_wconf 82' lang='lat' dir='ltr'><strong>dicit</strong></span> <span class='ocrx_word' id='word_1_259' title='bbox 1159 313 1185 338; x_wconf 93' lang='lat' dir='ltr'><strong>in</strong></span> <span class='ocrx_word' id='word_1_260' title='bbox 1205 312 1286 344; x_wconf 90' lang='lat' dir='ltr'><strong>bono,</strong></span> <span class='ocrx_word' id='word_1_261' title='bbox 1314 312 1503 345; x_wconf 80' lang='lat' dir='ltr'><strong>progrediente</strong></span> <span class='ocrx_word' id='word_1_262' title='bbox 1529 311 1574 338; x_wconf 91' lang='lat' dir='ltr'><strong>illo</strong></span> <span class='ocrx_word' id='word_1_263' title='bbox 1594 311 1702 344; x_wconf 85' lang='lat' dir='ltr'><strong>quidem</strong></span> 
     </span>
    </p>
   </div>
   <div class='ocr_carea' id='block_1_37' title="bbox 926 356 1705 391">
    <p class='ocr_par' dir='ltr' id='par_1_37' title="bbox 926 356 1705 391">
     <span class='ocr_line' id='line_1_37' title="bbox 926 356 1705 391; baseline -0.003 -8"><span class='ocrx_word' id='word_1_264' title='bbox 926 365 953 384; x_wconf 93' lang='lat' dir='ltr'><strong>in</strong></span> <span class='ocrx_word' id='word_1_265' title='bbox 967 365 997 384; x_wconf 88' lang='lat' dir='ltr'><strong>ea</strong></span> <span class='ocrx_word' id='word_1_266' title='bbox 1011 364 1070 391; x_wconf 71' lang='lat' dir='ltr'><strong>qua:</strong></span> <span class='ocrx_word' id='word_1_267' title='bbox 1081 356 1343 390; x_wconf 81' lang='lat' dir='ltr'><strong>subintelligentiam</strong></span> <span class='ocrx_word' id='word_1_268' title='bbox 1360 360 1387 382; x_wconf 81' lang='lat' dir='ltr'><strong>et</strong></span> <span class='ocrx_word' id='word_1_269' title='bbox 1408 357 1458 382; x_wconf 91' lang='lat' dir='ltr'><strong>sub</strong></span> <span class='ocrx_word' id='word_1_270' title='bbox 1469 364 1578 383; x_wconf 88' lang='lat' dir='ltr'><strong>sensum</strong></span> <span class='ocrx_word' id='word_1_271' title='bbox 1592 357 1705 387; x_wconf 85' lang='lat' dir='ltr'><strong>cadunt,</strong></span> 
     </span>
    </p>
   </div>
   <div class='ocr_carea' id='block_1_38' title="bbox 925 403 1706 436">
    <p class='ocr_par' dir='ltr' id='par_1_38' title="bbox 925 403 1706 436">
     <span class='ocr_line' id='line_1_38' title="bbox 925 403 1706 436; baseline -0.001 -7"><span class='ocrx_word' id='word_1_272' title='bbox 925 407 952 430; x_wconf 88' lang='lat' dir='ltr'><strong>et</strong></span> <span class='ocrx_word' id='word_1_273' title='bbox 977 410 1070 429; x_wconf 89' lang='lat' dir='ltr'><strong>rursus</strong></span> <span class='ocrx_word' id='word_1_274' title='bbox 1086 403 1118 429; x_wconf 87' lang='lat' dir='ltr'><strong>ad</strong></span> <span class='ocrx_word' id='word_1_275' title='bbox 1135 403 1254 436; x_wconf 81' lang='lat' dir='ltr'><strong>seipsum</strong></span> <span class='ocrx_word' id='word_1_276' title='bbox 1284 403 1328 429; x_wconf 87' lang='lat' dir='ltr'><strong>illa</strong></span> <span class='ocrx_word' id='word_1_277' title='bbox 1357 407 1542 434; x_wconf 82' lang='lat' dir='ltr'><strong>convertente,</strong></span> <span class='ocrx_word' id='word_1_278' title='bbox 1570 406 1597 429; x_wconf 89' lang='lat' dir='ltr'><strong>et</strong></span> <span class='ocrx_word' id='word_1_279' title='bbox 1620 409 1706 436; x_wconf 84' lang='lat' dir='ltr'><strong>neque</strong></span> 
     </span>
    </p>
   </div>
   <div class='ocr_carea' id='block_1_39' title="bbox 926 448 1706 482">
    <p class='ocr_par' dir='ltr' id='par_1_39' title="bbox 926 448 1706 482">
     <span class='ocr_line' id='line_1_39' title="bbox 926 448 1706 482; baseline -0.001 -7"><span class='ocrx_word' id='word_1_280' title='bbox 926 452 1060 479; x_wconf 81' lang='lat' dir='ltr'><strong>cessante,</strong></span> <span class='ocrx_word' id='word_1_281' title='bbox 1079 455 1165 482; x_wconf 91' lang='lat' dir='ltr'><strong>neque</strong></span> <span class='ocrx_word' id='word_1_282' title='bbox 1179 448 1296 474; x_wconf 84' lang='lat' dir='ltr'><strong>ﬂniente.</strong></span> <span class='ocrx_word' id='word_1_283' title='bbox 1312 448 1350 475; x_wconf 87' lang='lat' dir='ltr'><strong>Ac</strong></span> <span class='ocrx_word' id='word_1_284' title='bbox 1364 455 1458 475; x_wconf 88' lang='lat' dir='ltr'><strong>rursus</strong></span> <span class='ocrx_word' id='word_1_285' title='bbox 1469 448 1545 474; x_wconf 75' lang='lat' dir='ltr'><strong>idem</strong></span> <span class='ocrx_word' id='word_1_286' title='bbox 1563 448 1706 482; x_wconf 86' lang='lat' dir='ltr'><strong>Dionysius</strong></span> 
     </span>
    </p>
   </div>
   <div class='ocr_carea' id='block_1_40' title="bbox 931 492 1707 527">
    <p class='ocr_par' dir='ltr' id='par_1_40' title="bbox 931 492 1707 527">
     <span class='ocr_line' id='line_1_40' title="bbox 931 492 1707 527; baseline -0.003 -7"><span class='ocrx_word' id='word_1_287' title='bbox 931 493 957 519; x_wconf 91' lang='lat' dir='ltr'><strong>in</strong></span> <span class='ocrx_word' id='word_1_288' title='bbox 971 494 1065 520; x_wconf 89' lang='lat' dir='ltr'><strong>eodem</strong></span> <span class='ocrx_word' id='word_1_289' title='bbox 1077 493 1175 527; x_wconf 86' lang='lat' dir='ltr'><strong>capite.</strong></span> <span class='ocrx_word' id='word_1_290' title='bbox 1195 492 1227 519; x_wconf 84' lang='lat' dir='ltr'><strong>Et</strong></span> <span class='ocrx_word' id='word_1_291' title='bbox 1242 493 1302 524; x_wconf 87' lang='lat' dir='ltr'><strong>hoc,</strong></span> <span class='ocrx_word' id='word_1_292' title='bbox 1324 493 1422 526; x_wconf 86' lang='lat' dir='ltr'><strong>inquit,</strong></span> <span class='ocrx_word' id='word_1_293' title='bbox 1440 500 1502 519; x_wconf 83' lang='lat' dir='ltr'><strong>vere</strong></span> <span class='ocrx_word' id='word_1_294' title='bbox 1517 492 1649 519; x_wconf 83' lang='lat' dir='ltr'><strong>audemus</strong></span> <span class='ocrx_word' id='word_1_295' title='bbox 1665 493 1707 518; x_wconf 92' lang='lat' dir='ltr'><strong>di-</strong></span> 
     </span>
    </p>
   </div>
   <div class='ocr_carea' id='block_1_41' title="bbox 928 538 1708 572">
    <p class='ocr_par' dir='ltr' id='par_1_41' title="bbox 928 538 1708 572">
     <span class='ocr_line' id='line_1_41' title="bbox 928 538 1708 572; baseline 0 -8"><span class='ocrx_word' id='word_1_296' title='bbox 928 545 1001 569; x_wconf 88' lang='lat' dir='ltr'><strong>cere,</strong></span> <span class='ocrx_word' id='word_1_297' title='bbox 1021 538 1091 571; x_wconf 85' lang='lat' dir='ltr'><strong>quod</strong></span> <span class='ocrx_word' id='word_1_298' title='bbox 1111 538 1168 572; x_wconf 89' lang='lat' dir='ltr'><strong>ipse</strong></span> <span class='ocrx_word' id='word_1_299' title='bbox 1188 538 1232 571; x_wconf 91' lang='lat' dir='ltr'><strong>qui</strong></span> <span class='ocrx_word' id='word_1_300' title='bbox 1257 543 1297 564; x_wconf 75' lang='lat' dir='ltr'><strong>est</strong></span> <span class='ocrx_word' id='word_1_301' title='bbox 1325 538 1447 564; x_wconf 87' lang='lat' dir='ltr'><strong>omnium</strong></span> <span class='ocrx_word' id='word_1_302' title='bbox 1473 545 1566 569; x_wconf 85' lang='lat' dir='ltr'><strong>causa,</strong></span> <span class='ocrx_word' id='word_1_303' title='bbox 1598 542 1708 571; x_wconf 88' lang='lat' dir='ltr'><strong>propter</strong></span> 
     </span>
    </p>
   </div>
   <div class='ocr_carea' id='block_1_42' title="bbox 930 583 1707 618">
    <p class='ocr_par' dir='ltr' id='par_1_42' title="bbox 930 583 1707 618">
     <span class='ocr_line' id='line_1_42' title="bbox 930 583 1707 618; baseline -0.003 -6"><span class='ocrx_word' id='word_1_304' title='bbox 930 585 1119 612; x_wconf 78' lang='lat' dir='ltr'><strong>excellentiam</strong></span> <span class='ocrx_word' id='word_1_305' title='bbox 1142 585 1268 611; x_wconf 85' lang='lat' dir='ltr'><strong>bonitatis</strong></span> <span class='ocrx_word' id='word_1_306' title='bbox 1280 585 1368 610; x_wconf 85' lang='lat' dir='ltr'><strong>omnia</strong></span> <span class='ocrx_word' id='word_1_307' title='bbox 1385 588 1466 615; x_wconf 87' lang='lat' dir='ltr'><strong>amat,</strong></span> <span class='ocrx_word' id='word_1_308' title='bbox 1485 583 1575 610; x_wconf 84' lang='lat' dir='ltr'><strong>omnia</strong></span> <span class='ocrx_word' id='word_1_309' title='bbox 1591 584 1707 618; x_wconf 72' lang='lat' dir='ltr'><strong>periit-it,</strong></span> 
     </span>
    </p>
   </div>
   <div class='ocr_carea' id='block_1_43' title="bbox 935 629 1709 662">
    <p class='ocr_par' dir='ltr' id='par_1_43' title="bbox 935 629 1709 662">
     <span class='ocr_line' id='line_1_43' title="bbox 935 629 1709 662; baseline 0.001 -7"><span class='ocrx_word' id='word_1_310' title='bbox 935 630 1027 656; x_wconf 79' lang='lat' dir='ltr'><strong>omnia</strong></span> <span class='ocrx_word' id='word_1_311' title='bbox 1043 630 1174 662; x_wconf 78' lang='lat' dir='ltr'><strong>continet,</strong></span> <span class='ocrx_word' id='word_1_312' title='bbox 1191 629 1281 656; x_wconf 90' lang='lat' dir='ltr'><strong>omnia</strong></span> <span class='ocrx_word' id='word_1_313' title='bbox 1297 629 1430 655; x_wconf 84' lang='lat' dir='ltr'><strong>convertit</strong></span> <span class='ocrx_word' id='word_1_314' title='bbox 1443 629 1475 655; x_wconf 87' lang='lat' dir='ltr'><strong>ad</strong></span> <span class='ocrx_word' id='word_1_315' title='bbox 1491 637 1535 661; x_wconf 88' lang='lat' dir='ltr'><strong>se;</strong></span> <span class='ocrx_word' id='word_1_316' title='bbox 1552 634 1629 656; x_wconf 84' lang='lat' dir='ltr'><strong>etest</strong></span> <span class='ocrx_word' id='word_1_317' title='bbox 1640 629 1709 656; x_wconf 80' lang='lat' dir='ltr'><strong>tiiVl-</strong></span> 
     </span>
    </p>
   </div>
   <div class='ocr_carea' id='block_1_44' title="bbox 929 674 1707 708">
    <p class='ocr_par' dir='ltr' id='par_1_44' title="bbox 929 674 1707 708">
     <span class='ocr_line' id='line_1_44' title="bbox 929 674 1707 708; baseline -0.001 -7"><span class='ocrx_word' id='word_1_318' title='bbox 929 681 981 701; x_wconf 92' lang='lat' dir='ltr'><strong>nus</strong></span> <span class='ocrx_word' id='word_1_319' title='bbox 1006 681 1081 701; x_wconf 86' lang='lat' dir='ltr'><strong>amor</strong></span> <span class='ocrx_word' id='word_1_320' title='bbox 1097 675 1184 702; x_wconf 87' lang='lat' dir='ltr'><strong>bonus</strong></span> <span class='ocrx_word' id='word_1_321' title='bbox 1202 675 1264 700; x_wconf 90' lang='lat' dir='ltr'><strong>boni</strong></span> <span class='ocrx_word' id='word_1_322' title='bbox 1283 677 1392 708; x_wconf 88' lang='lat' dir='ltr'><strong>propter</strong></span> <span class='ocrx_word' id='word_1_323' title='bbox 1417 674 1528 705; x_wconf 90' lang='lat' dir='ltr'><strong>bonum,</strong></span> <span class='ocrx_word' id='word_1_324' title='bbox 1551 674 1607 708; x_wconf 89' lang='lat' dir='ltr'><strong>ipse</strong></span> <span class='ocrx_word' id='word_1_325' title='bbox 1635 675 1707 700; x_wconf 79' lang='lat' dir='ltr'><strong>enim</strong></span> 
     </span>
    </p>
   </div>
   <div class='ocr_carea' id='block_1_45' title="bbox 928 718 1708 754">
    <p class='ocr_par' dir='ltr' id='par_1_45' title="bbox 928 718 1708 754">
     <span class='ocr_line' id='line_1_45' title="bbox 928 718 1708 754; baseline 0 -8"><span class='ocrx_word' id='word_1_326' title='bbox 928 727 1004 747; x_wconf 86' lang='lat' dir='ltr'><strong>amor</strong></span> <span class='ocrx_word' id='word_1_327' title='bbox 1015 720 1138 752; x_wconf 90' lang='lat' dir='ltr'><strong>divinus,</strong></span> <span class='ocrx_word' id='word_1_328' title='bbox 1163 719 1208 754; x_wconf 90' lang='lat' dir='ltr'><strong>qui</strong></span> <span class='ocrx_word' id='word_1_329' title='bbox 1224 719 1369 745; x_wconf 81' lang='lat' dir='ltr'><strong>bonitatem</strong></span> <span class='ocrx_word' id='word_1_330' title='bbox 1385 719 1412 745; x_wconf 92' lang='lat' dir='ltr'><strong>iii</strong></span> <span class='ocrx_word' id='word_1_331' title='bbox 1428 718 1461 745; x_wconf 90' lang='lat' dir='ltr'><strong>iis</strong></span> <span class='ocrx_word' id='word_1_332' title='bbox 1477 726 1536 753; x_wconf 50' lang='lat' dir='ltr'><strong>qua).</strong></span> <span class='ocrx_word' id='word_1_333' title='bbox 1549 723 1621 749; x_wconf 86' lang='lat' dir='ltr'><strong>sunt,</strong></span> <span class='ocrx_word' id='word_1_334' title='bbox 1642 727 1708 753; x_wconf 81' lang='lat' dir='ltr'><strong>ope-</strong></span> 
     </span>
    </p>
   </div>
   <div class='ocr_carea' id='block_1_46' title="bbox 930 763 1709 804">
    <p class='ocr_par' dir='ltr' id='par_1_46' title="bbox 930 763 1709 804">
     <span class='ocr_line' id='line_1_46' title="bbox 930 763 1709 804; baseline -0.001 -13"><span class='ocrx_word' id='word_1_335' title='bbox 930 770 1014 796; x_wconf 88' lang='lat' dir='ltr'><strong>ratur,</strong></span> <span class='ocrx_word' id='word_1_336' title='bbox 1036 764 1100 798; x_wconf 86' lang='lat' dir='ltr'><strong>quia</strong></span> <span class='ocrx_word' id='word_1_337' title='bbox 1126 763 1200 798; x_wconf 89' lang='lat' dir='ltr'><strong>prius</strong></span> <span class='ocrx_word' id='word_1_338' title='bbox 1214 763 1314 789; x_wconf 81' lang='lat' dir='ltr'><strong>exstitit</strong></span> <span class='ocrx_word' id='word_1_339' title='bbox 1334 763 1360 789; x_wconf 92' lang='lat' dir='ltr'><strong>in</strong></span> <span class='ocrx_word' id='word_1_340' title='bbox 1386 763 1458 790; x_wconf 90' lang='lat' dir='ltr'><strong>bono</strong></span> <span class='ocrx_word' id='word_1_341' title='bbox 1487 763 1632 804; x_wconf 68' lang='lat' dir='ltr'><strong>superlate,</strong></span> <span class='ocrx_word' id='word_1_342' title='bbox 1655 771 1709 790; x_wconf 93' lang='lat' dir='ltr'><strong>non</strong></span> 
     </span>
    </p>
   </div>
   <div class='ocr_carea' id='block_1_47' title="bbox 931 808 1711 844">
    <p class='ocr_par' dir='ltr' id='par_1_47' title="bbox 931 808 1711 844">
     <span class='ocr_line' id='line_1_47' title="bbox 931 808 1711 844; baseline -0.004 -7"><span class='ocrx_word' id='word_1_343' title='bbox 931 811 994 837; x_wconf 80' lang='lat' dir='ltr'><strong>sivit</strong></span> <span class='ocrx_word' id='word_1_344' title='bbox 1005 810 1091 844; x_wconf 81' lang='lat' dir='ltr'><strong>ipsum</strong></span> <span class='ocrx_word' id='word_1_345' title='bbox 1103 810 1128 835; x_wconf 93' lang='lat' dir='ltr'><strong>iii</strong></span> <span class='ocrx_word' id='word_1_346' title='bbox 1138 816 1168 837; x_wconf 83' lang='lat' dir='ltr'><strong>se</strong></span> <span class='ocrx_word' id='word_1_347' title='bbox 1183 809 1242 835; x_wconf 87' lang='lat' dir='ltr'><strong>sine</strong></span> <span class='ocrx_word' id='word_1_348' title='bbox 1253 808 1307 835; x_wconf 81' lang='lat' dir='ltr'><strong>fetu</strong></span> <span class='ocrx_word' id='word_1_349' title='bbox 1325 815 1446 839; x_wconf 87' lang='lat' dir='ltr'><strong>manere,</strong></span> <span class='ocrx_word' id='word_1_350' title='bbox 1459 808 1504 835; x_wconf 88' lang='lat' dir='ltr'><strong>sed</strong></span> <span class='ocrx_word' id='word_1_351' title='bbox 1523 808 1611 842; x_wconf 90' lang='lat' dir='ltr'><strong>potius</strong></span> <span class='ocrx_word' id='word_1_352' title='bbox 1627 809 1711 835; x_wconf 87' lang='lat' dir='ltr'><strong>movit</strong></span> 
     </span>
    </p>
   </div>
   <div class='ocr_carea' id='block_1_48' title="bbox 931 853 1710 888">
    <p class='ocr_par' dir='ltr' id='par_1_48' title="bbox 931 853 1710 888">
     <span class='ocr_line' id='line_1_48' title="bbox 931 853 1710 888; baseline 0 -6"><span class='ocrx_word' id='word_1_353' title='bbox 931 863 993 882; x_wconf 86' lang='lat' dir='ltr'><strong>eum</strong></span> <span class='ocrx_word' id='word_1_354' title='bbox 1011 856 1042 881; x_wconf 90' lang='lat' dir='ltr'><strong>ad</strong></span> <span class='ocrx_word' id='word_1_355' title='bbox 1057 855 1224 888; x_wconf 86' lang='lat' dir='ltr'><strong>operandam</strong></span> <span class='ocrx_word' id='word_1_356' title='bbox 1236 853 1385 881; x_wconf 87' lang='lat' dir='ltr'><strong>secundum</strong></span> <span class='ocrx_word' id='word_1_357' title='bbox 1397 853 1710 882; x_wconf 61' lang='lat' dir='ltr'><strong>excellentiain&#39;virtutis</strong></span> 
     </span>
    </p>
   </div>
   <div class='ocr_carea' id='block_1_49' title="bbox 929 899 1711 932">
    <p class='ocr_par' dir='ltr' id='par_1_49' title="bbox 929 899 1711 932">
     <span class='ocr_line' id='line_1_49' title="bbox 929 899 1711 932; baseline -0.001 -5"><span class='ocrx_word' id='word_1_358' title='bbox 929 908 985 927; x_wconf 75' lang='lat' dir='ltr'><strong>suae</strong></span> <span class='ocrx_word' id='word_1_359' title='bbox 1000 901 1123 927; x_wconf 85' lang='lat' dir='ltr'><strong>omnium</strong></span> <span class='ocrx_word' id='word_1_360' title='bbox 1148 907 1239 926; x_wconf 89' lang='lat' dir='ltr'><strong>rerum</strong></span> <span class='ocrx_word' id='word_1_361' title='bbox 1266 899 1422 928; x_wconf 78' lang='lat' dir='ltr'><strong>eﬂectricis.</strong></span> <span class='ocrx_word' id='word_1_362' title='bbox 1442 899 1502 932; x_wconf 84' lang='lat' dir='ltr'><strong>Quo</strong></span> <span class='ocrx_word' id='word_1_363' title='bbox 1528 900 1632 926; x_wconf 90' lang='lat' dir='ltr'><strong>inloco</strong></span> <span class='ocrx_word' id='word_1_364' title='bbox 1645 906 1711 926; x_wconf 84' lang='lat' dir='ltr'><strong>san-</strong></span> 
     </span>
    </p>
   </div>
   <div class='ocr_carea' id='block_1_50' title="bbox 915 944 1711 982">
    <p class='ocr_par' dir='ltr' id='par_1_50' title="bbox 915 944 1711 982">
     <span class='ocr_line' id='line_1_50' title="bbox 915 944 1711 982; baseline -0.003 -9"><span class='ocrx_word' id='word_1_365' title='bbox 915 944 989 973; x_wconf 61' lang='lat' dir='ltr'><strong>&quot;ctiis</strong></span> <span class='ocrx_word' id='word_1_366' title='bbox 1007 946 1138 972; x_wconf 84' lang='lat' dir='ltr'><strong>Maximus</strong></span> <span class='ocrx_word' id='word_1_367' title='bbox 1153 946 1267 973; x_wconf 79' lang='lat' dir='ltr'><strong>mirifice</strong></span> <span class='ocrx_word' id='word_1_368' title='bbox 1281 945 1364 977; x_wconf 89' lang='lat' dir='ltr'><strong>dicit,</strong></span> <span class='ocrx_word' id='word_1_369' title='bbox 1391 946 1462 979; x_wconf 87' lang='lat' dir='ltr'><strong>quod</strong></span> <span class='ocrx_word' id='word_1_370' title='bbox 1495 945 1583 982; x_wconf 84' lang='lat' dir='ltr'><strong>bonus</strong></span> <span class='ocrx_word' id='word_1_371' title='bbox 1614 952 1711 977; x_wconf 88' lang='lat' dir='ltr'><strong>amor,</strong></span> 
     </span>
    </p>
   </div>
   <div class='ocr_carea' id='block_1_51' title="bbox 932 987 1711 1025">
    <p class='ocr_par' dir='ltr' id='par_1_51' title="bbox 932 987 1711 1025">
     <span class='ocr_line' id='line_1_51' title="bbox 932 987 1711 1025; baseline 0.001 -10"><span class='ocrx_word' id='word_1_372' title='bbox 932 992 977 1025; x_wconf 86' lang='lat' dir='ltr'><strong>qui</strong></span> <span class='ocrx_word' id='word_1_373' title='bbox 996 996 1057 1018; x_wconf 86' lang='lat' dir='ltr'><strong>ante</strong></span> <span class='ocrx_word' id='word_1_374' title='bbox 1072 993 1162 1017; x_wconf 88' lang='lat' dir='ltr'><strong>omnia</strong></span> <span class='ocrx_word' id='word_1_375' title='bbox 1182 991 1208 1017; x_wconf 92' lang='lat' dir='ltr'><strong>in</strong></span> <span class='ocrx_word' id='word_1_376' title='bbox 1226 991 1297 1018; x_wconf 91' lang='lat' dir='ltr'><strong>bono</strong></span> <span class='ocrx_word' id='word_1_377' title='bbox 1306 991 1421 1021; x_wconf 82' lang='lat' dir='ltr'><strong>exstitit,</strong></span> <span class='ocrx_word' id='word_1_378' title='bbox 1435 998 1489 1017; x_wconf 91' lang='lat' dir='ltr'><strong>non</strong></span> <span class='ocrx_word' id='word_1_379' title='bbox 1506 991 1637 1017; x_wconf 91' lang='lat' dir='ltr'><strong>remansit</strong></span> <span class='ocrx_word' id='word_1_380' title='bbox 1650 987 1711 1016; x_wconf 82' lang='lat' dir='ltr'><strong>sine</strong></span> 
     </span>
    </p>
   </div>
   <div class='ocr_carea' id='block_1_52' title="bbox 931 1029 1711 1071">
    <p class='ocr_par' dir='ltr' id='par_1_52' title="bbox 931 1029 1711 1071">
     <span class='ocr_line' id='line_1_52' title="bbox 931 1029 1711 1071; baseline -0.003 -8"><span class='ocrx_word' id='word_1_381' title='bbox 931 1029 997 1070; x_wconf 76' lang='lat' dir='ltr'><strong>t&#39;etu,</strong></span> <span class='ocrx_word' id='word_1_382' title='bbox 1015 1037 1060 1063; x_wconf 89' lang='lat' dir='ltr'><strong>sed</strong></span> <span class='ocrx_word' id='word_1_383' title='bbox 1079 1037 1168 1071; x_wconf 83' lang='lat' dir='ltr'><strong>potius</strong></span> <span class='ocrx_word' id='word_1_384' title='bbox 1184 1038 1284 1064; x_wconf 91' lang='lat' dir='ltr'><strong>bonum</strong></span> <span class='ocrx_word' id='word_1_385' title='bbox 1297 1044 1417 1063; x_wconf 89' lang='lat' dir='ltr'><strong>amorem</strong></span> <span class='ocrx_word' id='word_1_386' title='bbox 1434 1037 1512 1063; x_wconf 87' lang='lat' dir='ltr'><strong>nobis</strong></span> <span class='ocrx_word' id='word_1_387' title='bbox 1538 1036 1649 1070; x_wconf 82' lang='lat' dir='ltr'><strong>peperit,</strong></span> <span class='ocrx_word' id='word_1_388' title='bbox 1663 1042 1711 1069; x_wconf 85' lang='lat' dir='ltr'><strong>per</strong></span> 
     </span>
    </p>
   </div>
   <div class='ocr_carea' id='block_1_53' title="bbox 930 1081 1711 1117">
    <p class='ocr_par' dir='ltr' id='par_1_53' title="bbox 930 1081 1711 1117">
     <span class='ocr_line' id='line_1_53' title="bbox 930 1081 1711 1117; baseline -0.003 -8"><span class='ocrx_word' id='word_1_389' title='bbox 930 1091 1011 1117; x_wconf 87' lang='lat' dir='ltr'><strong>quem</strong></span> <span class='ocrx_word' id='word_1_390' title='bbox 1024 1083 1167 1116; x_wconf 91' lang='lat' dir='ltr'><strong>pulchrum</strong></span> <span class='ocrx_word' id='word_1_391' title='bbox 1182 1087 1208 1110; x_wconf 90' lang='lat' dir='ltr'><strong>et</strong></span> <span class='ocrx_word' id='word_1_392' title='bbox 1222 1083 1321 1110; x_wconf 89' lang='lat' dir='ltr'><strong>bonum</strong></span> <span class='ocrx_word' id='word_1_393' title='bbox 1334 1083 1497 1117; x_wconf 72' lang='lat' dir='ltr'><strong>expetimus.</strong></span> <span class='ocrx_word' id='word_1_394' title='bbox 1512 1081 1632 1109; x_wconf 85' lang='lat' dir='ltr'><strong>Observa</strong></span> <span class='ocrx_word' id='word_1_395' title='bbox 1648 1081 1711 1108; x_wconf 87' lang='lat' dir='ltr'><strong>hinc</strong></span> 
     </span>
    </p>
   </div>
   <div class='ocr_carea' id='block_1_54' title="bbox 930 1127 1711 1160">
    <p class='ocr_par' dir='ltr' id='par_1_54' title="bbox 930 1127 1711 1160">
     <span class='ocr_line' id='line_1_54' title="bbox 930 1127 1711 1160; baseline -0.003 -6"><span class='ocrx_word' id='word_1_396' title='bbox 930 1129 1051 1154; x_wconf 81' lang='lat' dir='ltr'><strong>divinum</strong></span> <span class='ocrx_word' id='word_1_397' title='bbox 1069 1133 1183 1160; x_wconf 89' lang='lat' dir='ltr'><strong>motuin,</strong></span> <span class='ocrx_word' id='word_1_398' title='bbox 1196 1134 1274 1154; x_wconf 87' lang='lat' dir='ltr'><strong>amor</strong></span> <span class='ocrx_word' id='word_1_399' title='bbox 1288 1128 1359 1154; x_wconf 89' lang='lat' dir='ltr'><strong>enim</strong></span> <span class='ocrx_word' id='word_1_400' title='bbox 1381 1127 1513 1154; x_wconf 91' lang='lat' dir='ltr'><strong>bonorum</strong></span> <span class='ocrx_word' id='word_1_401' title='bbox 1526 1127 1637 1154; x_wconf 74' lang='lat' dir='ltr'><strong>elfector</strong></span> <span class='ocrx_word' id='word_1_402' title='bbox 1653 1134 1711 1152; x_wconf 93' lang='lat' dir='ltr'><strong>ino-</strong></span> 
     </span>
    </p>
   </div>
   <div class='ocr_carea' id='block_1_55' title="bbox 933 1169 1709 1205">
    <p class='ocr_par' dir='ltr' id='par_1_55' title="bbox 933 1169 1709 1205">
     <span class='ocr_line' id='line_1_55' title="bbox 933 1169 1709 1205; baseline -0.004 -7"><span class='ocrx_word' id='word_1_403' title='bbox 933 1172 970 1198; x_wconf 90' lang='lat' dir='ltr'><strong>vit</strong></span> <span class='ocrx_word' id='word_1_404' title='bbox 985 1171 1068 1198; x_wconf 78' lang='lat' dir='ltr'><strong>Deum</strong></span> <span class='ocrx_word' id='word_1_405' title='bbox 1088 1171 1120 1198; x_wconf 90' lang='lat' dir='ltr'><strong>ad</strong></span> <span class='ocrx_word' id='word_1_406' title='bbox 1139 1171 1334 1205; x_wconf 85' lang='lat' dir='ltr'><strong>providendum</strong></span> <span class='ocrx_word' id='word_1_407' title='bbox 1352 1171 1441 1202; x_wconf 82' lang='lat' dir='ltr'><strong>nobis,</strong></span> <span class='ocrx_word' id='word_1_408' title='bbox 1456 1174 1521 1197; x_wconf 82' lang='lat' dir='ltr'><strong>etut</strong></span> <span class='ocrx_word' id='word_1_409' title='bbox 1539 1177 1588 1196; x_wconf 92' lang='lat' dir='ltr'><strong>nos</strong></span> <span class='ocrx_word' id='word_1_410' title='bbox 1607 1169 1709 1196; x_wconf 81' lang='lat' dir='ltr'><strong>consti-</strong></span> 
     </span>
    </p>
   </div>
   <div class='ocr_carea' id='block_1_56' title="bbox 933 1216 1711 1250">
    <p class='ocr_par' dir='ltr' id='par_1_56' title="bbox 933 1216 1711 1250">
     <span class='ocr_line' id='line_1_56' title="bbox 933 1216 1711 1250; baseline -0.006 -7"><span class='ocrx_word' id='word_1_411' title='bbox 933 1221 1031 1249; x_wconf 82' lang='lat' dir='ltr'><strong>tueret,</strong></span> <span class='ocrx_word' id='word_1_412' title='bbox 1049 1221 1076 1243; x_wconf 90' lang='lat' dir='ltr'><strong>ut</strong></span> <span class='ocrx_word' id='word_1_413' title='bbox 1089 1224 1150 1243; x_wconf 87' lang='lat' dir='ltr'><strong>cuin</strong></span> <span class='ocrx_word' id='word_1_414' title='bbox 1169 1219 1332 1247; x_wconf 86' lang='lat' dir='ltr'><strong>moveretur,</strong></span> <span class='ocrx_word' id='word_1_415' title='bbox 1349 1216 1517 1250; x_wconf 82' lang='lat' dir='ltr'><strong>produceret,</strong></span> <span class='ocrx_word' id='word_1_416' title='bbox 1539 1219 1565 1240; x_wconf 89' lang='lat' dir='ltr'><strong>et</strong></span> <span class='ocrx_word' id='word_1_417' title='bbox 1589 1222 1642 1240; x_wconf 89' lang='lat' dir='ltr'><strong>nou</strong></span> <span class='ocrx_word' id='word_1_418' title='bbox 1667 1221 1711 1239; x_wconf 85' lang='lat' dir='ltr'><strong>rc-</strong></span> 
     </span>
    </p>
   </div>
   <div class='ocr_carea' id='block_1_57' title="bbox 932 1259 1711 1296">
    <p class='ocr_par' dir='ltr' id='par_1_57' title="bbox 932 1259 1711 1296">
     <span class='ocr_line' id='line_1_57' title="bbox 932 1259 1711 1296; baseline -0.004 -9"><span class='ocrx_word' id='word_1_419' title='bbox 932 1267 1051 1289; x_wconf 77' lang='lat' dir='ltr'><strong>maneret</strong></span> <span class='ocrx_word' id='word_1_420' title='bbox 1062 1269 1158 1296; x_wconf 86' lang='lat' dir='ltr'><strong>expers</strong></span> <span class='ocrx_word' id='word_1_421' title='bbox 1172 1261 1251 1288; x_wconf 82' lang='lat' dir='ltr'><strong>fetus.</strong></span> <span class='ocrx_word' id='word_1_422' title='bbox 1265 1261 1332 1288; x_wconf 88' lang='lat' dir='ltr'><strong>llinc</strong></span> <span class='ocrx_word' id='word_1_423' title='bbox 1345 1260 1434 1287; x_wconf 81' lang='lat' dir='ltr'><strong>evadit</strong></span> <span class='ocrx_word' id='word_1_424' title='bbox 1443 1259 1625 1290; x_wconf 79' lang='lat' dir='ltr'><strong>manifestum,</strong></span> <span class='ocrx_word' id='word_1_425' title='bbox 1639 1259 1711 1292; x_wconf 88' lang='lat' dir='ltr'><strong>quod</strong></span> 
     </span>
    </p>
   </div>
   <div class='ocr_carea' id='block_1_58' title="bbox 934 1305 1712 1339">
    <p class='ocr_par' dir='ltr' id='par_1_58' title="bbox 934 1305 1712 1339">
     <span class='ocr_line' id='line_1_58' title="bbox 934 1305 1712 1339; baseline -0.004 -5"><span class='ocrx_word' id='word_1_426' title='bbox 934 1315 1029 1335; x_wconf 90' lang='lat' dir='ltr'><strong>nomen</strong></span> <span class='ocrx_word' id='word_1_427' title='bbox 1044 1309 1147 1335; x_wconf 87' lang='lat' dir='ltr'><strong>amoris</strong></span> <span class='ocrx_word' id='word_1_428' title='bbox 1174 1308 1296 1335; x_wconf 91' lang='lat' dir='ltr'><strong>divinum</strong></span> <span class='ocrx_word' id='word_1_429' title='bbox 1318 1311 1345 1334; x_wconf 86' lang='lat' dir='ltr'><strong>et</strong></span> <span class='ocrx_word' id='word_1_430' title='bbox 1374 1306 1526 1333; x_wconf 87' lang='lat' dir='ltr'><strong>venerabile</strong></span> <span class='ocrx_word' id='word_1_431' title='bbox 1545 1313 1559 1332; x_wconf 94' lang='lat' dir='ltr'><strong>a</strong></span> <span class='ocrx_word' id='word_1_432' title='bbox 1582 1305 1712 1339; x_wconf 76' lang='lat' dir='ltr'><strong>principio</strong></span> 
     </span>
    </p>
   </div>
   <div class='ocr_carea' id='block_1_59' title="bbox 934 1351 1712 1388">
    <p class='ocr_par' dir='ltr' id='par_1_59' title="bbox 934 1351 1712 1388">
     <span class='ocr_line' id='line_1_59' title="bbox 934 1351 1712 1388; baseline -0.005 -8"><span class='ocrx_word' id='word_1_433' title='bbox 934 1354 1050 1387; x_wconf 78' lang='lat' dir='ltr'><strong>theologi</strong></span> <span class='ocrx_word' id='word_1_434' title='bbox 1069 1354 1252 1386; x_wconf 85' lang='lat' dir='ltr'><strong>celebrarunt;</strong></span> <span class='ocrx_word' id='word_1_435' title='bbox 1277 1359 1302 1380; x_wconf 87' lang='lat' dir='ltr'><strong>et</strong></span> <span class='ocrx_word' id='word_1_436' title='bbox 1318 1353 1389 1388; x_wconf 91' lang='lat' dir='ltr'><strong>quod</strong></span> <span class='ocrx_word' id='word_1_437' title='bbox 1405 1353 1474 1379; x_wconf 90' lang='lat' dir='ltr'><strong>idem</strong></span> <span class='ocrx_word' id='word_1_438' title='bbox 1499 1356 1549 1382; x_wconf 86' lang='lat' dir='ltr'><strong>est,</strong></span> <span class='ocrx_word' id='word_1_439' title='bbox 1573 1351 1712 1377; x_wconf 89' lang='lat' dir='ltr'><strong>eamdem-</strong></span> 
     </span>
    </p>
   </div>
   <div class='ocr_carea' id='block_1_60' title="bbox 934 1396 1713 1433">
    <p class='ocr_par' dir='ltr' id='par_1_60' title="bbox 934 1396 1713 1433">
     <span class='ocr_line' id='line_1_60' title="bbox 934 1396 1713 1433; baseline -0.005 -7"><span class='ocrx_word' id='word_1_440' title='bbox 934 1407 987 1433; x_wconf 88' lang='lat' dir='ltr'><strong>que</strong></span> <span class='ocrx_word' id='word_1_441' title='bbox 1002 1401 1054 1425; x_wconf 83' lang='lat' dir='ltr'><strong>vim</strong></span> <span class='ocrx_word' id='word_1_442' title='bbox 1069 1400 1150 1426; x_wconf 88' lang='lat' dir='ltr'><strong>habet</strong></span> <span class='ocrx_word' id='word_1_443' title='bbox 1161 1407 1257 1426; x_wconf 90' lang='lat' dir='ltr'><strong>nomen</strong></span> <span class='ocrx_word' id='word_1_444' title='bbox 1274 1398 1375 1426; x_wconf 86' lang='lat' dir='ltr'><strong>amoris</strong></span> <span class='ocrx_word' id='word_1_445' title='bbox 1392 1402 1419 1425; x_wconf 88' lang='lat' dir='ltr'><strong>et</strong></span> <span class='ocrx_word' id='word_1_446' title='bbox 1428 1397 1591 1429; x_wconf 87' lang='lat' dir='ltr'><strong>dilectionis,</strong></span> <span class='ocrx_word' id='word_1_447' title='bbox 1603 1401 1630 1423; x_wconf 85' lang='lat' dir='ltr'><strong>et</strong></span> <span class='ocrx_word' id='word_1_448' title='bbox 1639 1396 1713 1430; x_wconf 89' lang='lat' dir='ltr'><strong>quod</strong></span> 
     </span>
    </p>
   </div>
   <div class='ocr_carea' id='block_1_61' title="bbox 937 1441 1715 1477">
    <p class='ocr_par' dir='ltr' id='par_1_61' title="bbox 937 1441 1715 1477">
     <span class='ocr_line' id='line_1_61' title="bbox 937 1441 1715 1477; baseline -0.004 -7"><span class='ocrx_word' id='word_1_449' title='bbox 937 1444 1071 1470; x_wconf 81' lang='lat' dir='ltr'><strong>estetiani</strong></span> <span class='ocrx_word' id='word_1_450' title='bbox 1101 1443 1248 1470; x_wconf 71' lang='lat' dir='ltr'><strong>exstaticus</strong></span> <span class='ocrx_word' id='word_1_451' title='bbox 1261 1451 1338 1470; x_wconf 86' lang='lat' dir='ltr'><strong>amor</strong></span> <span class='ocrx_word' id='word_1_452' title='bbox 1352 1442 1470 1474; x_wconf 87' lang='lat' dir='ltr'><strong>divinus,</strong></span> <span class='ocrx_word' id='word_1_453' title='bbox 1496 1442 1541 1477; x_wconf 89' lang='lat' dir='ltr'><strong>qui</strong></span> <span class='ocrx_word' id='word_1_454' title='bbox 1568 1448 1621 1467; x_wconf 92' lang='lat' dir='ltr'><strong>non</strong></span> <span class='ocrx_word' id='word_1_455' title='bbox 1648 1441 1715 1468; x_wconf 75' lang='lat' dir='ltr'><strong>sinit</strong></span> 
     </span>
    </p>
   </div>
   <div class='ocr_carea' id='block_1_62' title="bbox 933 1486 1714 1523">
    <p class='ocr_par' dir='ltr' id='par_1_62' title="bbox 933 1486 1714 1523">
     <span class='ocr_line' id='line_1_62' title="bbox 933 1486 1714 1523; baseline -0.001 -9"><span class='ocrx_word' id='word_1_456' title='bbox 933 1494 1055 1515; x_wconf 85' lang='lat' dir='ltr'><strong>amantes</strong></span> <span class='ocrx_word' id='word_1_457' title='bbox 1069 1496 1130 1515; x_wconf 83' lang='lat' dir='ltr'><strong>esse</strong></span> <span class='ocrx_word' id='word_1_458' title='bbox 1145 1496 1221 1520; x_wconf 87' lang='lat' dir='ltr'><strong>suos,</strong></span> <span class='ocrx_word' id='word_1_459' title='bbox 1236 1489 1281 1516; x_wconf 90' lang='lat' dir='ltr'><strong>sed</strong></span> <span class='ocrx_word' id='word_1_460' title='bbox 1291 1496 1385 1515; x_wconf 88' lang='lat' dir='ltr'><strong>eorum</strong></span> <span class='ocrx_word' id='word_1_461' title='bbox 1397 1496 1467 1523; x_wconf 86' lang='lat' dir='ltr'><strong>quos</strong></span> <span class='ocrx_word' id='word_1_462' title='bbox 1481 1491 1582 1518; x_wconf 87' lang='lat' dir='ltr'><strong>amant;</strong></span> <span class='ocrx_word' id='word_1_463' title='bbox 1600 1491 1627 1513; x_wconf 87' lang='lat' dir='ltr'><strong>et</strong></span> <span class='ocrx_word' id='word_1_464' title='bbox 1639 1486 1714 1520; x_wconf 88' lang='lat' dir='ltr'><strong>quod</strong></span> 
     </span>
    </p>
   </div>
   <div class='ocr_carea' id='block_1_63' title="bbox 935 1532 1714 1568">
    <p class='ocr_par' dir='ltr' id='par_1_63' title="bbox 935 1532 1714 1568">
     <span class='ocr_line' id='line_1_63' title="bbox 935 1532 1714 1568; baseline -0.001 -9"><span class='ocrx_word' id='word_1_465' title='bbox 935 1534 1110 1568; x_wconf 75' lang='lat' dir='ltr'><strong>providentiae</strong></span> <span class='ocrx_word' id='word_1_466' title='bbox 1129 1542 1220 1561; x_wconf 85' lang='lat' dir='ltr'><strong>rerum</strong></span> <span class='ocrx_word' id='word_1_467' title='bbox 1240 1539 1316 1562; x_wconf 84' lang='lat' dir='ltr'><strong>extra</strong></span> <span class='ocrx_word' id='word_1_468' title='bbox 1337 1534 1420 1561; x_wconf 90' lang='lat' dir='ltr'><strong>Deum</strong></span> <span class='ocrx_word' id='word_1_469' title='bbox 1437 1537 1510 1565; x_wconf 87' lang='lat' dir='ltr'><strong>sunt,</strong></span> <span class='ocrx_word' id='word_1_470' title='bbox 1523 1537 1549 1560; x_wconf 87' lang='lat' dir='ltr'><strong>et</strong></span> <span class='ocrx_word' id='word_1_471' title='bbox 1564 1532 1714 1560; x_wconf 87' lang='lat' dir='ltr'><strong>secundum</strong></span> 
     </span>
    </p>
   </div>
   <div class='ocr_carea' id='block_1_64' title="bbox 852 1602 986 1635">
    <p class='ocr_par' dir='ltr' id='par_1_64' title="bbox 852 1602 986 1635">
     <span class='ocr_line' id='line_1_64' title="bbox 852 1602 986 1635; baseline 0.03 -4"><span class='ocrx_word' id='word_1_472' title='bbox 852 1602 986 1635; x_wconf 82' lang='lat' dir='ltr'><strong>Scholia.</strong></span> 
     </span>
    </p>
   </div>
   <div class='ocr_carea' id='block_1_65' title="bbox 106 1665 1714 1704">
    <p class='ocr_par' dir='ltr' id='par_1_65' title="bbox 106 1665 1714 1704">
     <span class='ocr_line' id='line_1_65' title="bbox 106 1665 1714 1704; baseline -0.001 -10"><span class='ocrx_word' id='word_1_473' title='bbox 106 1665 314 1704; x_wconf 69' lang='lat' dir='ltr'><strong>Deuseharitas</strong></span> <span class='ocrx_word' id='word_1_474' title='bbox 326 1668 378 1696; x_wconf 83' lang='lat' dir='ltr'><strong>est,</strong></span> <span class='ocrx_word' id='word_1_475' title='bbox 389 1667 498 1703; x_wconf 76' lang='lat' dir='ltr'><strong>propter</strong></span> <span class='ocrx_word' id='word_1_476' title='bbox 514 1667 653 1704; x_wconf 66' lang='lat' dir='ltr'><strong>creaturas</strong></span> <span class='ocrx_word' id='word_1_477' title='bbox 667 1671 734 1704; x_wconf 74' lang='lat' dir='ltr'><strong>quas</strong></span> <span class='ocrx_word' id='word_1_478' title='bbox 747 1665 882 1704; x_wconf 72' lang='lat' dir='ltr'><strong>produxit.</strong></span> <span class='ocrx_word' id='word_1_479' title='bbox 898 1670 919 1698; x_wconf 72' lang='grc' dir='ltr'>(ι</span> <span class='ocrx_word' id='word_1_480' title='bbox 937 1670 1055 1696; x_wconf 81' lang='lat' dir='ltr'><strong>Secunda</strong></span> <span class='ocrx_word' id='word_1_481' title='bbox 1066 1670 1214 1704; x_wconf 85' lang='lat' dir='ltr'><strong>proprietas</strong></span> <span class='ocrx_word' id='word_1_482' title='bbox 1225 1669 1364 1696; x_wconf 81' lang='lat' dir='ltr'><strong>cliaritatis</strong></span> <span class='ocrx_word' id='word_1_483' title='bbox 1374 1674 1425 1700; x_wconf 76' lang='lat' dir='ltr'><strong>est,</strong></span> <span class='ocrx_word' id='word_1_484' title='bbox 1437 1668 1508 1704; x_wconf 86' lang='lat' dir='ltr'><strong>quod</strong></span> <span class='ocrx_word' id='word_1_485' title='bbox 1519 1667 1581 1694; x_wconf 81' lang='lat' dir='ltr'><strong>facit</strong></span> <span class='ocrx_word' id='word_1_486' title='bbox 1592 1671 1621 1704; x_wconf 84' lang='lat' dir='ltr'><strong>ut</strong></span> <span class='ocrx_word' id='word_1_487' title='bbox 1632 1666 1655 1693; x_wconf 88' lang='lat' dir='ltr'><strong>is</strong></span> <span class='ocrx_word' id='word_1_488' title='bbox 1665 1667 1714 1701; x_wconf 87' lang='lat' dir='ltr'><strong>qui</strong></span> 
     </span>
    </p>
   </div>
   <div class='ocr_carea' id='block_1_66' title="bbox 102 1698 883 1734">
    <p class='ocr_par' dir='ltr' id='par_1_66' title="bbox 102 1698 883 1734">
     <span class='ocr_line' id='line_1_66' title="bbox 102 1698 883 1734; baseline -0.004 -4"><span class='ocrx_word' id='word_1_489' title='bbox 102 1707 144 1730; x_wconf 88' lang='lat' dir='ltr'><strong>est</strong></span> <span class='ocrx_word' id='word_1_490' title='bbox 161 1701 263 1734; x_wconf 87' lang='lat' dir='ltr'><strong>alioqui</strong></span> <span class='ocrx_word' id='word_1_491' title='bbox 279 1701 358 1731; x_wconf 83' lang='lat' dir='ltr'><strong>Deus,</strong></span> <span class='ocrx_word' id='word_1_492' title='bbox 380 1707 414 1724; x_wconf 86' lang='lat' dir='ltr'><strong>ne</strong></span> <span class='ocrx_word' id='word_1_493' title='bbox 429 1698 491 1734; x_wconf 77' lang='lat' dir='ltr'><strong>quis</strong></span> <span class='ocrx_word' id='word_1_494' title='bbox 513 1698 565 1724; x_wconf 88' lang='lat' dir='ltr'><strong>hoc</strong></span> <span class='ocrx_word' id='word_1_495' title='bbox 582 1699 637 1724; x_wconf 88' lang='lat' dir='ltr'><strong>tolli</strong></span> <span class='ocrx_word' id='word_1_496' title='bbox 655 1702 745 1732; x_wconf 89' lang='lat' dir='ltr'><strong>putet:</strong></span> <span class='ocrx_word' id='word_1_497' title='bbox 758 1700 883 1727; x_wconf 85' lang='lat' dir='ltr'><strong>absolute</strong></span> 
     </span>
    </p>
   </div>
   <div class='ocr_carea' id='block_1_67' title="bbox 103 1733 883 1773">
    <p class='ocr_par' dir='ltr' id='par_1_67' title="bbox 103 1733 883 1773">
     <span class='ocr_line' id='line_1_67' title="bbox 103 1733 883 1773; baseline -0.005 -9"><span class='ocrx_word' id='word_1_498' title='bbox 103 1738 161 1771; x_wconf 83' lang='lat' dir='ltr'><strong>ipsa</strong></span> <span class='ocrx_word' id='word_1_499' title='bbox 175 1733 261 1770; x_wconf 31' lang='lat' dir='ltr'><strong>per’se</strong></span> <span class='ocrx_word' id='word_1_500' title='bbox 272 1733 389 1773; x_wconf 76' lang='lat' dir='ltr'><strong>cbaritas</strong></span> <span class='ocrx_word' id='word_1_501' title='bbox 402 1733 548 1767; x_wconf 85' lang='lat' dir='ltr'><strong>superlata,</strong></span> <span class='ocrx_word' id='word_1_502' title='bbox 568 1740 623 1760; x_wconf 90' lang='lat' dir='ltr'><strong>non</strong></span> <span class='ocrx_word' id='word_1_503' title='bbox 646 1740 747 1766; x_wconf 84' lang='lat' dir='ltr'><strong>creata,</strong></span> <span class='ocrx_word' id='word_1_504' title='bbox 764 1735 810 1761; x_wconf 89' lang='lat' dir='ltr'><strong>sed</strong></span> <span class='ocrx_word' id='word_1_505' title='bbox 824 1743 883 1760; x_wconf 62' lang='lat' dir='ltr'><strong>oni-</strong></span> 
     </span>
    </p>
   </div>
   <div class='ocr_carea' id='block_1_68' title="bbox 103 1773 319 1798">
    <p class='ocr_par' dir='ltr' id='par_1_68' title="bbox 103 1773 319 1798">
     <span class='ocr_line' id='line_1_68' title="bbox 103 1773 319 1798; baseline -0.019 0"><span class='ocrx_word' id='word_1_506' title='bbox 103 1773 177 1798; x_wconf 90' lang='lat' dir='ltr'><strong>ninm</strong></span> <span class='ocrx_word' id='word_1_507' title='bbox 193 1774 319 1796; x_wconf 82' lang='lat' dir='ltr'><strong>creatrix.</strong></span> 
     </span>
    </p>
   </div>
   <div class='ocr_carea' id='block_1_69' title="bbox 141 1800 884 1840">
    <p class='ocr_par' dir='ltr' id='par_1_69' title="bbox 141 1800 884 1840">
     <span class='ocr_line' id='line_1_69' title="bbox 141 1800 884 1840; baseline 0.001 -12"><span class='ocrx_word' id='word_1_508' title='bbox 141 1805 180 1840; x_wconf 84' lang='lat'><strong>(5)</strong></span> <span class='ocrx_word' id='word_1_509' title='bbox 205 1803 513 1840; x_wconf 17' lang='lat' dir='ltr'><strong>ranquamﬂmoventem.</strong></span> <span class='ocrx_word' id='word_1_510' title='bbox 533 1800 691 1840; x_wconf 77' lang='lat' dir='ltr'><strong>Qbservavit</strong></span> <span class='ocrx_word' id='word_1_511' title='bbox 705 1803 749 1840; x_wconf 78' lang='lat' dir='ltr'><strong>hic</strong></span> <span class='ocrx_word' id='word_1_512' title='bbox 761 1803 789 1840; x_wconf 86' lang='lat' dir='ltr'><strong>S_.</strong></span> <span class='ocrx_word' id='word_1_513' title='bbox 812 1802 884 1830; x_wconf 88' lang='lat' dir='ltr'><strong>&#39;l‘lio-</strong></span> 
     </span>
    </p>
   </div>
   <div class='ocr_carea' id='block_1_70' title="bbox 107 1836 885 1872">
    <p class='ocr_par' dir='ltr' id='par_1_70' title="bbox 107 1836 885 1872">
     <span class='ocr_line' id='line_1_70' title="bbox 107 1836 885 1872; baseline -0.005 -5"><span class='ocrx_word' id='word_1_514' title='bbox 107 1836 452 1872; x_wconf 20' lang='grc' dir='ltr'>ηιέῖςὶτίρὶὶωιιινιιίῐεινιιιιιι</span> <span class='ocrx_word' id='word_1_515' title='bbox 463 1837 577 1872; x_wconf 73' lang='lat' dir='ltr'><strong>amoris,</strong></span> <span class='ocrx_word' id='word_1_516' title='bbox 593 1837 649 1862; x_wconf 86' lang='lat' dir='ltr'><strong>sive</strong></span> <span class='ocrx_word' id='word_1_517' title='bbox 662 1838 812 1869; x_wconf 88' lang='lat' dir='ltr'><strong>charitatis,</strong></span> <span class='ocrx_word' id='word_1_518' title='bbox 830 1840 885 1871; x_wconf 92' lang='lat' dir='ltr'><strong>pri-</strong></span> 
     </span>
    </p>
   </div>
   <div class='ocr_carea' id='block_1_71' title="bbox 108 1870 885 1906">
    <p class='ocr_par' dir='ltr' id='par_1_71' title="bbox 108 1870 885 1906">
     <span class='ocr_line' id='line_1_71' title="bbox 108 1870 885 1906; baseline -0.004 -5"><span class='ocrx_word' id='word_1_519' title='bbox 108 1882 168 1901; x_wconf 87' lang='lat' dir='ltr'><strong>mus</strong></span> <span class='ocrx_word' id='word_1_520' title='bbox 180 1870 232 1904; x_wconf 81' lang='lat' dir='ltr'><strong>est,</strong></span> <span class='ocrx_word' id='word_1_521' title='bbox 248 1871 320 1906; x_wconf 91' lang='lat' dir='ltr'><strong>quod</strong></span> <span class='ocrx_word' id='word_1_522' title='bbox 334 1878 421 1902; x_wconf 91' lang='lat' dir='ltr'><strong>anior,</strong></span> <span class='ocrx_word' id='word_1_523' title='bbox 446 1870 503 1906; x_wconf 82' lang='lat' dir='ltr'><strong>sive</strong></span> <span class='ocrx_word' id='word_1_524' title='bbox 514 1870 634 1906; x_wconf 81' lang='lat' dir='ltr'><strong>cliaritas</strong></span> <span class='ocrx_word' id='word_1_525' title='bbox 649 1876 738 1898; x_wconf 88' lang='lat' dir='ltr'><strong>movet</strong></span> <span class='ocrx_word' id='word_1_526' title='bbox 749 1870 885 1898; x_wconf 81' lang='lat' dir='ltr'><strong>amantem</strong></span> 
     </span>
    </p>
   </div>
   <div class='ocr_carea' id='block_1_72' title="bbox 110 1904 884 1941">
    <p class='ocr_par' dir='ltr' id='par_1_72' title="bbox 110 1904 884 1941">
     <span class='ocr_line' id='line_1_72' title="bbox 110 1904 884 1941; baseline -0.004 -6"><span class='ocrx_word' id='word_1_527' title='bbox 110 1909 143 1935; x_wconf 85' lang='lat' dir='ltr'><strong>ad</strong></span> <span class='ocrx_word' id='word_1_528' title='bbox 161 1904 356 1941; x_wconf 70' lang='lat' dir='ltr'><strong>operationem,</strong></span> <span class='ocrx_word' id='word_1_529' title='bbox 372 1906 443 1941; x_wconf 76' lang='lat' dir='ltr'><strong>unde</strong></span> <span class='ocrx_word' id='word_1_530' title='bbox 463 1904 502 1938; x_wconf 89' lang='lat' dir='ltr'><strong>(ut</strong></span> <span class='ocrx_word' id='word_1_531' title='bbox 516 1905 566 1931; x_wconf 91' lang='lat' dir='ltr'><strong>hoc</strong></span> <span class='ocrx_word' id='word_1_532' title='bbox 584 1905 673 1941; x_wconf 80' lang='lat' dir='ltr'><strong>obiter</strong></span> <span class='ocrx_word' id='word_1_533' title='bbox 681 1906 841 1941; x_wconf 77' lang='lat' dir='ltr'><strong>observetur</strong></span> <span class='ocrx_word' id='word_1_534' title='bbox 859 1907 884 1932; x_wconf 92' lang='lat' dir='ltr'><strong>iii</strong></span> 
     </span>
    </p>
   </div>
   <div class='ocr_carea' id='block_1_73' title="bbox 111 1939 884 1974">
    <p class='ocr_par' dir='ltr' id='par_1_73' title="bbox 111 1939 884 1974">
     <span class='ocr_line' id='line_1_73' title="bbox 111 1939 884 1974; baseline -0.004 -5"><span class='ocrx_word' id='word_1_535' title='bbox 111 1939 264 1973; x_wconf 70' lang='lat' dir='ltr'><strong>haereticos,</strong></span> <span class='ocrx_word' id='word_1_536' title='bbox 281 1941 328 1974; x_wconf 92' lang='lat' dir='ltr'><strong>qui</strong></span> <span class='ocrx_word' id='word_1_537' title='bbox 345 1939 480 1965; x_wconf 86' lang='lat' dir='ltr'><strong>hominem</strong></span> <span class='ocrx_word' id='word_1_538' title='bbox 493 1945 539 1972; x_wconf 89' lang='lat' dir='ltr'><strong>per</strong></span> <span class='ocrx_word' id='word_1_539' title='bbox 551 1939 635 1966; x_wconf 85' lang='lat' dir='ltr'><strong>solam</strong></span> <span class='ocrx_word' id='word_1_540' title='bbox 652 1940 730 1966; x_wconf 72' lang='lat' dir='ltr'><strong>{idem</strong></span> <span class='ocrx_word' id='word_1_541' title='bbox 745 1940 884 1973; x_wconf 84' lang='lat' dir='ltr'><strong>justilicari</strong></span> 
     </span>
    </p>
   </div>
   <div class='ocr_carea' id='block_1_74' title="bbox 109 1974 886 2010">
    <p class='ocr_par' dir='ltr' id='par_1_74' title="bbox 109 1974 886 2010">
     <span class='ocr_line' id='line_1_74' title="bbox 109 1974 886 2010; baseline -0.003 -8"><span class='ocrx_word' id='word_1_542' title='bbox 109 1977 232 2010; x_wconf 80' lang='lat' dir='ltr'><strong>tradunt)</strong></span> <span class='ocrx_word' id='word_1_543' title='bbox 249 1977 321 2002; x_wconf 83' lang='lat' dir='ltr'><strong>sicut</strong></span> <span class='ocrx_word' id='word_1_544' title='bbox 343 1980 414 2007; x_wconf 86' lang='lat' dir='ltr'><strong>aqua</strong></span> <span class='ocrx_word' id='word_1_545' title='bbox 436 1974 619 2010; x_wconf 82' lang='lat' dir='ltr'><strong>operationem</strong></span> <span class='ocrx_word' id='word_1_546' title='bbox 632 1974 666 2000; x_wconf 90' lang='lat' dir='ltr'><strong>ab</strong></span> <span class='ocrx_word' id='word_1_547' title='bbox 688 1974 758 2007; x_wconf 80' lang='lat' dir='ltr'><strong>igne,</strong></span> <span class='ocrx_word' id='word_1_548' title='bbox 785 1975 886 2010; x_wconf 81' lang='lat' dir='ltr'><strong>scilicet</strong></span> 
     </span>
    </p>
   </div>
   <div class='ocr_carea' id='block_1_75' title="bbox 107 2008 886 2042">
    <p class='ocr_par' dir='ltr' id='par_1_75' title="bbox 107 2008 886 2042">
     <span class='ocr_line' id='line_1_75' title="bbox 107 2008 886 2042; baseline -0.001 -5"><span class='ocrx_word' id='word_1_549' title='bbox 107 2008 312 2038; x_wconf 83' lang='lat' dir='ltr'><strong>calet&#39;actioneiii</strong></span> <span class='ocrx_word' id='word_1_550' title='bbox 330 2009 434 2040; x_wconf 81' lang='lat' dir='ltr'><strong>recipit,</strong></span> <span class='ocrx_word' id='word_1_551' title='bbox 446 2014 472 2033; x_wconf 88' lang='lat' dir='ltr'><strong>et</strong></span> <span class='ocrx_word' id='word_1_552' title='bbox 485 2008 573 2033; x_wconf 87' lang='lat' dir='ltr'><strong>calelit</strong></span> <span class='ocrx_word' id='word_1_553' title='bbox 592 2009 722 2042; x_wconf 80' lang='lat' dir='ltr'><strong>(operatio</strong></span> <span class='ocrx_word' id='word_1_554' title='bbox 738 2008 886 2042; x_wconf 77' lang='lat' dir='ltr'><strong>enimignis</strong></span> 
     </span>
    </p>
   </div>
   <div class='ocr_carea' id='block_1_76' title="bbox 107 2043 885 2080">
    <p class='ocr_par' dir='ltr' id='par_1_76' title="bbox 107 2043 885 2080">
     <span class='ocr_line' id='line_1_76' title="bbox 107 2043 885 2080; baseline -0.004 -8"><span class='ocrx_word' id='word_1_555' title='bbox 107 2053 205 2080; x_wconf 88' lang='lat' dir='ltr'><strong>aquam</strong></span> <span class='ocrx_word' id='word_1_556' title='bbox 224 2044 336 2077; x_wconf 85' lang='lat' dir='ltr'><strong>mOvet),</strong></span> <span class='ocrx_word' id='word_1_557' title='bbox 350 2044 470 2080; x_wconf 83' lang='lat' dir='ltr'><strong>s_ie_lides</strong></span> <span class='ocrx_word' id='word_1_558' title='bbox 486 2044 670 2080; x_wconf 69' lang='lat' dir='ltr'><strong>operationem</strong></span> <span class='ocrx_word' id='word_1_559' title='bbox 686 2043 804 2077; x_wconf 84' lang='lat' dir='ltr'><strong>recipita</strong></span> <span class='ocrx_word' id='word_1_560' title='bbox 819 2044 885 2080; x_wconf 80' lang='lat' dir='ltr'><strong>elia-</strong></span> 
     </span>
    </p>
   </div>
   <div class='ocr_carea' id='block_1_77' title="bbox 109 2076 887 2112">
    <p class='ocr_par' dir='ltr' id='par_1_77' title="bbox 109 2076 887 2112">
     <span class='ocr_line' id='line_1_77' title="bbox 109 2076 887 2112; baseline -0.004 -5"><span class='ocrx_word' id='word_1_561' title='bbox 109 2076 198 2112; x_wconf 82' lang='lat' dir='ltr'><strong>riiate,</strong></span> <span class='ocrx_word' id='word_1_562' title='bbox 228 2086 280 2112; x_wconf 89' lang='lat' dir='ltr'><strong>qua</strong></span> <span class='ocrx_word' id='word_1_563' title='bbox 299 2076 452 2111; x_wconf 70' lang='lat' dir='ltr'><strong>operatione</strong></span> <span class='ocrx_word' id='word_1_564' title='bbox 472 2076 555 2112; x_wconf 78' lang='lat' dir='ltr'><strong>veluti</strong></span> <span class='ocrx_word' id='word_1_565' title='bbox 566 2077 725 2112; x_wconf 58' lang='lat' dir='ltr'><strong>_vi\‘iticatur</strong></span> <span class='ocrx_word' id='word_1_566' title='bbox 743 2076 775 2103; x_wconf 38' lang='lat' dir='ltr'><strong>&#39;et</strong></span> <span class='ocrx_word' id='word_1_567' title='bbox 800 2079 887 2104; x_wconf 87' lang='lat' dir='ltr'><strong>calelit</strong></span> 
     </span>
    </p>
   </div>
   <div class='ocr_carea' id='block_1_78' title="bbox 109 2109 886 2146">
    <p class='ocr_par' dir='ltr' id='par_1_78' title="bbox 109 2109 886 2146">
     <span class='ocr_line' id='line_1_78' title="bbox 109 2109 886 2146; baseline -0.004 -6"><span class='ocrx_word' id='word_1_568' title='bbox 109 2120 135 2140; x_wconf 87' lang='lat' dir='ltr'><strong>et</strong></span> <span class='ocrx_word' id='word_1_569' title='bbox 149 2109 208 2141; x_wconf 78' lang='lat' dir='ltr'><strong>sine</strong></span> <span class='ocrx_word' id='word_1_570' title='bbox 220 2109 251 2139; x_wconf 77' lang='lat' dir='ltr'><strong>ea</strong></span> <span class='ocrx_word' id='word_1_571' title='bbox 265 2109 353 2146; x_wconf 72' lang='lat' dir='ltr'><strong>friget,</strong></span> <span class='ocrx_word' id='word_1_572' title='bbox 369 2115 396 2137; x_wconf 88' lang='lat' dir='ltr'><strong>et</strong></span> <span class='ocrx_word' id='word_1_573' title='bbox 414 2115 442 2137; x_wconf 95' lang='lat' dir='ltr'><strong>ut</strong></span> <span class='ocrx_word' id='word_1_574' title='bbox 458 2111 496 2137; x_wconf 85' lang='lat' dir='ltr'><strong>ait</strong></span> <span class='ocrx_word' id='word_1_575' title='bbox 515 2110 544 2136; x_wconf 81' lang='grc' dir='ltr'>Β.</span> <span class='ocrx_word' id='word_1_576' title='bbox 562 2109 678 2138; x_wconf 82' lang='lat' dir='ltr'><strong>Jacobus</strong></span> <span class='ocrx_word' id='word_1_577' title='bbox 690 2113 758 2145; x_wconf 85' lang='lat' dir='ltr'><strong>(cap.</strong></span> <span class='ocrx_word' id='word_1_578' title='bbox 770 2112 801 2145; x_wconf 88' lang='lat' dir='ltr'><strong>ii)</strong></span> <span class='ocrx_word' id='word_1_579' title='bbox 814 2120 886 2138; x_wconf 89' lang='lat' dir='ltr'><strong>mor—</strong></span> 
     </span>
    </p>
   </div>
   <div class='ocr_carea' id='block_1_79' title="bbox 109 2146 886 2180">
    <p class='ocr_par' dir='ltr' id='par_1_79' title="bbox 109 2146 886 2180">
     <span class='ocr_line' id='line_1_79' title="bbox 109 2146 886 2180; baseline -0.003 -5"><span class='ocrx_word' id='word_1_580' title='bbox 109 2156 153 2175; x_wconf 90' lang='lat' dir='ltr'><strong>Iu.i</strong></span> <span class='ocrx_word' id='word_1_581' title='bbox 175 2152 227 2178; x_wconf 86' lang='lat' dir='ltr'><strong>est,</strong></span> <span class='ocrx_word' id='word_1_582' title='bbox 252 2155 284 2174; x_wconf 77' lang='lat' dir='ltr'><strong>ex</strong></span> <span class='ocrx_word' id='word_1_583' title='bbox 309 2154 364 2180; x_wconf 92' lang='lat' dir='ltr'><strong>quo</strong></span> <span class='ocrx_word' id='word_1_584' title='bbox 395 2146 434 2178; x_wconf 87' lang='lat' dir='ltr'><strong>lit,</strong></span> <span class='ocrx_word' id='word_1_585' title='bbox 462 2149 491 2170; x_wconf 87' lang='lat' dir='ltr'><strong>ut</strong></span> <span class='ocrx_word' id='word_1_586' title='bbox 513 2146 665 2179; x_wconf 62' lang='lat' dir='ltr'><strong>huiusmodi</strong></span> <span class='ocrx_word' id='word_1_587' title='bbox 688 2147 752 2173; x_wconf 87' lang='lat' dir='ltr'><strong>tides</strong></span> <span class='ocrx_word' id='word_1_588' title='bbox 764 2147 808 2178; x_wconf 83' lang='lat' dir='ltr'><strong>sit,</strong></span> <span class='ocrx_word' id='word_1_589' title='bbox 827 2154 886 2180; x_wconf 73' lang='lat' dir='ltr'><strong>quae</strong></span> 
     </span>
    </p>
   </div>
   <div class='ocr_carea' id='block_1_80' title="bbox 111 2179 885 2215">
    <p class='ocr_par' dir='ltr' id='par_1_80' title="bbox 111 2179 885 2215">
     <span class='ocr_line' id='line_1_80' title="bbox 111 2179 885 2215; baseline -0.004 -5"><span class='ocrx_word' id='word_1_590' title='bbox 111 2185 135 2209; x_wconf 89' lang='lat' dir='ltr'><strong>in</strong></span> <span class='ocrx_word' id='word_1_591' title='bbox 155 2183 266 2210; x_wconf 76' lang='lat' dir='ltr'><strong>Christo</strong></span> <span class='ocrx_word' id='word_1_592' title='bbox 277 2179 356 2213; x_wconf 70' lang='lat' dir='ltr'><strong>valet,</strong></span> <span class='ocrx_word' id='word_1_593' title='bbox 369 2181 439 2206; x_wconf 69' lang='lat' dir='ltr'><strong>Sit&#39;Ul</strong></span> <span class='ocrx_word' id='word_1_594' title='bbox 450 2180 595 2213; x_wconf 83' lang='lat' dir='ltr'><strong>Apostolus</strong></span> <span class='ocrx_word' id='word_1_595' title='bbox 603 2180 635 2206; x_wconf 90' lang='lat' dir='ltr'><strong>ad</strong></span> <span class='ocrx_word' id='word_1_596' title='bbox 649 2179 756 2207; x_wconf 79' lang='lat' dir='ltr'><strong>Galatas</strong></span> <span class='ocrx_word' id='word_1_597' title='bbox 773 2179 843 2214; x_wconf 67' lang='lat' dir='ltr'><strong>(cap.</strong></span> <span class='ocrx_word' id='word_1_598' title='bbox 860 2184 885 2215; x_wconf 85' lang='lat' dir='ltr'><strong>v)</strong></span> 
     </span>
    </p>
   </div>
   <div class='ocr_carea' id='block_1_81' title="bbox 109 2215 887 2250">
    <p class='ocr_par' dir='ltr' id='par_1_81' title="bbox 109 2215 887 2250">
     <span class='ocr_line' id='line_1_81' title="bbox 109 2215 887 2250; baseline -0.001 -7"><span class='ocrx_word' id='word_1_599' title='bbox 109 2217 228 2250; x_wconf 82' lang='lat' dir='ltr'><strong>scripsit,</strong></span> <span class='ocrx_word' id='word_1_600' title='bbox 252 2222 474 2250; x_wconf 29' lang='lat' dir='ltr'><strong>quaetinquain,</strong></span> <span class='ocrx_word' id='word_1_601' title='bbox 507 2223 553 2247; x_wconf 88' lang='lat' dir='ltr'><strong>per</strong></span> <span class='ocrx_word' id='word_1_602' title='bbox 579 2215 738 2250; x_wconf 82' lang='lat' dir='ltr'><strong>charitatem</strong></span> <span class='ocrx_word' id='word_1_603' title='bbox 764 2220 887 2242; x_wconf 75' lang='lat' dir='ltr'><strong>movetur</strong></span> 
     </span>
    </p>
   </div>
   <div class='ocr_carea' id='block_1_82' title="bbox 108 2249 885 2284">
    <p class='ocr_par' dir='ltr' id='par_1_82' title="bbox 108 2249 885 2284">
     <span class='ocr_line' id='line_1_82' title="bbox 108 2249 885 2284; baseline -0.001 -7"><span class='ocrx_word' id='word_1_604' title='bbox 108 2249 214 2278; x_wconf 66' lang='lat' dir='ltr'><strong>scilicet</strong></span> <span class='ocrx_word' id='word_1_605' title='bbox 241 2249 304 2284; x_wconf 70' lang='lat' dir='ltr'><strong>erga</strong></span> <span class='ocrx_word' id='word_1_606' title='bbox 333 2249 434 2280; x_wconf 82' lang='lat' dir='ltr'><strong>Deum;</strong></span> <span class='ocrx_word' id='word_1_607' title='bbox 449 2250 584 2275; x_wconf 78' lang='lat' dir='ltr'><strong>secundus</strong></span> <span class='ocrx_word' id='word_1_608' title='bbox 610 2249 681 2275; x_wconf 86' lang='lat' dir='ltr'><strong>enim</strong></span> <span class='ocrx_word' id='word_1_609' title='bbox 700 2249 810 2276; x_wconf 78' lang='lat' dir='ltr'><strong>eﬂcctus</strong></span> <span class='ocrx_word' id='word_1_610' title='bbox 833 2255 885 2283; x_wconf 86' lang='lat' dir='ltr'><strong>est,</strong></span> 
     </span>
    </p>
   </div>
   <div class='ocr_carea' id='block_1_83' title="bbox 107 2284 887 2320">
    <p class='ocr_par' dir='ltr' id='par_1_83' title="bbox 107 2284 887 2320">
     <span class='ocr_line' id='line_1_83' title="bbox 107 2284 887 2320; baseline -0.003 -7"><span class='ocrx_word' id='word_1_611' title='bbox 107 2287 178 2320; x_wconf 88' lang='lat' dir='ltr'><strong>quod</strong></span> <span class='ocrx_word' id='word_1_612' title='bbox 191 2291 279 2315; x_wconf 79' lang='lat' dir='ltr'><strong>movet</strong></span> <span class='ocrx_word' id='word_1_613' title='bbox 298 2284 486 2320; x_wconf 80' lang='lat' dir='ltr'><strong>operationem</strong></span> <span class='ocrx_word' id='word_1_614' title='bbox 511 2290 571 2320; x_wconf 78' lang='lat' dir='ltr'><strong>erga</strong></span> <span class='ocrx_word' id='word_1_615' title='bbox 592 2289 722 2317; x_wconf 84' lang='lat' dir='ltr'><strong>amatum,</strong></span> <span class='ocrx_word' id='word_1_616' title='bbox 738 2284 834 2320; x_wconf 5' lang='lat' dir='ltr'><strong>qundeﬁ</strong></span> <span class='ocrx_word' id='word_1_617' title='bbox 848 2293 887 2311; x_wconf 81' lang='lat' dir='ltr'><strong>ste</strong></span> 
     </span>
    </p>
   </div>
   <div class='ocr_carea' id='block_1_84' title="bbox 109 2318 883 2354">
    <p class='ocr_par' dir='ltr' id='par_1_84' title="bbox 109 2318 883 2354">
     <span class='ocr_line' id='line_1_84' title="bbox 109 2318 883 2354; baseline -0.003 -7"><span class='ocrx_word' id='word_1_618' title='bbox 109 2318 314 2354; x_wconf 70' lang='lat' dir='ltr'><strong>intelligendum</strong></span> <span class='ocrx_word' id='word_1_619' title='bbox 326 2323 368 2344; x_wconf 85' lang='lat' dir='ltr'><strong>est</strong></span> <span class='ocrx_word' id='word_1_620' title='bbox 378 2320 451 2354; x_wconf 80' lang='lat' dir='ltr'><strong>quod</strong></span> <span class='ocrx_word' id='word_1_621' title='bbox 463 2318 694 2354; x_wconf 21' lang='lat' dir='ltr'><strong>ideitiAApostolus</strong></span> <span class='ocrx_word' id='word_1_622' title='bbox 718 2318 783 2344; x_wconf 83' lang='lat' dir='ltr'><strong>dixit</strong></span> <span class='ocrx_word' id='word_1_623' title='bbox 797 2327 803 2344; x_wconf 91' lang='lat'><strong>:</strong></span> <span class='ocrx_word' id='word_1_624' title='bbox 819 2318 883 2351; x_wconf 59' lang='lat' dir='ltr'><strong>Quae</strong></span> 
     </span>
    </p>
   </div>
   <div class='ocr_carea' id='block_1_85' title="bbox 110 2352 883 2390">
    <p class='ocr_par' dir='ltr' id='par_1_85' title="bbox 110 2352 883 2390">
     <span class='ocr_line' id='line_1_85' title="bbox 110 2352 883 2390; baseline -0.001 -9"><span class='ocrx_word' id='word_1_625' title='bbox 110 2363 155 2390; x_wconf 89' lang='lat' dir='ltr'><strong>per</strong></span> <span class='ocrx_word' id='word_1_626' title='bbox 173 2352 370 2388; x_wconf 73' lang='lat' dir='ltr'><strong>operationem,</strong></span> <span class='ocrx_word' id='word_1_627' title='bbox 388 2353 497 2390; x_wconf 71' lang='lat' dir='ltr'><strong>scilicet</strong></span> <span class='ocrx_word' id='word_1_628' title='bbox 520 2352 680 2390; x_wconf 40' lang='lat' dir='ltr'><strong>charitatis,</strong></span> <span class='ocrx_word' id='word_1_629' title='bbox 694 2358 832 2387; x_wconf 89' lang='lat' dir='ltr'><strong>operatur,</strong></span> <span class='ocrx_word' id='word_1_630' title='bbox 858 2355 883 2380; x_wconf 92' lang='lat' dir='ltr'><strong>id</strong></span> 
     </span>
    </p>
   </div>
   <div class='ocr_carea' id='block_1_86' title="bbox 110 2387 883 2422">
    <p class='ocr_par' dir='ltr' id='par_1_86' title="bbox 110 2387 883 2422">
     <span class='ocr_line' id='line_1_86' title="bbox 110 2387 883 2422; baseline -0.003 -6"><span class='ocrx_word' id='word_1_631' title='bbox 110 2387 162 2422; x_wconf 74' lang='lat' dir='ltr'><strong>est,</strong></span> <span class='ocrx_word' id='word_1_632' title='bbox 176 2387 310 2419; x_wconf 79' lang='lat' dir='ltr'><strong>movetur,</strong></span> <span class='ocrx_word' id='word_1_633' title='bbox 322 2387 428 2421; x_wconf 77' lang='lat' dir='ltr'><strong>paSsive</strong></span> <span class='ocrx_word' id='word_1_634' title='bbox 442 2387 513 2412; x_wconf 85' lang='lat' dir='ltr'><strong>cuitu</strong></span> <span class='ocrx_word' id='word_1_635' title='bbox 543 2388 729 2420; x_wconf 86' lang='lat' dir='ltr'><strong>accipiendum</strong></span> <span class='ocrx_word' id='word_1_636' title='bbox 745 2393 786 2413; x_wconf 81' lang='lat' dir='ltr'><strong>est</strong></span> <span class='ocrx_word' id='word_1_637' title='bbox 805 2395 883 2414; x_wconf 84' lang='lat' dir='ltr'><strong>voca-</strong></span> 
     </span>
    </p>
   </div>
   <div class='ocr_carea' id='block_1_87' title="bbox 111 2422 881 2457">
    <p class='ocr_par' dir='ltr' id='par_1_87' title="bbox 111 2422 881 2457">
     <span class='ocr_line' id='line_1_87' title="bbox 111 2422 881 2457; baseline -0.003 -7"><span class='ocrx_word' id='word_1_638' title='bbox 111 2425 201 2450; x_wconf 85' lang='lat' dir='ltr'><strong>bulum</strong></span> <span class='ocrx_word' id='word_1_639' title='bbox 217 2424 413 2457; x_wconf 75' lang='grc' dir='ltr'><strong>ἐνεργουμένη,</strong></span> <span class='ocrx_word' id='word_1_640' title='bbox 429 2423 532 2447; x_wconf 87' lang='lat' dir='ltr'><strong>utalias</strong></span> <span class='ocrx_word' id='word_1_641' title='bbox 549 2429 564 2447; x_wconf 90' lang='lat' dir='ltr'><strong>a</strong></span> <span class='ocrx_word' id='word_1_642' title='bbox 579 2423 656 2448; x_wconf 81' lang='lat' dir='ltr'><strong>nobis</strong></span> <span class='ocrx_word' id='word_1_643' title='bbox 667 2422 809 2454; x_wconf 68' lang='lat' dir='ltr'><strong>probatum</strong></span> <span class='ocrx_word' id='word_1_644' title='bbox 823 2428 881 2454; x_wconf 83' lang='lat' dir='ltr'><strong>est;</strong></span> 
     </span>
    </p>
   </div>
   <div class='ocr_carea' id='block_1_88' title="bbox 110 2456 881 2491">
    <p class='ocr_par' dir='ltr' id='par_1_88' title="bbox 110 2456 881 2491">
     <span class='ocr_line' id='line_1_88' title="bbox 110 2456 881 2491; baseline -0.004 -6"><span class='ocrx_word' id='word_1_645' title='bbox 110 2460 203 2485; x_wconf 81' lang='lat' dir='ltr'><strong>tertius</strong></span> <span class='ocrx_word' id='word_1_646' title='bbox 215 2457 336 2488; x_wconf 67' lang='lat' dir='ltr'><strong>cﬂ‘eetus,</strong></span> <span class='ocrx_word' id='word_1_647' title='bbox 369 2456 441 2489; x_wconf 89' lang='lat' dir='ltr'><strong>quod</strong></span> <span class='ocrx_word' id='word_1_648' title='bbox 462 2463 537 2481; x_wconf 86' lang='lat' dir='ltr'><strong>amor</strong></span> <span class='ocrx_word' id='word_1_649' title='bbox 551 2457 669 2491; x_wconf 80' lang='lat' dir='ltr'><strong>seipsuin</strong></span> <span class='ocrx_word' id='word_1_650' title='bbox 685 2457 802 2482; x_wconf 81' lang='lat' dir='ltr'><strong>ostendit</strong></span> <span class='ocrx_word' id='word_1_651' title='bbox 818 2464 881 2491; x_wconf 71' lang='lat' dir='ltr'><strong>erga</strong></span> 
     </span>
    </p>
   </div>
   <div class='ocr_carea' id='block_1_89' title="bbox 109 2490 882 2526">
    <p class='ocr_par' dir='ltr' id='par_1_89' title="bbox 109 2490 882 2526">
     <span class='ocr_line' id='line_1_89' title="bbox 109 2490 882 2526; baseline -0.004 -6"><span class='ocrx_word' id='word_1_652' title='bbox 109 2502 182 2524; x_wconf 78' lang='lat' dir='ltr'><strong>eum,</strong></span> <span class='ocrx_word' id='word_1_653' title='bbox 195 2500 258 2526; x_wconf 63' lang='grc' dir='ltr'>διε-ι</span> <span class='ocrx_word' id='word_1_654' title='bbox 278 2499 358 2526; x_wconf 90' lang='lat' dir='ltr'><strong>quem</strong></span> <span class='ocrx_word' id='word_1_655' title='bbox 371 2495 422 2523; x_wconf 79' lang='lat' dir='ltr'><strong>est,</strong></span> <span class='ocrx_word' id='word_1_656' title='bbox 438 2492 508 2516; x_wconf 84' lang='lat' dir='ltr'><strong>unde</strong></span> <span class='ocrx_word' id='word_1_657' title='bbox 525 2491 618 2516; x_wconf 79' lang='lat' dir='ltr'><strong>beatus</strong></span> <span class='ocrx_word' id='word_1_658' title='bbox 628 2490 823 2524; x_wconf 68' lang='lat' dir='ltr'><strong>Jacobustcap.</strong></span> <span class='ocrx_word' id='word_1_659' title='bbox 840 2490 882 2525; x_wconf 87' lang='lat' dir='ltr'><strong>ii),</strong></span> 
     </span>
    </p>
   </div>
   <div class='ocr_carea' id='block_1_90' title="bbox 110 2526 880 2560">
    <p class='ocr_par' dir='ltr' id='par_1_90' title="bbox 110 2526 880 2560">
     <span class='ocr_line' id='line_1_90' title="bbox 110 2526 880 2560; baseline -0.004 -6"><span class='ocrx_word' id='word_1_660' title='bbox 110 2533 204 2554; x_wconf 83' lang='lat' dir='ltr'><strong>contra</strong></span> <span class='ocrx_word' id='word_1_661' title='bbox 225 2535 286 2554; x_wconf 83' lang='lat' dir='ltr'><strong>etim</strong></span> <span class='ocrx_word' id='word_1_662' title='bbox 298 2533 344 2560; x_wconf 85' lang='lat' dir='ltr'><strong>qm</strong></span> <span class='ocrx_word' id='word_1_663' title='bbox 362 2527 394 2552; x_wconf 87' lang='lat' dir='ltr'><strong>de</strong></span> <span class='ocrx_word' id='word_1_664' title='bbox 422 2527 472 2551; x_wconf 84' lang='lat' dir='ltr'><strong>ltde</strong></span> <span class='ocrx_word' id='word_1_665' title='bbox 489 2526 547 2550; x_wconf 84' lang='lat' dir='ltr'><strong>sine</strong></span> <span class='ocrx_word' id='word_1_666' title='bbox 563 2526 689 2558; x_wconf 84' lang='lat' dir='ltr'><strong>operibus</strong></span> <span class='ocrx_word' id='word_1_667' title='bbox 714 2526 844 2558; x_wconf 66' lang='lat' dir='ltr'><strong>gloriatur</strong></span> <span class='ocrx_word' id='word_1_668' title='bbox 874 2535 880 2551; x_wconf 90' lang='lat'>:</span> 
     </span>
    </p>
   </div>
   <div class='ocr_carea' id='block_1_91' title="bbox 110 2560 880 2594">
    <p class='ocr_par' dir='ltr' id='par_1_91' title="bbox 110 2560 880 2594">
     <span class='ocr_line' id='line_1_91' title="bbox 110 2560 880 2594; baseline -0.004 -5"><span class='ocrx_word' id='word_1_669' title='bbox 110 2563 225 2589; x_wconf 85' lang='lat' dir='ltr'><strong>Ostende</strong></span> <span class='ocrx_word' id='word_1_670' title='bbox 241 2567 278 2591; x_wconf 80' lang='lat' dir='ltr'><strong>tu,</strong></span> <span class='ocrx_word' id='word_1_671' title='bbox 289 2561 386 2594; x_wconf 90' lang='lat' dir='ltr'><strong>inquit,</strong></span> <span class='ocrx_word' id='word_1_672' title='bbox 398 2561 476 2586; x_wconf 81' lang='lat' dir='ltr'><strong>tidem</strong></span> <span class='ocrx_word' id='word_1_673' title='bbox 489 2563 560 2585; x_wconf 84' lang='lat' dir='ltr'><strong>tuam</strong></span> <span class='ocrx_word' id='word_1_674' title='bbox 574 2561 633 2586; x_wconf 86' lang='lat' dir='ltr'><strong>sine</strong></span> <span class='ocrx_word' id='word_1_675' title='bbox 642 2560 778 2593; x_wconf 88' lang='lat' dir='ltr'><strong>operibus,</strong></span> <span class='ocrx_word' id='word_1_676' title='bbox 790 2565 816 2586; x_wconf 90' lang='lat' dir='ltr'><strong>et</strong></span> <span class='ocrx_word' id='word_1_677' title='bbox 830 2568 880 2594; x_wconf 73' lang='lat' dir='ltr'><strong>ego</strong></span> 
     </span>
    </p>
   </div>
   <div class='ocr_carea' id='block_1_92' title="bbox 109 2594 880 2628">
    <p class='ocr_par' dir='ltr' id='par_1_92' title="bbox 109 2594 880 2628">
     <span class='ocr_line' id='line_1_92' title="bbox 109 2594 880 2628; baseline -0.004 -4"><span class='ocrx_word' id='word_1_678' title='bbox 109 2597 250 2624; x_wconf 84' lang='lat' dir='ltr'><strong>ostendam</strong></span> <span class='ocrx_word' id='word_1_679' title='bbox 268 2596 316 2622; x_wconf 87' lang='lat' dir='ltr'><strong>tibi</strong></span> <span class='ocrx_word' id='word_1_680' title='bbox 347 2596 425 2621; x_wconf 85' lang='lat' dir='ltr'><strong>tidem</strong></span> <span class='ocrx_word' id='word_1_681' title='bbox 451 2601 546 2628; x_wconf 63' lang='lat' dir='ltr'><strong>|ll€uIIL</strong></span> <span class='ocrx_word' id='word_1_682' title='bbox 562 2601 594 2620; x_wconf 86' lang='lat' dir='ltr'><strong>cx</strong></span> <span class='ocrx_word' id='word_1_683' title='bbox 620 2594 757 2628; x_wconf 77' lang='lat' dir='ltr'><strong>operibus.</strong></span> <span class='ocrx_word' id='word_1_684' title='bbox 779 2594 880 2622; x_wconf 82' lang='lat' dir='ltr'><strong>Deinde</strong></span> 
     </span>
    </p>
   </div>
   <div class='ocr_carea' id='block_1_93' title="bbox 107 2627 878 2662">
    <p class='ocr_par' dir='ltr' id='par_1_93' title="bbox 107 2627 878 2662">
     <span class='ocr_line' id='line_1_93' title="bbox 107 2627 878 2662; baseline -0.009 -4"><span class='ocrx_word' id='word_1_685' title='bbox 107 2631 258 2658; x_wconf 75' lang='lat' dir='ltr'><strong>observavit</strong></span> <span class='ocrx_word' id='word_1_686' title='bbox 279 2635 359 2657; x_wconf 89' lang='lat' dir='ltr'><strong>etiam</strong></span> <span class='ocrx_word' id='word_1_687' title='bbox 378 2631 446 2655; x_wconf 88' lang='lat' dir='ltr'><strong>idem</strong></span> <span class='ocrx_word' id='word_1_688' title='bbox 476 2628 505 2654; x_wconf 83' lang='lat' dir='ltr'><strong>S.</strong></span> <span class='ocrx_word' id='word_1_689' title='bbox 527 2627 645 2655; x_wconf 79' lang='lat' dir='ltr'><strong>Thomas</strong></span> <span class='ocrx_word' id='word_1_690' title='bbox 672 2629 789 2662; x_wconf 89' lang='lat' dir='ltr'><strong>quinque</strong></span> <span class='ocrx_word' id='word_1_691' title='bbox 819 2637 878 2662; x_wconf 80' lang='lat' dir='ltr'><strong>pro.</strong></span> 
     </span>
    </p>
   </div>
   <div class='ocr_carea' id='block_1_94' title="bbox 108 2664 879 2700">
    <p class='ocr_par' dir='ltr' id='par_1_94' title="bbox 108 2664 879 2700">
     <span class='ocr_line' id='line_1_94' title="bbox 108 2664 879 2700; baseline -0.003 -8"><span class='ocrx_word' id='word_1_692' title='bbox 108 2671 235 2700; x_wconf 83' lang='lat' dir='ltr'><strong>prietates</strong></span> <span class='ocrx_word' id='word_1_693' title='bbox 248 2673 349 2691; x_wconf 78' lang='lat' dir='ltr'><strong>aiuoris</strong></span> <span class='ocrx_word' id='word_1_694' title='bbox 362 2666 418 2691; x_wconf 80' lang='lat' dir='ltr'><strong>sive</strong></span> <span class='ocrx_word' id='word_1_695' title='bbox 430 2664 570 2690; x_wconf 81' lang='lat' dir='ltr'><strong>eliaritatis</strong></span> <span class='ocrx_word' id='word_1_696' title='bbox 590 2670 617 2689; x_wconf 95' lang='lat' dir='ltr'><strong>in</strong></span> <span class='ocrx_word' id='word_1_697' title='bbox 642 2664 683 2689; x_wconf 80' lang='lat' dir='ltr'><strong>llis</strong></span> <span class='ocrx_word' id='word_1_698' title='bbox 701 2671 760 2697; x_wconf 70' lang='lat' dir='ltr'><strong>quae</strong></span> <span class='ocrx_word' id='word_1_699' title='bbox 784 2665 826 2700; x_wconf 80' lang='lat' dir='ltr'><strong>hic</strong></span> <span class='ocrx_word' id='word_1_700' title='bbox 848 2672 879 2690; x_wconf 79' lang='lat' dir='ltr'><strong>ex</strong></span> 
     </span>
    </p>
   </div>
   <div class='ocr_carea' id='block_1_95' title="bbox 109 2699 882 2736">
    <p class='ocr_par' dir='ltr' id='par_1_95' title="bbox 109 2699 882 2736">
     <span class='ocr_line' id='line_1_95' title="bbox 109 2699 882 2736; baseline -0.003 -10"><span class='ocrx_word' id='word_1_701' title='bbox 109 2699 412 2736; x_wconf 75' lang='lat' dir='ltr'><strong>Dionysiorecitaiitur;</strong></span> <span class='ocrx_word' id='word_1_702' title='bbox 429 2699 514 2732; x_wconf 81' lang='lat' dir='ltr'><strong>prima</strong></span> <span class='ocrx_word' id='word_1_703' title='bbox 531 2702 582 2730; x_wconf 88' lang='lat' dir='ltr'><strong>est,</strong></span> <span class='ocrx_word' id='word_1_704' title='bbox 598 2701 721 2736; x_wconf 66' lang='lat' dir='ltr'><strong>progredi</strong></span> <span class='ocrx_word' id='word_1_705' title='bbox 733 2699 765 2724; x_wconf 84' lang='lat' dir='ltr'><strong>ad</strong></span> <span class='ocrx_word' id='word_1_706' title='bbox 783 2699 882 2724; x_wconf 90' lang='lat' dir='ltr'><strong>unien-</strong></span> 
     </span>
    </p>
   </div>
   <div class='ocr_carea' id='block_1_96' title="bbox 108 2733 882 2769">
    <p class='ocr_par' dir='ltr' id='par_1_96' title="bbox 108 2733 882 2769">
     <span class='ocr_line' id='line_1_96' title="bbox 108 2733 882 2769; baseline -0.004 -7"><span class='ocrx_word' id='word_1_707' title='bbox 108 2737 169 2762; x_wconf 90' lang='lat' dir='ltr'><strong>dum</strong></span> <span class='ocrx_word' id='word_1_708' title='bbox 179 2733 246 2762; x_wconf 45' lang='lat' dir='ltr'><strong>&#39;euui</strong></span> <span class='ocrx_word' id='word_1_709' title='bbox 258 2743 303 2769; x_wconf 94' lang='lat' dir='ltr'><strong>qui</strong></span> <span class='ocrx_word' id='word_1_710' title='bbox 315 2734 412 2768; x_wconf 74' lang='lat' dir='ltr'><strong>diligit,</strong></span> <span class='ocrx_word' id='word_1_711' title='bbox 432 2740 493 2759; x_wconf 87' lang='lat' dir='ltr'><strong>cum</strong></span> <span class='ocrx_word' id='word_1_712' title='bbox 503 2740 535 2759; x_wconf 91' lang='lat' dir='ltr'><strong>eo</strong></span> <span class='ocrx_word' id='word_1_713' title='bbox 546 2740 626 2767; x_wconf 89' lang='lat' dir='ltr'><strong>quem</strong></span> <span class='ocrx_word' id='word_1_714' title='bbox 638 2733 734 2766; x_wconf 65' lang='lat' dir='ltr'><strong>diligit;</strong></span> <span class='ocrx_word' id='word_1_715' title='bbox 743 2738 769 2769; x_wconf 84' lang='lat' dir='ltr'><strong>et</strong></span> <span class='ocrx_word' id='word_1_716' title='bbox 780 2738 882 2766; x_wconf 84' lang='lat' dir='ltr'><strong>quanto</strong></span> 
     </span>
    </p>
   </div>
   <div class='ocr_carea' id='block_1_97' title="bbox 107 2768 880 2800">
    <p class='ocr_par' dir='ltr' id='par_1_97' title="bbox 107 2768 880 2800">
     <span class='ocr_line' id='line_1_97' title="bbox 107 2768 880 2800; baseline -0.004 -3"><span class='ocrx_word' id='word_1_717' title='bbox 107 2768 279 2797; x_wconf 70' lang='lat' dir='ltr'><strong>excellentior</strong></span> <span class='ocrx_word' id='word_1_718' title='bbox 290 2774 332 2795; x_wconf 82' lang='lat' dir='ltr'><strong>est</strong></span> <span class='ocrx_word' id='word_1_719' title='bbox 343 2776 429 2800; x_wconf 88' lang='lat' dir='ltr'><strong>amor,</strong></span> <span class='ocrx_word' id='word_1_720' title='bbox 442 2772 515 2793; x_wconf 87' lang='lat' dir='ltr'><strong>tanto</strong></span> <span class='ocrx_word' id='word_1_721' title='bbox 529 2768 702 2794; x_wconf 75' lang='lat' dir='ltr'><strong>excellentius</strong></span> <span class='ocrx_word' id='word_1_722' title='bbox 719 2768 792 2800; x_wconf 83' lang='lat' dir='ltr'><strong>unit;</strong></span> <span class='ocrx_word' id='word_1_723' title='bbox 809 2769 880 2794; x_wconf 77' lang='lat' dir='ltr'><strong>unde</strong></span> 
     </span>
    </p>
   </div>
   <div class='ocr_carea' id='block_1_98' title="bbox 108 2801 877 2838">
    <p class='ocr_par' dir='ltr' id='par_1_98' title="bbox 108 2801 877 2838">
     <span class='ocr_line' id='line_1_98' title="bbox 108 2801 877 2838; baseline -0.005 -7"><span class='ocrx_word' id='word_1_724' title='bbox 108 2813 168 2838; x_wconf 88' lang='lat' dir='ltr'><strong>quia</strong></span> <span class='ocrx_word' id='word_1_725' title='bbox 182 2813 258 2831; x_wconf 88' lang='lat' dir='ltr'><strong>amor</strong></span> <span class='ocrx_word' id='word_1_726' title='bbox 271 2812 298 2830; x_wconf 93' lang='lat' dir='ltr'><strong>tn</strong></span> <span class='ocrx_word' id='word_1_727' title='bbox 314 2804 395 2830; x_wconf 78' lang='lat' dir='ltr'><strong>Deum</strong></span> <span class='ocrx_word' id='word_1_728' title='bbox 414 2807 456 2829; x_wconf 76' lang='lat' dir='ltr'><strong>est</strong></span> <span class='ocrx_word' id='word_1_729' title='bbox 473 2803 618 2833; x_wconf 81' lang='lat' dir='ltr'><strong>excellens,</strong></span> <span class='ocrx_word' id='word_1_730' title='bbox 632 2801 794 2828; x_wconf 75' lang='lat' dir='ltr'><strong>exoelleiititr</strong></span> <span class='ocrx_word' id='word_1_731' title='bbox 813 2809 877 2828; x_wconf 85' lang='lat' dir='ltr'><strong>cuni</strong></span> 
     </span>
    </p>
   </div>
   <div class='ocr_carea' id='block_1_99' title="bbox 108 2837 876 2874">
    <p class='ocr_par' dir='ltr' id='par_1_99' title="bbox 108 2837 876 2874">
     <span class='ocr_line' id='line_1_99' title="bbox 108 2837 876 2874; baseline -0.005 -7"><span class='ocrx_word' id='word_1_732' title='bbox 108 2837 160 2867; x_wconf 82' lang='lat' dir='ltr'><strong>Deo</strong></span> <span class='ocrx_word' id='word_1_733' title='bbox 174 2839 323 2874; x_wconf 65' lang='lat' dir='ltr'><strong>coniungit;</strong></span> <span class='ocrx_word' id='word_1_734' title='bbox 344 2843 370 2866; x_wconf 87' lang='lat' dir='ltr'><strong>et</strong></span> <span class='ocrx_word' id='word_1_735' title='bbox 385 2844 449 2873; x_wconf 65' lang='lat' dir='ltr'><strong>erga</strong></span> <span class='ocrx_word' id='word_1_736' title='bbox 464 2837 548 2871; x_wconf 72' lang='lat' dir='ltr'><strong>magis</strong></span> <span class='ocrx_word' id='word_1_737' title='bbox 565 2841 708 2873; x_wconf 35' lang='lat' dir='ltr'><strong>coniuncta</strong></span> <span class='ocrx_word' id='word_1_738' title='bbox 725 2841 876 2871; x_wconf 68' lang='lat' dir='ltr'><strong>tiiaiorest;</strong></span> 
     </span>
    </p>
   </div>
   <div class='ocr_carea' id='block_1_100' title="bbox 935 1701 1714 1736">
    <p class='ocr_par' dir='ltr' id='par_1_100' title="bbox 935 1701 1714 1736">
     <span class='ocr_line' id='line_1_100' title="bbox 935 1701 1714 1736; baseline -0.004 -6"><span class='ocrx_word' id='word_1_739' title='bbox 935 1711 1054 1734; x_wconf 82' lang='lat' dir='ltr'><strong>amorem</strong></span> <span class='ocrx_word' id='word_1_740' title='bbox 1067 1701 1129 1731; x_wconf 71' lang='lat' dir='ltr'><strong>sive</strong></span> <span class='ocrx_word' id='word_1_741' title='bbox 1140 1705 1298 1732; x_wconf 86' lang='lat' dir='ltr'><strong>charitateui</strong></span> <span class='ocrx_word' id='word_1_742' title='bbox 1311 1705 1399 1734; x_wconf 82' lang='lat' dir='ltr'><strong>habet,</strong></span> <span class='ocrx_word' id='word_1_743' title='bbox 1415 1701 1452 1729; x_wconf 84' lang='lat' dir='ltr'><strong>ad</strong></span> <span class='ocrx_word' id='word_1_744' title='bbox 1464 1710 1525 1729; x_wconf 86' lang='lat' dir='ltr'><strong>eum</strong></span> <span class='ocrx_word' id='word_1_745' title='bbox 1540 1701 1714 1736; x_wconf 83' lang='lat' dir='ltr'><strong>tendat,erga</strong></span> 
     </span>
    </p>
   </div>
   <div class='ocr_carea' id='block_1_101' title="bbox 936 1736 1712 1771">
    <p class='ocr_par' dir='ltr' id='par_1_101' title="bbox 936 1736 1712 1771">
     <span class='ocr_line' id='line_1_101' title="bbox 936 1736 1712 1771; baseline -0.001 -8"><span class='ocrx_word' id='word_1_746' title='bbox 936 1746 1014 1770; x_wconf 90' lang='lat' dir='ltr'><strong>quem</strong></span> <span class='ocrx_word' id='word_1_747' title='bbox 1033 1739 1112 1765; x_wconf 89' lang='lat' dir='ltr'><strong>habet</strong></span> <span class='ocrx_word' id='word_1_748' title='bbox 1127 1740 1294 1770; x_wconf 81' lang='lat' dir='ltr'><strong>cliaritaleni,</strong></span> <span class='ocrx_word' id='word_1_749' title='bbox 1311 1744 1403 1765; x_wconf 89' lang='lat' dir='ltr'><strong>contra</strong></span> <span class='ocrx_word' id='word_1_750' title='bbox 1415 1743 1496 1771; x_wconf 86' lang='lat' dir='ltr'><strong>atque</strong></span> <span class='ocrx_word' id='word_1_751' title='bbox 1510 1737 1573 1763; x_wconf 81' lang='lat' dir='ltr'><strong>facit</strong></span> <span class='ocrx_word' id='word_1_752' title='bbox 1583 1736 1712 1771; x_wconf 74' lang='lat' dir='ltr'><strong>cognitio,</strong></span> 
     </span>
    </p>
   </div>
   <div class='ocr_carea' id='block_1_102' title="bbox 936 1772 1715 1808">
    <p class='ocr_par' dir='ltr' id='par_1_102' title="bbox 936 1772 1715 1808">
     <span class='ocr_line' id='line_1_102' title="bbox 936 1772 1715 1808; baseline -0.003 -10"><span class='ocrx_word' id='word_1_753' title='bbox 936 1781 995 1806; x_wconf 65' lang='lat' dir='ltr'><strong>quae</strong></span> <span class='ocrx_word' id='word_1_754' title='bbox 1006 1781 1060 1799; x_wconf 81' lang='lat' dir='ltr'><strong>rem</strong></span> <span class='ocrx_word' id='word_1_755' title='bbox 1072 1774 1206 1808; x_wconf 75' lang='lat' dir='ltr'><strong>cognitam</strong></span> <span class='ocrx_word' id='word_1_756' title='bbox 1227 1774 1308 1800; x_wconf 84' lang='lat' dir='ltr'><strong>trahit</strong></span> <span class='ocrx_word' id='word_1_757' title='bbox 1335 1772 1366 1799; x_wconf 79' lang='lat' dir='ltr'><strong>ad</strong></span> <span class='ocrx_word' id='word_1_758' title='bbox 1392 1775 1597 1805; x_wconf 74' lang='lat' dir='ltr'><strong>cognoscentem</strong></span> <span class='ocrx_word' id='word_1_759' title='bbox 1607 1779 1620 1808; x_wconf 88' lang='lat'><strong>;_</strong></span> <span class='ocrx_word' id='word_1_760' title='bbox 1636 1778 1715 1797; x_wconf 84' lang='lat' dir='ltr'><strong>amor</strong></span> 
     </span>
    </p>
   </div>
   <div class='ocr_carea' id='block_1_103' title="bbox 936 1806 1715 1839">
    <p class='ocr_par' dir='ltr' id='par_1_103' title="bbox 936 1806 1715 1839">
     <span class='ocr_line' id='line_1_103' title="bbox 936 1806 1715 1839; baseline -0.001 -7"><span class='ocrx_word' id='word_1_761' title='bbox 936 1815 1000 1834; x_wconf 89' lang='lat' dir='ltr'><strong>vero</strong></span> <span class='ocrx_word' id='word_1_762' title='bbox 1014 1808 1094 1834; x_wconf 87' lang='lat' dir='ltr'><strong>trahit</strong></span> <span class='ocrx_word' id='word_1_763' title='bbox 1105 1806 1238 1834; x_wconf 75' lang='lat' dir='ltr'><strong>amantem</strong></span> <span class='ocrx_word' id='word_1_764' title='bbox 1251 1809 1352 1834; x_wconf 72' lang='lat' dir='ltr'><strong>arietini</strong></span> <span class='ocrx_word' id='word_1_765' title='bbox 1365 1815 1443 1839; x_wconf 90' lang='lat' dir='ltr'><strong>quem</strong></span> <span class='ocrx_word' id='word_1_766' title='bbox 1458 1811 1543 1837; x_wconf 84' lang='lat' dir='ltr'><strong>autat;</strong></span> <span class='ocrx_word' id='word_1_767' title='bbox 1563 1806 1639 1832; x_wconf 88' lang='lat' dir='ltr'><strong>tertia</strong></span> <span class='ocrx_word' id='word_1_768' title='bbox 1653 1811 1715 1838; x_wconf 84' lang='lat' dir='ltr'><strong>pm-</strong></span> 
     </span>
    </p>
   </div>
   <div class='ocr_carea' id='block_1_104' title="bbox 936 1839 1714 1876">
    <p class='ocr_par' dir='ltr' id='par_1_104' title="bbox 936 1839 1714 1876">
     <span class='ocr_line' id='line_1_104' title="bbox 936 1839 1714 1876; baseline -0.003 -9"><span class='ocrx_word' id='word_1_769' title='bbox 936 1842 1036 1874; x_wconf 75' lang='lat' dir='ltr'><strong>prietas</strong></span> <span class='ocrx_word' id='word_1_770' title='bbox 1051 1847 1102 1874; x_wconf 88' lang='lat' dir='ltr'><strong>est,</strong></span> <span class='ocrx_word' id='word_1_771' title='bbox 1119 1850 1178 1869; x_wconf 88' lang='lat' dir='ltr'><strong>esse</strong></span> <span class='ocrx_word' id='word_1_772' title='bbox 1194 1842 1341 1876; x_wconf 81' lang='lat' dir='ltr'><strong>simplicem</strong></span> <span class='ocrx_word' id='word_1_773' title='bbox 1357 1845 1458 1867; x_wconf 90' lang='lat' dir='ltr'><strong>iiiottim</strong></span> <span class='ocrx_word' id='word_1_774' title='bbox 1483 1839 1633 1876; x_wconf 79' lang='lat' dir='ltr'><strong>charitatis,</strong></span> <span class='ocrx_word' id='word_1_775' title='bbox 1648 1839 1714 1873; x_wconf 87' lang='lat' dir='ltr'><strong>quia</strong></span> 
     </span>
    </p>
   </div>
   <div class='ocr_carea' id='block_1_105' title="bbox 936 1874 1713 1910">
    <p class='ocr_par' dir='ltr' id='par_1_105' title="bbox 936 1874 1713 1910">
     <span class='ocr_line' id='line_1_105' title="bbox 936 1874 1713 1910; baseline -0.003 -8"><span class='ocrx_word' id='word_1_776' title='bbox 936 1881 977 1902; x_wconf 91' lang='lat' dir='ltr'><strong>est</strong></span> <span class='ocrx_word' id='word_1_777' title='bbox 995 1877 1197 1909; x_wconf 86' lang='lat' dir='ltr'><strong>priiiinsmotus</strong></span> <span class='ocrx_word' id='word_1_778' title='bbox 1210 1874 1344 1910; x_wconf 72' lang='lat' dir='ltr'><strong>appetitus</strong></span> <span class='ocrx_word' id='word_1_779' title='bbox 1364 1885 1371 1902; x_wconf 90' lang='lat'><strong>:</strong></span> <span class='ocrx_word' id='word_1_780' title='bbox 1387 1880 1413 1901; x_wconf 90' lang='lat' dir='ltr'><strong>et</strong></span> <span class='ocrx_word' id='word_1_781' title='bbox 1423 1875 1539 1910; x_wconf 85' lang='lat' dir='ltr'><strong>primum</strong></span> <span class='ocrx_word' id='word_1_782' title='bbox 1549 1874 1574 1900; x_wconf 91' lang='lat' dir='ltr'><strong>iii</strong></span> <span class='ocrx_word' id='word_1_783' title='bbox 1587 1881 1713 1908; x_wconf 62' lang='lat' dir='ltr'><strong>unoqiioa</strong></span> 
     </span>
    </p>
   </div>
   <div class='ocr_carea' id='block_1_106' title="bbox 936 1909 1711 1945">
    <p class='ocr_par' dir='ltr' id='par_1_106' title="bbox 936 1909 1711 1945">
     <span class='ocr_line' id='line_1_106' title="bbox 936 1909 1711 1945; baseline -0.003 -9"><span class='ocrx_word' id='word_1_784' title='bbox 936 1918 988 1944; x_wconf 83' lang='lat' dir='ltr'><strong>quc</strong></span> <span class='ocrx_word' id='word_1_785' title='bbox 998 1918 1096 1944; x_wconf 80' lang='lat' dir='ltr'><strong>genere</strong></span> <span class='ocrx_word' id='word_1_786' title='bbox 1110 1916 1214 1945; x_wconf 88' lang='lat' dir='ltr'><strong>oportet</strong></span> <span class='ocrx_word' id='word_1_787' title='bbox 1228 1909 1255 1937; x_wconf 84' lang='lat' dir='ltr'><strong>iit</strong></span> <span class='ocrx_word' id='word_1_788' title='bbox 1271 1911 1306 1937; x_wconf 88' lang='lat' dir='ltr'><strong>sit</strong></span> <span class='ocrx_word' id='word_1_789' title='bbox 1318 1910 1442 1943; x_wconf 90' lang='lat' dir='ltr'><strong>simplex,</strong></span> <span class='ocrx_word' id='word_1_790' title='bbox 1453 1909 1515 1943; x_wconf 83' lang='lat' dir='ltr'><strong>quia</strong></span> <span class='ocrx_word' id='word_1_791' title='bbox 1527 1916 1557 1934; x_wconf 83' lang='lat' dir='ltr'><strong>ex</strong></span> <span class='ocrx_word' id='word_1_792' title='bbox 1566 1916 1598 1934; x_wconf 88' lang='lat' dir='ltr'><strong>eo</strong></span> <span class='ocrx_word' id='word_1_793' title='bbox 1612 1913 1711 1945; x_wconf 50' lang='lat' dir='ltr'><strong>caetera</strong></span> 
     </span>
    </p>
   </div>
   <div class='ocr_carea' id='block_1_107' title="bbox 937 1942 1713 1979">
    <p class='ocr_par' dir='ltr' id='par_1_107' title="bbox 937 1942 1713 1979">
     <span class='ocr_line' id='line_1_107' title="bbox 937 1942 1713 1979; baseline 0 -9"><span class='ocrx_word' id='word_1_794' title='bbox 937 1942 963 1970; x_wconf 84' lang='lat' dir='ltr'><strong>iii</strong></span> <span class='ocrx_word' id='word_1_795' title='bbox 978 1942 1011 1970; x_wconf 73' lang='lat' dir='ltr'><strong>eti</strong></span> <span class='ocrx_word' id='word_1_796' title='bbox 1025 1942 1282 1979; x_wconf 45' lang='lat' dir='ltr'><strong>geiiere‘composita</strong></span> <span class='ocrx_word' id='word_1_797' title='bbox 1296 1942 1445 1977; x_wconf 80' lang='lat' dir='ltr'><strong>exsistunt;</strong></span> <span class='ocrx_word' id='word_1_798' title='bbox 1458 1942 1553 1976; x_wconf 64' lang='lat' dir='ltr'><strong>Quarta</strong></span> <span class='ocrx_word' id='word_1_799' title='bbox 1562 1942 1713 1976; x_wconf 81' lang='lat' dir='ltr'><strong>proprietas</strong></span> 
     </span>
    </p>
   </div>
   <div class='ocr_carea' id='block_1_108' title="bbox 937 1979 1711 2013">
    <p class='ocr_par' dir='ltr' id='par_1_108' title="bbox 937 1979 1711 2013">
     <span class='ocr_line' id='line_1_108' title="bbox 937 1979 1711 2013; baseline -0.001 -9"><span class='ocrx_word' id='word_1_800' title='bbox 937 1984 988 2011; x_wconf 82' lang='lat' dir='ltr'><strong>est,</strong></span> <span class='ocrx_word' id='word_1_801' title='bbox 1009 1987 1068 2005; x_wconf 81' lang='lat' dir='ltr'><strong>esse</strong></span> <span class='ocrx_word' id='word_1_802' title='bbox 1084 1987 1130 2013; x_wconf 79' lang='lat' dir='ltr'><strong>prr</strong></span> <span class='ocrx_word' id='word_1_803' title='bbox 1141 1987 1170 2006; x_wconf 85' lang='lat' dir='ltr'><strong>se</strong></span> <span class='ocrx_word' id='word_1_804' title='bbox 1188 1980 1324 2010; x_wconf 84' lang='lat' dir='ltr'><strong>mobilem,</strong></span> <span class='ocrx_word' id='word_1_805' title='bbox 1339 1979 1402 2012; x_wconf 87' lang='lat' dir='ltr'><strong>quia</strong></span> <span class='ocrx_word' id='word_1_806' title='bbox 1428 1979 1452 2004; x_wconf 84' lang='lat' dir='ltr'><strong>iii</strong></span> <span class='ocrx_word' id='word_1_807' title='bbox 1473 1984 1636 2011; x_wconf 79' lang='lat' dir='ltr'><strong>uiioqquue</strong></span> <span class='ocrx_word' id='word_1_808' title='bbox 1664 1984 1711 2010; x_wconf 76' lang='lat' dir='ltr'><strong>ge-</strong></span> 
     </span>
    </p>
   </div>
   <div class='ocr_carea' id='block_1_109' title="bbox 937 2013 1712 2048">
    <p class='ocr_par' dir='ltr' id='par_1_109' title="bbox 937 2013 1712 2048">
     <span class='ocr_line' id='line_1_109' title="bbox 937 2013 1712 2048; baseline -0.003 -9"><span class='ocrx_word' id='word_1_809' title='bbox 937 2013 1088 2048; x_wconf 22' lang='lat' dir='ltr'><strong>llCl‘erlJl&#39;illS</strong></span> <span class='ocrx_word' id='word_1_810' title='bbox 1097 2021 1137 2040; x_wconf 84' lang='lat' dir='ltr'><strong>est</strong></span> <span class='ocrx_word' id='word_1_811' title='bbox 1154 2014 1224 2048; x_wconf 89' lang='lat' dir='ltr'><strong>quod</strong></span> <span class='ocrx_word' id='word_1_812' title='bbox 1237 2019 1276 2040; x_wconf 88' lang='lat' dir='ltr'><strong>est</strong></span> <span class='ocrx_word' id='word_1_813' title='bbox 1290 2021 1336 2047; x_wconf 86' lang='lat' dir='ltr'><strong>per</strong></span> <span class='ocrx_word' id='word_1_814' title='bbox 1350 2020 1389 2043; x_wconf 85' lang='lat' dir='ltr'><strong>se,</strong></span> <span class='ocrx_word' id='word_1_815' title='bbox 1416 2020 1496 2047; x_wconf 79' lang='lat' dir='ltr'><strong>quain</strong></span> <span class='ocrx_word' id='word_1_816' title='bbox 1510 2014 1580 2048; x_wconf 85' lang='lat' dir='ltr'><strong>quod</strong></span> <span class='ocrx_word' id='word_1_817' title='bbox 1595 2015 1636 2038; x_wconf 79' lang='lat' dir='ltr'><strong>est</strong></span> <span class='ocrx_word' id='word_1_818' title='bbox 1665 2019 1712 2044; x_wconf 82' lang='lat' dir='ltr'><strong>per</strong></span> 
     </span>
    </p>
   </div>
   <div class='ocr_carea' id='block_1_110' title="bbox 937 2047 1713 2082">
    <p class='ocr_par' dir='ltr' id='par_1_110' title="bbox 937 2047 1713 2082">
     <span class='ocr_line' id='line_1_110' title="bbox 937 2047 1713 2082; baseline -0.003 -8"><span class='ocrx_word' id='word_1_819' title='bbox 937 2047 1021 2079; x_wconf 84' lang='lat' dir='ltr'><strong>aliud;</strong></span> <span class='ocrx_word' id='word_1_820' title='bbox 1046 2048 1116 2074; x_wconf 88' lang='lat' dir='ltr'><strong>unde</strong></span> <span class='ocrx_word' id='word_1_821' title='bbox 1145 2047 1171 2074; x_wconf 85' lang='lat' dir='ltr'><strong>iii</strong></span> <span class='ocrx_word' id='word_1_822' title='bbox 1197 2056 1294 2082; x_wconf 62' lang='lat' dir='ltr'><strong>genrie</strong></span> <span class='ocrx_word' id='word_1_823' title='bbox 1320 2053 1409 2073; x_wconf 84' lang='lat' dir='ltr'><strong>motus</strong></span> <span class='ocrx_word' id='word_1_824' title='bbox 1426 2047 1578 2080; x_wconf 84' lang='lat' dir='ltr'><strong>appetentis</strong></span> <span class='ocrx_word' id='word_1_825' title='bbox 1603 2050 1713 2082; x_wconf 73' lang='lat' dir='ltr'><strong>oportet</strong></span> 
     </span>
    </p>
   </div>
   <div class='ocr_carea' id='block_1_111' title="bbox 939 2080 1711 2116">
    <p class='ocr_par' dir='ltr' id='par_1_111' title="bbox 939 2080 1711 2116">
     <span class='ocr_line' id='line_1_111' title="bbox 939 2080 1711 2116; baseline -0.003 -8"><span class='ocrx_word' id='word_1_826' title='bbox 939 2087 967 2108; x_wconf 94' lang='lat' dir='ltr'><strong>ut</strong></span> <span class='ocrx_word' id='word_1_827' title='bbox 984 2090 1007 2116; x_wconf 88' lang='lat' dir='ltr'><strong>pi</strong></span> <span class='ocrx_word' id='word_1_828' title='bbox 1017 2083 1088 2109; x_wconf 90' lang='lat' dir='ltr'><strong>iuius</strong></span> <span class='ocrx_word' id='word_1_829' title='bbox 1102 2080 1203 2114; x_wconf 75' lang='lat' dir='ltr'><strong>motus,</strong></span> <span class='ocrx_word' id='word_1_830' title='bbox 1215 2083 1259 2116; x_wconf 92' lang='lat' dir='ltr'><strong>qni</strong></span> <span class='ocrx_word' id='word_1_831' title='bbox 1274 2088 1315 2108; x_wconf 87' lang='lat' dir='ltr'><strong>est</strong></span> <span class='ocrx_word' id='word_1_832' title='bbox 1328 2089 1415 2111; x_wconf 88' lang='lat' dir='ltr'><strong>amor,</strong></span> <span class='ocrx_word' id='word_1_833' title='bbox 1425 2086 1460 2107; x_wconf 83' lang='lat' dir='ltr'><strong>sit</strong></span> <span class='ocrx_word' id='word_1_834' title='bbox 1475 2089 1522 2116; x_wconf 76' lang='lat' dir='ltr'><strong>per</strong></span> <span class='ocrx_word' id='word_1_835' title='bbox 1536 2088 1565 2107; x_wconf 87' lang='lat' dir='ltr'><strong>se</strong></span> <span class='ocrx_word' id='word_1_836' title='bbox 1592 2080 1711 2116; x_wconf 80' lang='lat' dir='ltr'><strong>mobilis,</strong></span> 
     </span>
    </p>
   </div>
   <div class='ocr_carea' id='block_1_112' title="bbox 939 2114 1756 2151">
    <p class='ocr_par' dir='ltr' id='par_1_112' title="bbox 939 2114 1756 2151">
     <span class='ocr_line' id='line_1_112' title="bbox 939 2114 1756 2151; baseline -0.001 -9"><span class='ocrx_word' id='word_1_837' title='bbox 939 2114 1010 2142; x_wconf 83' lang='lat' dir='ltr'><strong>unde</strong></span> <span class='ocrx_word' id='word_1_838' title='bbox 1029 2117 1109 2143; x_wconf 87' lang='lat' dir='ltr'><strong>timor</strong></span> <span class='ocrx_word' id='word_1_839' title='bbox 1128 2119 1191 2151; x_wconf 88' lang='lat' dir='ltr'><strong>quia</strong></span> <span class='ocrx_word' id='word_1_840' title='bbox 1205 2114 1245 2143; x_wconf 73' lang='lat' dir='ltr'><strong>est</strong></span> <span class='ocrx_word' id='word_1_841' title='bbox 1261 2117 1333 2142; x_wconf 75' lang='lat' dir='ltr'><strong>sicut</strong></span> <span class='ocrx_word' id='word_1_842' title='bbox 1347 2120 1437 2142; x_wconf 86' lang='lat' dir='ltr'><strong>motus</strong></span> <span class='ocrx_word' id='word_1_843' title='bbox 1454 2115 1588 2151; x_wconf 80' lang='lat' dir='ltr'><strong>violentus</strong></span> <span class='ocrx_word' id='word_1_844' title='bbox 1609 2114 1713 2151; x_wconf 54' lang='lat' dir='ltr'><strong>extriiia</strong></span> <span class='ocrx_word' id='word_1_845' title='bbox 1751 2137 1756 2141; x_wconf 94' lang='lat'><strong>.</strong></span> 
     </span>
    </p>
   </div>
   <div class='ocr_carea' id='block_1_113' title="bbox 937 2149 1699 2183">
    <p class='ocr_par' dir='ltr' id='par_1_113' title="bbox 937 2149 1699 2183">
     <span class='ocr_line' id='line_1_113' title="bbox 937 2149 1699 2183; baseline -0.004 -6"><span class='ocrx_word' id='word_1_846' title='bbox 937 2158 1016 2178; x_wconf 80' lang='lat' dir='ltr'><strong>secus</strong></span> <span class='ocrx_word' id='word_1_847' title='bbox 1043 2149 1185 2183; x_wconf 83' lang='lat' dir='ltr'><strong>accedens,</strong></span> <span class='ocrx_word' id='word_1_848' title='bbox 1201 2159 1252 2177; x_wconf 75' lang='lat' dir='ltr'><strong>non</strong></span> <span class='ocrx_word' id='word_1_849' title='bbox 1268 2156 1308 2177; x_wconf 75' lang='lat' dir='ltr'><strong>tsi</strong></span> <span class='ocrx_word' id='word_1_850' title='bbox 1324 2151 1350 2176; x_wconf 92' lang='lat' dir='ltr'><strong>in</strong></span> <span class='ocrx_word' id='word_1_851' title='bbox 1365 2151 1508 2181; x_wconf 82' lang='lat' dir='ltr'><strong>charitate,</strong></span> <span class='ocrx_word' id='word_1_852' title='bbox 1523 2149 1594 2176; x_wconf 89' lang='lat' dir='ltr'><strong>sicut</strong></span> <span class='ocrx_word' id='word_1_853' title='bbox 1610 2149 1647 2174; x_wconf 91' lang='lat' dir='ltr'><strong>ait</strong></span> <span class='ocrx_word' id='word_1_854' title='bbox 1667 2149 1699 2174; x_wconf 85' lang='lat' dir='ltr'><strong>be</strong></span> 
     </span>
    </p>
   </div>
   <div class='ocr_carea' id='block_1_114' title="bbox 937 2183 1713 2225">
    <p class='ocr_par' dir='ltr' id='par_1_114' title="bbox 937 2183 1713 2225">
     <span class='ocr_line' id='line_1_114' title="bbox 937 2183 1713 2225; baseline -0.005 -13"><span class='ocrx_word' id='word_1_855' title='bbox 937 2189 998 2212; x_wconf 80' lang='lat' dir='ltr'><strong>atus</strong></span> <span class='ocrx_word' id='word_1_856' title='bbox 1008 2185 1162 2225; x_wconf 62' lang='lat' dir='ltr'><strong>Joannes“</strong></span> <span class='ocrx_word' id='word_1_857' title='bbox 1174 2185 1254 2212; x_wconf 82' lang='lat' dir='ltr'><strong>Joaii.</strong></span> <span class='ocrx_word' id='word_1_858' title='bbox 1272 2186 1319 2225; x_wconf 82' lang='lat' dir='ltr'><strong>iv),</strong></span> <span class='ocrx_word' id='word_1_859' title='bbox 1344 2185 1389 2225; x_wconf 75' lang='lat' dir='ltr'><strong>sed</strong></span> <span class='ocrx_word' id='word_1_860' title='bbox 1400 2184 1524 2225; x_wconf 76' lang='lat' dir='ltr'><strong>perfecta</strong></span> <span class='ocrx_word' id='word_1_861' title='bbox 1539 2184 1657 2225; x_wconf 72' lang='lat' dir='ltr'><strong>rliaritas</strong></span> <span class='ocrx_word' id='word_1_862' title='bbox 1669 2183 1713 2222; x_wconf 63' lang='lat' dir='ltr'><strong>io-</strong></span> 
     </span>
    </p>
   </div>
   <div class='ocr_carea' id='block_1_115' title="bbox 939 2217 1712 2254">
    <p class='ocr_par' dir='ltr' id='par_1_115' title="bbox 939 2217 1712 2254">
     <span class='ocr_line' id='line_1_115' title="bbox 939 2217 1712 2254; baseline -0.005 -8"><span class='ocrx_word' id='word_1_863' title='bbox 939 2228 982 2246; x_wconf 86' lang='lat' dir='ltr'><strong>ras</strong></span> <span class='ocrx_word' id='word_1_864' title='bbox 991 2221 1100 2254; x_wconf 82' lang='lat' dir='ltr'><strong>expellit</strong></span> <span class='ocrx_word' id='word_1_865' title='bbox 1114 2217 1320 2254; x_wconf 80' lang='lat' dir='ltr'><strong>tiiiioreiii.quia</strong></span> <span class='ocrx_word' id='word_1_866' title='bbox 1333 2217 1452 2246; x_wconf 83' lang='lat' dir='ltr'><strong>charitas</strong></span> <span class='ocrx_word' id='word_1_867' title='bbox 1468 2223 1556 2244; x_wconf 91' lang='lat' dir='ltr'><strong>motus</strong></span> <span class='ocrx_word' id='word_1_868' title='bbox 1570 2225 1608 2244; x_wconf 86' lang='lat' dir='ltr'><strong>est</strong></span> <span class='ocrx_word' id='word_1_869' title='bbox 1626 2219 1658 2244; x_wconf 88' lang='lat' dir='ltr'><strong>ab</strong></span> <span class='ocrx_word' id='word_1_870' title='bbox 1668 2217 1712 2243; x_wconf 83' lang='lat' dir='ltr'><strong>iii-</strong></span> 
     </span>
    </p>
   </div>
   <div class='ocr_carea' id='block_1_116' title="bbox 937 2253 1712 2288">
    <p class='ocr_par' dir='ltr' id='par_1_116' title="bbox 937 2253 1712 2288">
     <span class='ocr_line' id='line_1_116' title="bbox 937 2253 1712 2288; baseline -0.004 -8"><span class='ocrx_word' id='word_1_871' title='bbox 937 2258 1014 2284; x_wconf 73' lang='lat' dir='ltr'><strong>ttnio,</strong></span> <span class='ocrx_word' id='word_1_872' title='bbox 1027 2260 1055 2280; x_wconf 92' lang='lat' dir='ltr'><strong>ut</strong></span> <span class='ocrx_word' id='word_1_873' title='bbox 1068 2255 1105 2281; x_wconf 88' lang='lat' dir='ltr'><strong>ait</strong></span> <span class='ocrx_word' id='word_1_874' title='bbox 1118 2260 1226 2281; x_wconf 84' lang='lat' dir='ltr'><strong>sanctus</strong></span> <span class='ocrx_word' id='word_1_875' title='bbox 1237 2253 1364 2285; x_wconf 82' lang='lat' dir='ltr'><strong>Thomas,</strong></span> <span class='ocrx_word' id='word_1_876' title='bbox 1375 2253 1538 2288; x_wconf 85' lang='lat' dir='ltr'><strong>procedens;</strong></span> <span class='ocrx_word' id='word_1_877' title='bbox 1549 2256 1712 2286; x_wconf 83' lang='lat' dir='ltr'><strong>quintapro-</strong></span> 
     </span>
    </p>
   </div>
   <div class='ocr_carea' id='block_1_117' title="bbox 938 2287 1712 2323">
    <p class='ocr_par' dir='ltr' id='par_1_117' title="bbox 938 2287 1712 2323">
     <span class='ocr_line' id='line_1_117' title="bbox 938 2287 1712 2323; baseline -0.003 -9"><span class='ocrx_word' id='word_1_878' title='bbox 938 2290 1037 2321; x_wconf 77' lang='lat' dir='ltr'><strong>prietas</strong></span> <span class='ocrx_word' id='word_1_879' title='bbox 1051 2293 1102 2320; x_wconf 85' lang='lat' dir='ltr'><strong>est,</strong></span> <span class='ocrx_word' id='word_1_880' title='bbox 1110 2289 1214 2323; x_wconf 83' lang='lat' dir='ltr'><strong>operari</strong></span> <span class='ocrx_word' id='word_1_881' title='bbox 1230 2298 1276 2323; x_wconf 79' lang='lat' dir='ltr'><strong>per</strong></span> <span class='ocrx_word' id='word_1_882' title='bbox 1291 2296 1330 2319; x_wconf 88' lang='lat' dir='ltr'><strong>se,</strong></span> <span class='ocrx_word' id='word_1_883' title='bbox 1346 2287 1418 2322; x_wconf 86' lang='lat' dir='ltr'><strong>quod</strong></span> <span class='ocrx_word' id='word_1_884' title='bbox 1436 2290 1572 2322; x_wconf 87' lang='lat' dir='ltr'><strong>proprium</strong></span> <span class='ocrx_word' id='word_1_885' title='bbox 1589 2292 1630 2314; x_wconf 79' lang='lat' dir='ltr'><strong>est</strong></span> <span class='ocrx_word' id='word_1_886' title='bbox 1645 2287 1712 2312; x_wconf 85' lang='lat' dir='ltr'><strong>elia-</strong></span> 
     </span>
    </p>
   </div>
   <div class='ocr_carea' id='block_1_118' title="bbox 900 2323 1710 2361">
    <p class='ocr_par' dir='ltr' id='par_1_118' title="bbox 900 2323 1710 2361">
     <span class='ocr_line' id='line_1_118' title="bbox 900 2323 1710 2361; baseline -0.002 -12"><span class='ocrx_word' id='word_1_887' title='bbox 900 2333 921 2361; x_wconf 78' lang='grc' dir='ltr'>ι)</span> <span class='ocrx_word' id='word_1_888' title='bbox 938 2325 1035 2361; x_wconf 79' lang='lat' dir='ltr'><strong>ritatis,</strong></span> <span class='ocrx_word' id='word_1_889' title='bbox 1055 2331 1080 2350; x_wconf 90' lang='lat' dir='ltr'><strong>in</strong></span> <span class='ocrx_word' id='word_1_890' title='bbox 1092 2327 1186 2358; x_wconf 84' lang='lat' dir='ltr'><strong>quoab</strong></span> <span class='ocrx_word' id='word_1_891' title='bbox 1196 2332 1243 2357; x_wconf 85' lang='lat' dir='ltr'><strong>spe</strong></span> <span class='ocrx_word' id='word_1_892' title='bbox 1253 2323 1416 2361; x_wconf 79' lang='lat' dir='ltr'><strong>diﬂ&#39;ert,_qui</strong></span> <span class='ocrx_word' id='word_1_893' title='bbox 1429 2324 1500 2349; x_wconf 91' lang='lat' dir='ltr'><strong>enim</strong></span> <span class='ocrx_word' id='word_1_894' title='bbox 1515 2327 1623 2356; x_wconf 82' lang='lat' dir='ltr'><strong>propter</strong></span> <span class='ocrx_word' id='word_1_895' title='bbox 1635 2328 1710 2361; x_wconf 78' lang='lat' dir='ltr'><strong>spent</strong></span> 
     </span>
    </p>
   </div>
   <div class='ocr_carea' id='block_1_119' title="bbox 935 2357 1712 2392">
    <p class='ocr_par' dir='ltr' id='par_1_119' title="bbox 935 2357 1712 2392">
     <span class='ocr_line' id='line_1_119' title="bbox 935 2357 1712 2392; baseline -0.005 -8"><span class='ocrx_word' id='word_1_896' title='bbox 935 2358 1048 2387; x_wconf 85' lang='lat' dir='ltr'><strong>alterius</strong></span> <span class='ocrx_word' id='word_1_897' title='bbox 1062 2357 1198 2392; x_wconf 72' lang='lat' dir='ltr'><strong>operatur,</strong></span> <span class='ocrx_word' id='word_1_898' title='bbox 1217 2363 1327 2392; x_wconf 78' lang='lat' dir='ltr'><strong>propter</strong></span> <span class='ocrx_word' id='word_1_899' title='bbox 1343 2358 1416 2384; x_wconf 75' lang='lat' dir='ltr'><strong>aliud</strong></span> <span class='ocrx_word' id='word_1_900' title='bbox 1433 2362 1570 2391; x_wconf 81' lang='lat' dir='ltr'><strong>operatur,</strong></span> <span class='ocrx_word' id='word_1_901' title='bbox 1594 2357 1641 2390; x_wconf 90' lang='lat' dir='ltr'><strong>qui</strong></span> <span class='ocrx_word' id='word_1_902' title='bbox 1662 2363 1712 2381; x_wconf 76' lang='lat' dir='ltr'><strong>au-</strong></span> 
     </span>
    </p>
   </div>
   <div class='ocr_carea' id='block_1_120' title="bbox 934 2392 1710 2426">
    <p class='ocr_par' dir='ltr' id='par_1_120' title="bbox 934 2392 1710 2426">
     <span class='ocr_line' id='line_1_120' title="bbox 934 2392 1710 2426; baseline -0.001 -9"><span class='ocrx_word' id='word_1_903' title='bbox 934 2396 986 2418; x_wconf 84' lang='lat' dir='ltr'><strong>tem</strong></span> <span class='ocrx_word' id='word_1_904' title='bbox 1012 2392 1110 2426; x_wconf 87' lang='lat' dir='ltr'><strong>(inquit</strong></span> <span class='ocrx_word' id='word_1_905' title='bbox 1125 2398 1235 2419; x_wconf 79' lang='lat' dir='ltr'><strong>sanctus</strong></span> <span class='ocrx_word' id='word_1_906' title='bbox 1252 2392 1381 2422; x_wconf 82' lang='lat' dir='ltr'><strong>Thomas)</strong></span> <span class='ocrx_word' id='word_1_907' title='bbox 1406 2400 1437 2418; x_wconf 87' lang='lat' dir='ltr'><strong>ex</strong></span> <span class='ocrx_word' id='word_1_908' title='bbox 1457 2398 1549 2418; x_wconf 86' lang='lat' dir='ltr'><strong>amore</strong></span> <span class='ocrx_word' id='word_1_909' title='bbox 1571 2396 1710 2425; x_wconf 72' lang='lat' dir='ltr'><strong>operatur,</strong></span> 
     </span>
    </p>
   </div>
   <div class='ocr_carea' id='block_1_121' title="bbox 932 2425 1711 2461">
    <p class='ocr_par' dir='ltr' id='par_1_121' title="bbox 932 2425 1711 2461">
     <span class='ocr_line' id='line_1_121' title="bbox 932 2425 1711 2461; baseline -0.004 -8"><span class='ocrx_word' id='word_1_910' title='bbox 932 2434 981 2460; x_wconf 84' lang='lat' dir='ltr'><strong>per</strong></span> <span class='ocrx_word' id='word_1_911' title='bbox 999 2425 1027 2454; x_wconf 80' lang='lat' dir='ltr'><strong>se</strong></span> <span class='ocrx_word' id='word_1_912' title='bbox 1045 2425 1135 2461; x_wconf 85' lang='lat' dir='ltr'><strong>ipsum</strong></span> <span class='ocrx_word' id='word_1_913' title='bbox 1152 2432 1279 2461; x_wconf 83' lang='lat' dir='ltr'><strong>operatur</strong></span> <span class='ocrx_word' id='word_1_914' title='bbox 1292 2427 1356 2453; x_wconf 91' lang='lat' dir='ltr'><strong>illud</strong></span> <span class='ocrx_word' id='word_1_915' title='bbox 1375 2432 1501 2460; x_wconf 83' lang='lat' dir='ltr'><strong>tanquam</strong></span> <span class='ocrx_word' id='word_1_916' title='bbox 1520 2425 1571 2452; x_wconf 86' lang='lat' dir='ltr'><strong>sibi</strong></span> <span class='ocrx_word' id='word_1_917' title='bbox 1587 2428 1636 2452; x_wconf 86' lang='lat' dir='ltr'><strong>hoc</strong></span> <span class='ocrx_word' id='word_1_918' title='bbox 1653 2426 1711 2458; x_wconf 78' lang='lat' dir='ltr'><strong>pla-</strong></span> 
     </span>
    </p>
   </div>
   <div class='ocr_carea' id='block_1_122' title="bbox 931 2461 1711 2496">
    <p class='ocr_par' dir='ltr' id='par_1_122' title="bbox 931 2461 1711 2496">
     <span class='ocr_line' id='line_1_122' title="bbox 931 2461 1711 2496; baseline -0.003 -9"><span class='ocrx_word' id='word_1_919' title='bbox 931 2467 999 2487; x_wconf 82' lang='lat' dir='ltr'><strong>ceat.</strong></span> <span class='ocrx_word' id='word_1_920' title='bbox 1014 2463 1041 2488; x_wconf 85' lang='lat' dir='ltr'><strong>Pi</strong></span> <span class='ocrx_word' id='word_1_921' title='bbox 1049 2469 1124 2490; x_wconf 63' lang='lat' dir='ltr'><strong>restat</strong></span> <span class='ocrx_word' id='word_1_922' title='bbox 1135 2470 1203 2489; x_wconf 85' lang='lat' dir='ltr'><strong>seire</strong></span> <span class='ocrx_word' id='word_1_923' title='bbox 1221 2469 1280 2496; x_wconf 76' lang='lat' dir='ltr'><strong>quae</strong></span> <span class='ocrx_word' id='word_1_924' title='bbox 1292 2461 1389 2488; x_wconf 82' lang='lat' dir='ltr'><strong>elliciat</strong></span> <span class='ocrx_word' id='word_1_925' title='bbox 1405 2462 1533 2490; x_wconf 75' lang='lat' dir='ltr'><strong>charitas,</strong></span> <span class='ocrx_word' id='word_1_926' title='bbox 1545 2467 1571 2485; x_wconf 89' lang='lat' dir='ltr'><strong>et</strong></span> <span class='ocrx_word' id='word_1_927' title='bbox 1588 2468 1646 2493; x_wconf 82' lang='lat' dir='ltr'><strong>qua:</strong></span> <span class='ocrx_word' id='word_1_928' title='bbox 1656 2463 1711 2486; x_wconf 75' lang='lat' dir='ltr'><strong>sint</strong></span> 
     </span>
    </p>
   </div>
   <div class='ocr_carea' id='block_1_123' title="bbox 932 2495 1710 2531">
    <p class='ocr_par' dir='ltr' id='par_1_123' title="bbox 932 2495 1710 2531">
     <span class='ocr_line' id='line_1_123' title="bbox 932 2495 1710 2531; baseline -0.003 -10"><span class='ocrx_word' id='word_1_929' title='bbox 932 2496 992 2530; x_wconf 78' lang='lat' dir='ltr'><strong>ejus</strong></span> <span class='ocrx_word' id='word_1_930' title='bbox 1021 2499 1128 2531; x_wconf 88' lang='lat' dir='ltr'><strong>propria</strong></span> <span class='ocrx_word' id='word_1_931' title='bbox 1158 2497 1189 2522; x_wconf 88' lang='lat' dir='ltr'><strong>ad</strong></span> <span class='ocrx_word' id='word_1_932' title='bbox 1216 2496 1434 2529; x_wconf 57' lang='lat' dir='ltr'><strong>cogiioswiiduin</strong></span> <span class='ocrx_word' id='word_1_933' title='bbox 1462 2495 1650 2522; x_wconf 78' lang='lat' dir='ltr'><strong>exeelleuliani</strong></span> <span class='ocrx_word' id='word_1_934' title='bbox 1682 2498 1710 2519; x_wconf 88' lang='lat' dir='ltr'><strong>et</strong></span> 
     </span>
    </p>
   </div>
   <div class='ocr_carea' id='block_1_124' title="bbox 933 2531 1710 2564">
    <p class='ocr_par' dir='ltr' id='par_1_124' title="bbox 933 2531 1710 2564">
     <span class='ocr_line' id='line_1_124' title="bbox 933 2531 1710 2564; baseline -0.001 -9"><span class='ocrx_word' id='word_1_935' title='bbox 933 2534 1116 2564; x_wconf 66' lang='lat' dir='ltr'><strong>praestantiam</strong></span> <span class='ocrx_word' id='word_1_936' title='bbox 1132 2532 1190 2564; x_wconf 82' lang='lat' dir='ltr'><strong>ejus</strong></span> <span class='ocrx_word' id='word_1_937' title='bbox 1206 2539 1287 2564; x_wconf 83' lang='lat' dir='ltr'><strong>supra</strong></span> <span class='ocrx_word' id='word_1_938' title='bbox 1304 2531 1382 2557; x_wconf 80' lang='lat' dir='ltr'><strong>tidem</strong></span> <span class='ocrx_word' id='word_1_939' title='bbox 1400 2531 1497 2560; x_wconf 83' lang='lat' dir='ltr'><strong>solani,</strong></span> <span class='ocrx_word' id='word_1_940' title='bbox 1523 2537 1603 2563; x_wconf 69' lang='lat' dir='ltr'><strong>quani</strong></span> <span class='ocrx_word' id='word_1_941' title='bbox 1624 2532 1710 2555; x_wconf 70' lang='grc' dir='ltr'>ιιειει-υ-</span> 
     </span>
    </p>
   </div>
   <div class='ocr_carea' id='block_1_125' title="bbox 931 2565 1710 2600">
    <p class='ocr_par' dir='ltr' id='par_1_125' title="bbox 931 2565 1710 2600">
     <span class='ocr_line' id='line_1_125' title="bbox 931 2565 1710 2600; baseline -0.001 -9"><span class='ocrx_word' id='word_1_942' title='bbox 931 2566 975 2591; x_wconf 85' lang='lat' dir='ltr'><strong>ttei</strong></span> <span class='ocrx_word' id='word_1_943' title='bbox 993 2574 1059 2592; x_wconf 84' lang='lat' dir='ltr'><strong>vane</strong></span> <span class='ocrx_word' id='word_1_944' title='bbox 1070 2567 1183 2600; x_wconf 73' lang='lat' dir='ltr'><strong>j-iclulll,</strong></span> <span class='ocrx_word' id='word_1_945' title='bbox 1193 2574 1244 2592; x_wconf 79' lang='lat' dir='ltr'><strong>non</strong></span> <span class='ocrx_word' id='word_1_946' title='bbox 1263 2565 1441 2600; x_wconf 72' lang='lat' dir='ltr'><strong>intelligi-lites</strong></span> <span class='ocrx_word' id='word_1_947' title='bbox 1454 2573 1513 2598; x_wconf 73' lang='lat' dir='ltr'><strong>qua:</strong></span> <span class='ocrx_word' id='word_1_948' title='bbox 1522 2566 1625 2597; x_wconf 71' lang='lat' dir='ltr'><strong>dicunt,</strong></span> <span class='ocrx_word' id='word_1_949' title='bbox 1635 2571 1710 2590; x_wconf 81' lang='lat' dir='ltr'><strong>auia-</strong></span> 
     </span>
    </p>
   </div>
   <div class='ocr_carea' id='block_1_126' title="bbox 931 2604 1038 2626">
    <p class='ocr_par' dir='ltr' id='par_1_126' title="bbox 931 2604 1038 2626">
     <span class='ocr_line' id='line_1_126' title="bbox 931 2604 1038 2626; baseline 0.009 0"><span class='ocrx_word' id='word_1_950' title='bbox 931 2604 1038 2626; x_wconf 82' lang='lat' dir='ltr'><strong>torium.</strong></span> 
     </span>
    </p>
   </div>
   <div class='ocr_carea' id='block_1_127' title="bbox 968 2634 1708 2669">
    <p class='ocr_par' dir='ltr' id='par_1_127' title="bbox 968 2634 1708 2669">
     <span class='ocr_line' id='line_1_127' title="bbox 968 2634 1708 2669; baseline -0.003 -8"><span class='ocrx_word' id='word_1_951' title='bbox 968 2636 1005 2669; x_wconf 71' lang='grc'><strong>(6)</strong></span> <span class='ocrx_word' id='word_1_952' title='bbox 1036 2635 1187 2662; x_wconf 74' lang='lat' dir='ltr'><strong>Notionem.</strong></span> <span class='ocrx_word' id='word_1_953' title='bbox 1213 2634 1353 2667; x_wconf 83' lang='lat' dir='ltr'><strong>Quatenus</strong></span> <span class='ocrx_word' id='word_1_954' title='bbox 1384 2642 1461 2660; x_wconf 91' lang='lat' dir='ltr'><strong>amor</strong></span> <span class='ocrx_word' id='word_1_955' title='bbox 1491 2639 1517 2660; x_wconf 87' lang='lat' dir='ltr'><strong>et</strong></span> <span class='ocrx_word' id='word_1_956' title='bbox 1532 2634 1650 2660; x_wconf 87' lang='lat' dir='ltr'><strong>charitas</strong></span> <span class='ocrx_word' id='word_1_957' title='bbox 1675 2641 1708 2660; x_wconf 76' lang='lat' dir='ltr'><strong>ex</strong></span> 
     </span>
    </p>
   </div>
   <div class='ocr_carea' id='block_1_128' title="bbox 933 2668 1709 2703">
    <p class='ocr_par' dir='ltr' id='par_1_128' title="bbox 933 2668 1709 2703">
     <span class='ocr_line' id='line_1_128' title="bbox 933 2668 1709 2703; baseline -0.003 -7"><span class='ocrx_word' id='word_1_958' title='bbox 933 2669 993 2703; x_wconf 87' lang='lat' dir='ltr'><strong>ipso</strong></span> <span class='ocrx_word' id='word_1_959' title='bbox 1010 2671 1062 2697; x_wconf 85' lang='lat' dir='ltr'><strong>Deo</strong></span> <span class='ocrx_word' id='word_1_960' title='bbox 1074 2676 1183 2696; x_wconf 84' lang='lat' dir='ltr'><strong>manant</strong></span> <span class='ocrx_word' id='word_1_961' title='bbox 1199 2674 1231 2696; x_wconf 87' lang='lat' dir='ltr'><strong>ad</strong></span> <span class='ocrx_word' id='word_1_962' title='bbox 1247 2675 1398 2701; x_wconf 68' lang='lat' dir='ltr'><strong>creaturas,</strong></span> <span class='ocrx_word' id='word_1_963' title='bbox 1418 2677 1473 2703; x_wconf 87' lang='lat' dir='ltr'><strong>Ipse</strong></span> <span class='ocrx_word' id='word_1_964' title='bbox 1485 2669 1587 2695; x_wconf 77' lang='lat' dir='ltr'><strong>amoris</strong></span> <span class='ocrx_word' id='word_1_965' title='bbox 1602 2674 1628 2695; x_wconf 79' lang='lat' dir='ltr'><strong>et</strong></span> <span class='ocrx_word' id='word_1_966' title='bbox 1641 2668 1709 2694; x_wconf 79' lang='lat' dir='ltr'><strong>rha-</strong></span> 
     </span>
    </p>
   </div>
   <div class='ocr_carea' id='block_1_129' title="bbox 934 2704 1709 2738">
    <p class='ocr_par' dir='ltr' id='par_1_129' title="bbox 934 2704 1709 2738">
     <span class='ocr_line' id='line_1_129' title="bbox 934 2704 1709 2738; baseline -0.001 -8"><span class='ocrx_word' id='word_1_967' title='bbox 934 2705 1021 2731; x_wconf 86' lang='lat' dir='ltr'><strong>ritatis</strong></span> <span class='ocrx_word' id='word_1_968' title='bbox 1035 2710 1129 2731; x_wconf 74' lang='lat' dir='ltr'><strong>auctor</strong></span> <span class='ocrx_word' id='word_1_969' title='bbox 1143 2706 1244 2731; x_wconf 88' lang='lat' dir='ltr'><strong>moveri</strong></span> <span class='ocrx_word' id='word_1_970' title='bbox 1266 2705 1375 2735; x_wconf 89' lang='lat' dir='ltr'><strong>dicitur,</strong></span> <span class='ocrx_word' id='word_1_971' title='bbox 1402 2709 1537 2738; x_wconf 85' lang='lat' dir='ltr'><strong>quatenus</strong></span> <span class='ocrx_word' id='word_1_972' title='bbox 1567 2710 1630 2729; x_wconf 84' lang='lat' dir='ltr'><strong>Vero</strong></span> <span class='ocrx_word' id='word_1_973' title='bbox 1651 2704 1709 2736; x_wconf 78' lang='lat' dir='ltr'><strong>ipso</strong></span> 
     </span>
    </p>
   </div>
   <div class='ocr_carea' id='block_1_130' title="bbox 934 2739 1710 2774">
    <p class='ocr_par' dir='ltr' id='par_1_130' title="bbox 934 2739 1710 2774">
     <span class='ocr_line' id='line_1_130' title="bbox 934 2739 1710 2774; baseline -0.004 -9"><span class='ocrx_word' id='word_1_974' title='bbox 934 2745 976 2766; x_wconf 86' lang='lat' dir='ltr'><strong>est</strong></span> <span class='ocrx_word' id='word_1_975' title='bbox 991 2740 1126 2770; x_wconf 84' lang='lat' dir='ltr'><strong>amabilis,</strong></span> <span class='ocrx_word' id='word_1_976' title='bbox 1141 2744 1166 2766; x_wconf 90' lang='lat' dir='ltr'><strong>et</strong></span> <span class='ocrx_word' id='word_1_977' title='bbox 1183 2739 1342 2774; x_wconf 71' lang='lat' dir='ltr'><strong>diligendus,</strong></span> <span class='ocrx_word' id='word_1_978' title='bbox 1359 2744 1449 2766; x_wconf 87' lang='lat' dir='ltr'><strong>movet</strong></span> <span class='ocrx_word' id='word_1_979' title='bbox 1464 2744 1492 2765; x_wconf 88' lang='lat' dir='ltr'><strong>et</strong></span> <span class='ocrx_word' id='word_1_980' title='bbox 1506 2739 1558 2765; x_wconf 88' lang='lat' dir='ltr'><strong>ciet</strong></span> <span class='ocrx_word' id='word_1_981' title='bbox 1575 2739 1606 2763; x_wconf 88' lang='lat' dir='ltr'><strong>ad</strong></span> <span class='ocrx_word' id='word_1_982' title='bbox 1630 2745 1710 2774; x_wconf 72' lang='lat' dir='ltr'><strong>auio-</strong></span> 
     </span>
    </p>
   </div>
   <div class='ocr_carea' id='block_1_131' title="bbox 933 2770 1711 2815">
    <p class='ocr_par' dir='ltr' id='par_1_131' title="bbox 933 2770 1711 2815">
     <span class='ocr_line' id='line_1_131' title="bbox 933 2770 1711 2815; baseline -0.004 -15"><span class='ocrx_word' id='word_1_983' title='bbox 933 2781 989 2815; x_wconf 73' lang='lat' dir='ltr'><strong>rem</strong></span> <span class='ocrx_word' id='word_1_984' title='bbox 1005 2774 1106 2807; x_wconf 86' lang='lat' dir='ltr'><strong>omnia,</strong></span> <span class='ocrx_word' id='word_1_985' title='bbox 1136 2770 1244 2810; x_wconf 65' lang='lat' dir='ltr'><strong>quibus&quot;</strong></span> <span class='ocrx_word' id='word_1_986' title='bbox 1253 2776 1292 2802; x_wconf 85' lang='lat' dir='ltr'><strong>vis</strong></span> <span class='ocrx_word' id='word_1_987' title='bbox 1305 2774 1413 2801; x_wconf 88' lang='lat' dir='ltr'><strong>amandi</strong></span> <span class='ocrx_word' id='word_1_988' title='bbox 1433 2773 1628 2801; x_wconf 85' lang='lat' dir='ltr'><strong>convenienter</strong></span> <span class='ocrx_word' id='word_1_989' title='bbox 1641 2770 1711 2806; x_wconf 73' lang='lat' dir='ltr'><strong>ipsis</strong></span> 
     </span>
    </p>
   </div>
   <div class='ocr_carea' id='block_1_132' title="bbox 932 2814 1073 2836">
    <p class='ocr_par' dir='ltr' id='par_1_132' title="bbox 932 2814 1073 2836">
     <span class='ocr_line' id='line_1_132' title="bbox 932 2814 1073 2836; baseline 0 0"><span class='ocrx_word' id='word_1_990' title='bbox 932 2814 1012 2836; x_wconf 83' lang='lat' dir='ltr'><strong>instta</strong></span> <span class='ocrx_word' id='word_1_991' title='bbox 1022 2814 1073 2836; x_wconf 79' lang='lat' dir='ltr'><strong>est.</strong></span> 
     </span>
    </p>
   </div>
  </div>
