1954 3071
120 150 178 183 827

463 154 580 184 DECAS
601 157 630 186 V.
646 168 678 173 —
698 156 745 186 DE
761 156 1090 190 PROPRIETATIBUS
1104 161 1219 192 DIVIN.
1237 162 1370 192 NOMIN.

1689 166 1742 197 8l8

123 214 174 253 ιιι-ι·
199 213 228 253 sc
246 206 469 253 participationrs
487 210 603 242 primum
620 212 780 246 participare
794 221 861 246 esse,
887 218 912 241 et
926 217 949 244 Α
965 215 1000 242 tia
1016 223 1068 242 non
1083 224 1163 251 posse
1177 225 1184 243 :
1200 218 1246 251 qui
1262 219 1496 252 prtedestinatione
1513 219 1676 253 cognitionis
1688 229 1743 248 suae

121 252 163 277 sic
186 251 302 284 pritnutn
321 259 380 278 csse
400 252 470 286 quod
487 259 548 279 sunt
563 273 570 284 .
587 254 686 282 deinde
705 257 794 290 hujus,
810 262 857 284 attt
877 259 908 284 il-

123 296 178 322 ltus
198 296 330 330 principia
347 304 424 323 esse:
440 301 466 323 ct
481 299 668 333 participando
683 309 753 333 esse,
767 304 908 335 exsistere,

121 345 148 367 ct
167 341 336 374 participari.
348 341 376 368 Si
389 342 445 369 bare
460 348 562 376 autem,
577 352 637 379 quae
650 347 763 373 aliorum
779 348 910 382 principia

121 393 313 419 numerantur,
331 395 380 423 per
395 390 628 424 participationetn
647 400 707 419 esse
721 399 785 420 sunt
799 414 805 424 ,
825 396 909 422 ιιιυΙιο

123 433 212 467 magis
223 441 282 467 qua:
304 434 362 468 ipsa
385 434 427 460 illa
446 436 578 470 prittcipia
595 438 771 472 participant.
789 439 908 468 Primum

123 477 208 511 igitur
223 478 323 505 donum
349 486 396 513 per
423 487 452 506 se
477 488 548 513 csse,
563 489 623 509 cum
639 491 686 516 per
705 492 733 511 re
754 485 797 511 illa
815 494 910 520 supra-

121 531 205 556 quam
230 523 336 552 bonitas
360 525 506 559 producat.
530 529 627 554 merito
647 529 680 556 ab
706 531 860 564 antiquiore
882 536 909 559 et

122 569 211 603 prima
227 569 348 596 omnium
368 571 604 605 participationum
623 574 759 604 laudatur.
779 577 810 602 Et
830 578 909 610 paulo

123 618 185 644 post
201 622 209 641 :
231 614 260 641 Si
281 621 373 642 autem
391 617 446 642 vult
459 616 586 644 Clemens
606 619 786 654 philosophus
802 623 834 649 ad
860 623 910 650 ali-

123 659 190 692 quid
205 659 258 686 diei
274 662 440 696 exemplaria
457 670 516 695 qua!
532 669 596 690 sunt
621 664 647 690 in
670 666 750 694 rebus
772 668 908 702 principa-

123 704 206 742 liora,
220 707 392 741 progreditur
401 708 508 742 quidem
525 716 586 736 eum
602 710 641 737 sic
656 711 785 746 loquitur,
797 722 848 740 non
863 723 908 749 pcr

123 750 235 784 propria
251 755 277 777 et
293 752 411 785 perlecta
428 757 454 779 et
472 754 605 788 simplicia
622 757 731 783 nomina
748 759 786 793 (l)
803 767 809 784 ι
825 760 871 786 sed
885 761 907 787 si

123 795 306 822 concedamus
337 802 409 824 recte
439 798 490 825 hoc
516 794 590 832 dici,
618 806 725 835 oportet
752 805 908 831 meminisse

126 839 284 874 Scriptum,
300 849 358 874 qnaa
375 842 411 868 ait
429 851 436 869 :
457 843 515 869 Non
530 844 630 871 ostendi
647 846 693 872 illa
710 847 756 873 tibi
766 847 850 882 (2)41!
864 858 907 875 eas

124 890 183 918 post
203 886 249 912 illa
265 886 305 919 “;
334 887 380 913 sed
402 891 430 913 ιιι
454 895 501 922 per
519 891 721 924 proportionem
744 894 908 930 cognitionis

125 930 223 957 ltormn
241 931 273 958 ad
289 933 504 966 cognoscendam
528 935 650 963 omnittm
673 945 797 968 causam,
818 939 906 972 quoad

126 984 282 1009 possumus,
297 978 474 1006 adducantur.
489 979 550 1007 llaec
563 981 698 1010 adnotans
714 983 744 1011 S.
764 984 907 1018 Maximus,

126 1022 310 1062 “oenomen,
324 1024 422 1058 inquit,
438 1025 566 1060 imposuit
579 1027 630 1054 sibi
643 1028 723 1060 Dens,
741 1037 801 1056 cuin
815 1031 881 1057 dixit
899 1040 906 1058 :

126 1066 183 1100 Ego
198 1077 267 1095 sunt.
282 1070 326 1103 qui
343 1078 400 1096 sum
422 1071 467 1103 δι’,
480 1080 494 1098 a
511 1080 564 1106 quo
585 1079 768 1102 consentanea
781 1076 907 1103 laudatur

125 1118 189 1139 ante
207 1114 258 1140 alia
273 1123 333 1148 qua:
349 1117 382 1143 de
397 1116 454 1150 ipso
470 1117 609 1151 dicuntur,
623 1121 714 1153 qualia
730 1126 791 1148 sunt
807 1128 905 1149 nomen

124 1160 197 1190 vitzc,
211 1160 359 1194 sapientiae,
372 1166 397 1189 et
412 1163 465 1190 alia
480 1163 624 1198 ejusmodi,
637 1166 700 1192 illud
717 1172 819 1199 autem,
830 1168 906 1202 prius

125 1211 197 1235 esse,
212 1209 238 1231 ct
257 1213 338 1240 Supra
356 1215 417 1234 esse
432 1208 580 1236 declaravit
606 1217 666 1237 esse
682 1211 764 1238 Deum
778 1233 785 1242 ,
811 1219 906 1238 carere

125 1249 258 1284 principio
269 1269 278 1283 ,
294 1256 320 1278 et
333 1252 413 1279 Deum
427 1255 534 1287 penitus
546 1256 739 1289 comprehendi
756 1257 906 1289 intelligun-

161 1319 183 1335 δ’
197 1319 282 1348 Exod.
295 1328 357 1352 xxv,
369 1321 414 1349 40.
452 1322 578 1349 "'Exod.
596 1331 636 1356 tn,
655 1324 697 1350 ll.

964 261 1109 290 ineliabilis
1129 263 1219 290 omnia
1237 264 1263 290 in
1280 271 1309 291 se
1327 264 1383 298 ipse
1398 264 1556 298 complexus
1571 269 1627 296 est,
1644 271 1668 293 et
1684 273 1744 293 om-

962 306 1005 332 nia
1022 306 1047 332 in
1064 314 1093 333 se
1107 314 1138 334 ex
1156 311 1210 334 toto
1225 315 1284 335 esse
1301 314 1429 342 tanquam
1445 309 1471 335 in
1486 309 1631 343 exemplari
1644 314 1670 338 et
1683 311 1743 338 idca

963 349 1042 380 fecit.
1062 350 1113 378 hoc
1135 351 1206 378 enim
1224 352 1314 379 statim
1333 353 1418 386 prima
1441 354 1550 380 notione
1570 361 1647 381 mcns
1665 355 1742 385 costi-

962 399 1011 426 tat,
1031 403 1092 422 esse
1115 396 1224 430 inquam
1239 416 1246 427 .
1273 398 1453 431 posterltoc,
1472 403 1518 425 attt
1544 398 1600 429 illo,
1618 403 1664 425 aut
1689 400 1744 426 alio

963 449 977 465 ιι
990 440 1043 468 odo
1056 449 1115 468 esse
1130 443 1341 476 contemplatur.
1358 442 1422 470 Esse
1439 444 1519 478 igitur
1534 445 1704 478 simpliciter,
1718 451 1743 471 ct

962 493 1013 512 non
1022 486 1118 520 aliquo
1133 487 1213 513 modo
1227 495 1295 519 esse,
1313 487 1458 515 declaravit
1472 496 1531 515 ettm
1547 489 1627 522 dixit,
1647 498 1694 524 per
1713 497 1741 517 se

961 539 1030 563 esse,
1048 532 1118 558 sicut
1140 532 1266 567 deinceps
1284 533 1352 560 dixit
1379 542 1426 568 per
1444 542 1473 561 se
1491 534 1585 566 vitam,
1603 543 1649 570 per
1663 543 1691 563 se
1707 536 1744 563 si-

962 578 1141 604 militudinem
1154 598 1160 609 ,
1184 583 1208 605 et
1236 579 1286 605 alia
1301 579 1445 613 ejusmodi.
1463 587 1524 607 esse
1539 581 1610 607 enim
1628 588 1743 615 prorsus

963 623 1043 650 vitam
1061 624 1108 657 (5),
1126 628 1151 649 ct
1173 616 1335 658 simpliciter
1352 626 1441 660 vivct;e
1454 633 1506 652 non
1524 626 1658 660 signiﬁcat
1673 628 1742 653 lianc

963 669 1041 695 talem
1059 669 1161 701 vitam;
1188 674 1214 695 ct
1241 669 1365 696 similiter
1382 670 1408 696 in
1433 671 1493 697 aliis
1509 679 1523 697 ε.
1536 671 1605 698 sicut
1629 672 1741 702 exempli

961 715 1046 748 gratia
1067 715 1105 748 (4)
1123 715 1149 741 in
1167 715 1354 750 qualitatibus,
1376 715 1450 749 prius
1476 724 1523 750 per
1547 724 1576 743 se
1600 717 1743 750 qualitatrs

962 760 1065 791 insunt,
1080 766 1172 794 postea
1190 760 1343 788 accidentes
1359 765 1506 794 operantur
1517 779 1526 792 ,
1550 761 1582 787 ad
1601 761 1671 788 lnmc
1687 770 1746 787 tuo-

960 804 1023 831 dum
1041 805 1215 839 proportione
1229 805 1254 832 in
1271 805 1304 833 iis
1321 813 1380 840 qum
1393 806 1522 838 diximus,
1539 806 1743 840 intelligendum

961 854 1011 877 est.
1024 850 1089 877 item
1107 850 1171 877 dicit
1183 850 1209 876 in
1226 850 1314 884 primo
1328 858 1390 884 cap.
1406 850 1476 876 idem
1492 851 1624 877 Maximus
1640 859 1646 877 :
1661 850 1743 877 Crra-

959 896 1060 922 tionem
1082 896 1151 927 vitre,
1169 900 1195 922 et
1214 896 1378 923 creationem
1396 896 1572 927 substantim,
1593 896 1616 923 id
1632 902 1684 926 cst.
1701 904 1744 924 res

960 941 1031 975 ipsas
1047 940 1111 967 fecit
1123 940 1194 968 Deus
1210 941 1351 968 exsistere.
1367 940 1488 967 Primum
1509 941 1590 975 igitur
1605 941 1742 968 noliotlctn

959 987 997 1013 rei
1018 987 1102 1021 ipsius
1120 986 1203 1013 menti
1229 986 1411 1013 informamus
1427 995 1433 1018 ;
1449 991 1543 1020 postea
1559 987 1739 1013 universaicm

957 1032 1016 1065 ejus
1026 1031 1063 1058 rei
1073 1031 1222 1063 notionem,
1244 1035 1272 1057 ut
1288 1031 1424 1057 notionem
1437 1030 1499 1057 vitze
1523 1030 1563 1056 vel
1582 1031 1743 1057 substantim

960 1075 1086 1102 universe
1097 1074 1307 1105 consideratam,
1318 1074 1412 1101 deinde
1429 1075 1453 1101 id
1468 1075 1587 1108 parte,id
1597 1079 1647 1104 est.
1661 1076 1744 1102 notio-

961 1128 1020 1147 nem
1033 1120 1182 1147 secundum
1197 1119 1318 1154 singulas
1328 1120 1432 1154 species
1446 1120 1608 1153 accepimus,
1622 1125 1651 1147 ut
1665 1121 1742 1153 vitm;

960 1166 1000 1192 vel
1015 1165 1173 1192 substantiae
1187 1165 1316 1199 angelicae
1329 1185 1336 1197 ,
1351 1164 1390 1191 vel
1416 1164 1552 1196 humanae,
1568 1169 1613 1191 aut
1627 1166 1744 1198 reliquo-

959 1218 1018 1236 rum
1033 1210 1058 1236 in
1072 1210 1197 1237 universa
1213 1209 1312 1243 specie.
1326 1209 1458 1237 Prteterea
1472 1210 1542 1236 idem
1557 1217 1586 1236 ca
1596 1217 1622 1243 p.
1634 1211 1742 1244 quinto,

958 1256 1179 1290 participationes
1194 1255 1268 1288 dicit,
1281 1263 1347 1289 qttas
1361 1263 1392 1282 ea
1409 1263 1468 1289 qua:
1481 1260 1556 1288 sunt,
1571 1256 1741 1290 participant,

870 1370 1003 1402 Scholia.

163 1421 202 1454 (Ι)
225 1421 284 1448 Non
304 1429 344 1455 per
364 1422 470 1455 propria
487 1428 510 1448 et
525 1423 639 1456 perfecta
663 1426 687 1448 et
709 1422 841 1455 simplicia
857 1430 904 1448 no-

127 1457 210 1481 mina.
226 1456 251 1481 id
268 1461 320 1484 est.
334 1464 381 1489 per
397 1464 426 1482 se
445 1465 516 1486 essc,
532 1461 557 1483 et
573 1465 618 1487 per
635 1464 664 1483 se
680 1457 750 1486 vita;
767 1461 794 1482 et
810 1464 856 1490 per
876 1464 905 1483 se

128 1490 271 1522 sapic-min,
291 1495 318 1518 ct
335 1491 434 1517 similia
452 1499 512 1522 quae
527 1495 590 1518 sunt
612 1491 742 1524 principia
766 1495 791 1516 et
815 1499 904 1517 causa!

127 1532 223 1551 eorum
248 1532 308 1557 qum
333 1530 406 1555 sunt,
433 1526 614 1558 qurcvivunt.
639 1530 666 1552 et
695 1533 754 1559 qtlre
773 1525 904 1558 sapientia

129 1559 241 1593 pnedita
257 1564 329 1591 sunt,
343 1568 395 1585 non
407 1565 520 1591 possunt
535 1560 586 1585 dici
604 1560 711 1593 proprie
723 1559 903 1592 exemplaria;

128 1594 192 1627 quia
221 1601 345 1625 quorum.
365 1594 415 1620 ista
444 1599 506 1620 sunt
537 1594 682 1626 principia,
709 1601 761 1620 non
787 1594 854 1620 liunt
878 1598 906 1620 ιιι

129 1628 270 1654 imitentur
287 1629 331 1654 illa
343 1628 400 1661 ipsa
417 1629 558 1662 principia.
572 1628 618 1655 sed
633 1630 698 1654 liunt
716 1633 745 1654 ιιι
761 1628 905 1660 impleatur

129 1663 156 1688 in
187 1663 226 1688 eis
252 1662 323 1695 qttod
352 1663 440 1689 divina
474 1663 611 1696 Sapientia
636 1662 782 1692 ordinavit.
803 1663 828 1689 id
852 1667 904 1693 est,

129 1697 200 1729 quod
215 1702 272 1722 crat
291 1698 318 1723 in
344 1697 403 1722 idea
420 1702 446 1723 et
464 1698 611 1730 exemplari
635 1697 738 1726 divino.
766 1705 818 1723 non
843 1701 906 1723 suttt

129 1732 211 1757 etiam
229 1731 345 1763 perfecta
364 1732 539 1763 exemplaria,
560 1739 621 1757 cuin
649 1732 706 1764 ipsa
726 1731 787 1758 aliis
811 1739 906 1757 exem-

130 1767 250 1797 plaribus
266 1766 414 1799 indigeant,
437 1773 491 1792 non
506 1771 566 1792 sunt
585 1766 732 1799 simplicia,
749 1766 811 1799 quia
825 1765 905 1792 simul

130 1805 193 1826 sunt
218 1801 356 1832 exemplar
378 1802 410 1826 ad
435 1800 550 1826 lor-nata
578 1801 649 1832 (qu-c
663 1801 742 1830 vulgo
773 1804 906 1825 vocantttr

130 1835 293 1867 escnipla'a)
311 1838 337 1860 (-t
355 1835 532 1866 exemplaria,
547 1841 578 1860 ex
596 1839 689 1860 sancto
701 1834 816 1860 Tltoma.

166 1868 204 1901 (2)
227 1867 286 1894 Non
313 1869 413 1894 ouemlt'
441 1869 489 1895 illa
520 1870 578 1895 tibi.
606 1868 704 1894 Locum
738 1868 823 1894 Exod.
854 1875 906 1894 xxv

130 1904 194 1929 citat
214 1903 357 1938 Dionysius
381 1903 410 1928 οὐ
435 1903 505 1929 κατὰ
519 1903 548 1929 τὸ
575 1903 666 1938 ῥητὸν,
686 1902 752 1930 αλλὰ
767 1902 836 1938 κατὰ
857 1902 906 1936 τὴν

130 1938 260 1968 διάνοιαν,
281 1937 306 1963 id
323 1941 374 1969 est,
391 1945 444 1964 non
462 1938 609 1964 secundum
628 1937 718 1967 verba,
738 1937 784 1963 sed
809 1945 905 1964 secun-

132 1974 194 1998 dutn
221 1979 343 2001 sensum,
370 1972 409 1998 sic
438 1972 578 2003 apostolici
608 1972 732 2005 discipuli
764 1980 776 1997 a
806 1971 906 1997 sanctis

131 2006 261 2038 apostolis
287 2005 439 2032 didicerunt
454 2007 538 2032 citare
559 2007 704 2039 aliquando
724 2006 903 2040 Scripturam,

131 2043 202 2068 sicut
226 2041 275 2074 ipsi
306 2041 391 2067 sancti
418 2042 533 2074 apostoli
563 2042 698 2067 interdum
718 2041 838 2070 faciunt,
868 2040 906 2066 sic

130 2076 202 2102 cutim
232 2075 270 2101 ait
296 2075 433 2108 Scriptura
457 2084 464 2101 :
491 2075 606 2108 Inspice,
629 2080 657 2101 et
685 2075 726 2101 lac
756 2075 904 2101 secundum

132 2109 277 2141 exemplar,
304 2109 376 2143 qttod
407 2110 455 2136 tibi
485 2115 664 2136 monstratum
692 2114 733 2135 est.
764 2111 789 2135 in
815 2113 906 2135 monte

132 2145 231 2178 (Ea-od.
251 2151 313 2173 xxv.
329 2143 386 2175 ιο).
410 2143 477 2170 Cum
494 2145 542 2171 ait.
559 2145 671 2177 inspice,
694 2148 719 2170 et
744 2144 785 2169 lae
807 2151 905 2178 secun-

960 1423 1103 1457 prineipia.
1117 1427 1145 1447 ut
1160 1429 1248 1457 causa;
1260 1422 1292 1449 ad
1306 1421 1413 1451 effecta,
1427 1427 1452 1449 et
1470 1422 1562 1449 ell'ecta
1582 1423 1614 1449 ad
1630 1431 1738 1454 causas,

959 1456 981 1484 si
1000 1458 1039 1483 sic
1055 1458 1157 1486 aeccpit
1172 1456 1305 1487 Clemens,
1321 1461 1350 1482 ut
1367 1457 1446 1488 plane
1465 1457 1602 1487 accepisse
1616 1459 1738 1487 videtur.

958 1498 1031 1518 recte
1045 1493 1164 1525 accepit;
1181 1495 1208 1518 et
1228 1491 1267 1518 sic
1282 1491 1363 1517 etiam
1380 1491 1432 1517 ista
1449 1490 1663 1526 principialiora.
1679 1500 1740 1526 qua:

957 1526 1123 1558 exemplaria
1139 1530 1225 1555 vocat.
1241 1530 1330 1552 creata
1349 1530 1422 1555 sunt.
1435 1525 1506 1552 sicut
1522 1525 1567 1552 illa
1585 1525 1739 1559 spiritualia

957 1560 1119 1592 exemplaria
1146 1564 1253 1586 ostensa
1271 1559 1362 1594 Moysi
1380 1559 1406 1586 in
1425 1565 1527 1591 monte,
1552 1568 1607 1586 non
1630 1561 1739 1594 quidem

958 1600 1086 1628 tanquam
1105 1594 1269 1626 exemplaria
1287 1594 1330 1620 illa
1349 1593 1451 1625 divina,
1466 1602 1527 1628 qum
1544 1599 1608 1620 sttnt
1622 1593 1739 1622 itiereata

956 1633 983 1656 et
998 1633 1110 1660 Nerua,
1134 1628 1278 1655 invisibilia
1297 1628 1353 1659 Dei,
1381 1633 1406 1654 et
1425 1628 1575 1658 adoranda.
1600 1637 1661 1662 quae
1677 1635 1741 1656 sunt

957 1664 1014 1696 ipso
1029 1663 1098 1689 Deus
1117 1663 1348 1696 simplicissimus,
1363 1663 1412 1697 sed
1424 1667 1558 1697 tanquam
1573 1664 1738 1697 exemplaria

956 1702 1048 1724 creata
1075 1701 1101 1723 et
1128 1697 1271 1723 informata
1302 1697 1385 1723 menti
1407 1696 1506 1731 Moysis
1537 1697 1678 1729 divinitus,
1711 1703 1740 1725 ut

955 1732 1106 1758 secundum
1128 1738 1159 1757 ea
1177 1731 1288 1763 faceret,
1317 1738 1377 1766 qua)
1403 1731 1494 1758 facere
1514 1732 1584 1758 Deus
1601 1733 1624 1758 ei
1644 1733 1741 1766 praici-

956 1767 1057 1800 piebat,
1078 1773 1138 1799 quae
1154 1770 1231 1793 erant
1254 1766 1344 1792 omnia
1368 1765 1499 1800 imagines
1516 1767 1634 1793 tenuiter
1648 1772 1674 1793 et
1691 1767 1739 1793 ob-

957 1808 1036 1827 scure
1052 1800 1221 1827 adumbrata:
1246 1800 1353 1826 illorum
1368 1800 1576 1832 exemplarium.
1597 1801 1646 1827 Alii
1668 1802 1740 1828 hunc

957 1835 1044 1861 locum
1066 1842 1079 1860 a
1096 1834 1225 1868 Dionysio
1239 1835 1350 1860 citatum
1371 1841 1403 1859 ex
1423 1833 1502 1860 Deut.
1529 1842 1588 1867 cap.
1611 1843 1646 1866 tv,
1661 1843 1738 1861 sunt-

956 1874 1031 1902 ptum
1059 1875 1124 1903 esse,
1146 1868 1364 1903 adnotaverunt;
1397 1868 1442 1894 sed
1461 1867 1532 1894 nulla
1550 1869 1654 1896 ratione
1670 1878 1741 1903 qua—

956 1903 1026 1930 drat.
1043 1903 1096 1937 Ego
1111 1902 1253 1936 Georgium
1271 1902 1467 1936 Pacbymerum
1483 1907 1593 1929 secutus
1607 1902 1737 1936 sum,qui

956 1939 988 1964 ad
1005 1937 1079 1964 illttm
1094 1937 1183 1963 laeum
1204 1937 1289 1963 Exodi
1314 1944 1365 1962 xxv
1379 1937 1480 1968 retulit,
1497 1944 1574 1970 quem
1601 1938 1654 1963 dixi
1672 1938 1739 1963 cita-

956 1978 1013 1999 tum
1028 1978 1088 1999 esse
1105 1979 1119 1997 a
1137 1970 1263 2005 Dionysio
1281 1970 1430 1997 secundum
1449 1978 1571 2002 sensum,
1591 1972 1660 1998 sicut
1684 1973 1735 1998 ali-

956 2007 1065 2040 quando
1079 2006 1167 2032 solent
1188 2005 1313 2040 apostoli,
1330 2009 1357 2030 et
1379 2006 1466 2031 sancti
1485 2005 1587 2037 Patres,
1611 2007 1736 2033 similiter

956 2039 1049 2067 citavit
1075 2041 1155 2066 etiam
1187 2039 1283 2065 ibidem
1314 2040 1457 2072 Dionysius
1489 2040 1577 2065 locum
1604 2042 1684 2072 cpist.
1703 2041 1736 2066 ad

959 2075 1035 2101 Rom.
1055 2082 1114 2107 cap.
1132 2081 1140 2100 ι
1160 2082 1167 2100 :
1186 2073 1333 2100 lnvisibilia
1352 2073 1436 2106 ipsius
1457 2081 1471 2098 a
1496 2079 1621 2100 creatura
1644 2076 1735 2101 mundi

959 2117 1005 2142 per
1026 2117 1056 2136 ea
1071 2117 1131 2142 qua:
1156 2107 1228 2134 facta
1256 2113 1329 2138 sunt,
1356 2107 1490 2134 intellecta
1508 2108 1734 2142 conspiciuntur;

958 2144 1061 2175 citavit,
1079 2144 1198 2177 inquam,
1223 2143 1296 2177 hunc
1319 2142 1405 2168 locum
1433 2142 1582 2168 secuttdutn
1612 2151 1733 2173 sensum,

132 2176 195 2206 dum
221 2178 359 2211 exemplar
387 2178 456 2212 (sive
481 2176 654 2210 exemplaria,
681 2186 734 2205 non
763 2178 834 2204 enim
856 2177 905 2204 iuit
922 2178 943 2206 ι)
958 2179 1003 2211 qui
1020 2183 1071 2210 est,
1086 2176 1121 2204 ut'
1135 2177 1172 2203 ait
1188 2176 1404 2212 Dionysius,per
1421 2177 1621 2210 proper-tionem
1643 2180 1736 2211 cogni-

134 2221 216 2238 nnum
245 2212 398 2246 exemplar,
425 2213 471 2239 scd
499 2212 600 2246 multa)
631 2213 677 2239 tibi
707 2217 845 2239 ostensum
878 2212 903 2237 in

134 2251 242 2276 monte,
268 2247 333 2274 satis
356 2247 428 2273 clare
452 2247 527 2276 dicit,
550 2248 656 2274 ostendi
681 2247 828 2279 exemplar.
847 2246 904 2273 sive

133 2281 296 2315 exemplaria
313 2289 366 2307 non
383 2282 415 2308 ad
432 2281 573 2308 colendum
597 2281 641 2308 illa
665 2281 727 2314 (hoc
743 2281 815 2313 enim
834 2286 903 2312 erat,

133 2317 172 2343 ire
187 2321 245 2348 post
265 2323 306 2346 ca,
323 2316 412 2342 colere
428 2317 482 2348 illa,
493 2321 517 2342 et
534 2317 632 2342 habere
649 2323 680 2342 ea
696 2323 743 2349 pro
766 2315 842 2350 diis),
859 2315 905 2341 Sctl

133 2353 237 2377 O‘lt'll’il
255 2350 417 2383 exemplaria
435 2351 467 2376 ad
493 2350 647 2376 faciendum
675 2350 821 2377 scentulum
851 2350 904 2381 illa,

135 2394 194 2418 ιιιιιιε
212 2385 330 2410 facienda
347 2390 411 2411 sunt
428 2385 454 2410 in
470 2385 646 2411 tabernaculo
659 2389 685 2412 et
702 2385 773 2411 vasis
789 2384 867 2416 ejus;
880 2391 906 2410 et

135 2419 161 2445 iu
175 2419 358 2445 ~acerdotiltus
373 2424 399 2445 et
413 2426 507 2445 eorum
524 2418 675 2449 sacriﬁciis.
691 2424 717 2445 et
732 2420 757 2445 in
774 2419 844 2451 aliis,
865 2419 906 2445 lex

133 2454 204 2480 enim
222 2453 344 2480 nuibram
359 2454 472 2480 habebat
485 2453 636 2480 futurorum
650 2454 794 2483 bonorum,
805 2454 908 2480 scilicet

136 2487 328 2520 szniritualium,
348 2496 408 2521 quae
429 2487 535 2522 quidctn
554 2493 664 2522 ostensa
689 2492 753 2514 sunt
778 2487 861 2522 Moysi
880 2487 906 2513 in

135 2523 241 2554 spiritu,
259 2520 373 2555 quorum
391 2520 584 2554 exemplarium
602 2520 733 2557 imagines
753 2520 830 2557 erant
852 2529 908 2548 om-

136 2557 178 2582 nia
201 2564 262 2590 quze
280 2557 307 2583 in
322 2557 379 2590 lege
395 2557 503 2589 ﬁebant,
524 2558 596 2582 sicut
618 2557 656 2583 ait
674 2557 742 2582 idem
762 2556 907 2590 Dionysius

136 2590 161 2616 ill
182 2596 301 2617 extretna
318 2590 413 2625 pagina
428 2598 487 2624 cap.
502 2593 518 2617 4
545 2590 643 2616 Ecclcs.
659 2590 730 2617 Hier.
747 2590 814 2622 Quia
828 2591 908 2624 igitur

136 2625 259 2652 (llrtnens
286 2626 394 2652 videbat
421 2626 455 2652 τὰ
480 2627 580 2658 νοητὰ,
615 2626 638 2651 id
667 2630 726 2656 est,
755 2625 907 2658 spiritualia

135 2663 243 2686 ostensa
262 2658 346 2694 Moysi
361 2659 450 2686 vocari
470 2659 496 2685 in
517 2658 655 2690 Scriptura
678 2659 762 2685 Exodi
779 2659 893 2693 παριδει

136 2701 239 2728 γματα,
256 2702 316 2727 quae
335 2698 398 2720 sunt
421 2694 453 2720 ad
479 2694 591 2727 aliqunl,
615 2695 678 2728 quia
698 2694 852 2720 referuntur
875 2694 908 2720 ad

136 2727 268 2761 imagines
284 2728 432 2762 (exemplar
447 2729 518 2754 enim
539 2727 637 2755 dicitur
651 2729 785 2762 imaginis,
799 2733 826 2754 et
838 2729 908 2754 ima-

136 2762 360 2795 goexemplaris),
371 2763 495 2789 similiter
505 2763 629 2790 Clemens
641 2770 700 2797 quae
713 2767 775 2789 sunt
789 2763 814 2788 itt
830 2763 909 2789 rebus

137 2797 349 2830 principialiora,
367 2797 531 2830 exemplaria
546 2797 598 2823 diri
621 2798 716 2829 voluit,
731 2805 790 2829 qum
812 2797 844 2823 ad
861 2797 908 2822 ali-

136 2832 199 2862 quid
233 2831 397 2861 referuntur,
424 2831 456 2857 ad
485 2832 529 2858 illa
555 2832 666 2863 scilicet,
694 2839 810 2866 quorum
847 2837 910 2857 sunt

958 2213 1039 2239 tionis
1058 2216 1244 2238 creaturarum
1260 2211 1441 2243 adduci—nos,
1462 2211 1551 2244 quoad
1579 2219 1735 2245 possumus,

957 2247 989 2273 ad
1018 2245 1234 2280 cognoscendum
1258 2252 1370 2272 causam
1395 2245 1530 2271 omnium.
1557 2245 1649 2279 Itaque
1674 2254 1736 2272 cunt

957 2282 1022 2307 dixit
1038 2279 1309 2315 :iltivisibiliaipsius
1327 2280 1367 2315 (ut
1384 2280 1434 2315 hoc
1450 2279 1537 2306 obiter
1552 2281 1735 2312 observetur),

958 2316 1064 2341 videtur
1094 2315 1174 2349 plane
1209 2314 1307 2341 Paulus
1343 2314 1511 2341 intellexisse
1545 2315 1589 2341 illa
1624 2315 1651 2341 in
1684 2316 1737 2342 Deo

957 2350 1121 2382 exemplaria
1145 2353 1256 2379 interna,
1271 2357 1332 2383 qu1:
1346 2349 1413 2375 ideae
1429 2354 1568 2380 vocantur,
1587 2350 1736 2376 scentulum

958 2393 1026 2418 quas
1041 2385 1132 2410 omnia
1156 2391 1203 2417 per
1230 2384 1374 2410 essentiam
1396 2391 1473 2409 suam
1510 2384 1738 2417 simplicissimam

959 2417 1108 2453 Cognoscit,
1125 2424 1151 2444 et
1168 2417 1230 2444 fecit
1251 2417 1344 2444 omnia
1362 2422 1489 2451 tanqttant
1509 2425 1556 2452 per
1573 2418 1735 2452 principium

958 2458 985 2480 ct
1011 2461 1120 2480 causam
1149 2454 1282 2484 omnium,
1309 2458 1335 2479 et
1366 2457 1407 2478 est
1432 2453 1542 2485 omnia,
1571 2457 1599 2479 ut
1616 2454 1738 2480 omnium

958 2495 1050 2514 causa.

995 2522 1033 2556 (5)
1059 2521 1156 2548 Vitam.
1173 2521 1259 2548 Vitam
1275 2521 1350 2555 dicit,
1364 2529 1425 2549 cum
1440 2521 1492 2547 vita
1508 2521 1631 2548 absolute
1645 2523 1737 2550 consi-

959 2555 1088 2588 deratur;
1110 2557 1146 2583 ita
1174 2561 1203 2582 ut
1229 2560 1285 2582 tota
1313 2555 1493 2583 consideratio
1523 2556 1559 2582 sit
1585 2557 1654 2589 vitae,
1686 2565 1738 2584 non

959 2595 1093 2626 quatenus
1119 2595 1160 2626 est
1173 2590 1305 2622 omnium,
1333 2590 1620 2626 au_l._particu|arium,
1639 2592 1662 2618 id
1682 2597 1734 2625 est,

960 2622 1013 2652 rion
1042 2625 1230 2660 consideratur
1252 2622 1436 2660 rgenteralilél‘.
1469 2630 1559 2660 neque
1591 2622 1739 2660 particula;

961 2661 1044 2691 riter;
1074 2660 1121 2686 sed
1141 2659 1301 2693 simpliciter
1328 2659 1392 2693 vita,
1419 2666 1480 2692 qua:
1507 2659 1606 2686 dicitur
1635 2669 1682 2694 per
1709 2669 1738 2688 so

961 2700 1025 2721 \Ilil.

995 2729 1033 2763 (ι)
1060 2727 1136 2755 Verbi
1153 2728 1251 2763 gratia.
1273 2727 1331 2762 ipsa
1356 2735 1405 2761 per
1422 2734 1450 2753 se
1468 2728 1620 2762 corporalis
1638 2729 1738 2757 albedo

961 2763 1107 2789 adveniens
1123 2763 1229 2796 corpori
1246 2763 1334 2797 album
1353 2763 1417 2788 facit
1431 2769 1542 2796 corpus,
1556 2768 1583 2789 et
1597 2770 1739 2797 postquam

961 2797 1059 2824 accidit
1085 2797 1200 2830 corpori,
1225 2797 1361 2832 disgrcgat
1377 2797 1476 2830 visum,
1494 2804 1555 2831 qua:
1573 2802 1612 2824 est
1629 2799 1740 2832 propria

961 2834 1021 2865 cjus
1036 2834 1168 2865 operatio.
