1954 3071
186 105 203 135 8
209 105 240 137 1‘9

767 109 927 139 JOANNIS
947 109 1038 138 CYPA
1046 110 1069 139 R
1076 110 1083 138 Ῑ
1090 109 1229 139 ΞΞΙΟΤιΕ

1750 110 1807 143 820

187 164 268 197 quale
284 168 325 191 est
341 163 428 198 ipsum
450 171 496 198 per
515 171 544 191 se
562 171 633 195 esse.
652 164 736 198 ipsam
753 162 799 198 per
816 172 845 192 sc
864 166 947 192 vitam
961 185 969 197 .
985 168 1007 197 Α
1024 166 1204 201 antiquiorem
1230 161 1291 193 aliis
1309 165 1408 193 divinis
1426 165 1504 193 donis
1520 163 1558 192 ait
1572 172 1632 193 esse
1648 167 1806 201 proprieta-

187 207 273 240 ipsam
287 208 456 241 sapientiam,
472 209 560 242 ipsum
575 210 708 241 ordinem.
728 213 754 237 et
770 211 890 244 reliqua;
908 218 968 245 qum

187 253 294 286 quidem
329 254 549 287 participationcs
578 254 666 281 divina
693 256 762 283 dona
790 260 873 287 sunt.
900 263 968 289 quas

187 297 317 331 principia
332 306 425 324 eorunt
441 306 501 333 quae
525 305 598 330 sunt,
623 301 739 328 vocavit.
757 301 795 328 Ex
815 301 858 328 his
885 301 969 336 igitur

186 346 302 372 constat,
316 343 541 375 quemadmodum
556 343 627 371 Deus
643 345 791 372 secundum
807 351 967 380 potestatem

185 387 243 414 sive
259 387 384 414 virtutem
400 395 489 419 suam.
510 396 570 423 qua:
592 396 674 422 supra
700 390 880 417 substantiam
905 395 966 421 est,

184 439 267 459 causa
283 437 324 459 est
339 432 460 460 eﬂ‘ectrix
475 439 500 460 et
517 435 632 461 creatrix
654 435 738 462 totius
761 444 832 467 esse,
855 441 881 462 et
904 444 968 471 par-

185 477 251 503 tium
272 477 342 511 ejus,
362 478 527 505 exsistentia:
539 499 547 511 ,
565 486 687 513 personae
699 499 706 511 ,
723 480 881 507 substantiae
893 500 900 512 ,
920 489 969 507 na-

186 527 265 555 turae,
280 527 326 550 aut
341 524 441 557 stceuli,
458 529 484 552 et
498 525 638 558 temporis.
655 525 731 558 Quod
750 526 772 552 si
798 526 866 553 Deus
883 527 968 553 totius

185 575 246 594 esse
265 567 376 595 etiector
390 574 448 601 est;
466 570 536 596 ltattd
552 569 675 600 dubium,
692 570 756 602 qttin
775 570 892 604 partium
909 570 968 605 ejus

186 612 297 639 cﬂ'ector
313 613 358 644 sit,
382 618 410 640 ct
435 618 520 640 totum
545 614 654 648 penitus
668 614 783 646 emaciet,
801 619 884 641 totttm
905 623 969 642 vero

185 665 247 685 esse
266 664 319 691 est,
336 659 407 692 quod
426 660 517 686 statim
536 660 624 695 prima
650 661 760 688 notione
785 668 862 688 mens
884 660 970 688 infor-

187 708 262 736 mat;
283 705 431 732 secundum
447 713 527 740 quam
544 707 658 740 primam
674 706 810 733 notionem
826 714 925 741 genera
941 707 967 733 in

186 750 419 784 disputationibus
431 751 645 785 contemplamur
656 762 662 784 ;
675 757 767 786 postea
781 759 872 786 partes
884 753 969 780 totius

185 795 282 821 ordine
294 795 479 829 expromimus
492 815 499 828 ,
515 800 542 823 et
556 797 627 823 sicut
641 797 726 832 logice
741 804 755 823 a
771 797 916 831 generibus
934 797 967 824 ad

186 840 302 874 species,
319 840 358 868 sic
370 845 412 868 est
428 849 475 876 per
487 849 516 869 se
531 849 602 874 esse,
618 842 643 869 id
657 846 700 869 est
712 861 719 873 .
737 846 821 869 totum
842 849 920 875 esse;
939 847 967 870 et
984 829 1006 858 Β

186 885 219 910 ad
236 885 311 918 quod
326 885 528 920 intelligendum
547 894 623 914 mens
637 887 756 921 primum
773 888 827 914 vim
843 887 966 920 intendit,

177 929 325 962 antiquius
342 935 383 957 est
402 931 463 958 aliis
484 938 544 965 qua:
567 937 658 965 postea
677 939 754 959 mens
774 932 965 966 cotemplatur.

185 972 244 1000 Non
265 975 336 1001 enim
354 982 498 1009 posstttntts
518 978 600 1003 vitam
625 977 775 1003 secundum
792 984 821 1004 se
845 981 968 1003 contem-

186 1018 267 1052 plari,
282 1024 329 1046 aut
347 1020 520 1053 sapientiam,
539 1026 585 1047 aut
599 1021 802 1048 similitudinem
815 1041 822 1053 ,
841 1022 891 1048 nisi
910 1023 967 1057 pri-

187 1072 263 1091 mum
283 1073 343 1092 esse
367 1073 511 1100 ponamus,
538 1070 580 1094 est
604 1067 755 1094 enim—vita
779 1066 916 1101 primum;
941 1073 969 1094 et

187 1113 252 1148 tunc
269 1111 418 1138 secundum
434 1119 463 1138 se
482 1113 704 1146 contemplantes.
730 1113 768 1144 ὡς
792 1114 824 1140 τὸ
840 1114 867 1140 τί
887 1115 946 1141 ἐστι
960 1135 967 1146 ,

188 1162 316 1182 vocamus
331 1163 379 1189 per
397 1163 425 1183 se
438 1157 519 1183 vitam
533 1157 573 1189 ;si
591 1157 671 1192 igitur
686 1158 780 1185 subter
794 1166 863 1191 esse,
876 1167 924 1193 per
939 1167 969 1186 se

186 1199 254 1232 vita,
271 1205 295 1226 et
324 1207 371 1234 per
396 1207 426 1227 se
450 1201 595 1234 sapientia,
609 1206 636 1229 et
656 1210 703 1237 per
720 1209 749 1229 se
766 1203 927 1236 similitudo,
943 1208 970 1230 et

187 1246 239 1272 alia
255 1246 434 1277 collocantur,
448 1247 530 1274 totius
546 1252 635 1274 autem
649 1255 709 1276 esse
725 1253 821 1276 auctor
835 1253 877 1276 est
887 1249 968 1280 Deus,

187 1291 325 1325 qttomodo
336 1299 389 1319 non
408 1292 459 1318 erit
474 1297 569 1320 auctor
582 1293 678 1320 horum
694 1301 754 1327 quae
768 1301 814 1327 per
829 1302 858 1321 se
876 1294 970 1321 dicun-

186 1342 242 1369 tttr,
261 1337 318 1364 sive
340 1345 371 1364 ea
397 1341 531 1365 vocentur
551 1342 679 1373 tanquam
705 1340 862 1367 exsislentia
878 1360 885 1369 .
912 1340 971 1368 sive

188 1388 314 1417 tanquam
332 1389 431 1414 motus,
450 1384 579 1411 formatio
599 1384 661 1411 vitae
673 1405 680 1416 ,
697 1384 822 1412 formatio
840 1386 970 1412 substan-

189 1429 243 1460 tize,
260 1429 446 1457 similitudinis
464 1430 591 1462 imitatio,
617 1434 643 1456 et
657 1430 730 1456 alia?
753 1430 873 1457 Primum
898 1431 969 1457 cnim

187 1473 252 1500 fet-it
268 1473 338 1501 Deus
351 1482 413 1502 esse
426 1482 471 1501 res
486 1475 568 1508 ipsas,
582 1479 675 1508 postea
690 1482 749 1501 esse
761 1476 913 1509 generalem
930 1483 973 1502 ea.

188 1527 248 1546 rttm
267 1519 405 1546 notionem
421 1540 428 1551 ,
445 1520 526 1553 quale
541 1523 582 1546 est
595 1520 776 1554 contemplari
804 1521 886 1546 vitam
899 1540 906 1551 ,
932 1519 975 1547 vel

187 1565 371 1592 substantiam
387 1565 414 1591 in
432 1565 505 1591 omni
523 1572 632 1599 genere,
645 1570 672 1591 et
684 1565 812 1591 omnibus
826 1565 925 1592 modis.
940 1565 977 1591 Ex

186 1611 231 1638 his
254 1611 390 1638 sententia
419 1610 538 1645 Dionysii
565 1610 652 1637 notior
670 1611 783 1642 exstitit,
811 1611 883 1644 quod
906 1611 979 1638 sicut

188 1656 260 1683 Deus
274 1660 370 1683 auctor
386 1660 427 1682 est
442 1662 536 1682 eorum
558 1662 618 1689 quae
636 1655 782 1689 singularia
800 1660 881 1686 sunt,
898 1655 938 1682 sic
952 1660 980 1683 et

189 1709 283 1728 eorum
307 1708 366 1735 qua!
389 1700 478 1735 prima
496 1705 585 1733 sunt,
605 1708 638 1727 ex
656 1701 754 1734 quibus
777 1701 975 1728 dubitationem

188 1746 338 1773 Clementis
354 1746 507 1780 philosophi
523 1746 556 1772 de
573 1745 605 1772 iis
621 1753 681 1779 quc
707 1746 792 1779 magis
815 1746 975 1780 principalia

189 1791 218 1817 in
234 1790 317 1818 rebtts
332 1790 480 1822 exsistunt,
494 1790 519 1817 id
539 1794 600 1822 est,
616 1790 650 1816 de
667 1791 771 1817 naturis
793 1798 899 1823 earum,
912 1791 979 1818 dua-

188 1836 240 1863 l-us
262 1835 471 1863 auctoritatibus
485 1835 635 1869 Scriptura:
651 1835 731 1862 solvit
748 1844 755 1867 ς
770 1843 822 1862 una
848 1840 888 1863 est
900 1843 907 1861 :
919 1837 978 1863 Non

189 1881 297 1909 ostendi
318 1882 375 1908 haec
391 1881 449 1914 tibi,
467 1886 496 1908 ut
509 1889 556 1909 eas
576 1885 635 1915 post
653 1888 702 1914 ea;
721 1881 804 1908 altera
819 1886 861 1908 est
880 1889 886 1907 :
905 1881 976 1909 Invi-

189 1927 279 1954 sibilia
301 1927 346 1954 Dei
360 1935 405 1961 per
426 1936 457 1954 ea
481 1935 539 1962 quia
556 1927 626 1962 facta
641 1932 712 1960 sunt,
724 1927 977 1962 intellectarcanspi-

190 1969 296 2000 riuum?
313 1973 346 2005 ⁸³,
363 1981 396 2001 ex
421 1973 608 2008 magnitudine
632 1973 704 2000 enim
722 1977 752 2000 et
772 1973 976 2007 pulchritudine

190 2024 378 2047 creaturarum
392 2019 566 2053 proportione
580 2018 693 2046 effector
711 2019 911 2056 consideratur,
924 2019 976 2046 hoc

149 2080 153 2083 ι
189 2066 262 2091 enim
282 2064 416 2099 signiﬁcat
435 2064 507 2099 qttod
534 2064 620 2096 dixit,
639 2068 669 2091 ut
700 2071 747 2098 per
775 2064 977 2098 proportionem

191 2110 356 2144 cognitionis
369 2110 465 2136 horttm
485 2110 518 2136 ad
537 2109 757 2144 cognoscendum
772 2110 894 2136 omnium
912 2116 978 2135 cau-

191 2150 249 2182 safn
269 2154 453 2187 adducamur._
470 2153 515 2181 Sic
532 2162 620 2181 autent
637 2154 753 2181 solvisse
768 2153 977 2186 dubitationem,

190 2200 329 2235 quomodo
351 2207 405 2227 non
420 2200 594 2234 apertissime
610 2198 740 2233 patefacit
757 2204 847 2226 creata
867 2207 928 2226 esse
945 2207 976 2226 ea

190 2253 251 2280 quae
266 2244 305 2271 sic
321 2249 386 2272 sunt
405 2245 431 2271 in
450 2245 530 2271 rcbtts
546 2246 631 2278 magis
649 2244 818 2278 principalia,
834 2252 895 2278 quite
910 2251 977 2270 con-

191 2290 262 2317 cedit
274 2290 326 2316 dici
338 2289 501 2323 exemplaria
516 2288 549 2316 ad
568 2289 670 2323 aliquid
684 2309 691 2321 ,
708 2294 737 2315 ttt
753 2296 800 2322 per
813 2296 845 2316 ea
864 2297 977 2323 propor-

192 2337 265 2363 tione
281 2335 397 2369 quadam
412 2354 420 2367 ,
444 2339 574 2368 tanquam
595 2342 643 2368 per
660 2335 770 2368 specula
788 2340 816 2361 et
831 2336 975 2370 aenigmata

192 2387 389 2414 cognoscamus
407 2379 518 2406 divina?
534 2379 572 2406 Ex
596 2379 630 2406 iis
652 2379 734 2406 etiam
751 2387 811 2413 quae
830 2384 908 2406 antea
929 2379 976 2406 de-

196 2429 347 2452 monstrata
373 2428 458 2456 sunt,
487 2429 599 2459 apparet
626 2425 696 2458 qttod
723 2425 755 2452 ad
783 2425 976 2459 proprietatem

192 2471 312 2506 pertinet
330 2477 337 2495 :
359 2470 385 2496 in
402 2470 454 2497 illis
470 2471 552 2503 cnim,
569 2471 672 2498 scilicet
686 2471 757 2497 bono
770 2475 797 2497 et
813 2471 938 2504 pulchro,
952 2471 978 2497 in

192 2524 224 2543 ea
238 2522 298 2550 quae
317 2520 392 2546 sunt,
413 2521 439 2542 et
454 2524 513 2550 quae
527 2523 581 2542 non
599 2521 673 2549 sunt,
689 2516 809 2542 tenditur
825 2516 979 2550 proprietas

193 2559 314 2588 nominis
331 2560 392 2587 boni
409 2565 436 2588 et
450 2561 555 2596 pulchri
570 2569 577 2592 ;
601 2562 628 2588 in
654 2561 698 2588 Itis
711 2564 815 2591 autem,
836 2561 863 2587 itt
879 2568 910 2587 ea
933 2568 979 2588 so—

193 2606 250 2633 lum
267 2613 327 2640 qua:
344 2610 426 2635 sunt.
444 2614 540 2634 nomen
557 2607 676 2634 divinum
701 2606 748 2633 τοῦ
770 2607 855 2638 ὄντος,
875 2606 900 2632 id
915 2610 955 2633 est
967 2626 974 2632 .

193 2651 278 2681 entis.
294 2651 452 2685 porrigitur.
471 2651 504 2679 Et
522 2653 578 2680 haec
592 2657 635 2680 est
655 2652 803 2687 proprietas
820 2653 890 2686 ejus.
908 2651 975 2679 Nota

195 2700 285 2723 tamen
303 2697 384 2724 etiam
402 2697 469 2731 hoc,
486 2705 548 2725 esse
563 2699 676 2732 primatu
693 2697 926 2732 participationem
949 2701 976 2723 rt

239 2786 262 2808 ⁸³
276 2786 355 2814 nom.
376 2794 395 2819 t,
411 2786 456 2813 20.

1019 216 1072 237 tem
1090 211 1137 237 τοῦ
1151 211 1236 243 ὄντος,
1255 211 1280 238 id
1293 217 1344 242 est,
1361 211 1432 238 cutis
1451 219 1457 237 :
1476 211 1610 245 siquidem
1624 211 1732 238 bonitas
1750 220 1805 238 non

1019 256 1101 283 habet
1124 257 1240 283 similem
1267 256 1398 283 rationem
1416 257 1442 282 in
1463 256 1559 283 ordine
1576 257 1721 289 donorum,
1737 263 1808 290 quo-

1018 302 1090 328 niam
1114 302 1263 335 porrigitur
1280 306 1306 328 et
1323 302 1442 328 tenditur
1465 309 1546 334 supra
1576 299 1692 335 ea‘quaz
1715 307 1806 329 sunt:

1018 350 1145 380 praeterea
1160 350 1246 378 potest
1262 353 1322 372 esse
1336 342 1487 380 propriétas
1502 345 1560 379 ejus
1573 344 1644 379 quod
1657 349 1698 372 est
1712 353 1760 380 per
1776 352 1808 372 se

1018 398 1088 421 esse,
1109 391 1171 425 quia
1190 391 1241 417 hoc
1257 395 1320 417 ante
1340 391 1391 418 alia
1416 399 1477 425 quae
1498 394 1563 418 sunt
1586 391 1714 425 produxit
1733 391 1808 417 Deus

1019 435 1112 468 prius:
1137 434 1233 461 deinde
1250 435 1302 461 hoc
1325 442 1374 469 per
1396 442 1425 461 se
1446 442 1506 462 esse
1521 455 1528 467 ,
1555 440 1683 469 tanquam
1706 439 1808 462 natura

1018 479 1135 512 quadam
1164 484 1255 510 utens,
1279 479 1709 514 universum,quomodocunqne
1750 485 1805 511 est,

1018 523 1165 557 produxit;
1182 524 1286 556 adhaac,
1309 524 1361 550 alia
1388 531 1479 551 rerum
1504 525 1638 559 principia
1664 531 1808 559 nunquam

1019 573 1132 601 possunt
1146 576 1217 600 esse,
1231 568 1296 603 quin
1311 569 1345 595 sit
1360 569 1449 603 ipsum
1471 576 1518 603 per
1541 576 1570 595 se
1595 576 1655 596 esse
1669 577 1675 595 :
1689 569 1742 596 hoc
1757 577 1810 596 au-

1020 618 1073 639 tem
1089 613 1149 639 sine
1163 613 1216 639 illis
1233 616 1292 644 est,
1306 612 1403 639 deinde
1418 612 1625 648 participatione
1647 613 1728 647 hujus
1748 612 1811 639 alia:

1019 658 1148 684 dicuntur
1169 657 1401 692 participationes,
1418 662 1445 684 et
1461 664 1509 692 per
1527 665 1556 684 se
1572 658 1808 692 participationes,

1019 706 1046 729 et
1061 702 1188 729 dicuntur
1208 709 1269 729 esse
1284 706 1312 729 et
1336 710 1457 730 manere.
1481 702 1538 729 Hoc
1560 707 1651 730 autem
1678 703 1808 734 sublato,

1020 747 1093 774 nulla
1116 747 1168 775 erit
1185 748 1374 782 participatio;
1399 753 1455 774 tum
1486 748 1566 775 etiam
1592 749 1679 782 ipsum
1706 756 1755 782 per
1779 755 1810 774 se

1020 799 1092 824 esse,
1115 799 1177 826 quas
1200 795 1241 819 est
1265 792 1437 826 participatio
1453 792 1552 830 prima,
1570 800 1583 818 a
1602 792 1675 818 nullo
1693 796 1756 818 ante
1777 799 1810 818 se

1020 837 1204 874 participa‘tur,
1220 837 1311 864 omnia
1328 841 1417 863 autem
1434 841 1494 871 post
1509 844 1570 864 eum
1585 841 1610 863 et
1629 837 1808 872 participant,

1018 885 1044 908 et
1062 882 1126 909 iiunt
1143 882 1204 909 aliis
1219 881 1300 915 infra,
1319 882 1552 916 participationes.
1578 881 1684 908 Habent
1710 888 1808 909 autem

1019 928 1075 955 haec
1093 935 1145 954 non
1166 934 1275 962 parvam
1291 927 1487 961 quaestionem,
1506 927 1643 961 qttomodo
1661 927 1809 961 Dionysius

1019 980 1080 999 cttm
1095 972 1313 1008 pramunitione.
1333 971 1361 999 Si
1386 972 1438 1004 vis,
1454 972 1554 1006 inqttit,
1580 972 1728 999 viventium
1747 978 1807 999 tan-

1019 1026 1098 1051 quam
1115 1018 1264 1045 viventium
1284 1017 1449 1053 principium
1470 1017 1560 1044 dicerc
1577 1024 1624 1051 per
1646 1025 1674 1044 se
1696 1018 1803 1048 vitam,

1020 1069 1153 1096 quatenus
1172 1063 1277 1091 scilicet
1293 1061 1468 1089 manifestum
1489 1065 1530 1089 est
1543 1081 1551 1093 ,
1577 1063 1632 1089 haec
1655 1062 1781 1089 absoluta
1797 1082 1805 1094 ,

1021 1116 1072 1135 non
1086 1108 1194 1143 proprie
1208 1108 1332 1135 absoluta
1350 1115 1422 1139 esse,
1440 1108 1515 1135 soltts
1529 1108 1600 1134 enim
1617 1109 1687 1134 Deus
1706 1108 1808 1134 horum

1019 1157 1114 1180 auctor
1131 1153 1254 1180 absoluta
1274 1160 1357 1180 causa
1373 1152 1492 1180 dicitur:
1508 1159 1570 1187 qua:
1587 1157 1678 1179 autem
1698 1153 1732 1179 ab
1746 1153 1809 1188 ipso

1019 1198 1112 1225 cliecta
1120 1202 1195 1231 sunt,
1207 1198 1339 1226 voluntati
1349 1199 1523 1233 permittitur,
1541 1204 1569 1226 ut
1578 1199 1617 1226 sic
1626 1206 1656 1226 ea
1673 1199 1809 1230 nominet,

1021 1251 1112 1270 verum
1128 1251 1189 1271 cum
1199 1244 1382 1278 adjunctione,
1394 1244 1540 1271 viventium
1551 1249 1686 1279 quatenus
1699 1245 1811 1277 vivuntI

1020 1288 1183 1322 principium
1198 1295 1259 1315 esse
1273 1295 1320 1322 per
1338 1295 1367 1315 se
1379 1288 1475 1319 vitam,
1487 1295 1541 1315 non
1554 1292 1643 1315 autem
1667 1291 1811 1322 quatenus

1020 1332 1179 1359 substantia:
1195 1337 1270 1363 sunt.
1290 1337 1337 1359 aut
1358 1333 1499 1368 sapientiae
1512 1353 1519 1364 ,
1537 1339 1584 1359 aut
1600 1333 1732 1364 rationes,
1751 1333 1811 1360 haec

1020 1377 1091 1404 enim
1105 1378 1198 1404 subter
1214 1377 1288 1404 aliud
1302 1382 1329 1405 et
1346 1377 1417 1404 aliud
1448 1378 1609 1412 principium
1626 1377 1809 1410 collocantur,

1020 1422 1090 1456 quod
1106 1422 1214 1456 quidem
1234 1423 1260 1449 in
1276 1422 1330 1450 Deo
1344 1422 1442 1449 elTerre
1455 1431 1509 1450 non
1522 1427 1564 1450 est
1579 1428 1807 1454 consentaneum.

1025 1474 1077 1492 una
1091 1466 1224 1500 siquidem
1237 1473 1318 1493 causa
1331 1471 1358 1493 et
1379 1474 1433 1494 uno
1448 1467 1581 1502 principio
1595 1468 1688 1495 omnia
1707 1468 1808 1502 produ-

1027 1512 1072 1544 cit,
1094 1516 1123 1538 ut
1141 1512 1382 1539 demonstrabilur.

1328 1555 1439 1582 CAPUT
1461 1556 1493 1583 ν.

1024 1589 1159 1621 Quomodo
1187 1589 1254 1616 Deus
1270 1590 1368 1616 dicitur
1384 1599 1429 1624 per
1455 1599 1481 1617 se
1505 1599 1571 1620 esse.
1587 1596 1609 1616 et
1625 1598 1670 1624 per
1692 1598 1719 1617 se
1739 1591 1807 1624 viln,

1057 1629 1081 1650 et
1094 1632 1138 1657 per
1153 1632 1180 1650 se
1195 1625 1338 1658 sapientia,
1361 1629 1386 1651 et
1402 1626 1530 1659 quomodo
1554 1633 1645 1652 rursus
1665 1625 1733 1652 idem
1758 1626 1808 1652 Ito-

1060 1666 1119 1684 rum
1133 1658 1239 1692 e/fector
1254 1659 1362 1685 dicitur.

1058 1700 1172 1733 Magnus
1190 1701 1335 1736 Dionysius
1353 1709 1413 1736 cap.
1427 1702 1454 1735 9,
1473 1702 1510 1729 De
1527 1703 1622 1730 divinis
1637 1703 1808 1730 nominibus:

1025 1745 1078 1772 Sed
1094 1745 1170 1780 quia,
1193 1746 1292 1780 inquit,
1310 1746 1377 1774 alias
1397 1754 1440 1774 me
1455 1754 1503 1781 per
1520 1748 1661 1782 epistolam
1687 1749 1806 1775 interro-

1024 1791 1102 1826 gasti.
1119 1791 1185 1825 quid
1199 1791 1330 1826 appellem
1344 1799 1392 1826 per
1408 1799 1438 1819 se
1454 1800 1524 1824 esse,
1541 1800 1588 1827 per
1602 1799 1631 1819 se
1647 1794 1740 1826 vitam,
1758 1800 1808 1827 per

1025 1844 1054 1863 se
1081 1836 1253 1870 sapientiam,
1269 1843 1297 1864 et
1321 1842 1408 1864 tecum
1436 1837 1477 1865 ais
1496 1838 1643 1871 dubitasse,
1669 1839 1808 1873 quomodo

1025 1882 1110 1909 Deum
1131 1882 1276 1917 aliquando
1295 1882 1404 1917 quidem
1432 1889 1500 1916 voco
1524 1891 1572 1918 per
1597 1891 1626 1911 se
1640 1884 1736 1917 vitam,
1756 1885 1808 1912 ali-

1025 1928 1134 1963 quando
1148 1936 1211 1955 vero
1226 1928 1380 1956 eﬂectorem
1409 1936 1456 1963 per
1473 1936 1502 1956 se
1517 1930 1594 1961 vitae;
1621 1931 1806 1957 necessarium

1025 1980 1085 2000 esse
1101 1973 1248 2000 arbitratus
1264 1980 1335 2004 sum,
1354 1973 1436 2000 homo
1451 1972 1496 2000 Dei
1512 1978 1617 2005 sancte,
1636 1974 1669 2001 ab
1685 1974 1736 2001 hac
1759 1977 1810 2002 du-

1025 2019 1158 2046 bitatione
1184 2019 1272 2053 quoad
1297 2018 1400 2053 possim
1428 2024 1454 2045 te
1481 2018 1607 2046 liberare.
1626 2019 1665 2046 Ac
1687 2019 1807 2053 primum

1024 2063 1146 2097 quidem.
1172 2067 1203 2090 ut
1232 2071 1305 2090 nunc
1331 2068 1485 2097 repetamtts
1511 2071 1572 2098 qua
1606 2063 1705 2091 millies
1735 2064 1809 2091 dicta

1025 2113 1099 2140 sunt,
1113 2115 1165 2134 11011
1181 2111 1301 2142 pugnant
1315 2115 1406 2134 secum
1424 2107 1507 2134 Deum
1523 2115 1571 2141 per
1589 2115 1618 2135 se
1633 2112 1809 2142 potestatem,

994 2152 1017 2181 Ι)
1031 2159 1058 2180 et
1078 2161 1124 2188 per
1139 2161 1168 2180 se
1187 2154 1288 2186 vitam;
1306 2158 1332 2180 et
1346 2154 1435 2180 dicere
1450 2153 1533 2180 Deum
1548 2157 1700 2180 creatorem
1716 2160 1764 2187 per
1778 2160 1810 2180 se

1026 2200 1098 2230 vita‘,
1118 2199 1156 2225 vel
1181 2206 1228 2232 per
1248 2206 1277 2225 se
1295 2199 1378 2232 pacis,
1393 2198 1435 2224 vel
1452 2206 1497 2232 per
1520 2206 1549 2225 se
1578 2199 1731 2233 potestatis,
1752 2200 1811 2225 haec

1026 2245 1097 2271 enim
1113 2244 1211 2270 dicitur
1237 2243 1308 2270 Deus
1323 2251 1353 2270 ex
1371 2244 1403 2270 iis
1419 2251 1479 2278 qua:
1495 2248 1569 2275 sttnt,
1585 2250 1612 2270 et
1637 2245 1755 2271 maxime
1775 2251 1810 2270 ex

1027 2290 1060 2316 iis
1077 2296 1136 2324 quae
1154 2288 1240 2323 prima
1256 2293 1331 2319 sunt,
1348 2292 1476 2322 tanquam
1495 2296 1577 2315 causa
1602 2290 1724 2316 omnium
1747 2296 1809 2322 qua:

1027 2341 1108 2366 sunt;
1124 2335 1167 2361 illa
1188 2339 1277 2362 autem
1296 2335 1405 2367 dicitur,
1423 2338 1550 2368 tanquam
1574 2342 1634 2369 quae
1656 2335 1691 2362 sit
1709 2342 1808 2369 supra-

1027 2380 1244 2408 substantialiter
1257 2387 1336 2414 supra
1352 2382 1443 2406 omnla
1460 2387 1520 2413 qua:
1535 2384 1609 2411 sunt,
1625 2383 1652 2406 et
1677 2387 1736 2414 qua:
1753 2379 1811 2412 pri-

1029 2433 1074 2452 mo
1091 2431 1164 2452 sum.
1183 2425 1287 2457 Quaeris
1307 2429 1396 2452 autem
1413 2424 1484 2458 quod
1501 2431 1611 2458 prorsus
1625 2425 1743 2452 dicimus
1762 2432 1811 2459 per

1029 2477 1060 2497 se
1077 2477 1148 2499 esse,
1174 2473 1221 2496 aut
1247 2476 1294 2502 per
1313 2475 1342 2495 sc
1362 2468 1456 2500 vitam,
1487 2472 1534 2507 aut
1548 2475 1717 2502 qutecunque
1731 2469 1812 2495 abso-

1029 2515 1084 2542 lute
1113 2520 1140 2542 et
1160 2514 1345 2548 principaliter
1366 2521 1437 2545 esse,
1459 2518 1485 2540 et
1514 2521 1546 2540 ex
1578 2514 1631 2540 Deo
1660 2521 1693 2540 ac
1721 2514 1811 2547 primo

1030 2565 1122 2587 creata
1145 2567 1205 2586 esse
1221 2560 1357 2593 ponimus.
1375 2559 1593 2593 Respondemus,
1609 2566 1662 2585 non
1683 2566 1744 2586 esse
1760 2559 1813 2586 hoc

1030 2608 1194 2635 contortum,
1213 2603 1259 2631 sed
1280 2608 1394 2635 rectum,
1411 2608 1439 2630 et
1461 2603 1610 2638 simplicem
1637 2603 1739 2630 habens
1761 2610 1811 2630 ex-

1029 2651 1224 2685 planationem,
1255 2657 1306 2676 non
1324 2650 1397 2676 cnitn
1415 2657 1463 2684 per
1486 2657 1516 2676 se
1539 2657 1599 2676 esse
1624 2649 1810 2676 substantiam

1029 2695 1174 2731 quamdam
1201 2696 1321 2723 divinam
1340 2699 1388 2723 aut
1415 2696 1563 2730 angelicam
1589 2702 1648 2722 esse
1679 2695 1810 2730 dicimus,
