1954 3071
121 155 181 187 set
223 135 226 138 ’

463 155 580 184 DECAS
594 155 625 184 V.
640 167 673 171 —
692 154 740 183 DE
761 150 1091 183 FRDPRIETATiBUS
1108 151 1226 182 DlViN.
1247 151 1380 197 NOMii‘i.

1698 150 1752 181 8°22

124 221 196 247 quae
219 213 255 240 sit
282 219 364 239 causa
390 216 420 238 ut
446 213 501 238 sint
525 211 616 238 omnia
641 218 701 245 qua:
725 214 787 237 sunt
816 209 914 242 (solum
931 209 952 237 Α
969 212 995 234 et
1010 214 1112 235 naturae
1127 209 1192 241 sint,
1210 209 1362 236 antecellat.
1379 208 1443 241 Quze
1458 208 1564 242 quidem
1583 216 1643 235 cum
1663 210 1750 234 adnu—

121 259 205 286 enim
222 258 268 292 qui
285 262 326 284 est
343 265 508 291 supraquam
525 257 690 287 substantia,
711 255 875 290 principium
889 259 916 280 et

122 304 254 330 essentia
270 307 298 330 et
316 311 398 330 causa
415 307 458 330 est
476 308 504 329 ut
527 302 581 329 siut
607 303 699 329 omnia
725 309 783 335 quae
802 305 875 331 sunt,
890 304 916 326 et

125 350 223 383 ipsum
241 347 312 383 esse)
334 355 385 375 nec
401 348 479 375 aliam
497 348 679 379 divinitatem,
696 353 756 380 quae
773 345 855 372 vitam
870 352 917 379 pa-

128 394 197 425 riat,
222 398 400 427 pranerquam
429 393 510 418 vitam
536 392 574 426 (t)
605 398 772 425 supraquam
797 390 916 417 divinam

127 439 257 466 omnium
284 445 452 472 quaecunque
481 437 574 463 vivunt
592 442 619 463 et
644 436 730 470 ipsius
749 443 794 470 per
811 443 840 462 se
854 435 917 462 vitae

127 492 245 511 causam
263 482 404 517 ponimus;
425 489 484 515 nec,
501 487 529 508 ut
556 482 709 509 summatim
735 481 835 512 dicam,
851 480 917 508 alias

128 535 234 555 causas
259 527 431 561 principiales
449 533 550 558 rerum,
571 530 598 552 ct
614 531 749 558 creantes,
774 530 801 552 et
826 531 873 559 per
888 532 918 552 se

130 572 311 604 exsistentes,
327 578 395 605 quas
409 570 519 605 quidam
540 575 565 597 et
583 571 647 597 deos
665 578 767 601 rerum,
795 574 823 597 et
850 569 917 596 eﬂ‘e-

130 624 228 645 ctures
244 622 344 644 temere
362 617 538 644 eﬂ'utiverunt
555 616 593 651 (a)
608 625 615 643 :
641 623 711 651 quos
727 623 791 643 vere
814 620 840 642 ct
856 623 918 650 pro-

131 664 194 698 prie
210 663 300 690 dicere
327 662 438 697 (quippe
452 669 514 689 cum
531 670 583 689 non
599 663 700 695 essent)
718 669 768 688 nec
784 661 845 695 ipsi,
868 669 918 689 nec

130 716 232 735 eorum
261 711 351 741 patres
367 714 399 734 ac
417 705 535 740 majores
559 706 698 733 sciverunt
716 715 722 733 :
739 706 802 740 quin
828 706 918 740 potius

132 762 184 788 per
199 761 229 780 se
243 761 313 786 esse,
330 759 356 780 et
373 761 420 788 per
436 760 465 780 se
478 753 571 784 vitam,
588 758 614 780 et
630 760 678 787 per
695 759 724 779 se
749 751 916 778 divinitatem

134 798 334 832 principialiter
349 797 459 832 quidem
478 802 504 824 et
517 797 616 829 divine,
630 801 657 824 et
672 796 819 824 eilicienter
834 804 917 824 unum

133 845 260 871 omnium
280 845 442 879 principium
458 849 484 871 et
507 851 616 872 causam
631 851 796 879 supraquatn
815 844 918 879 princi-

135 890 226 922 pium,
238 894 264 916 et
278 897 442 924 supraquam
466 889 645 916 substantiam
660 896 721 916 esse
741 889 869 916 dicimus.
885 888 920 916 Ut

137 939 230 961 autem
247 935 274 962 in
298 935 378 962 donis
404 935 461 962 suis
477 935 658 970 participatur
675 934 758 966 Deus,
775 934 921 969 providen-

137 980 191 1006 tias
206 987 221 1007 a
242 979 307 1013 Deo,
322 980 367 1014 qui
385 979 412 1006 in
436 987 466 1007 se
482 986 535 1007 non
557 979 746 1013 participatur,
764 983 920 1011 manantes,

137 1025 256 1052 dicimus
277 1032 323 1059 per
344 1032 373 1052 se
387 1025 547 1052 substantiaa
567 1024 750 1056 affectionem,
767 1031 815 1058 per
833 1031 862 1051 se
880 1024 920 1050 vi-

138 1071 334 1101 vilicationem.
350 1078 398 1104 per
410 1077 440 1097 se
456 1070 674 1102 deiﬁcationem;
696 1076 813 1103 quorum
833 1069 920 1103 parti-

139 1115 302 1149 cipationem
321 1122 389 1149 quae,
407 1120 438 1141 ut
451 1115 551 1146 cuique
567 1116 706 1146 convenit,
728 1114 842 1146 habent,
858 1114 924 1141 sub-

139 1161 269 1188 stantiam
284 1160 410 1188 habentia
431 1166 457 1187 et
471 1160 588 1187 viventia
606 1163 633 1186 et
647 1159 738 1186 divina
759 1163 822 1186 sunt
839 1162 866 1186 et
880 1159 923 1185 di-

140 1211 255 1238 cttntttr,
270 1211 297 1232 et
314 1205 439 1232 similiter
456 1205 482 1232 in
496 1205 567 1238 aliis,
579 1205 757 1239 quamobrem
774 1204 863 1232 bonus
878 1205 923 1232 ille

141 1258 168 1279 et
190 1253 323 1286 ipsorum,
342 1259 402 1286 qua:
425 1250 511 1285 prima
526 1254 600 1282 sunt,
617 1253 712 1276 auctor
734 1256 795 1276 esse
812 1249 923 1283 dicitur,

141 1298 241 1325 deinde
255 1304 349 1324 eorum
364 1304 424 1331 qua:
439 1295 587 1330 generatim
603 1300 630 1322 et
657 1295 785 1322 universe
802 1295 846 1321 illa
864 1302 925 1329 par-

144 1343 269 1376 ticipant.
284 1345 376 1376 postea
388 1348 483 1368 eortttn
498 1348 558 1374 quae
573 1340 599 1367 in
614 1345 700 1375 parte.
714 1339 766 1366 Sed
781 1339 846 1374 quid
860 1339 925 1366 atti-

144 1393 192 1415 nct
206 1387 239 1415 de
264 1387 307 1414 bis
320 1386 432 1414 dicere?
457 1385 596 1420 Siquidem
621 1385 746 1413 nonnulli
771 1392 803 1412 ex
827 1385 926 1412 nostris

144 1433 244 1460 divinis
260 1432 398 1467 magistris
419 1431 513 1459 dicunt
533 1431 608 1458 illum
633 1437 797 1465 supraquam
813 1430 925 1462 bonum,

145 1483 171 1504 et
187 1484 351 1512 supraquam
368 1476 452 1504 Dettm
473 1481 613 1504 auctorem
629 1482 690 1503 esse
712 1483 761 1509 per
776 1483 804 1502 se
823 1475 928 1502 bonita-

968 258 1005 280 tat
1021 259 1132 281 sancttts
1152 254 1283 281 Maximus
1304 263 1310 280 :
1332 254 1361 281 In
1387 254 1440 287 his,
1461 254 1559 288 inquit,
1578 255 1650 280 clare
1671 254 1756 280 solvit

970 300 1135 333 propositam
1155 300 1332 334 quaestionem
1357 309 1363 327 :
1388 299 1623 333 Quemadmodum
1643 304 1752 332 oportet

969 345 1069 376 dicere,
1081 344 1246 379 quandoque
1258 345 1367 379 quidem
1381 346 1569 379 accipiendum
1581 352 1641 371 esse
1655 344 1751 376 Deum,

968 396 1029 416 cum
1043 389 1160 417 dicimus
1174 397 1221 424 per
1233 397 1261 417 se
1277 390 1371 422 vitam,
1386 394 1413 418 et
1427 390 1479 417 alia
1495 389 1648 423 ejusmodi;
1667 397 1753 423 quan-

967 435 1057 469 doque
1081 442 1145 462 vero
1172 436 1268 462 horum
1290 435 1446 462 effectorem
1472 442 1542 466 esse,
1567 434 1592 461 id
1618 440 1668 466 est,
1695 434 1751 460 haec

967 487 1075 508 creasse
1093 489 1100 507 :
1122 482 1251 513 quoniam
1264 484 1394 514 tanquam
1412 487 1493 507 causa
1512 480 1556 507 illc
1575 479 1685 514 quidem
1705 479 1753 506 bo-

968 533 1040 558 rum,
1059 530 1086 553 et
1100 526 1262 560 principium
1279 533 1442 559 supraquam
1458 525 1623 559 principittm
1640 529 1753 551 vocatur

969 571 1012 597 his
1027 571 1203 602 nominibus;
1219 578 1250 597 ea
1268 578 1332 596 vero
1344 578 1404 604 quae
1419 571 1475 597 haec
1489 570 1662 604 participant,
1679 569 1751 600 inde,

969 616 994 644 id
1009 620 1060 649 est,
1081 624 1114 643 ex
1138 616 1307 650 participatis
1324 616 1454 642 dicuntur
1469 623 1540 648 esse,
1559 615 1703 651 ct_vivere,
1726 619 1753 641 et

968 662 1058 688 divina
1077 668 1149 694 esse,
1166 662 1226 688 vitae
1242 661 1324 696 igitur
1350 660 1526 693 creationem,
1541 665 1567 686 et
1593 660 1752 687 subslautim

969 707 1147 739 creationem,
1162 707 1246 741 ipsas,
1265 707 1387 741 inquam,
1402 713 1444 732 res
1458 705 1521 732 fecit
1536 705 1616 732 Deus.
1632 704 1751 732 Primum

970 752 1052 786 igitur
1065 752 1215 786 cogitemus
1239 759 1295 779 rem
1312 752 1396 786 ipsam
1411 761 1417 783 ;
1436 751 1534 778 deinde
1550 751 1636 785 ipsius
1651 750 1688 777 rei
1705 758 1753 783 ge-

971 797 1088 824 neralem
1111 796 1246 823 notionem
1270 795 1460 826 iuformemus,
1475 796 1549 822 verbi
1569 795 1654 830 gratia
1671 795 1752 821 vitem

971 846 1018 869 aut
1036 842 1217 869 substantiam
1245 842 1371 868 universe
1385 841 1595 873 consideratam,
1612 845 1638 867 et
1659 844 1752 875 postea

972 889 998 914 itt
1014 892 1100 921 parte.
1115 887 1187 913 Idem
1203 886 1334 913 Maximus
1348 887 1436 921 capite
1448 894 1520 913 nono
1533 896 1540 913 ;
1555 883 1639 918 Solet,
1652 887 1750 921 inquit,

972 934 1118 970 Dionysius
1133 925 1218 960 Deum
1234 933 1267 960 ab
1280 932 1383 960 eﬂ‘ectis
1409 933 1500 959 dicere
1517 940 1566 967 per
1589 940 1618 959 se
1639 940 1710 964 esse,
1728 937 1755 959 et

972 980 1058 1015 ipsius
1074 987 1121 1014 per
1137 987 1165 1007 se
1180 987 1240 1007 esse
1255 979 1410 1007 eﬂectorem
1424 989 1430 1012 ;
1447 983 1474 1006 et
1485 980 1574 1013 ipsum
1589 987 1649 1007 esse
1665 987 1712 1014 per
1725 987 1755 1007 se

972 1025 1065 1057 vitam.
1079 1030 1105 1052 et
1122 1032 1167 1059 per
1179 1032 1208 1052 se
1223 1025 1283 1052 vitae
1297 1025 1470 1058 eti‘ectorem;
1487 1026 1559 1053 sicut
1575 1033 1648 1053 nunc
1665 1026 1753 1059 ipsum

972 1078 1034 1098 esse
1060 1078 1108 1105 per
1132 1078 1161 1097 se
1178 1069 1396 1103 similitudinem,
1409 1075 1436 1097 et
1454 1078 1501 1105 per
1520 1077 1550 1098 se
1568 1071 1754 1098 similitudinis

973 1119 1120 1148 auctorem,
1145 1116 1203 1142 hmc
1219 1119 1309 1142 autem
1330 1115 1407 1148 dicit,
1425 1123 1477 1142 non
1501 1115 1579 1149 quasi
1594 1116 1668 1143 dicat
1686 1116 1754 1143 alte-

973 1169 1031 1188 ram
1049 1161 1157 1195 quidem
1179 1161 1262 1188 vitam
1277 1168 1337 1188 esse
1350 1160 1439 1195 ipsum
1451 1160 1548 1198 Deum,
1562 1161 1674 1188 alteram
1691 1169 1754 1188 vero

975 1206 1134 1241 productam
1161 1213 1220 1233 esse
1244 1206 1466 1239 substantialem,
1493 1210 1521 1233 et
1548 1206 1632 1233 veluti
1662 1214 1709 1240 per
1725 1214 1756 1234 se

975 1253 1149 1279 cxsisteutem
1176 1256 1273 1286 praeter
1292 1251 1386 1284 Deum,
1403 1259 1485 1286 qttam
1509 1252 1673 1286 participant
1695 1259 1757 1286 qua:

976 1297 1058 1324 vitam
1078 1297 1257 1331 participant;
1278 1296 1324 1323 sed
1350 1296 1453 1331 potius,
1470 1296 1542 1324 sicut
1554 1296 1613 1331 ipse
1632 1301 1674 1323 est
1689 1304 1757 1324 suus

977 1343 1120 1377 interpres,
1135 1350 1159 1370 c.
1183 1350 1210 1370 ιι
1230 1352 1236 1370 :
1257 1341 1307 1370 Per
1334 1349 1363 1369 se
1385 1342 1493 1377 quidem
1516 1342 1581 1375 vita,
1607 1343 1705 1377 inquit,
1730 1346 1759 1370 et

977 1395 1025 1422 per
1039 1395 1066 1415 se
1082 1392 1211 1421 potestas,
1224 1392 1250 1415 et
1270 1396 1317 1422 per
1333 1395 1363 1415 se
1378 1388 1538 1422 similitudo,
1550 1393 1578 1415 et
1592 1380 1649 1416 alia
1664 1389 1760 1424 hujus-

978 1433 1050 1460 modi
1068 1433 1168 1460 dicitur
1182 1433 1262 1465 Deus,
1283 1433 1356 1466 qttod
1379 1433 1436 1460 haec
1453 1434 1488 1460 sit
1514 1438 1642 1466 tanquam
1660 1435 1762 1468 princi-

979 1478 1075 1513 paliter
1089 1482 1115 1505 et
1130 1477 1233 1510 divine,
1249 1482 1276 1504 et
1290 1478 1446 1511 elﬁcienter,
1465 1478 1520 1505 hate
1543 1479 1616 1506 enim
1633 1483 1676 1506 est
1701 1479 1760 1513 ipse

147 1523 192 1555 tis,
210 1527 237 1549 et
254 1530 300 1557 per
315 1529 344 1550 se
360 1521 522 1554 divinitatis,
541 1525 640 1548 vocant
657 1525 746 1547 autem
764 1527 814 1554 per
828 1527 856 1547 se
877 1520 925 1546 bo-

978 1533 1072 1552 eorum
1087 1532 1169 1551 verus
1186 1524 1264 1556 fons;
1281 1528 1376 1552 auctor
1389 1531 1454 1551 vero
1472 1528 1513 1551 est
1528 1531 1576 1559 per
1589 1531 1618 1552 se
1634 1524 1762 1551 similitu-

147 1569 271 1598 nitatcm,
291 1571 318 1594 et
333 1574 379 1601 per
394 1574 423 1594 se
438 1566 607 1593 divinitatem
622 1565 721 1592 donum
735 1572 749 1591 a
769 1564 823 1591 Deo
838 1563 928 1598 profe-

144 1619 231 1645 ctum,
248 1613 321 1648 quod
336 1613 424 1642 bonos
438 1617 464 1640 et
484 1613 550 1640 deos
561 1611 625 1638 facit
639 1610 697 1647 (2);
716 1615 742 1638 et
756 1617 803 1644 per
816 1617 845 1637 se
865 1609 928 1644 pul-

147 1660 327 1686 chritudinem
350 1658 450 1686 donum
466 1665 481 1684 a
497 1657 550 1684 Deo
567 1656 694 1689 etfusum,
712 1655 784 1690 quod
801 1655 929 1689 pulchros

150 1705 250 1736 reddit,
264 1704 359 1731 dicunt
375 1704 457 1730 etiam
475 1707 557 1730 totam
573 1701 813 1736 pulchritudinem,
826 1705 853 1728 et
866 1701 929 1735 pul-

149 1750 329 1777 chritudinem
347 1757 381 1776 ex
403 1753 495 1783 parte;
513 1751 538 1774 et
555 1747 681 1774 universe
703 1746 828 1781 pulchra.
854 1750 881 1773 et
903 1746 930 1773 in

151 1800 225 1830 parte
242 1795 366 1829 pulchra,
384 1798 410 1820 et
423 1799 594 1827 quacunque
607 1791 660 1818 alia
680 1791 775 1817 eodem
793 1789 873 1817 modo
889 1790 932 1817 di-

151 1847 192 1869 cta
208 1845 282 1873 sunt,
298 1845 324 1867 et
348 1839 482 1871 dicentur,
498 1845 557 1873 qua:
583 1837 723 1864 declarant
749 1836 934 1871 providentius

152 1892 177 1914 et
191 1887 337 1918 bunitates,
347 1885 381 1912 ab
399 1885 434 1912 iis
447 1891 505 1918 quae
521 1883 548 1912 iu
562 1890 652 1910 rerum
670 1886 766 1908 natura
784 1887 858 1913 sunt,
873 1888 934 1915 par~

154 1933 288 1966 tieipatas,
304 1939 319 1957 a
336 1931 392 1957 Deo
408 1929 456 1964 qui
471 1933 513 1956 est
530 1933 605 1955 extra
626 1927 667 1955 sui
684 1927 931 1961 participationem,

153 1978 225 2012 larga
238 1976 370 2004 eﬂ’usione
385 1974 555 2002 dimanantcs
569 1978 595 2000 et
607 1973 771 2008 proﬂuentes
788 1977 816 1999 ut
830 1972 876 2006 qui
891 1975 934 1999 est

154 2031 233 2050 causa
249 2022 382 2054 omnium,
407 2019 527 2055 perfecte
550 2019 585 2046 sit
611 2018 681 2045 ultra
705 2017 816 2048 omnia;
842 2021 869 2044 et
885 2017 933 2051 qui

155 2067 334 2096 substantiam
353 2070 380 2094 et
399 2070 524 2092 natttram
540 2067 696 2098 exsuperat,
713 2070 745 2089 ex
758 2062 832 2089 otnni
855 2067 933 2097 parte

156 2120 180 2142 et
200 2115 227 2141 in
243 2113 401 2140 universum
417 2111 546 2139 omnibus
560 2110 750 2145 cujuscunque
773 2108 933 2136 substantiae

977 1571 1059 1602 dinis,
1072 1575 1099 1597 et
1117 1569 1246 1597 similium
1259 1573 1389 1604 tanquam
1406 1569 1526 1604 largiens
1544 1570 1708 1605 participate
1727 1570 1761 1597 iis

978 1623 1038 1650 quae
1056 1615 1173 1650 primum
1189 1615 1260 1642 inter
1280 1622 1312 1642 ea
1329 1622 1389 1650 qua!
1404 1619 1478 1647 sunt,
1495 1615 1546 1642 hoc
1557 1616 1660 1642 donum
1678 1617 1763 1650 parti-

978 1662 1080 1696 cipant,
1100 1664 1198 1687 cuncta
1218 1667 1348 1694 natnque,
1369 1664 1399 1687 ut
1415 1659 1550 1694 cujusque
1576 1665 1680 1688 natura:
1697 1668 1762 1688 cutt-

981 1707 1062 1737 venit,
1083 1705 1240 1739 hujusmudi
1254 1706 1322 1731 dona
1339 1706 1513 1740 participant,
1535 1706 1631 1740 primae
1651 1706 1763 1740 quidem

980 1755 1007 1777 et
1022 1757 1156 1784 suprema:
1171 1750 1241 1776 inter
1260 1750 1386 1777 caelestes
1403 1754 1507 1777 mentes
1523 1754 1656 1777 creaturae
1679 1751 1764 1783 parti-

981 1796 1070 1829 cipant
1087 1794 1239 1829 prazcipue;
1269 1801 1330 1828 quae
1354 1801 1420 1821 vero
1436 1795 1576 1829 deinceps,
1602 1794 1766 1829 participant

981 1839 1052 1866 infra
1074 1839 1144 1866 illas.
1168 1839 1206 1865 El
1221 1839 1320 1873 quibus
1347 1838 1519 1866 manifestum
1546 1838 1672 1871 efficitur,
1690 1839 1763 1873 quod

980 1884 1053 1911 sicut
1072 1884 1153 1911 Deum
1169 1891 1256 1911 aevum
1269 1888 1296 1911 et
1315 1888 1423 1918 tempus
1448 1884 1577 1916 dicimus,
1592 1888 1621 1911 et
1640 1885 1763 1911 eumdem

983 1937 1079 1956 rursus
1090 1929 1138 1956 aevi
1160 1933 1186 1956 et
1203 1929 1331 1963 temporis
1352 1933 1489 1956 auctorem
1505 1930 1547 1961 (ex
1570 1929 1674 1956 effectis
1689 1929 1763 1956 enim

985 1979 1012 2002 et
1028 1973 1138 2006 creatis,
1153 1981 1213 2008 quat
1228 1974 1285 2008 ipse
1299 1973 1439 2008 produxit,
1457 1974 1576 2009 suppetit
1591 1973 1670 2001 nobis
1686 1974 1764 2008 copia

984 2017 1141 2052 imponendi
1165 2017 1190 2045 ei
1213 2017 1335 2051 nomina)
1358 2022 1385 2044 et
1407 2018 1479 2044 sicut
1506 2018 1592 2052 magis
1618 2017 1700 2045 Deum
1719 2026 1766 2045 no-

986 2063 1122 2090 minamus
1138 2070 1225 2090 avum
1242 2063 1290 2098 (ὅ),
1310 2070 1324 2089 a
1341 2063 1429 2098 primo
1446 2062 1506 2097 ejus
1522 2071 1604 2097 opere
1620 2063 1709 2096 facto;
1725 2064 1765 2091 sic

987 2108 1073 2137 etiam‘
1086 2109 1120 2136 ab
1141 2108 1175 2136 lis
1192 2115 1252 2143 qum
1271 2113 1335 2136 sunt
1353 2108 1503 2136 secundum
1522 2116 1621 2141 aevum,
1643 2109 1766 2136 absolute

896 2176 1035 2208 Scholia.

191 2244 228 2278 (1)
246 2242 333 2278 Vitam
349 2247 508 2275 sapraquam
522 2238 647 2278 diuinam.
662 2236 723 2278 Vita
735 2236 781 2263 Dei
797 2241 839 2264 est
851 2243 933 2270 supra
949 2239 973 2270 D
986 2238 1034 2266 sed
1045 2236 1152 2278 ratione
1162 2236 1198 2278 ab
1208 2236 1250 2263 eis
1258 2231 1412 2278 separatum
1423 2235 1468 2278 qui
1482 2236 1691 2278 participatione
1702 2237 1765 2264 vita:

158 2273 238 2304 vitam
255 2273 396 2304 hominum
412 2273 568 2302 sanctorum
585 2277 612 2299 et
626 2273 796 2306 angelorum,
814 2278 931 2305 quorum

159 2314 211 2340 vita
227 2317 269 2340 cst
282 2311 384 2342 divina,
400 2310 473 2336 sicut
489 2310 619 2342 scriptum
633 2311 696 2342 est;
714 2305 791 2342 Deus
808 2306 931 2342 deorum.

158 2353 209 2374 etc.
228 2346 323 2381 (Psal.
339 2340 424 2378 nix).
440 2340 569 2381 e_t_illud:
586 2341 641 2376 Ego
653 2340 731 2381 ‘dixi,
750 2340 790 2367 Dii
807 2340 933 2372 estis,'et

160 2383 203 2408 lilii
217 2375 321 2408 Fixcclsi
341 2375 436 2406 omnes
451 2377 543 2414 (Psal,
562 2375 674 2414 t._xx’_x_t).
801 2409 806 2414 l
847 2409 853 2414 _

195 2418 231 2450 (Et)
240 2416 313 2448 Quod
323 2416 413 2450 bonos.
423 2408 520 2450 _et_'deos
531 2412 606 2450 facit:
617 2408 757 2444 Tanquam
768 2408 931 2450 principium

160 2443 322 2485 paiti'cipans
345 2447 506 2482 principium
527 2445 649 2485 omnium
671 2443 775 2485 rerum,
790 2443 862 2483 quod
879 2451 932 2470 tton

161 2482 246 2519 potest
258 2482 427 2519 participare
441 2488 528 2519 neque
539 2482 565 2506 in
580 2487 608 2506 se
622 2482 789 2519 participari,
803 2482 867 2519 quia
880 2485 932 2519 non

163 2513 250 2554 potest
262 2513 322 2545 iicri
343 2513 551 2554 parsalicujus.
566 2513 638 2554 quod
657 2519 697 2554 est
717 2513 791 2552 solus
809 2514 890 2554 Deus”.
907 2516 934 2538 et

164 2547 289 2589 ianquatn
307 2547 469 2589 principium
483 2547 725 2589 imparticipatutn,
743 2547 805 2581 quia
821 2552 863 2573 est
875 2547 933 2589 lor:

163 2583 230 2615 matr}
248 2583 411 2622 principium
431 2584 655 2622 partie‘ipatit‘ibus
673 2583 699 2622 in
713 2590 762 2622 suo
775 2589 891 2621 genere;
907 2586 935 2606 ut

163 2631 208 2657 pt'l'
223 2616 254 2649 se
267 2616 384 2652 bonitas,
408 2616 570 2657 ptincipium
585 2616 700 2656 turmale
719 2616 798 2657 bonis
814 2622 878 2657 non.
895 2622 932 2646 re,

163 2651 208 2684 sed
224 2657 330 2683 ratione
345 2651 504 2689 separatum
518 2660 532 2678 a
549 2651 636 2684 bonis,
656 2651 703 2689 qui
725 2651 934 2689 participatione

163 2691 291 2719 bonitatis
307 2684 405 2717 creatae
429 2689 556 2723 dicuntur
570 2684 675 2723 etsunt
692 2684 841 2723 formaliter
858 2684 934 2723 boni,

163 2735 209 2762 per
220 2733 249 2754 se
261 2727 326 2758 vita,
340 2723 503 2759 principium
518 2721 629 2748 turmale
644 2720 809 2752 viventibus.
824 2725 876 2746 uon
892 2720 932 2751 r'e,

197 2828 233 2864 (a)
249 2828 332 2862 Plato,
347 2828 374 2856 in
387 2826 494 2854 Tima‘o.

986 2276 1096 2304 creatae,
1112 2279 1172 2305 quae
1184 2270 1285 2297 donum
1297 2270 1344 2298 Dei
1357 2276 1410 2303 est,
1423 2276 1448 2297 et
1466 2270 1596 2304 perfectio
1611 2272 1645 2298 ab
1661 2279 1694 2298 eo
1708 2280 1767 2298 ma-

986 2313 1066 2337 nans,
1082 2306 1209 2332 dicuntttr
1222 2311 1248 2332 et
1270 2309 1334 2331 sunt
1356 2305 1506 2332 formaliter
1524 2305 1662 2332 viventes:
1681 2310 1707 2333 et
1722 2307 1760 2332 si-

985 2340 1087 2367 militer
1111 2341 1138 2367 in
1153 2339 1266 2374 reliquis
1283 2339 1438 2373 hujusmodi
1458 2340 1600 2374 principiis
1616 2341 1765 2367 Secundum

986 2375 1206 2435 gnhltzcujusque
1229 2374 1354 2409 principii
1380 2379 1503 2401 natttram
1530 2379 1557 2401 et
1581 2375 1714 2407 ordinem,
1734 2383 1767 2402 ex

1008 2429 1015 2435 .
1078 2417 1149 2435 oma.

986 2410 1015 2437 S.
1035 2410 1149 2436 Thoma.

1023 2444 1062 2478 (3)
1090 2443 1122 2470 Et
1149 2445 1216 2471 sicut
1244 2444 1327 2478 magis
1346 2451 1438 2470 rerum.
1469 2443 1546 2470 Sicut
1563 2441 1643 2471 'Deus
1669 2444 1769 2471 dicitur

987 2485 1087 2510 aevum,
1103 2479 1150 2512 qui
1166 2483 1208 2506 est
1220 2483 1315 2504 auctor
1326 2478 1385 2508 invi.
1400 2482 1428 2504 et
1443 2485 1536 2505 eorum
1555 2478 1582 2505 in
1594 2479 1694 2512 quibus
1710 2486 1768 2506 ten-

988 2513 1061 2540 ditttr
1080 2520 1166 2540 terum
1182 2522 1188 2544 ;
1205 2513 1245 2540 sic
1265 2512 1365 2539 dicitur
1382 2520 1428 2546 per
1445 2520 1473 2538 se
1485 2521 1555 2545 esse,
1591 2521 1638 2547 per
1653 2521 1683 2540 se
1701 2513 1767 2545 vita,

989 2555 1036 2581 per
1053 2554 1081 2574 se
1102 2547 1246 2581 sapientia,
1256 2551 1282 2573 et
1300 2547 1426 2574 similiter
1442 2547 1468 2573 in
1485 2547 1557 2579 aliis,
1575 2550 1639 2581 quia
1651 2553 1691 2575 cst
1705 2556 1769 2574 cuu-

989 2590 1018 2608 sa
1038 2582 1064 2608 in
1083 2582 1216 2609 creaturis
1236 2589 1282 2615 per
1297 2589 1326 2608 se
1346 2588 1417 2612 esse,
1436 2589 1485 2615 per
1506 2589 1535 2608 se
1548 2583 1620 2614 viue,
1638 2588 1663 2609 et
1689 2583 1769 2609 sinti-

988 2617 1065 2646 lium,
1076 2623 1135 2650 qua:
1143 2620 1207 2643 stitit
1219 2616 1289 2643 dona
1301 2617 1372 2650 ejus,
1383 2617 1409 2642 in
1421 2616 1521 2650 quibus
1528 2622 1651 2644 versatur
1662 2617 1748 2643 terum
1761 2626 1768 2650 ;

988 2657 1042 2677 non
1059 2651 1130 2678 enim
1144 2650 1194 2676 iuit
1213 2654 1330 2684 tempus,
1349 2658 1409 2677 cum
1434 2658 1487 2677 non
1502 2656 1595 2678 essent
1619 2652 1686 2682 lmc.
1706 2660 1769 2684 qua:

987 2692 1049 2711 cum
1060 2689 1214 2722 aavoectzpta
1232 2691 1295 2712 sunt
1307 2686 1316 2718 (
1329 2685 1462 2722 siquidem
1478 2686 1587 2722 fuerunt
1601 2686 1628 2713 in
1644 2686 1769 2722 angeliS),

989 2726 1049 2752 qua:
1064 2720 1229 2754 cogitatione
1243 2724 1336 2747 nostra
1360 2725 1422 2748 sunt
1439 2721 1565 2748 absoluta
1581 2726 1608 2749 et
1627 2721 1767 2749 abstracta
