1954 3071
171 123 224 155 5‘23

743 127 1195 160 JOANNIS'CYPARlSSlOTtE

1775 132 1815 163 8‘2

173 184 364 213 nominamus:
385 186 444 212 dico
459 193 474 212 a
495 194 541 218 per
559 194 591 214 se
608 194 679 217 esse,
691 192 719 214 et
737 196 750 214 a
767 196 814 222 per
833 195 863 214 se
883 188 948 219 vita,
965 187 988 215 Δ
1001 195 1082 221 esse;
1102 191 1154 217 hoc
1171 195 1272 218 tantum
1287 191 1426 224 ditlcrunt,
1451 194 1522 227 quod
1537 192 1749 227 luecqnidcm
1768 191 1836 226 pri-

173 237 200 257 et
212 238 225 256 a
249 239 295 264 per
309 239 338 258 se
352 232 493 266 sapientia,
516 240 565 260 nrc
579 233 650 260 enim
667 234 723 260 haec
746 234 873 260 dicuntur
886 234 953 261 siut-

173 275 279 310 pliciter
291 278 425 309 absoluta,
443 277 490 304 scd
505 278 621 311 alicujus
644 286 704 305 csse
723 279 835 313 aliquid,
852 279 954 306 idcirco

175 322 264 355 primo
287 329 348 348 esse
363 322 440 355 dixit,
456 331 626 358 quacunque
638 324 758 358 ejusdem
774 324 878 352 ordinis
892 332 954 351 cum

174 373 242 398 tero,
252 367 378 399 absolute
392 368 529 400 dicuntur,
554 370 691 403 qttomodo
708 369 780 396 enim
807 377 855 403 per
865 376 894 396 se
908 377 956 396 es-

174 412 246 439 sistit
263 420 350 440 :evum
374 418 401 440 et
422 418 537 448 tempus,
555 415 606 442 nisi
632 416 839 442 considerentur
866 415 893 442 in
922 415 956 442 iis

174 466 235 492 qua:
260 466 345 485 erum
366 465 450 494 agunt
479 465 506 487 et
530 461 657 494 tempus?
685 462 770 488 Aliter
795 462 876 488 etiam
904 462 957 489 hoc

174 508 260 538 patet,
275 504 297 530 si
322 505 394 531 enim
422 505 491 532 Deus
511 506 632 533 omnium
660 514 721 540 qua:
745 512 819 540 sunt,
847 506 957 534 etTector

175 553 226 581 est,
253 549 338 577 multo
354 551 440 584 magis
457 558 551 578 eorum
573 560 633 586 qum
658 553 745 586 prima
772 557 847 585 sunt,
871 552 905 579 ab
926 552 958 579 iis

177 594 260 628 igitur
282 602 341 629 qu:c
358 600 432 627 sunt,
453 600 480 622 et
498 597 669 630 potissimum
692 605 752 632 quae
778 599 864 632 prima
883 603 956 630 sunt,

176 643 305 674 tanquatn
335 641 458 667 omnium
482 646 577 668 auctor
604 642 773 669 nominatur.
798 643 867 675 Quia
893 649 958 669 vero

175 687 235 713 vult
250 686 336 721 magis
352 687 425 721 quod
442 687 517 720 dicit,
546 687 703 722 explanare.
731 689 812 718 valde
841 689 960 716 dilucide

179 739 240 766 quae
255 732 311 759 haec
327 732 353 759 in
366 732 478 759 dttbium
495 737 637 766 venerunt,
652 733 732 760 solvit
750 743 757 761 :
773 737 800 760 et
816 741 961 769 aggressus

181 786 213 805 ea
227 785 287 812 qum
301 779 340 805 sic
354 778 477 805 absolute
491 778 620 805 dicuntur
639 779 783 812 ὑπάρξεις.
801 779 826 805 id
850 783 900 810 est,
915 786 960 805 es-

182 824 288 850 sentia'.
300 822 429 855 Primam,
450 827 476 849 et
493 830 553 856 quae
573 823 690 849 maxime
704 823 907 857 quodammodo
924 823 962 849 vi-

181 869 260 896 detur
273 869 437 902 substantia,
451 876 504 895 non
518 869 698 896 substantiam
711 869 843 903 aliquam.
861 869 960 903 inquit,

181 915 298 942 divinam
321 919 368 942 aut
386 915 536 949 angelicam
552 915 668 942 dicimus
695 922 741 948 per
762 921 791 941 Sc
807 921 877 946 esse,
904 921 964 947 quia

182 960 219 988 sit
234 968 315 987 causa
342 965 371 987 ut
395 960 485 986 omnia
505 959 560 987 siut
577 969 584 991 ;
602 960 623 986 si
651 965 740 986 autem
764 959 913 993 antiquius,
937 962 965 985 et

182 1008 301 1042 primum
320 1014 351 1033 ex
367 1006 456 1038 donis,
473 1006 545 1040 quod
568 1006 631 1038 quia
657 1011 698 1032 est
724 1009 751 1031 ct
776 1004 964 1039 participatur.

182 1052 236 1079 alia
252 1052 322 1078 dona
338 1056 401 1078 sunt
414 1056 440 1079 et
464 1051 604 1084 dicuntur,
626 1059 681 1078 non
697 1056 739 1077 est
760 1058 848 1084 neque
873 1050 964 1077 divina

181 1105 234 1126 nec
263 1099 385 1133 angelica
417 1098 581 1129 substantia,
612 1097 666 1123 imo
691 1104 741 1124 nec
765 1104 848 1124 causa
869 1101 898 1123 ut
913 1096 966 1123 sint

182 1144 274 1172 omnia
291 1143 377 1176 (solus
396 1144 467 1170 enim
487 1143 569 1175 Deus,
590 1143 637 1176 qui
659 1147 699 1169 est
723 1149 886 1176 supraquatn
904 1142 967 1168 sub-

183 1189 295 1221 stantia,
311 1194 339 1217 et.
362 1188 539 1223 principium.
552 1192 581 1215 et
596 1188 725 1219 essentia,
740 1192 766 1214 ct
782 1195 863 1215 cattsa
878 1194 920 1214 εει
937 1191 966 1213 ut

183 1235 238 1261 sint
250 1239 347 1262 cuncta
361 1242 421 1270 quae
436 1240 509 1264 sunt,
530 1238 557 1260 et
574 1234 692 1268 idipsum
713 1233 871 1268 simpliciter
883 1233 966 1266 esnc),

183 1280 212 1306 in
227 1279 300 1314 quali
322 1279 430 1306 tandem
446 1279 542 1305 ordine
561 1286 591 1306 ea
608 1286 668 1312 quae
684 1279 724 1306 sic
736 1278 865 1306 dicuntur
882 1278 967 1312 magis

183 1325 369 1360 principialia,
387 1324 540 1359 ponemus?
557 1324 589 1350 Et
605 1324 629 1351 si
654 1331 709 1351 non
733 1327 798 1351 sunt
817 1331 907 1351 causze
921 1331 968 1349 eo-

182 1379 243 1398 rum
260 1379 320 1406 qute
339 1376 414 1402 sunt,
430 1379 479 1398 nec
500 1371 563 1397 itetn
580 1374 661 1397 eruttt
684 1370 832 1397 eﬂ’ectricia
857 1370 966 1401 horum,

183 1416 256 1451 quod
275 1416 298 1444 si
319 1423 373 1442 non
396 1416 516 1443 etticiunt
530 1423 560 1442 ea
582 1423 641 1449 qua:
655 1421 730 1448 sunt,
744 1423 832 1450 nequc
845 1420 909 1442 sunt
925 1415 966 1440 fa-

184 1462 274 1489 cultas
291 1469 342 1489 nec
364 1461 487 1496 operatio
515 1461 560 1488 Dei
576 1461 697 1489 eﬂectrix
715 1466 741 1488 et
763 1462 880 1489 creatrix
907 1461 968 1488 uni—

1006 244 1079 263 mum
1095 237 1188 264 eti‘ecta
1208 243 1283 271 sunt,
1305 243 1332 265 ct
1357 247 1403 273 per
1418 240 1476 266 lucc
1489 239 1582 266 eifecta
1606 242 1778 269 extrema,
1804 241 1839 263 ut

1005 281 1027 307 si
1039 281 1099 314 quis
1114 282 1139 307 in
1159 282 1279 309 minimis
1299 284 1434 310 crraturis
1447 284 1535 310 videat
1550 283 1644 310 nubes
1667 281 1764 316 prius
1783 288 1835 308 ex-

1005 326 1102 352 sistere
1118 334 1198 360 quaut
1216 327 1346 361 pluviam,
1367 333 1393 355 et
1409 336 1456 362 per
1469 329 1556 355 nubes
1573 327 1672 354 Deum
1701 327 1836 360 pluere;

1006 375 1032 397 el
1049 371 1120 397 sicut
1137 376 1226 399 motus
1240 373 1375 400 exsistunt
1393 378 1500 407 propter
1522 373 1653 404 mobilia,
1673 376 1709 398 et
1732 370 1838 397 nubes

1007 422 1117 451 propter
1135 417 1265 451 pluviam.
1284 417 1316 444 ad
1340 418 1465 445 cumdetn
1493 419 1603 445 modqu
1635 415 1840 443 substantiae

1007 463 1158 489 creationes
1179 468 1290 497 propter
1306 463 1487 495 substantias,
1515 468 1541 490 et
1556 464 1617 489 vitae
1642 461 1839 489 creationes

1008 513 1118 542 propter
1142 509 1221 541 vitas,
1249 514 1276 536 et
1294 509 1473 536 dedicationis
1501 508 1666 535 creationes
1701 511 1839 541 propter

1008 554 1144 586 deilicata,
1160 561 1240 581 Omne
1259 559 1348 581 autctn
1364 554 1437 588 qttod
1457 559 1567 588 propter
1580 561 1712 580 causam
1734 556 1787 579 est
1803 555 1836 578 et

1011 604 1143 631 mavetur,
1163 604 1250 626 ortum
1269 607 1380 633 quoque
1398 599 1498 626 habere
1511 599 1759 625 demonstratum
1774 601 1836 624 est.

1010 644 1089 671 Ponit
1105 650 1195 671 autem
1213 644 1357 679 Dionysius
1371 652 1432 672 esse
1448 644 1532 671 Deum
1547 648 1703 670 auctOrem
1726 650 1786 677 per
1804 649 1838 669 se

1010 690 1150 722 bonitatis,
1172 695 1200 717 et
1223 698 1270 725 per
1288 699 1317 717 se
1333 690 1494 723 divinitatis,
1518 690 1649 718 similiter
1671 693 1709 715 ut
1731 688 1838 714 actio-

1011 743 1075 763 num
1093 740 1120 762 et
1138 736 1289 762 motionum
1303 735 1348 762 Dci
1368 736 1438 762 Deus
1455 740 1497 762 est
1510 740 1616 767 auctor,
1638 734 1836 760 divinitates

1013 789 1077 809 vero
1097 781 1241 808 inferiores
1263 780 1382 815 intelligo
1404 781 1574 815 angulorum,
1598 784 1625 806 et
1658 772 1837 805 hominum

979 846 999 873 Β
1011 827 1160 862 iustorum,
1177 835 1274 854 rursus
1287 834 1350 853 vero
1363 826 1493 860 intellige,
1509 827 1742 858 interpretatum
1761 830 1835 850 esse

182 1506 267 1540 versi,
282 1507 446 1541 relinquitur
466 1512 497 1533 ut
511 1507 566 1533 sint
582 1508 637 1534 lucc
661 1507 836 1534 habitudines
853 1511 879 1534 et
893 1515 954 1534 cma
981 1505 1002 1532 C

186 1553 322 1584 nationes,
335 1559 395 1586 qua!
409 1557 546 1579 suntcum
560 1551 627 1578 liunt
637 1555 754 1584 tantum,
771 1552 841 1578 sicut
855 1553 970 1580 demon-

184 1603 301 1625 stratum
319 1602 371 1624 est.
401 1597 469 1623 Cum
490 1601 578 1623 autent
607 1596 751 1630 Dionysius
783 1596 878 1623 horum
901 1605 968 1624 cou-

184 1643 390 1678 tcmplationem
410 1643 507 1672 dilatat
522 1651 528 1668 :
544 1641 598 1670 Nec
618 1643 710 1675 aliam,
728 1643 825 1676 inquit,
841 1643 969 1669 divinita-

185 1693 251 1720 tem,
280 1696 342 1723 qua:
366 1689 448 1715 vitam
474 1688 572 1721 pariat,
590 1688 716 1720 dicimus,
734 1692 831 1722 pra-ter
858 1695 969 1715 causam

186 1742 351 1769 supraquam
378 1734 496 1760 divinatn
521 1734 642 1760 omnium
670 1741 839 1769 quaecunque
865 1735 969 1768 vivunt,

186 1786 213 1808 et
224 1787 272 1815 per
287 1787 316 1807 se
331 1779 391 1806 vitae
410 1786 538 1810 causam;
556 1780 627 1813 quod
641 1780 663 1806 si
686 1787 737 1806 tton
763 1784 804 1807 est
819 1781 871 1807 alia
889 1788 971 1807 causa

186 1825 349 1856 viventium,
366 1831 415 1851 nec
430 1823 481 1850 alia
498 1824 625 1851 divinitas
651 1832 711 1858 qua:
727 1825 808 1851 vitam
832 1826 973 1860 pariatrvi-

189 1871 325 1903 ventibus,
340 1871 390 1897 nisi
404 1870 457 1897 vita
472 1877 637 1904 supraquam
653 1870 756 1902 divina,
774 1875 802 1898 et
818 1871 972 1898 substantia

178 1915 356 1952 isupraquatn
381 1917 549 1945 substantia:
566 1922 593 1943 et
615 1917 703 1951 ipsum
721 1917 970 1951 singularissimum

189 1971 218 1992 et
237 1963 487 1999 splendidissimum
506 1970 601 1994 mutm,
624 1966 651 1988 ct
677 1963 727 1989 hoc
751 1968 792 1990 est
816 1963 872 1989 sola
890 1969 971 1990 causa

189 2010 324 2042 omnium,
334 2009 445 2036 evidens
459 2013 501 2036 est
517 2008 588 2043 quod
606 2008 664 2035 lunt:
678 2015 738 2042 quae
753 2009 840 2042 primo
855 2012 881 2034 et
898 2008 972 2042 prin-

189 2055 322 2090 cipialiter
333 2060 407 2086 sunt,
422 2060 448 2081 et
465 2054 560 2080 ell'ecla
583 2059 699 2086 tantum,
720 2053 785 2080 nihil
804 2062 898 2080 eorum
912 2062 973 2088 qua:

189 2106 283 2136 postea
305 2105 378 2133 sunt,
399 2106 527 2134 tanquam
543 2107 625 2126 causa
647 2100 788 2126 ediciunt:
809 2100 911 2127 idcirco
927 2101 974 2127 bo-

191 2154 244 2173 nus
260 2146 330 2173 Deus
345 2153 439 2172 eorum
455 2146 577 2179 ipsorunt
593 2153 653 2178 qua:
667 2145 753 2179 prima
767 2135 843 2176 sunt,
861 2145 973 2172 t-chclor

191 2192 303 2222 dicitur,
322 2190 419 2218 deinde
442 2198 535 2217 eorum
566 2197 626 2223 quae
651 2189 779 2217 universe
795 2190 833 2225 (a)
862 2191 974 2224 partici-

193 2241 270 2271 pant,
287 2241 379 2271 postea
393 2243 488 2263 eorum
508 2242 568 2268 qum
580 2235 605 2261 in
624 2239 699 2269 parte
719 2244 725 2262 ε
749 2236 790 2262 sic
803 2235 975 2263 demonstrat

193 2284 281 2310 solum
315 2282 399 2308 Deum
428 2289 488 2308 esse
515 2287 626 2307 causam
658 2281 800 2315 omnium,
835 2283 892 2309 sive
920 2284 977 2317 pri-

194 2336 238 2354 ma
264 2327 400 2359 dicuntur,
428 2326 484 2353 sive
514 2326 649 2358 universe,
684 2326 743 2353 sive
774 2327 801 2354 in
826 2332 918 2362 parte;
952 2334 978 2356 cl

193 2374 251 2400 sive
273 2373 313 2400 sic
338 2372 498 2407 participata
523 2366 661 2402 dicuntur.
687 2373 744 2399 sive
765 2374 954 2408 participantia
968 2396 975 2407 ,

195 2419 268 2454 qttod
285 2419 308 2446 si
325 2419 394 2445 idetn
409 2422 436 2444 et
453 2418 528 2445 solus
551 2422 646 2444 auctor
656 2423 697 2445 est
710 2423 737 2445 et
755 2420 975 2454 participautium

195 2471 223 2493 ct
252 2464 489 2499 participatorum,
518 2463 629 2489 evidens
654 2469 696 2490 est
728 2464 750 2491 si
787 2466 976 2501 participautia

195 2515 329 2538 creaturae
348 2513 422 2541 sunt,
453 2514 480 2536 et
511 2508 672 2542 participata
700 2508 810 2543 penitus
834 2518 976 2541 creaturas

988 2165 1013 2195 D

1015 872 1184 906 apertissime
1204 871 1362 905 Dionysium
1378 871 1517 898 declarare
1533 871 1590 897 haec
1613 869 1761 900 nomina,
1779 867 1835 895 do-

1014 925 1079 945 num
1099 925 1113 943 a
1133 917 1189 944 Deo
1203 917 1367 951 profectum,
1388 920 1416 943 et
1433 915 1539 950 pulcltri
1556 917 1585 941 in
1602 922 1633 941 ea
1651 921 1727 947 qua:
1754 911 1833 938 [oris

1015 968 1089 992 sunt.
1116 962 1296 994 eti'usionem;
1322 961 1471 993 declarare,
1495 960 1617 994 inquam,
1645 963 1772 985 motum
1802 960 1833 983 et

1016 1010 1149 1036 actionem
1168 1008 1227 1040 Dei,
1250 1013 1378 1043 tanquam
1401 1006 1571 1034 ell'ectionem
1588 1009 1614 1032 et
1631 1004 1830 1032 creationem

1018 1055 1103 1089 ipsius
1114 1055 1170 1082 Dei.

1315 1107 1429 1137 CAPUT
1456 1107 1502 1135 Vl.

1019 1170 1055 1196 De
1070 1173 1209 1204 potestate,
1236 1169 1291 1204 sine
1314 1167 1420 1204 virtute,
1445 1169 1469 1204 et
1491 1163 1620 1204 justitio;
1640 1167 1668 1190 el
1697 1160 1789 1204 quod“
1807 1167 1826 1186 a

1051 1201 1178 1238 potestate
1200 1202 1302 1238 inﬁnite
1317 1201 1424 1238 potenti,
1440 1203 1500 1238 ειια
1511 1201 1630 1238 justitiq,
1649 1204 1754 1238 perﬁlsa
1766 1202 1825 1238 Διξξν

1054 1231 1146 1269 iestos,
1160 1241 1184 1264 et
1200 1231 1246 1271 per
1256 1244 1282 1263 se
1290 1231 1398 1270 iustitia
1411 1231 1545 1267 producta;
1559 1237 1620 1259 sunt
1639 1237 1666 1258 et
1685 1231 1822 1265 enectae;

1052 1278 1077 1301 ει
1095 1281 1153 1307 qua:
1165 1272 1192 1298 in
1211 1272 1247 1298 eis
1263 1271 1448 1305 proprietates.

1054 1330 1167 1364 Magnus
1188 1327 1336 1362 Dionysius
1358 1333 1418 1358 cap.
1435 1328 1533 1352 octavo
1553 1322 1589 1350 De
1605 1323 1711 1349 diuinis
1728 1320 1822 1347 nomi-

1019 1376 1105 1406 nibus,
1122 1374 1160 1401 ait
1175 1382 1181 1400 :
1195 1373 1229 1400 Et
1243 1372 1314 1407 quod
1330 1371 1401 1399 Deus
1417 1369 1599 1398 deiﬁcationis
1619 1368 1760 1402 princeps
1774 1373 1821 1393 su-

1021 1429 1069 1456 pra
1085 1427 1195 1456 omnem
1216 1421 1378 1454 potestatem
1395 1415 1495 1447 fertur,
1513 1419 1540 1442 et
1557 1421 1668 1442 omnem
1690 1415 1819 1447 potesta-

1019 1453 1073 1494 tem
1086 1453 1351 1500 quomodocunque
1361 1467 1402 1489 est
1410 1466 1436 1488 et
1447 1461 1627 1495 excogitatur,
1638 1460 1796 1492 exsuperat
1808 1463 1817 1488 ;

1021 1520 1074 1540 non
1088 1515 1155 1546 puto
1172 1509 1256 1536 ullum
1271 1516 1303 1535 ex
1320 1507 1355 1534 iis
1368 1507 1415 1541 qui
1429 1507 1455 1533 in
1471 1505 1624 1540 Scripturis
1642 1503 1753 1530 divinis
1767 1501 1816 1528 alti

1021 1560 1084 1584 sunt
1092 1545 1125 1582 et
1133 1554 1252 1585 educati,
1267 1553 1403 1586 ignorare,
1414 1551 1505 1578 multis
1513 1550 1583 1577 enim
1595 1549 1621 1576 in
1633 1548 1708 1575 locis
1719 1545 1816 1578 Scrip-

1022 1607 1084 1629 tura
1100 1604 1126 1628 et
1140 1598 1355 1626 dominationem
1372 1599 1458 1631 ipsam
1472 1603 1532 1622 esse
1545 1594 1636 1623 tradit,
1652 1598 1681 1621 et
1697 1594 1733 1620 ab
1748 1591 1815 1625 ipsis

1022 1655 1104 1681 supra
1127 1646 1286 1674 coelestibus
1313 1643 1493 1679 potestatibus
1516 1645 1637 1676 separat.
1662 1638 1813 1673 Quomodo

1024 1694 1107 1726 igitur
1123 1691 1241 1725 theologi
1268 1695 1397 1724 tauquam
1425 1691 1585 1722 potestatem
1605 1686 1733 1716 laudant,
1753 1689 1814 1717 quae

1023 1742 1100 1766 extra
1113 1743 1220 1764 otnnem
1239 1738 1401 1769 potestatem
1418 1733 1507 1766 posita
1527 1730 1590 1758 est?
1605 1734 1653 1756 attt
1671 1727 1813 1762 quomodo

1024 1784 1052 1811 in
1066 1790 1096 1810 ea
1113 1789 1210 1809 nomen
1228 1779 1370 1814 potestatis
1383 1776 1572 1811 accipiemus?
1591 1775 1714 1802 Dicimus
1729 1773 1813 1807 igitur

1024 1829 1108 1857 Deum
1128 1835 1188 1856 esse
1203 1829 1374 1862 potestatem,
1395 1829 1424 1851 ut
1442 1823 1488 1857 qui
1506 1822 1661 1856 praeltalicat
1680 1822 1707 1846 in
1727 1826 1767 1847 se.
1783 1821 1811 1842 ct

1024 1881 1190 1909 supraqttatn
1210 1872 1309 1899 habeat
1330 1877 1436 1897 omnem
1455 1872 1615 1902 potestatem
1632 1875 1639 1897 ;
1655 1871 1682 1891 ut
1702 1871 1733 1890 ut
1751 1870 1812 1889 om-

1024 1907 1067 1946 nis
1079 1907 1224 1952 potestatis
1238 1921 1344 1948 auctor,
1362 1919 1390 1941 et
1407 1918 1435 1940 ut
1451 1913 1542 1939 omnia
1561 1910 1703 1937 inlievibili
1724 1914 1751 1935 ct
1767 1907 1808 1933 irt-

1025 1963 1233 1996 circumscripta
1249 1964 1383 1994 potestate
1398 1958 1565 1992 produccns,
1582 1961 1607 1982 et
1618 1960 1647 1981 ιιι
1662 1959 1760 1980 auctor
1774 1959 1811 1983 Ip-

1024 2009 1082 2037 sius
1107 2016 1153 2043 per
1178 2015 1208 2034 sc
1232 2014 1290 2034 esse
1313 2008 1483 2039 potestatem.
1511 2002 1550 2029 vel
1566 2009 1626 2027 esse
1641 2001 1808 2026 universam,

1025 2058 1072 2082 aut
1087 2042 1252 2086 singularem
1275 2049 1391 2083 alicujus
1409 2051 1569 2082 potestatem
1586 2055 1593 2078 ;
1610 2050 1635 2072 et
1652 2050 1682 2072 ut
1706 2042 1809 2070 infinite

1025 2105 1134 2135 potens,
1153 2106 1205 2124 non
1220 2097 1307 2124 solntn
1319 2103 1351 2122 eo
1362 2095 1434 2129 quod
1448 2099 1556 2120 onmem
1572 2095 1733 2126 potestatem
1747 2094 1809 2122 pro-

1028 2146 1113 2177 ducit,
1132 2144 1177 2172 sed
1195 2143 1267 2177 quod
1294 2146 1336 2168 est
1357 2148 1438 2174 supra
1459 2146 1566 2165 omnem
1585 2141 1758 2171 potestatem.
1784 2139 1808 2158 et

1029 2199 1111 2226 supra
1127 2191 1212 2225 ipsam
1229 2196 1277 2223 per
1294 2195 1322 2213 se
1339 2190 1499 2220 potestatem
1513 2192 1520 2210 :
1535 2187 1561 2209 et
1576 2183 1648 2217 qttod
1665 2187 1746 2216 supra
1760 2185 1807 2212 po-

1031 2242 1083 2265 test
1096 2233 1333 2263 innumerabiliter
1348 2231 1469 2258 inﬁnitas
1496 2229 1564 2255 alias
1578 2231 1726 2263 potestates
1743 2231 1799 2259 pro-

1031 2286 1131 2312 ducere
1146 2292 1152 2315 ;
1169 2286 1196 2308 et
1213 2281 1286 2315 quod
1304 2279 1429 2309 inﬁnitae,
1452 2281 1478 2303 et
1495 2276 1602 2302 inﬁnito
1620 2281 1733 2301 numero
1746 2277 1806 2306 pro-

1032 2332 1120 2359 ductae
1133 2332 1279 2364 potestates
1294 2331 1433 2359 nunquam
1449 2327 1550 2357 queant
1565 2321 1694 2348 hebetare
1709 2323 1752 2346 attt
1766 2324 1802 2343 rc-
1838 2358 1841 2361 Ι

1034 2377 1148 2404 tundere
1167 2378 1332 2407 supr-aquam
1352 2369 1513 2396 inﬁnitatem
1539 2365 1709 2393 cﬂcctionem
1735 2365 1806 2397 potv-

1032 2422 1111 2449 statis
1127 2420 1186 2454 ejus
1205 2415 1377 2452 potentiue-ae,
1395 2414 1452 2440 haec
1466 2412 1549 2446 igitur
1568 2415 1689 2446 potestas
1707 2408 1750 2436 Dei
1766 2407 1804 2432 in‘

1033 2467 1108 2494 liuite
1123 2469 1231 2499 potens,
1252 2462 1278 2488 in
1296 2459 1388 2487 omnia
1404 2465 1464 2492 qua:
1480 2461 1555 2488 sunt,
1574 2459 1645 2483 meat
1659 2459 1686 2482 et
1700 2458 1805 2489 progre‘

1032 2513 1116 2544 ditur,
1134 2509 1257 2543 nihilque
1271 2513 1367 2534 eorutn
1385 2511 1446 2539 qme
1461 2507 1535 2534 sunt,
1551 2502 1664 2529 omnino
1681 2500 1802 2528 nudatum

932 2588 1068 2620 Scholia.

197 2662 213 2681 a
227 2653 309 2680 rebus
325 2651 531 2681 exsistentibus,
547 2657 601 2677 non
616 2654 705 2676 tamen
720 2649 882 2684 simpliciter
897 2651 978 2677 abso-

196 2690 254 2716 luta
269 2693 294 2714 ct
307 2687 455 2718 abstracta,
469 2686 531 2719 quia
551 2686 578 2712 in
593 2692 620 2711 re
634 2684 833 2718 participantur
845 2685 880 2712 ab
891 2685 980 2713 exsis-

198 2723 333 2755 tentibus,
346 2727 373 2749 et
388 2725 453 2748 sunt
465 2721 561 2747 ctl'ecta
576 2728 590 2746 a
605 2719 670 2752 Deo,
684 2727 699 2746 a
717 2726 772 2754 quo
787 2720 914 2754 pendent,
929 2721 977 2748 sed

1031 2652 1089 2678 hac
1107 2649 1192 2684 magis
1208 2648 1370 2684 adhucuex
1389 2652 1452 2680 cap.
1484 2644 1500 2670 'l
1526 2642 1636 2670 decadis
1661 2640 1688 2673 7,
1713 2639 1768 2667 dec.
1789 2633 1805 2662 8

1032 2693 1093 2720 cap.
1109 2686 1136 2718 4,
1153 2680 1247 2710 iicebit
1260 2680 1425 2714 intelligere.

235 2815 275 2851 (α)
295 2815 437 2847 Universc,
451 2818 480 2841 ut
495 2814 548 2840 vita
562 2812 681 2840 omnium
693 2811 857 2844 viventium;
874 2811 900 2839 in
915 2815 1002 2846 parte,
1019 2814 1047 2838 ut
1057 2809 1111 2838 vita
1125 2807 1264 2836 hominum
1277 2809 1324 2833 aut
1336 2802 1505 2839 angelorum,
1517 2805 1571 2829 etc.
