1954 3071
135 118 196 149 8Ξ5

501 117 620 147 DECAS
637 117 669 147 ν.
683 130 716 135 -
733 117 781 146 DE
800 116 1015 146 PROPRIETA
1024 114 1134 146 l‘lBUS
1152 114 1271 145 DlVlN.
1294 113 1430 143 NOMIN.

1711 110 1763 142 82‘»

137 180 197 206 est,
219 174 285 209 quin
304 173 423 208 aliquam
444 177 574 207 potestate
586 182 600 198 ιι
620 173 738 205 habeat;
753 173 818 206 quin
837 173 926 207 potitts
941 175 963 203 Α
979 173 1049 207 quod
1080 173 1193 200 infinita:
1221 177 1372 207 potestates
1401 158 1426 198 in
1462 170 1595 197 infinitum
1623 170 1764 204 produt-ue

140 224 307 255 potestatem
325 219 405 246 habet
421 219 463 245 vel
477 218 681 252 intelligentem,
698 217 739 244 vel
758 218 927 244 ratiocinan-

141 270 212 297 tem,
235 265 275 292 vel
293 265 464 296 sentientem,
488 263 530 290 vel
551 264 699 294 viventem,
724 263 765 289 rel
788 263 925 297 propriam

144 310 307 338 substantia:
322 319 328 342 ;
344 314 370 336 et
382 309 468 343 ipsum
483 316 553 338 esse,
570 308 591 335 si
609 308 649 335 l'as
663 312 704 335 est
718 308 820 340 dicere,
835 313 926 342 potes-

144 361 228 383 tatem
246 356 327 382 habet
341 359 370 382 ut
387 356 433 387 sit,
449 355 482 381 ab
499 353 556 388 ipsa
575 361 658 387 supra
674 353 856 381 substantiam
878 361 928 387 po-

145 405 264 433 testate;
280 404 344 427 etut
356 399 440 427 semel
459 399 557 431 dicam,
574 398 640 424 nihil
655 399 735 424 estin
754 398 927 429 universum,

147 447 219 481 quod
233 445 430 480 omnipotentis
453 444 546 476 tutela,
561 447 588 470 et
605 443 810 470 conservatione
824 443 924 470 divinae

146 489 275 524 potentiae
286 489 422 523 privatum
435 487 480 521 sit,
501 488 572 522 quod
587 487 658 514 eni-n
675 487 802 514 universe
819 488 921 514 nullam

148 534 230 560 habet
240 537 411 568 potestatem,
426 540 476 560 nec
489 537 539 566 est,
552 540 601 559 nec
613 533 756 567 quidquam
767 536 818 564 est,
829 540 878 560 nec
888 535 930 560 est

149 578 272 606 funditus
288 579 359 606 ullus
372 579 432 613 ejus
448 578 529 606 situs.
544 577 577 604 Et
592 585 687 605 rursus
701 578 772 605 idem
791 578 817 604 in
831 578 924 604 eodem

148 624 259 657 rapite:
279 623 298 650 Α
323 623 429 657 justitia
461 627 551 650 autem
578 630 674 650 rursus
699 623 825 650 laudatur
847 623 928 655 Detts,
953 620 957 621 ⁷

148 668 222 702 qttod
238 669 375 702 omnibus,
389 673 418 696 ut
432 669 544 706 dignum
559 673 600 696 est
616 669 717 696 tribuat
732 674 757 696 et
770 675 924 707 congruen-

149 719 203 741 tem
221 714 341 748 modum,
356 720 383 742 ct
401 715 642 749 pulchritudinem,
662 719 688 742 et
701 715 927 748 compositionem

148 760 264 792 ordinis,
281 764 307 787 et
325 759 550 794 dispositionem;
574 763 603 786 et
622 759 749 786 omnibus
771 759 924 793 dispertiat,

148 811 176 832 et
195 805 310 840 singulis
325 805 434 833 ordines
451 805 600 840 przestituat
618 805 768 832 secundum
786 812 877 831 veram
903 807 929 831 et

148 849 329 884 iustissimam
344 850 587 884 praescriptionem,
602 853 628 876 et
637 849 764 876 omnibus
774 857 829 876 suae
837 849 930 884 cujus-

149 901 204 928 que
219 894 334 922 actionis
349 899 443 922 auctor
460 895 504 927 sit,
522 895 612 922 omnia
630 896 702 922 enim
717 895 807 922 divina
824 895 930 929 jnstitia

149 938 268 970 Ordinat,
284 943 310 965 et
324 939 382 966 suis
398 939 521 967 terminis
537 939 647 972 delinit;
665 943 693 967 et
706 940 797 966 omnia
815 941 848 967 ab
867 948 930 967 om-

149 984 226 1010 nium
241 984 368 1011 mistione
384 989 411 1011 et
423 984 583 1012 confusione
604 985 688 1012 libera
711 989 820 1016 servat;
839 986 930 1011 omni—

151 1029 211 1059 bus,
227 1037 287 1063 quae
301 1029 400 1064 cuique
413 1030 589 1062 conveniunt,
602 1034 627 1057 et
640 1035 669 1057 ut
679 1031 807 1064 quodque
819 1031 928 1064 dignum

150 1078 203 1106 est,
222 1074 291 1101 dona
307 1074 429 1109 largitur.
450 1075 487 1101 Ex
505 1075 548 1101 bis
572 1081 662 1102 autem
682 1075 736 1109 jam
753 1079 836 1109 patet,
854 1075 927 1109 quod

150 1123 271 1153 potestas
287 1118 332 1146 Dei
348 1120 492 1153 potestatis
503 1119 637 1154 effectrix,
653 1128 713 1155 quae
723 1128 831 1147 omnem
847 1128 929 1148 exsu-

151 1169 227 1198 perat
249 1169 423 1199 potestatem,
439 1173 500 1200 qua:
522 1171 563 1192 est
588 1174 684 1198 unum,
712 1171 738 1193 et
763 1173 928 1200 supraquam

151 1210 316 1243 substantia,
330 1218 390 1244 qua:
405 1218 513 1247 omnem
529 1214 690 1245 potestatem
709 1211 735 1237 in
749 1218 778 1238 se
792 1211 930 1245 praehabet

150 1258 178 1281 et
186 1262 266 1289 supra
277 1255 366 1288 habet,
377 1255 433 1283 hee
442 1263 549 1282 omnem
560 1259 717 1290 potestatem
732 1260 758 1282 ct
766 1256 927 1289 generalem,

150 1303 177 1325 et
191 1299 217 1326 in
235 1303 321 1333 parte,
338 1305 365 1327 et
382 1301 467 1334 ipsam
481 1301 556 1327 illam
572 1309 618 1336 per
633 1310 662 1328 se
679 1306 837 1336 potestatem
854 1302 929 1336 cogi-

150 1344 253 1372 tatione
267 1345 443 1378 abstractam,
458 1353 490 1372 ex
504 1346 537 1373 iis
548 1355 609 1380 quze
619 1355 673 1373 non
685 1351 759 1380 sunt,
776 1347 927 1374 secundum

150 1397 228 1417 suam
245 1390 419 1419 inﬂexibilem
441 1396 466 1418 et
482 1392 748 1426 incircutnscriptam
767 1397 927 1426 potestatem

151 1436 287 1470 producit,
301 1441 326 1464 et
339 1437 403 1464 facit
416 1437 547 1464 exsistere
560 1447 567 1464 :
585 1441 612 1464 et
626 1445 657 1464 ex
675 1438 732 1471 ipsa
746 1438 926 1468 cmauationc,

979 220 1144 246 Creatiouem
1164 226 1329 253 supraquam
1351 218 1484 244 infinitam
1503 217 1664 250 potentiﬁme
1685 222 1762 250 pute—

979 265 1057 290 stalis
1074 264 1134 298 ejus
1159 264 1304 290 rctttntlcre
1324 270 1462 296 nunquam
1482 266 1606 296 possunt.
1627 262 1655 287 Si
1681 262 1762 293 igitur

979 313 1100 342 potestas
1119 313 1226 335 ostensa
1245 315 1298 335 non
1315 307 1427 333 haberet
1442 311 1602 340 potestatem
1619 306 1667 331 has
1688 311 1762 338 pote-

979 359 1062 382 states
1078 354 1236 387 recipiendi,
1256 361 1396 388 nunquam
1414 353 1585 386 promitteret
1604 352 1760 386 Dionysius,

972 398 1100 431 ,inlinitas
1116 398 1174 424 illas
1191 402 1337 432 potestates
1354 405 1366 422 a
1381 398 1533 431 potentilica
1547 400 1684 430 potestate
1699 404 1762 430 pro-

979 443 1074 470 ductas
1087 451 1140 470 non
1158 451 1236 477 posse
1255 444 1388 470 actionem
1406 444 1464 476 cjus
1491 443 1614 469 obtusam
1636 443 1761 472 reddere,

980 497 1064 524 quare
1081 489 1180 520 evenit,
1200 493 1230 515 ut
1249 493 1368 523 potestas
1394 488 1465 514 bono
1491 488 1688 522 appropinqnet
1710 487 1761 520 (α),

979 534 1051 569 quod
1068 534 1138 561 enim
1158 534 1186 561 in
1202 534 1358 560 universum
1376 533 1475 560 nullam
1493 538 1652 567 potestatem
1668 532 1760 565 habet,

979 587 1030 606 nec
1051 584 1102 612 est,
1123 587 1172 606 nec
1197 579 1299 613 aliquid
1325 583 1377 609 est,
1397 586 1446 605 nec
1472 585 1586 612 prorsus
1610 580 1678 604 situs
1702 578 1762 612 ejus

979 628 1042 652 est:
1070 624 1171 651 idcirco
1195 624 1297 651 eisdem
1317 624 1418 650 ﬁnibus
1442 623 1570 649 metimur
1588 627 1760 657 potestatem,

979 674 1005 696 et
1024 670 1050 696 id
1065 670 1137 704 quod
1160 674 1210 701 est,
1229 677 1279 696 nec
1294 669 1444 704 porrigitur
1465 673 1585 702 potestas
1608 669 1632 694 in
1652 676 1682 694 ea
1701 676 1762 701 quae

980 723 1033 742 non
1050 720 1124 748 sunt,
1150 715 1224 742 sicut
1239 714 1341 742 bonum
1368 714 1529 748 porrigitur,
1556 713 1648 740 eadem
1672 717 1763 739 autem

979 765 1020 787 est
1034 761 1183 795 proprietas
1196 760 1337 786 nominum
1351 759 1477 794 iustitiae,
1493 759 1600 791 salutis,
1616 763 1642 784 et
1658 758 1765 784 reiicit:-

980 806 1092 840 ptionis,
1109 805 1213 839 justitia
1233 804 1306 831 enim
1326 804 1372 830 Dei
1392 811 1561 838 supraquam
1581 807 1688 837 potens.
1703 808 1765 835 qua

979 852 1053 887 justa
1068 855 1118 880 est.
1133 855 1160 878 et
1176 850 1300 885 justitias
1315 850 1415 884 diligit,
1432 848 1650 883 uniuscujusque
1669 855 1762 874 eorum

981 904 1042 931 qure
1059 900 1132 929 sunt,
1150 896 1274 923 ordinem
1301 895 1404 927 deﬁnit,
1429 900 1454 921 ct.
1480 894 1615 928 producit,
1639 898 1666 920 et
1688 893 1765 927 ponit

981 941 1130 969 secundum
1156 939 1295 974 propriam
1313 939 1448 965 actionem
1467 946 1473 963 :
1496 942 1523 964 et
1547 937 1696 964 secundum
1715 945 1763 962 su-

981 993 1111 1021 praquam
1126 985 1261 1012 inﬁnitam
1274 985 1408 1017 justitiam
1428 991 1504 1009 suam
1523 983 1669 1016 unicuique
1681 982 1762 1016 justi-

982 1032 1024 1058 tize
1037 1032 1071 1058 ab
1085 1031 1143 1064 ipso
1164 1030 1303 1064 productae
1324 1029 1451 1055 virtutem
1469 1028 1578 1060 indidit,
1603 1028 1763 1054 reidentcm

981 1076 1109 1103 ontnibns
1122 1083 1171 1110 pro
1185 1076 1337 1109 dignitate;
1351 1075 1391 1102 vel
1403 1074 1540 1108 propriam
1555 1073 1689 1100 actionem
1704 1080 1765 1106 par-

981 1123 1048 1148 tium
1058 1122 1164 1152 animm,
1177 1122 1218 1148 vel
1234 1120 1449 1148 mediocritatem
1467 1120 1537 1146 ittter
1550 1119 1611 1153 plus
1622 1122 1649 1145 et
1664 1119 1763 1148 minus,

981 1168 1022 1194 vel
1042 1168 1189 1202 appetitum
1214 1167 1375 1193 tribuentem
1391 1165 1574 1199 aequalitatem
1591 1173 1597 1194 ξ
1615 1163 1656 1190 τοι
1671 1171 1764 1189 I'IIFSUS

981 1214 1102 1240 habitum
1130 1213 1339 1247 prospicientem
1369 1212 1446 1238 ttlilia
1473 1210 1499 1237 in
1530 1217 1694 1239 commune,
1722 1209 1765 1235 vt‘l

978 1259 1112 1285 scientem
1128 1265 1223 1284 eorum
1244 1264 1304 1291 quze
1319 1261 1382 1283 sunt
1408 1255 1563 1285 tribuenda,
1583 1258 1606 1279 et
1625 1260 1686 1287 qua:
1709 1260 1764 1278 non

982 1305 1143 1335 tribuenla;
1160 1303 1199 1329 vel
1225 1307 1362 1331 neutrum,
1379 1306 1406 1328 et
1423 1306 1451 1327 ttt
1468 1300 1551 1327 semcl
1576 1299 1679 1332 dicam,
1697 1299 1764 1324 nihil

982 1350 1088 1384 reliquit
1104 1349 1163 1376 sine
1189 1348 1292 1375 honore
1310 1347 1422 1381 justitite
1437 1354 1450 1373 a
1467 1354 1496 1373 se
1521 1345 1676 1379 produclaa;
1699 1344 1764 1378 quin

982 1397 1070 1431 potius
1085 1402 1180 1422 omnes
1193 1393 1305 1428 capillos
1313 1393 1410 1427 capitis
1421 1392 1506 1419 nostri
1521 1396 1656 1423 numerat,
1669 1394 1767 1424 etpas-

981 1448 1066 1469 screm
1084 1440 1198 1466 duorum
1214 1438 1319 1465 assium
1330 1445 1382 1464 non
1398 1437 1462 1464 sinit
1476 1435 1628 1463 inciderein
1640 1435 1765 1468 laqueum

148 1478 211 1515 qua:
231 1481 258 1507 in
273 1483 402 1509 universo
416 1483 546 1514 cernitur,
574 1482 693 1516 suppetit
708 1482 792 1508 'nohis
813 1481 929 1509 facultas

984 1487 1038 1514 sine
1056 1485 1210 1521 justissima
1233 1484 1371 1511 voluntate
1385 1490 1455 1510 sua:
1473 1486 1501 1508 et
1537 1480 1686 1513 injustitias
1716 1486 1766 1505 no—

155 1525 309 1553 .tominandi
322 1527 403 1554 Deum
417 1532 588 1562 potestatem.
598 1527 670 1554 ldem
682 1527 763 1553 etiam
778 1527 932 1555 celebratus

151 1575 195 1598 est
208 1579 223 1598 a
241 1572 319 1599 nobis
332 1573 440 1599 nomine
455 1572 579 1606 justitite,
605 1580 659 1599 non
675 1573 745 1606 quod
763 1573 820 1606 ipse
833 1573 868 1599 sit
885 1580 932 1599 co-

153 1618 244 1651 gnitus
257 1617 362 1651 justitia
375 1617 424 1652 (ι),
444 1618 517 1652 (hoc
535 1617 609 1644 ettim
626 1625 715 1651 neque
728 1617 804 1644 effari
821 1626 875 1645 nec.
887 1618 930 1644 in-

153 1661 274 1696 telligere
289 1669 442 1695 possumtts,
455 1661 527 1688 sicut
539 1661 735 1694 magnitudinis
750 1662 810 1696 ejus
825 1669 877 1689 non
891 1666 930 1689 est

154 1707 227 1737 ﬂuis,
240 1710 268 1733 et
284 1707 438 1734 intellectus
454 1708 512 1740 ejus
528 1714 582 1733 non
598 1712 640 1734 est
654 1714 785 1733 numerus
799 1708 807 1741 )
823 1707 871 1734 sed
882 1715 931 1734 co-

154 1751 293 1786 gnoscitur
313 1751 423 1785 justitia
437 1759 469 1778 ex
484 1751 588 1786 justitia
607 1759 688 1786 quam
701 1753 828 1786 produxit
841 1753 931 1784 nobis,

155 1798 300 1830 imponens
315 1798 431 1832 singulis
444 1798 525 1824 rebus
536 1797 657 1824 ordinem
670 1802 696 1824 et
710 1798 931 1832 descriptionem,

152 1847 180 1868 et
197 1845 294 1868 caetera
311 1842 400 1868 omnis
421 1841 535 1875 justitim
561 1841 692 1875 pondera.
717 1840 755 1867 Ex
783 1842 825 1868 his
849 1843 931 1869 ctiam

154 1891 244 1921 potest
264 1888 326 1921 quis
339 1887 478 1921 percipere
496 1887 684 1921 proprietates,
710 1889 832 1915 cernitur
847 1889 932 1921 enim,

154 1933 384 1967 quemadmodum
402 1933 429 1959 in
451 1940 620 1967 quaecunque
635 1933 767 1967 pervadit,
789 1934 825 1960 ibi
841 1939 932 1968 potes-

154 1983 197 2006 tas
209 1979 267 2012 ejus
277 1982 409 2010 versatur,
422 1982 448 2006 et
462 1978 485 2006 si
498 1979 538 2006 l'as
552 1983 594 2005 est
604 1978 695 2005 dicere
706 1979 744 2014 (2)
758 1980 846 2012 ipsum
860 1987 933 2013 esse,

154 2029 181 2051 ct
195 2023 269 2058 quod
285 2028 328 2050 est
342 2023 498 2050 universum
513 2031 583 2054 esse,
598 2028 626 2050 ut
641 2024 688 2055 sit,
706 2028 866 2057 potestatem
883 2025 932 2051 ha-

154 2069 199 2096 bet
216 2069 250 2095 ab
275 2068 333 2102 ipsa
358 2073 499 2102 potestate,
516 2075 576 2102 quae
592 2076 756 2103 supraquatn
781 2068 933 2096 substantia

153 2119 207 2145 est,
221 2114 303 2148 igitur
313 2121 384 2145 esse,
399 2121 466 2148 opus
481 2118 521 2140 est
536 2114 699 2148 potestatis;
713 2115 758 2141 sed
776 2122 830 2141 non
843 2115 931 2149 ipsum

153 2166 214 2186 esse
233 2163 354 2193 potestas
365 2164 417 2191 est,
436 2166 531 2186 verum
548 2163 676 2193 tanquam
699 2159 727 2185 iit
749 2160 873 2194 subjecto
892 2165 934 2187 est
951 2157 971 2184 ο

155 2209 292 2239 potestas,
327 2209 456 2238 praeterea
489 2204 560 2231 inest
590 2200 739 2238 proprietas
767 2213 932 2241 supraquam

154 2256 247 2283 posse,
271 2248 404 2284 siquidem
426 2253 545 2284 potestas
568 2257 734 2284 supraquam
756 2256 851 2283 potens
876 2251 934 2284 Dei,

154 2294 200 2328 qui
221 2299 262 2321 est
279 2301 445 2328 supraquam
463 2295 627 2325 substantia,
644 2295 741 2322 indidit
759 2297 838 2324 nobis
854 2297 935 2324 intel-

155 2339 252 2366 lectttm
268 2340 438 2375 possibilem,
459 2345 484 2367 ut
499 2340 543 2375 qui
563 2347 624 2367 eum
638 2341 762 2374 producit
777 2347 804 2368 et
819 2343 934 2376 creavit,

157 2386 193 2412 sit
203 2393 368 2420 supraquam
382 2391 479 2421 potens
495 2386 527 2412 ad
544 2387 748 2420 prodnceudum
763 2387 831 2414 alias
845 2393 935 2422 potes-

156 2434 226 2458 tates
238 2432 360 2459 diversas
376 2433 409 2458 ab
422 2431 455 2458 iis
472 2439 532 2466 qua:
547 2436 623 2464 sunt,
640 2431 744 2459 inlinite
758 2432 887 2467 inﬁnitas,
907 2438 934 2460 et

984 1536 1072 1561 Stras,
1091 1537 1152 1564 quae
1176 1529 1318 1560 dicuntur,
1344 1527 1481 1555 convincit
1499 1533 1559 1553 esse
1578 1525 1766 1551 aberrationcs

983 1581 1139 1603 nostrorum
1156 1574 1365 1612 desideriorum,
1389 1576 1503 1599 cnnctos
1519 1579 1583 1598 vero
1597 1571 1703 1604 justitia
1717 1578 1764 1597 sua

983 1622 1077 1655 implet
1097 1623 1125 1646 et
1139 1619 1206 1646 nihil
1222 1625 1325 1646 eorum-
1334 1625 1396 1651 qua:
1420 1622 1494 1645 sunt.
1521 1616 1547 1642 in
1565 1622 1593 1642 re
1616 1615 1669 1641 ulla
1689 1614 1766 1648 jttsta

968 1665 1041 1699 -ejus
1062 1665 1149 1691 salute
1176 1669 1203 1691 et
1223 1662 1434 1690 conservatione
1458 1660 1594 1695 privatum
1616 1663 1668 1690 est,
1694 1659 1767 1685 unde

983 1711 1089 1738 videtur
1105 1710 1169 1736 ntibi
1193 1709 1284 1736 valere
1308 1707 1375 1735 illud
1403 1706 1609 1741 pervulgatum:
1637 1705 1764 1740 lnjuriatn

983 1756 1089 1791 quidem
1117 1755 1206 1783 facere
1229 1761 1336 1783 omnes.
1356 1753 1422 1779 nulli
1447 1760 1511 1779 vero
1539 1751 1667 1786 injuriaat
1694 1750 1764 1777 ﬁeri.

1277 1809 1392 1838 CAPUT
1412 1808 1470 1836 Vll.

987 1869 1022 1896 De
1038 1870 1100 1899 vita,
1119 1873 1143 1895 et
1166 1867 1198 1894 de
1213 1867 1354 1902 sapientia,
1379 1874 1436 1902 qum
1462 1865 1490 1891 in
1507 1864 1559 1891 Deo
1581 1869 1632 1893 est.
1650 1868 1674 1890 et
1695 1863 1765 1897 quod

1020 1905 1076 1937 ipsa
1091 1904 1144 1930 vita
1157 1907 1180 1929 et
1195 1902 1326 1936 sapientia
1340 1907 1364 1928 et
1380 1901 1448 1937 Deus
1462 1905 1500 1937 est
1513 1905 1605 1925 auctor
1620 1904 1644 1925 ct
1663 1903 1767 1937 creatur

1019 1932 1063 1972 per
1081 1946 1107 1963 se
1127 1938 1196 1968 vita,
1220 1932 1244 1963 ἐι
1266 1944 1310 1970 per
1325 1944 1352 1962 se
1377 1934 1530 1968 sapicntiw;
1548 1939 1571 1960 et
1595 1941 1653 1968 qum
1674 1932 1765 1958 horum

1020 1973 1154 1999 nominum
1167 1972 1352 2006 proprietates.

1022 2028 1166 2063 Dionysius
1193 2035 1253 2062 cap.
1277 2031 1354 2054 sexto
1382 2026 1417 2052 De
1441 2025 1533 2052 divinis
1553 2024 1701 2052 nominibus
1717 2023 1765 2057 (b).

986 2074 1071 2106 Nttnc,
1082 2073 1180 2107 inquit,
1191 2072 1322 2099 laudanda
1339 2071 1416 2098 nobis
1432 2070 1534 2098 estvita
1548 2074 1659 2100 :rtcrna,
1669 2077 1700 2095 ex
1713 2076 1767 2102 qua

987 2128 1033 2154 pur
1051 2127 1080 2146 se
1108 2120 1172 2150 vita,
1190 2123 1216 2145 et
1238 2118 1326 2144 omnis
1339 2117 1392 2143 vita
1408 2120 1519 2148 manat;
1533 2121 1560 2141 et
1576 2122 1590 2141 a
1608 2122 1660 2148 qua
1678 2114 1768 2140 \i\'et'e

987 2166 1013 2192 in
1036 2166 1127 2192 omnia
1145 2172 1255 2200 quoque
1266 2164 1345 2191 modo
1361 2163 1442 2190 vitam
1453 2161 1767 2196 participantia,conve-

987 2203 1093 2238 nienter
1111 2211 1256 2245 unicuique
1270 2209 1473 2236 dissentiuatnr.
1488 2207 1580 2241 Itaque
1596 2206 1662 2238 vita,
1686 2210 1769 2239 atque

987 2256 1180 2284 immortalitas
1191 2255 1385 2282 immortalium
1402 2253 1572 2288 angelorum,
1590 2256 1616 2278 et
1633 2251 1700 2278 illttd
1713 2258 1767 2277 non

987 2310 1067 2337 pos3e
1083 2309 1180 2336 Capere
1194 2300 1334 2327 interitum
1354 2299 1561 2333 perpetuitatem
1579 2297 1709 2331 angelicae
1728 2297 1768 2323 vi-

987 2352 1030 2379 tm,
1049 2355 1080 2374 ex
1098 2347 1155 2381 ipsa
1169 2352 1195 2373 ct
1209 2350 1316 2381 propter
1331 2345 1415 2379 ipsam
1426 2347 1507 2371 "estet
1523 2343 1658 2373 subsistit,
1674 2350 1770 2376 quam-

985 2395 1050 2419 ohre
1063 2401 1078 2419 n
1104 2400 1212 2426 semper
1243 2393 1366 2418 viventes
1385 2395 1412 2417 et
1427 2390 1596 2417 immortales
1615 2389 1770 2420 dicuntur;

987 2443 1014 2466 et
1028 2446 1122 2466 rursus
1139 2446 1192 2466 non
1204 2438 1380 2469 immortales,
1393 2437 1456 2471 quia
1474 2443 1528 2463 non
1545 2442 1603 2470 else
1620 2435 1720 2462 habent
1738 2438 1770 2461 ut

896 2501 1031 2534 Scholia.

191 2548 228 2583 (ι)
251 2549 438 2584 Cognoscimus
460 2549 564 2582 quidem
589 2548 670 2575 Deum
692 2557 747 2576 esse
768 2550 883 2582 justum,
904 2556 931 2578 et

156 2592 216 2611 esse
237 2585 322 2618 ipsam
345 2583 495 2617 justitiam;
514 2591 566 2609 non
582 2587 673 2610 tamen
688 2591 852 2619 cognoscere
869 2593 932 2619 pos-

156 2626 251 2646 sumus
267 2619 338 2653 qnod
352 2619 416 2652 qttid
429 2622 470 2658 est
484 2618 553 2658 ejus,
568 2619 593 2645 id
604 2623 656 2649 est,
671 2618 844 2658 quidditatem
861 2618 930 2653 ejus.

156 2661 236 2687 quam
250 2652 360 2685 vocant,
376 2661 436 2680 esse
449 2652 595 2686 justitiam,
613 2658 642 2680 ut
657 2654 730 2679 enim
749 2654 818 2680 scire
836 2661 933 2687 posm-

156 2696 217 2715 inus
230 2688 264 2716 de
278 2687 333 2714 Deo
347 2688 420 2722 quod
437 2691 488 2720 est,
504 2687 544 2714 sic
559 2695 613 2714 non
631 2691 721 2722 potest
736 2688 930 2721 comprehendi

192 2788 229 2823 (ὁ)
243 2788 308 2816 Vide
322 2788 436 2823 epist.’2
453 2789 571 2824 Dionysii
589 2791 622 2817 ad
640 2788 746 2818 Caium.

987 2554 1160 2623 qliigegil'fas
1182 2593 1220 2615 est
1242 2588 1340 2619 dicere,
1358 2587 1427 2621 Quia
1451 2595 1503 2616 non
1522 2587 1634 2622 proprie
1656 2587 1775 2623 dicitur,

987 2624 1063 2684 gitt'iltll
1079 2631 1139 2651 esse
1162 2625 1193 2650 sit
1210 2643 1217 2656 ,
1242 2623 1288 2651 sed
1313 2624 1387 2657 quod
1412 2631 1461 2651 uer
1475 2631 1534 2651 esse
1550 2623 1651 2657 aliquid
1667 2622 1713 2654 sit,
1730 2622 1774 2649 sic

1010 2677 1016 2683 .
1064 2665 1163 2686 tomas.
1220 2680 1222 2682 .

189 2754 229 2823 (ag
240 2754 364 2796 P'otestas
384 2755 584 2816 appropinquat
601 2755 685 2797 ι)οηῖοε
705 2749 768 2791 quia
792 2757 860 2784 nihil
883 2759 924 2784 est
939 2764 1035 2792 expers
1049 2758 1188 2792 bonitatis,
1205 2760 1239 2786 ita
1258 2767 1345 2794 neque
1358 2760 1511 2794 potestatis.

192 2790 217 2821 (ὁ
243 2788 308 2816 Vide
322 2795 402 2823 epist.
453 2789 571 2823 Dionystt
589 2791 622 2817 ad
640 2791 746 2818 Latum.
