1954 3071
217 157 269 188 8⁵η

205 267 260 289 νωι.
276 264 302 286 et
318 259 406 285 omnis
421 260 481 286 vitae
495 260 631 288 eﬂectrice
643 267 670 290 et
684 265 887 292 conscrvatrice
903 273 998 296 causa,

217 309 244 330 et
259 305 332 331 sicut
354 304 510 333 dicebamus
525 306 558 334 de
579 314 612 334 eo
629 308 675 342 qui
694 313 737 335 cst
753 309 803 344 (I),
829 318 890 337 esse
912 318 999 337 aevum

218 348 304 381 ipsius
327 356 374 383 pcr
401 356 430 376 se
442 357 522 383 esse,
541 351 581 378 sic
602 352 684 378 etiam
702 353 746 380 hic
770 354 826 381 vita
851 355 941 381 divina
959 360 1000 382 cst

218 401 268 426 per
279 401 309 420 se
323 393 386 420 vitae
402 393 562 422 viviﬁcatrix
581 401 608 423 et
622 396 753 430 effectrix,
767 403 795 426 et
811 399 926 433 largitur
941 400 998 434 pri-

219 446 293 464 mum
315 446 362 472 per
375 446 405 466 se
420 439 492 471 vitae,
518 447 579 468 esse
603 441 707 475 vitam;
731 447 758 470 et
780 443 855 470 omni
879 445 949 473 vitm.
973 449 1001 471 ct

217 483 317 517 cuique
332 484 405 516 vitae,
424 491 485 512 esse
501 493 722 522 unamquamque
735 494 798 523 apte
813 489 845 516 ad
871 494 996 517 naturam

215 535 294 555 Suam
309 538 315 562 ;
333 533 360 556 et
374 530 464 564 (quod
485 531 604 558 divinius
631 533 693 567 est)
711 541 761 560 nos
787 538 868 565 totos,
893 536 998 562 animas

214 573 288 605 dico,
305 579 331 600 et
345 582 471 609 corpora,
488 577 520 603 ad
543 577 688 611 perfectam
710 586 738 606 et
760 579 940 607 immortalem
958 581 998 607 vi-

214 622 269 645 tam
299 621 493 649 translaturam
520 631 550 651 se
571 625 707 658 promisit,
734 626 758 653 id
783 627 855 660 quod
880 627 1000 662 antiqui-

214 664 262 691 tati
277 665 314 700 (2)
342 667 451 700 quidem
468 673 565 702 praeter
578 674 705 697 naturam
717 677 778 698 esse
794 671 912 704 videtur,
928 672 997 699 mihi

213 716 279 735 vero
299 713 326 736 et
345 710 394 737 tibi
412 715 438 738 ct
455 713 563 739 veritati
587 713 677 741 divina
696 722 751 748 res,
768 721 796 743 et
812 723 894 750 supra
915 720 997 743 natu-

214 761 294 786 ram;
314 762 396 789 supra
412 762 538 784 naturam
559 762 681 785 nostram
705 759 777 792 dico,
795 767 855 795 quae
877 761 996 793 videtur,

214 807 270 827 non
286 804 376 827 autem
395 800 468 828 illam
484 802 700 836 omnipotentem
720 804 781 832 vita:
804 805 914 838 divinae,
932 806 996 834 huic

212 845 298 877 enim,
318 850 348 873 ut
363 854 422 880 qua:
437 847 473 874 sit
488 848 610 875 omnium
627 849 757 881 vitarum,
773 854 800 877 et
814 858 909 878 earum
926 858 994 885 prte-

212 890 307 917 sertim
331 899 392 925 quae
408 892 556 920 diviniores
578 899 653 926 sunt,
670 899 779 927 natura,
794 896 866 923 nulla
880 897 935 923 vita
955 901 997 924 est

211 932 308 970 praeter
321 941 447 964 naturam
459 942 505 965 aut
517 946 598 972 supra
612 944 747 968 naturam.
760 940 889 973 Quasdam
904 942 996 977 itaque

213 981 348 1009 adnotans
358 981 403 1010 hic
421 983 451 1010 S.
468 983 614 1016 Maximus,
627 985 784 1021 Συνοχικὴν,
800 986 827 1013 id
838 993 890 1019 est,
906 988 996 1014 conti-

211 1030 318 1052 nentem
336 1033 445 1054 causam
459 1028 577 1061 vocavit,
595 1028 695 1063 inquit,
709 1029 791 1057 vitam
803 1030 934 1064 divinam,
950 1035 994 1058 ut-

210 1073 272 1103 pote
279 1077 339 1104 quae
346 1077 399 1097 non
409 1071 496 1098 solum
505 1072 587 1098 vitam
601 1072 628 1099 in
641 1080 730 1100 rerum
742 1077 838 1101 natura
850 1076 993 1107 creaverit,

209 1114 255 1140 sed
273 1123 332 1148 quae
346 1115 428 1142 vitam
455 1116 593 1143 contineat
616 1122 643 1144 et
659 1123 812 1151 conservet,
830 1125 860 1146 ut
875 1118 954 1146 duret
967 1124 994 1147 et

210 1163 378 1191 permaneat,
390 1163 416 1186 et
425 1167 519 1187 rursus
531 1160 557 1187 in
570 1160 671 1188 eisdem
683 1171 692 1189 ι
705 1161 779 1188 Hanc
788 1163 882 1196 vitam,
894 1163 991 1198 inquit,

210 1204 361 1231 secundum
378 1205 559 1232 substantiam
574 1205 723 1234 fabricatus
737 1207 817 1239 Deus,
829 1208 862 1235 ad
881 1209 991 1235 immor-

210 1249 312 1276 talitcm
328 1250 432 1284 angelis
455 1256 481 1277 et
507 1251 607 1279 animis
633 1253 735 1280 nostris
760 1253 858 1281 cifecit.
886 1254 990 1283 Rursus

210 1295 279 1321 idem
299 1295 441 1331 Dionysius
456 1296 482 1323 in
499 1297 617 1331 septimo
634 1298 722 1332 capite
739 1297 775 1325 De
796 1298 892 1326 diuinis
906 1301 990 1327 nanti-

208 1340 284 1367 nibus
297 1349 307 1368 :
323 1340 398 1369 IIaue
413 1342 496 1377 igitur
512 1342 627 1370 rationis
642 1348 792 1379 expertem.
809 1349 835 1372 et
850 1350 987 1373 amentem

207 1389 289 1418 atque
306 1384 410 1413 fatuam
436 1387 599 1421 sapientiam
616 1388 757 1422 superlate
773 1389 928 1423 laudantes,
945 1392 988 1418 di-

208 1430 298 1456 ximus
314 1431 404 1457 omnis
419 1433 519 1459 mentis
533 1436 561 1460 et
575 1433 701 1467 rationis,
715 1435 859 1470 omnisque
877 1437 988 1472 sapien-

206 1472 250 1498 tise
273 1477 299 1499 et
315 1473 500 1510 intelligentiae
516 1483 626 1504 causam
649 1486 731 1512 esse;
761 1482 788 1506 et
812 1480 899 1514 ipsius
926 1489 987 1509 esse

205 1523 286 1543 omne
298 1518 456 1550 consilium,
472 1524 499 1546 et
514 1520 548 1547 ab
561 1528 592 1547 ea
616 1527 724 1549 omnem
741 1523 882 1551 scientiam
902 1530 928 1552 et
946 1525 987 1552 in-
1000 1539 1023 1567 ο

207 1561 382 1595 tclligentiam
407 1564 556 1598 prolicisci,
573 1570 600 1593 et
618 1566 645 1593 in
671 1574 704 1594 ea
728 1575 826 1597 omnes
843 1570 986 1598 thesauros

205 1607 346 1640 sapientia:
372 1612 399 1634 et
422 1609 542 1637 scientiae
568 1611 744 1641 absconditos
772 1621 854 1648 esse;
877 1617 986 1644 etenim

206 1653 401 1680 i-onvt-nienter
417 1654 451 1681 iis
472 1662 532 1689 quae
550 1661 629 1684 antea
641 1648 723 1685 'dicta
746 1665 821 1694 sunt,
839 1668 922 1690 causa
941 1671 988 1690 su-

206 1704 336 1731 praquam
351 1698 471 1733 sapiens,
488 1704 515 1726 et
536 1702 628 1729 omnia
650 1702 740 1732 sciens
758 1711 807 1739 per
828 1713 858 1733 se
878 1708 986 1741 sapien-

205 1743 259 1773 tizc,
277 1747 304 1769 et
328 1744 412 1770 totius
429 1745 579 1778 sapientiae,
592 1751 620 1774 et
642 1749 728 1782 partis
747 1749 869 1779 eﬂ‘ectrix
889 1758 940 1780 est.
956 1754 985 1782 In

203 1787 285 1821 hujus
301 1789 402 1823 capitis
418 1790 642 1820 adnotationibus
663 1795 693 1821 S.
710 1794 844 1824 Maximus
858 1806 864 1824 :
887 1797 982 1833 Omne,

204 1832 304 1867 inquit,
320 1834 510 1869 participatum
525 1837 665 1871 antiquius
680 1844 723 1866 est
742 1839 776 1867 iis
794 1848 855 1875 quae
873 1848 936 1870 sunt
951 1832 983 1872 ea

203 1879 273 1911 ipso,
290 1887 376 1913 quare
394 1879 463 1908 Deus
487 1887 514 1908 et
534 1889 621 1909 aevum
646 1887 673 1911 et
691 1889 799 1920 tempus
818 1889 926 1922 proprie
938 1897 985 1917 no-

204 1923 333 1957 minatur,
344 1930 373 1952 nt
389 1926 435 1959 qui
451 1927 550 1954 saecula
562 1932 590 1954 et
605 1932 728 1963 tempora
750 1930 824 1963 fecit,
843 1933 882 1960 sic
901 1933 984 1968 igitur

202 1975 228 1995 ct
242 1969 269 1996 in
288 1969 341 1996 vita
365 1976 392 1997 et
406 1971 433 1998 in
459 1972 592 2006 sapientia
617 1973 761 2002 dicendum
778 1981 830 2009 est,
857 1980 921 2013 quia
938 1988 983 2008 ea-

203 2021 262 2040 rum
286 2019 327 2041 est
344 2021 448 2043 anetor.
467 2017 498 2044 Et
514 2026 611 2046 rursus
627 2019 717 2048 idem:
733 2020 813 2054 Quia,
831 2023 929 2058 inquit,
955 2026 982 2053 in

203 2059 337 2094 sapientia
353 2060 398 2088 Dei
412 2070 464 2089 non
477 2065 603 2098 cognovit
619 2066 739 2094 mundus
758 2075 806 2102 per
820 2070 981 2104 sapientiam

204 2102 288 2131 Deum
300 2104 342 2137 “;
359 2113 407 2140 per
420 2108 593 2142 sapientiam,
605 2110 728 2144 inquam,
747 2119 807 2146 quis
822 2114 848 2140 in
862 2123 981 2144 concen-

202 2153 228 2174 tu
245 2154 272 2176 ct
288 2151 383 2178 ordine
405 2158 538 2194 creaturae
552 2160 665 2189 apparet
684 2161 712 2184 et
727 2164 858 2188 cernitur.
882 2162 940 2190 Imo
953 2169 981 2192 et

203 2202 316 2228 magnus
334 2195 450 2225 Basilius
474 2199 500 2225 in
524 2199 686 2235 principium
711 2204 976 2243 Pt'overbiorttm,,ct

202 2241 317 2274 denique
341 2242 367 2268 in
393 2242 469 2275 iilud,
493 2244 620 2271 Dominus
640 2248 737 2275 creavit
762 2259 802 2277 me
816 2241 975 2288 principium

200 2285 302 2311 tiaram
322 2295 429 2314 suarum
442 2289 486 2315 "z
507 2289 650 2325 Loquitur,
668 2294 767 2329 inquit,
783 2297 816 2324 de
837 2301 969 2333 sapientia

812 162 974 192 JOANNIS
989 163 1273 200 CYPARISSIOTﬂ

219 209 384 240 imum-talos
401 213 467 245 sint,
479 217 506 240 et
523 219 656 249 perpetuo
675 216 778 248 vivant,
795 219 842 245 scd
859 227 891 246 ex
912 219 1001 246 viviti-
1016 219 1039 247 A
1054 225 1162 258 mundi,
1180 235 1240 260 qum
1263 235 1385 263 apparet.

1796 179 1864 212 838

1409 236 1436 258 et
1464 239 1557 261 vocem
1579 234 1635 262 fere
1662 242 1709 269 per
1737 244 1768 263 ea
1784 245 1861 271 qua:

1052 278 1221 305 cernuntur,
1248 275 1359 309 emittit,
1388 277 1460 311 quod
1490 279 1594 307 scilicet
1626 287 1640 306 a
1669 281 1723 308 Deo
1756 281 1859 310 factus

1055 318 1100 350 sit,
1120 323 1145 345 et
1162 327 1214 346 non
1233 320 1344 348 fortuito
1369 326 1441 349 tanta
1458 325 1594 358 sapientia
1615 333 1648 353 ea
1665 334 1725 360 quae
1746 328 1855 355 effecta

1051 367 1127 394 sunt,
1145 364 1276 397 decorat;
1289 370 1318 393 ut
1330 366 1402 393 enim
1415 387 1423 399 ,
1437 367 1502 395 Casii
1512 375 1640 397 enarrant
1653 372 1768 406 gloriam
1783 374 1857 404 Dei.

1051 412 1076 434 et
1100 416 1165 442 opus
1193 418 1318 437 manuum
1332 411 1389 445 ejus
1414 414 1556 441 annuntiat
1572 415 1772 449 ﬁrmamentum
1797 419 1828 434 “
1845 428 1854 446 :

1050 457 1188 486 enarrant,
1207 454 1328 489 inquam,
1343 457 1403 483 sine
1421 465 1486 484 voce
1500 467 1507 491 ;
1521 457 1584 492 quia
1613 469 1664 488 non
1680 468 1741 489 sunt
1757 471 1855 496 votes,

1050 504 1130 531 neque
1142 506 1273 526 sermones
1289 500 1341 535 (3),
1356 510 1469 536 quorum
1481 511 1533 531 non
1545 506 1692 533 audiantur
1707 516 1781 535 uoces
1799 517 1855 536 eo-

1050 550 1109 568 rum
1118 543 1140 558 "
1154 552 1161 570 :
1179 545 1211 571 ad
1223 547 1348 573 eumdem
1365 549 1476 576 modum
1492 555 1557 578 sunt
1572 551 1682 585 quidam
1695 561 1851 582 sermones

1050 588 1194 621 sapientize
1210 591 1362 625 antiquitus
1376 593 1467 627 editae.
1487 603 1548 630 quae
1562 601 1625 623 ante
1639 598 1690 624 alia
1706 599 1734 625 in
1749 599 1847 626 fabri-

1049 635 1156 662 catione
1174 637 1267 664 mundi
1279 645 1341 665 cum
1354 644 1478 667 creatura
1497 643 1685 670 conseminala
1698 649 1759 675 est;
1778 645 1847 673 haec

1050 683 1153 713 tacens,
1170 689 1249 708 suum
1265 684 1435 712 conditorem
1457 690 1483 713 et
1508 687 1651 716 Dominum
1675 689 1789 720 clamat,
1810 695 1847 717 ut.

1047 733 1096 760 per
1111 734 1169 753 eam
1187 728 1218 755 ad
1235 730 1408 764 cogitandum
1424 739 1486 759 eum
1499 734 1544 767 qui
1562 734 1637 761 solus
1649 739 1690 762 est
1704 736 1840 769 sapiens.

1047 775 1074 797 te
1093 771 1207 800 releras.
1225 773 1263 801 Ex
1285 775 1385 808 quibus
1406 777 1502 811 liquet,
1528 779 1600 813 quod
1627 779 1692 810 vita,
1721 789 1782 815 quae
1809 783 1842 809 in

1048 817 1103 844 Deo
1119 822 1160 844 est
1176 826 1342 854 supraquam
1358 821 1444 853 unite,
1461 827 1489 849 et
1503 823 1646 857 sapientia,
1665 829 1691 851 et
1704 825 1842 858 scientia.

1047 865 1073 887 et
1089 869 1175 893 mens.
1189 868 1216 890 et
1231 864 1355 897 verbum,
1369 870 1395 893 et
1414 866 1588 902 intelligentia
1605 876 1638 896 ex
1653 869 1739 897 nihilo
1755 878 1840 899 creat

1046 905 1131 940 ipsam
1147 907 1200 935 late
1222 913 1365 942 patentem,
1393 915 1420 938 et
1448 919 1509 939 cum
1534 917 1658 940 creatura
1688 916 1833 943 conditam

1046 960 1093 986 per
1111 961 1140 980 se
1157 955 1250 987 vitam,
1265 960 1293 983 et
1308 963 1355 990 per
1373 965 1402 985 se
1417 958 1578 992 sapientiam
1592 968 1600 992 ;
1619 965 1645 987 et
1660 968 1690 988 ea
1707 969 1769 996 qua:
1784 970 1835 990 se-

1044 999 1162 1026 cundum
1183 1000 1269 1035 ipsam
1290 1009 1339 1035 per
1353 1009 1382 1029 se
1403 1003 1485 1030 vitam
1510 1004 1615 1038 vivunt,
1632 1010 1661 1033 et
1673 1008 1831 1035 secundum

1043 1044 1128 1078 ipsam
1145 1052 1193 1079 per
1207 1053 1236 1073 se
1251 1046 1410 1078 sapientiam
1426 1049 1546 1083 sapiunt,
1564 1054 1592 1077 et
1608 1058 1718 1078 omnem
1740 1052 1829 1080 aliam

1043 1091 1134 1121 vitam,
1149 1095 1175 1118 et
1190 1092 1362 1125 sapientiam,
1380 1101 1441 1128 quat
1460 1093 1487 1120 in
1506 1094 1539 1121 iis
1555 1103 1616 1128 qua;
1630 1100 1705 1128 sunt,
1720 1099 1831 1131 reperi-

1042 1140 1096 1170 tur,
1111 1137 1183 1170 atqui
1197 1141 1287 1170 patent
1300 1138 1381 1165 etiam
1397 1140 1585 1173 proprietates,
1599 1141 1654 1168 vita
1670 1142 1742 1169 enim
1758 1147 1823 1170 ten-

1041 1180 1114 1207 ditur
1130 1181 1155 1207 in
1173 1181 1289 1210 viventia
1306 1187 1411 1210 tantum
1425 1193 1432 1216 ;
1447 1190 1474 1211 et
1488 1185 1696 1214 immortalitate
1710 1188 1826 1221 quidem

1042 1227 1159 1260 praeditis
1172 1228 1277 1262 species
1295 1228 1365 1261 vitm,
1382 1233 1409 1256 et
1422 1230 1574 1264 subjectum
1589 1231 1706 1259 el'licitnr
1721 1241 1728 1264 :_
1749 1240 1829 1266 pra:-

1040 1271 1103 1299 ditis
1126 1279 1188 1299 vero
1204 1280 1318 1307 corpore
1338 1273 1452 1301 efﬁcitur
1473 1276 1630 1304 continuata
1658 1278 1742 1304 motio
1760 1285 1829 1305 cor-

1040 1316 1113 1350 poris
1126 1325 1133 1350 ;
1151 1318 1281 1351 sapientia
1296 1326 1361 1345 vero
1375 1319 1464 1346 minus
1481 1320 1535 1347 late
1553 1325 1635 1355 patet,
1651 1329 1733 1356 quam
1748 1323 1804 1350 vita
1816 1343 1825 1355 ,

1040 1362 1172 1395 siquidem
1191 1363 1218 1390 in
1233 1371 1264 1390 ea
1282 1368 1387 1391 tantum
1408 1365 1566 1399 porrigitur,
1581 1374 1642 1400 quae
1659 1367 1825 1401 sapientiam

1039 1407 1148 1440 habent,
1161 1412 1241 1442 atque
1257 1409 1283 1436 in
1297 1409 1399 1444 angelis
1414 1411 1522 1445 quidem
1537 1412 1735 1440 immortalibus
1747 1421 1828 1448 aeque

1038 1459 1110 1488 patet
1128 1454 1179 1481 vita
1192 1459 1218 1481 et
1230 1456 1360 1489 sapientia
1374 1465 1381 1489 ;
1393 1456 1419 1483 in
1434 1456 1466 1484 iis
1477 1464 1539 1485 vero
1549 1465 1607 1491 quae
1621 1458 1743 1485 sentiunt
1758 1463 1823 1486 ten-

1037 1500 1109 1527 ditur
1117 1500 1204 1527 solum
1215 1500 1281 1534 vita;
1291 1501 1318 1528 in
1329 1502 1446 1529 essolum
1455 1502 1748 1537 porrigunt-sapientia,
1761 1513 1827 1540 qua:

1039 1547 1143 1574 ratione
1155 1548 1264 1582 praadita
1276 1553 1340 1576 sunt
1352 1556 1360 1581 ;
1375 1552 1401 1576 et
1416 1549 1442 1576 in
1454 1549 1495 1577 bis
1506 1556 1560 1577 non
1572 1558 1668 1578 omnes
1679 1551 1824 1585 sapientiae

1038 1592 1181 1625 participes
1195 1596 1269 1624 sunt,
1283 1592 1330 1620 sed
1342 1593 1387 1627 qui
1402 1597 1540 1621 amatores
1553 1595 1694 1626 sapientiae
1707 1595 1823 1624 fuerunt

1037 1636 1078 1663 vel
1094 1641 1205 1671 propter
1218 1637 1339 1664 studium
1356 1637 1487 1666 divinitus
1516 1638 1670 1671 incensum,
1699 1644 1745 1668 attt
1760 1648 1825 1675 pro-

993 1702 997 1706 .
1036 1686 1100 1717 pter
1123 1682 1259 1709 sinceram
1277 1683 1458 1717 disciplinam,
1476 1689 1524 1711 ant
1539 1689 1647 1719 propter
1663 1689 1823 1719 utrumque.

1036 1727 1180 1758 Prmterea.
1197 1727 1313 1755 viventia
1333 1728 1442 1767 quidem
1465 1733 1561 1756 natura
1583 1730 1679 1757 sortita
1699 1735 1764 1758 sunt
1778 1732 1822 1758 vi-

1036 1777 1090 1800 tam
1104 1781 1111 1804 ;
1127 1773 1173 1807 qui
1190 1780 1256 1800 vero
1271 1773 1432 1807 sapientiam
1449 1773 1560 1807 habent,
1576 1773 1667 1801 idonei
1686 1779 1714 1802 et
1728 1776 1821 1803 studio

1035 1820 1153 1846 scientiae
1167 1819 1250 1847 dediti
1266 1819 1388 1852 fuerunt,
1407 1821 1505 1848 deinde
1527 1822 1663 1856 sapientia
1679 1822 1739 1855 ejus
1756 1830 1821 1857 par-

1035 1864 1071 1892 tis
1082 1865 1179 1891 anima:
1192 1869 1242 1897 est,
1257 1873 1317 1898 qua:
1334 1866 1360 1891 in
1372 1866 1751 1900 contemplatione'versatnr;
1764 1868 1818 1896 vita

1034 1914 1123 1938 autem
1139 1910 1248 1938 habitus
1262 1915 1305 1938 est
1322 1911 1510 1939 substantialis
1527 1913 1687 1946 congenitus
1703 1913 1761 1940 sine
1773 1914 1818 1941 in-

1035 1956 1208 1984 termissione
1221 1957 1388 1991 operationis
1403 1957 1437 1983 iis
1456 1964 1516 1991 quae
1532 1956 1600 1992 apta
1614 1963 1678 1985 sunt
1697 1959 1729 1986 ad
1745 1959 1817 1986 rcci-

1033 2001 1161 2036 piendum
1172 2009 1245 2035 eum,
1259 2006 1392 2037 quantum
1409 2003 1491 2037 recipi
1507 2007 1607 2038 potest.

1317 2079 1433 2108 CAPUT
1455 2079 1522 2108 VIII.

1034 2135 1071 2163 De
1084 2143 1155 2169 pace,
1173 2139 1197 2162 et
1210 2136 1347 2170 parvitate,
1361 2141 1384 2162 et
1400 2136 1591 2170 magnitudine.
1608 2142 1633 2164 et
1650 2139 1775 2169 statione.
1791 2144 1817 2166 et

1067 2176 1150 2201 motu,
1168 2175 1191 2196 et
1205 2171 1238 2197 de
1249 2170 1342 2199 altero.
1356 2176 1379 2197 et
1396 2172 1426 2197 de
1439 2172 1628 2198 similitudine:
1640 2177 1664 2198 et
1677 2173 1746 2206 quod
1759 2173 1817 2200 Iwc

1068 2206 1094 2232 in
1114 2205 1166 2232 Deo
1182 2213 1234 2231 una
1248 2213 1299 2239 prta:
1315 2206 1386 2236 sint;
1401 2211 1476 2232 extra
1495 2206 1576 2232 Deum
1593 2205 1687 2233 autent
1697 2213 1724 2233 ut
1738 2209 1771 2234 ab
1784 2216 1815 2234 eo

1067 2241 1149 2274 facta,
1162 2240 1264 2266 diversa
1279 2245 1354 2272 sunt;
1374 2245 1467 2274 etquis
1485 2248 1575 2267 eorum
1593 2242 1777 2276 proprietates.

1065 2306 1177 2341 Magnus
1193 2305 1337 2339 Dionysius
1352 2312 1412 2340 cap.
1425 2306 1468 2338 II,
1481 2306 1518 2334 De
1530 2307 1624 2334 divinis
1642 2309 1813 2338 nominibus:

236 2346 258 2360 “
273 2345 279 2371 I
293 2347 384 2380 Com,
396 2347 441 2375 2-3.
480 2348 503 2365 ⁸⁵
524 2349 604 2378 Pr0v.
617 2359 675 2385 vnt,
692 2354 737 2381 ‘22.
777 2357 799 2373 “
827 2358 901 2390 Psal.
914 2371 992 2399 xvnt,
1008 2368 1052 2395 Η.
1089 2366 1110 2382 ⁸⁷
1130 2364 1196 2392 ibid.
1228 2364 1255 2391 2.

926 2420 1062 2453 Scholia.

235 2466 272 2507 (.1)
290 2465 322 2492 Et
345 2467 410 2494 sicut
427 2468 627 2509 dicebamusue
641 2481 670 2499 eo
683 2475 726 2508 qui
748 2482 800 2509 est,
821 2486 877 2505 esse
895 2488 977 2508 (etiam

198 2501 282 2540 ipsius
300 2510 344 2535 per
359 2510 387 2529 se
411 2511 475 2543 esse.
495 2504 550 2548 lloc
566 2507 671 2535 dixerat
686 2501 745 2544 cap.
762 2501 800 2544 5,,
811 2501 875 2539 cuni

198 2541 300 2562 t'ttllutll
315 2544 416 2577 aevum,
433 2541 616 2577 sicutkautem
638 2548 678 2569 est
697 2541 846 2573 secundum
862 2541 974 2577 causanti

198 2575 322 2614 tempus,
349 2576 376 2598 et
388 2579 418 2614 ea
434 2581 494 2607 quae
511 2575 577 2602 liunt
591 2578 712 2611 subjecta
730 2582 843 2614 tempori
858 2590 865 2612 ;
884 2583 923 2610 sic
935 2575 978 2612 est

201 2606 284 2652 etiam
301 2606 449 2648 secundum
465 2617 576 2637 causam
599 2606 686 2639 aevum
700 2632 708 2645 ,
725 2618 752 2640 et
775 2606 817 2647 ea,
834 2606 865 2643 in,
876 2606 976 2652 quibus

195 2645 239 2666 cst
253 2647 351 2668 aevum.
403 2644 406 2648 '

235 2674 273 2706 (2)
296 2676 465 2714 Antiquitati.
491 2679 684 2714 Antiquitatem
711 2688 787 2710 vocat
812 2685 924 2713 stultam
950 2692 976 2714 et

200 2709 476 2750 fatuamhopi'nionem
491 2709 641 2748 gentilium,
658 2721 685 2743 ιιι
701 2709 975 2750 s.’atiniﬁiifn'oi;

199 2745 504 2789 illi":reliqltiipiilagllé
518 2757 570 2777 non
589 2745 972 2789 antiquisrsitupliciterrs‘eu

199 2779 418 2815 fatuisantiquis
434 2779 521 2810 visum
536 2792 597 2812 esse
611 2779 663 2813 hoc
674 2779 748 2815 dicit.

233 2813 373 2857 (mitique
389 2824 528 2857 sermou‘es.
546 2820 590 2847 Sic
602 2821 682 2857 etiam
701 2813 812 2857 intelligi
823 2830 909 2857 potest
926 2827 969 2855 hic

200 2847 274 2875 locus
283 2847 437 2887 Scriptura,
447 2854 551 2882 scilicet
564 2856 629 2883 nulli
641 2847 967 2892 u's'ipiiiu'éiﬁii'iioﬁiiniéf

1031 2491 1195 2522 quacunque
1213 2484 1303 2522 lingua
1319 2489 1346 2510 et
1362 2486 1662 2522 sermonerloquantur,
1683 2489 1729 2522 qui
1755 2497 1808 2517 non

1030 2519 1143 2546 audiant
1159 2523 1185 2545 et
1203 2519 1354 2552 percipiant
1367 2538 1374 2550 ,
1394 2520 1458 2553 quid
1476 2519 1572 2548 dios’et
1592 2519 1750 2550 noctes'sua
1763 2525 1809 2552 illa

1029 2554 1179 2588 composita
1192 2558 1219 2580 et
1239 2558 1297 2580 rata
1309 2557 1411 2581 mutua:
1422 2556 1604 2583 successionis
1619 2557 1810 2589 vicissitudine

1030 2589 1226 2628 praedici-plet
1248 2588 1396 2628 declarent,
1421 2597 1524 2628 nempe
1543 2591 1665 2628 no_titiam
1685 2592 1742 2623 Dei,
1761 2595 1809 2628 qui

1027 2623 1118 2649 omnia
1145 2623 1217 2653 fecit.
1237 2623 1403 2655 moderatur,
1419 2627 1446 2650 et
1472 2625 1548 2655 regit.
1569 2625 1615 2652 Est
1637 2631 1728 2653 autem
1744 2623 1810 2654 cou-

1026 2658 1144 2684 strnctio
1162 2658 1308 2684 verborum
1330 2658 1468 2685 idiomatis
1483 2659 1569 2687 Graeci
1585 2668 1592 2687 :
1613 2659 1670 2687 Non
1686 2667 1749 2688 sunt
1765 2663 1808 2689 lo-

1025 2693 1123 2726 quelae.
1139 2700 1227 2730 neque
1243 2699 1393 2730 sermones,
1410 2694 1550 2730 hominum
1564 2695 1678 2727 scilicet,
1690 2704 1806 2730 quorum

1028 2734 1081 2753 non
1098 2727 1256 2762 audiantur,
1274 2726 1299 2753 id
1313 2732 1365 2757 est,
1382 2734 1396 2752 a
1412 2728 1512 2762 quibus
1529 2737 1580 2756 non
1598 2726 1746 2757 audiantur
1760 2738 1808 2757 vo-

1024 2769 1068 2788 ces
1079 2769 1186 2792 eorum,
1203 2761 1306 2788 dierum
1319 2761 1426 2789 scilicet
1439 2766 1466 2789 et
1485 2764 1602 2791 noctium
1616 2773 1624 2796 ;
1643 2766 1682 2792 sic
1700 2766 1807 2792 intelle-

1024 2796 1063 2822 xit
1079 2795 1211 2823 Eusebius
1222 2796 1401 2824 Casariensis
1413 2797 1441 2824 in
1454 2795 1664 2827 Commentariis
1675 2801 1733 2828 suis
1744 2807 1808 2828 eru-

1024 2831 1177 2858 ditissimis.
