1954 3071
67 148 79 158 κ
123 124 178 158 8ζ9

481 126 600 158 DECAS
620 127 653 157 V.
674 139 705 143 -
724 126 772 156 DE
786 126 1117 160 PROPRlETATlBUS
1134 130 1253 162 DlVIN.
1275 131 1409 162 NOMIN.

1704 133 1758 164 8Ίο

124 185 164 212 De
182 184 240 218 ipsa
266 183 347 218 igitur
362 183 454 211 divina
472 190 549 219 pare,
565 188 591 212 et
607 183 715 211 silentio
727 203 734 213 .
753 191 833 218 quam
851 192 914 211 san-
929 185 949 213 Α
967 193 1027 212 nem
1046 186 1107 219 ejus
1123 187 1225 214 unitam
1240 207 1247 219 ,
1269 192 1295 215 et
1314 188 1463 216 unifortncs
1482 189 1667 217 emanationes
1683 191 1756 217 mul-

124 236 187 258 ctus
202 230 298 258 Justus
317 235 395 257 vocat
408 229 558 264 ἀφοεγειαν
569 250 577 263 ,
593 230 619 257 id
634 233 692 261 est,
712 230 894 257 insonantiam
907 249 915 262 ,

123 282 152 305 et
164 276 320 311 ἀχινηςιαν,
335 276 360 303 id
371 280 423 307 est.
438 275 658 303 immobilitatem
671 275 704 302 ad
718 283 826 302 omnem
842 283 917 302 ema-

126 322 281 356 nationem,
302 329 362 356 qua:
378 321 511 352 noscitur,
527 321 656 355 quidnam
674 325 726 353 est,
739 325 767 348 et
780 321 917 355 quomodo

125 369 199 396 Deus
215 368 341 403 quiescit,
352 373 378 395 et
396 367 466 400 silet,
484 372 510 394 et
527 367 663 401 quomodo
674 367 700 394 in
715 375 744 394 se
758 371 785 394 et
803 367 871 393 intra
889 374 918 394 se

126 419 181 447 est,
203 419 230 442 et
245 419 317 441 totus
333 421 426 441 secum
440 417 482 440 est
504 420 670 448 snpraqnatn
689 413 795 444 unitus,
818 416 845 439 et
867 419 917 439 nec

127 461 157 487 in
171 468 201 488 se
217 460 381 495 ingrediens,
407 462 434 497 et
456 466 485 486 se
511 459 568 493 ipse
594 457 776 492 nmltiplieans
790 479 798 490 ,
815 457 918 484 deserit

128 506 277 538 unionem;
296 504 360 540 quin
386 504 478 539 potius
503 503 536 530 ad
559 503 651 530 omnia
668 503 818 538 egreditur,
843 508 917 529 totus

128 552 204 579 intus
219 558 331 578 manens
348 554 459 585 propter
475 549 665 576 excellentiam
691 549 801 576 unionis
826 549 917 576 omnia

128 597 331 632 exsuperantis,
344 604 432 631 neque
450 597 550 627 dicere,
568 603 656 630 neque
672 594 793 630 cogitare
810 595 856 621 ulli
871 602 919 622 eo-

130 651 190 670 rum
209 644 256 677 qui
278 647 351 674 sunt,
369 643 410 669 fas
429 646 481 674 est,
507 649 595 676 neque
617 640 758 676 possibile.
783 640 835 667 Sed
855 647 917 667 cum

130 690 182 716 hoc
201 688 301 723 alioqui
322 687 412 722 eloqui
428 694 483 714 non
508 687 656 722 possimus,
673 693 722 713 nec
737 685 919 720 intelligentia

129 733 261 768 assequi,
280 732 313 759 ad
332 733 417 765 ipsam
439 736 527 759 tamen
547 731 668 758 divinam
694 739 787 765 pacem
804 735 834 758 ut
848 731 919 758 ultra

130 779 224 806 omnia
239 778 354 812 positam
372 784 482 805 sursum
496 775 594 808 evecti,
608 776 833 811 participationes
848 775 918 810 ejus,

130 831 192 859 qua:
213 823 398 858 intelliguntur
420 827 448 849 et
468 822 657 853 nominantur,
682 820 764 854 idque
787 824 918 854 quantum

131 869 257 896 homines
269 887 277 899 ,
293 871 320 894 et
342 874 392 894 nos
411 866 564 901 praesertim
581 865 625 900 qui
650 865 742 892 multis
758 865 837 892 bonis
852 864 918 892 viris

131 914 251 948 impares
275 919 382 944 sumus,
400 911 531 945 consequi
550 917 716 945 possumus,
733 909 916 936 attendamus.

131 959 170 987 Ac
185 959 300 994 primum
316 957 424 992 quidem
439 956 583 984 dicendum
603 960 644 984 est
660 956 722 989 hoc,
743 955 815 990 qttod
829 962 877 989 per
889 961 919 982 se

132 1006 208 1042 pacis
223 1025 230 1037 ,
246 1012 272 1032 et
289 1004 361 1039 pacis
381 1003 407 1030 in
426 1003 584 1030 universum
608 1001 788 1029 consideratae
805 1021 812 1034 ,
840 1006 865 1028 et
891 1001 918 1027 in

132 1057 220 1086 parte.
247 1049 357 1077 cliector
384 1053 425 1076 est
451 1048 522 1075 Deus
538 1068 545 1080 ,
563 1052 590 1074 et
605 1047 677 1082 quod
697 1047 789 1074 omnia
806 1047 875 1074 inter
891 1054 920 1074 se

132 1101 228 1123 mutuo
248 1095 441 1129 conjuncti0ne
460 1094 586 1128 ipsorum
604 1101 658 1121 non
675 1092 789 1120 confusa
806 1092 922 1120 commi-

131 1146 205 1172 seet;
218 1149 271 1175 qua
285 1140 477 1175 conjunctione
489 1138 655 1166 coluerentia
670 1138 729 1165 sine
748 1137 882 1164 divisione
896 1140 922 1163 et

131 1187 262 1213 distantia
274 1205 281 1217 ,
297 1185 401 1219 singula
420 1189 508 1210 tamen
528 1183 677 1210 secundum
695 1182 833 1216 propriam
861 1189 922 1215 spe-

131 1233 203 1259 ciem
226 1239 292 1265 pura
315 1231 483 1261 consistunt,
508 1237 561 1256 non
580 1229 687 1256 turbata
706 1236 753 1262 per
768 1227 923 1255 concretio-

133 1284 195 1304 nem
215 1276 426 1303 contrariorum.
453 1274 486 1301 Et
499 1274 582 1309 paulo
599 1278 678 1308 post:
692 1273 724 1300 Et
738 1278 800 1306 est,
817 1273 924 1308 inquit,

131 1321 254 1357 perfecta
269 1322 313 1348 illa
330 1329 381 1356 pax
396 1320 614 1354 uniuscujusque
630 1319 805 1354 proprietatis
825 1320 925 1354 imper-

133 1368 224 1394 mistae
254 1367 459 1398 conservatrix,
489 1373 538 1400 per
562 1365 747 1400 providentias
765 1372 830 1392 suas
852 1365 926 1399 pacis

132 1411 295 1448 largitrices,
310 1413 400 1440 omnia
416 1414 487 1439 inter
498 1419 527 1439 se
543 1412 599 1446 ipsa
615 1416 641 1438 et
655 1418 716 1438 cum
732 1411 793 1438 aliis
808 1411 865 1438 sine
882 1418 926 1438 se~

133 1458 237 1485 dilione
250 1463 277 1485 et
290 1457 450 1484 confusione
464 1456 632 1484 custodiens.
649 1455 720 1488 Quid
745 1460 835 1482 autem
850 1455 926 1482 dica-

133 1512 197 1532 mus
217 1505 250 1531 de
270 1504 403 1531 charitate
422 1503 522 1530 Christi
538 1509 602 1536 erga
620 1502 746 1529 homines
759 1521 766 1533 ,
785 1508 847 1536 qua:
872 1508 921 1535 pa—
933 1520 956 1550 Ο

134 1558 195 1578 cem
219 1549 329 1577 eﬂ'udit?
349 1549 386 1576 Ex
412 1556 464 1584 qua
494 1556 548 1575 non
563 1549 618 1582 jam
645 1547 808 1578 nobiscum,
835 1555 923 1582 neque

133 1603 198 1624 cum
214 1595 274 1623 aliis
298 1596 368 1622 inter
385 1602 446 1627 nos,
469 1601 559 1627 neque
583 1600 646 1620 cum
673 1593 778 1627 angelis
805 1600 928 1627 pugnare

134 1642 285 1672 discamus,
303 1641 349 1668 sed
366 1640 457 1674 potius
471 1647 533 1666 eum
555 1639 623 1672 ipsis
646 1638 738 1665 divina
755 1645 805 1673 pro
820 1638 928 1665 viribus

134 1695 281 1722 operemur
296 1686 446 1714 secundum
463 1684 663 1719 providentiam
678 1683 754 1716 Jesu,
772 1684 816 1718 qui
835 1683 928 1711 omnia

134 1736 164 1763 in
181 1733 309 1761 omnibus
329 1735 459 1766 operatur
472 1731 504 1762 “,
521 1736 548 1758 et
564 1737 658 1765 pacem
672 1729 748 1762 facit,
766 1737 825 1763 qua:
837 1729 929 1756 verbis

135 1779 268 1813 explicari
283 1786 337 1805 non
351 1782 452 1812 potest,
467 1781 494 1804 et
507 1784 566 1811 quae
582 1784 597 1803 a
618 1776 718 1804 saeculo
737 1776 928 1810 prtedestinttta

134 1829 193 1856 est;
211 1823 258 1858 qui
273 1821 461 1850 reconciliavit
480 1829 529 1848 nos
547 1821 601 1847 sibi
620 1821 647 1847 in
666 1820 763 1854 spiritu
779 1820 814 1850 δ’,
830 1824 858 1846 et
880 1827 929 1854 per

135 1870 238 1903 ipsum.
254 1872 282 1894 et
297 1868 322 1894 in
340 1867 409 1901 ipso.
428 1865 519 1898 Patri,
547 1870 575 1893 et
605 1873 700 1892 rursus
727 1865 798 1892 idem
814 1872 874 1899 cap.
893 1864 920 1898 9,

135 1915 169 1941 de
185 1913 288 1940 eisdem
305 1911 404 1939 divinis
421 1911 576 1939 nominibus
591 1920 598 1938 :
615 1911 677 1938 Hmc
694 1911 865 1945 magnitude,
884 1911 927 1937 in-

135 1958 206 1992 quit,
226 1962 253 1984 et
275 1956 378 1984 infinita
399 1961 451 1988 est,
469 1960 497 1983 et
519 1956 678 1990 quantitatis
701 1959 729 1983 et
753 1956 861 1982 numeri
879 1963 928 1982 ex-

136 2011 216 2038 pers;
234 2007 261 2030 et
279 2003 337 2030 hazc
360 2002 517 2035 magnitudo
535 2006 576 2028 est
599 2002 760 2029 excellentia
778 2001 927 2029 secundum

136 2048 300 2075 cll'usionem
318 2046 472 2074 absolutam
488 2050 515 2073 et
531 2054 698 2080 supr-aquam
711 2051 852 2074 extensam
870 2053 928 2072 nta-

137 2093 301 2129 gniticentiae
319 2100 372 2119 non
395 2093 609 2126 comprehensas.
631 2092 703 2119 Idem
731 2092 814 2119 etiam
848 2096 928 2123 atque

136 2139 260 2167 Omnium
275 2146 357 2166 causa
368 2143 407 2165 est
423 2146 536 2173 parvum
550 2146 556 2170 ;
573 2145 713 2172 nunquam
726 2133 798 2164 enim
812 2137 926 2164 formam

968 230 1069 264 tiplieis
1085 230 1166 258 fmtus
1192 232 1219 258 in
1243 233 1343 258 omnia.
1363 231 1395 258 Et
1414 233 1511 259 iterum
1531 232 1674 260 :Similem
1691 239 1760 262 vero.

969 277 1050 303 Deum
1065 277 1087 303 si
1105 278 1165 311 quis
1190 277 1272 309 dicat,
1300 282 1328 305 ut
1346 277 1483 310 eumdem,
1501 283 1528 305 et
1551 283 1580 304 ut
1605 283 1690 305 totum
1711 287 1757 312 per

967 327 1052 350 totum
1066 324 1115 350 sibi
1134 323 1208 350 unite
1231 327 1258 350 et
1276 323 1479 357 impartihiliter
1494 324 1624 354 similem,
1640 332 1692 350 non
1714 328 1756 351 est

969 369 1178 403 improbandum
1204 377 1304 397 nomen
1329 369 1450 396 divinum
1486 369 1594 397 similis.
1625 369 1756 403 Thcologi

967 421 1032 441 vero
1055 414 1135 441 Deum
1152 435 1159 446 ,
1178 415 1225 449 qui
1241 419 1284 442 est
1297 423 1378 449 supra
1405 415 1496 442 omnia
1509 436 1516 448 ,
1537 419 1672 449 quatenus
1698 416 1757 449 ipse

969 465 1019 492 est,
1036 460 1137 486 nullius
1150 460 1266 487 similem
1281 468 1341 487 esse
1355 461 1448 492 aiunt,
1471 461 1517 488 sed
1533 461 1620 494 ipsum
1637 460 1756 487 divinam
1800 493 1804 498 .

969 504 1177 531 similitudinem
1199 505 1263 532 dare
1278 505 1310 531 iis
1326 506 1371 539 qui
1392 505 1424 531 ad
1443 512 1505 532 eum
1527 509 1726 532 convertuntur
1745 513 1754 532 :

969 557 1005 582 et,
1022 552 1094 586 quod
1113 551 1303 578 admirabilius
1326 556 1378 582 est,
1403 551 1475 585 quod
1494 552 1560 578 nihil
1579 542 1757 584 'simile'ejus

969 603 1008 625 est
1030 598 1096 624 dicit
1116 597 1272 631 Scriptura;
1291 597 1340 624 etsi
1368 604 1420 623 non
1444 601 1575 630 repugnat
1600 596 1642 623 hic
1666 603 1761 624 sermo.

970 643 1154 675 similitudini,
1170 650 1230 677 quae
1245 650 1305 669 cum
1325 641 1382 669 Deo
1401 647 1453 674 est,
1472 642 1568 668 eadem
1584 644 1656 668 enim
1674 646 1700 669 et
1717 641 1757 669 si-

971 689 1043 716 milia
1065 693 1092 716 et
1117 689 1259 716 dissimilia
1283 688 1337 716 Deo
1360 689 1488 715 dicuntur
1505 695 1512 714 :
1530 687 1629 714 similia
1648 687 1757 722 quidem

971 734 1121 761 secundum
1134 734 1325 765 imitationem,
1342 741 1402 768 qum
1414 741 1473 761 esse
1488 738 1578 768 potest
1593 733 1661 767 ejus,
1677 739 1759 767 quam

971 779 1039 806 nihil
1058 784 1147 813 potest
1162 779 1282 812 imitari;
1297 779 1439 806 dissimilia
1456 786 1531 810 vero,
1547 783 1681 812 quatenus
1697 777 1761 804 (κῆε-

972 831 1031 852 ctus
1052 824 1121 852 infra
1137 832 1247 852 causam
1266 829 1352 857 sunt,
1377 829 1404 852 et
1428 824 1542 851 inlinitis
1565 822 1714 854 mensuris,
1734 827 1761 850 et

972 876 1033 902 quae
1059 868 1179 895 conferri
1204 875 1257 895 non
1284 873 1409 902 queunt,
1435 868 1470 895 ab
1486 876 1516 895 ea
1538 867 1653 895 distant.
1669 867 1760 894 Item:

971 912 1041 945 Quid
1058 921 1122 940 vero
1134 913 1167 940 de
1185 913 1277 940 divina
1291 913 1419 946 statione,
1435 913 1478 940 vel
1495 913 1528 939 de
1547 912 1611 940 sede
1623 911 1762 939 dicimus?

972 955 1032 989 Ipse
1049 956 1121 982 enim
1142 960 1183 983 est
1203 957 1292 984 omnis
1308 957 1446 987 stationis,
1471 960 1498 984 et
1516 956 1589 983 sedis
1604 964 1698 987 causa,
1714 955 1759 990 qui

973 1003 1013 1027 est
1033 1008 1114 1035 supra
1130 1008 1239 1027 omnem
1255 1001 1367 1034 sedem,
1384 1007 1410 1028 et
1424 1001 1583 1033 stationem,
1599 1005 1626 1027 et
1648 1000 1676 1028 in
1701 1001 1761 1034 ipso

973 1051 1071 1073 cuncta
1086 1053 1118 1072 ex
1143 1046 1277 1073 bonorum
1300 1046 1399 1080 cuique
1418 1053 1514 1073 eorum
1539 1046 1760 1073 convenientium

973 1092 1091 1119 statione
1107 1092 1272 1123 consistunt,
1296 1095 1324 1118 et
1348 1091 1554 1124 custodiuntur,
1571 1099 1604 1118 ne
1620 1098 1653 1118 ex
1673 1091 1762 1118 bono-

974 1146 1034 1165 rum
1055 1137 1275 1164 convenientium
1292 1138 1408 1164 statione
1421 1138 1607 1164 excutiantur.
1624 1136 1696 1170 Quid
1708 1144 1762 1163 au-

977 1188 1040 1215 tem,
1055 1190 1116 1210 cum
1133 1190 1226 1217 rursps
1240 1182 1359 1216 theologi
1374 1182 1408 1209 ad
1422 1183 1513 1209 omnia
1528 1182 1654 1216 progredi
1668 1186 1695 1209 et
1707 1189 1765 1209 mo-

977 1230 1032 1256 veri
1049 1229 1141 1257 dicunt
1169 1229 1355 1262 immobilem?
1380 1237 1413 1255 an
1437 1237 1488 1256 non
1509 1235 1539 1255 ut
1567 1228 1650 1255 Deum
1675 1228 1763 1260 decet,

976 1275 1028 1302 hoc
1047 1274 1251 1308 intelligendum
1270 1274 1329 1302 est?
1349 1274 1451 1301 Moveri
1466 1281 1584 1308 namque
1599 1274 1642 1309 pie
1659 1274 1762 1301 intelli~

976 1321 1093 1356 gendum
1112 1324 1153 1348 est
1168 1328 1217 1358 pro
1233 1328 1265 1348 co
1281 1320 1352 1354 quod
1368 1325 1419 1351 est,
1439 1319 1528 1347 facere
1546 1320 1630 1347 Deum
1645 1324 1676 1346 ut
1697 1327 1766 1346 cun-

977 1372 1020 1394 cta
1033 1366 1096 1398 sint,
1108 1370 1135 1393 et
1148 1367 1286 1393 continere
1301 1366 1405 1398 omnia,
1420 1371 1447 1393 et
1460 1365 1586 1393 omnibus
1602 1365 1691 1393 modis
1704 1372 1766 1392 om-

979 1412 1058 1439 nibus
1075 1411 1227 1446 providere,
1241 1414 1267 1438 et
1285 1412 1411 1438 omnibus
1435 1411 1531 1439 adesse
1544 1416 1600 1438 tum
1620 1411 1763 1446 complexu

979 1458 1101 1485 omnium
1122 1465 1183 1492 quae
1202 1462 1277 1488 sunt,
1295 1457 1354 1484 sine
1370 1457 1535 1484 habitudine
1549 1456 1765 1491 conjunctionis,

980 1508 1036 1530 tum
1058 1510 1107 1537 per
1130 1502 1326 1536 providentiam
1344 1502 1436 1529 omnia
1460 1501 1668 1533 circumeundo,
1690 1504 1716 1528 et
1737 1501 1765 1528 in

980 1550 1108 1576 omnihus
1120 1549 1268 1583 operando.
1281 1548 1380 1575 lhidem
1393 1551 1505 1574 sanctus
1516 1547 1650 1574 Maximus
1660 1546 1766 1579 :Quodt

980 1594 1079 1629 inquit,
1097 1600 1203 1627 semper
1218 1598 1258 1620 est
1274 1593 1344 1620 idem
1358 1612 1365 1624 ,
1392 1597 1419 1619 et
1443 1593 1567 1620 absolute
1591 1597 1642 1624 est,
1661 1591 1688 1618 in
1709 1591 1766 1618 sola

979 1647 1061 1667 causa
1088 1639 1209 1665 onmium
1236 1638 1373 1664 eﬂ‘ectriee
1402 1637 1536 1668 cernitur,
1557 1644 1617 1672 qua
1633 1635 1766 1663 creaturis

979 1686 1076 1719 largita
1090 1689 1142 1715 est,
1162 1689 1188 1710 ut
1208 1684 1235 1710 in
1252 1684 1348 1710 eodem
1363 1688 1435 1710 statu
1449 1686 1638 1718 permaneant,
1653 1686 1680 1708 et
1691 1686 1719 1707 ul
1733 1688 1766 1708 ea

980 1739 1039 1766 qua:
1056 1730 1203 1761 contrarie,
1223 1729 1264 1756 vel
1279 1729 1332 1756 alio
1348 1729 1428 1757 modo
1441 1729 1552 1761 habent.
1569 1729 1640 1756 inter
1655 1736 1684 1756 se
1700 1735 1766 1755 coa-

980 1780 1116 1811 gmentata
1133 1775 1206 1806 sint,
1229 1774 1323 1801 eodem
1350 1775 1433 1809 igitur
1452 1775 1531 1802 modo
1547 1775 1657 1807 omnia,
1682 1774 1765 1801 etiam

980 1829 1040 1856 quae
1054 1829 1108 1847 non
1125 1824 1237 1847 manent
1251 1820 1276 1847 in
1291 1820 1386 1848 eadem
1403 1824 1511 1853 natura,
1528 1820 1555 1847 in
1578 1821 1631 1847 Deo
1646 1828 1766 1847 cernun-

981 1872 1024 1895 tur
1039 1875 1113 1899 esse;
1127 1866 1259 1900 siquidem
1271 1866 1394 1893 omnium
1407 1873 1468 1901 quae
1479 1870 1552 1898 sunt,
1565 1866 1661 1894 eodem
1674 1866 1765 1897 modo.

981 1913 1006 1940 id
1021 1917 1063 1939 est
1081 1911 1218 1944 similiter,
1245 1917 1288 1939 est
1314 1916 1411 1940 auctor
1437 1913 1519 1939 Deus.
1544 1911 1582 1938 Ex
1605 1911 1707 1946 quibus
1737 1911 1767 1938 fit

980 1958 1163 1992 manifestum,
1182 1958 1253 1993 quod
1269 1966 1320 1995 pax
1333 1977 1340 1990 ,
1356 1962 1385 1985 et
1401 1958 1576 1993 magnitudo,
1592 1962 1620 1985 et
1634 1958 1764 1992 parvitas,

979 2008 1005 2031 et
1017 2004 1108 2041 statio,
1122 2007 1149 2030 et
1169 2009 1271 2034 motus,
1289 2008 1316 2030 et
1330 2003 1400 2030 idem
1414 2010 1486 2036 esse,
1501 2007 1528 2030 et
1543 2002 1679 2030 diversum
1693 2009 1764 2033 esse.

979 2055 1006 2077 et
1023 2049 1152 2080 similem,
1165 2052 1192 2075 et
1203 2048 1374 2079 dissimilem,
1389 2048 1446 2075 haec
1461 2048 1553 2075 omnia
1568 2055 1622 2075 una
1636 2055 1688 2082 pax
1701 2051 1765 2074 sunt

980 2095 1006 2122 in
1025 2095 1093 2124 Deo,
1105 2095 1207 2121 idcirco
1225 2098 1253 2121 et
1271 2093 1325 2125 hic,
1342 2097 1368 2120 et
1383 2093 1450 2121 alias
1470 2093 1543 2120 clare
1557 2093 1658 2120 dictum
1674 2097 1702 2120 et
1718 2092 1766 2120 dc-

982 2145 1162 2168 monstratum
1177 2145 1216 2166 est
1230 2147 1244 2166 a
1260 2138 1397 2174 Dionysio,
1413 2138 1465 2165 alia
1479 2158 1486 2171 ,
1501 2143 1527 2166 et
1542 2138 1690 2171 contraria,
1704 2145 1765 2165 om-

139 2184 213 2218 parvi
231 2184 349 2218 reperies
367 2191 421 2210 non
438 2183 641 2217 participatam.
660 2182 705 2209 Sic
721 2183 802 2217 igitur
822 2182 849 2209 in
871 2183 926 2210 Deo
943 2178 964 2205 Ῐ)
981 2187 1024 2213 nia
1041 2186 1135 2212 eodem
1150 2185 1229 2211 modo
1245 2189 1272 2210 et
1297 2184 1381 2214 unite,
1397 2187 1424 2210 et
1440 2183 1512 2210 nulla
1535 2182 1720 2217 duplicatione
1737 2183 1763 2208 in

137 2230 328 2264 accipiendum
345 2234 386 2256 est
403 2234 575 2268 parvumuut
593 2229 619 2254 in
637 2228 738 2260 omnia,
759 2233 783 2254 el
801 2236 848 2263 per
864 2236 925 2254 om-

138 2277 180 2302 nia
198 2275 323 2308 expedite
336 2281 440 2304 means.
455 2278 481 2300 et
493 2281 619 2308 operans,
636 2278 662 2300 et
675 2275 826 2308 pervadens
841 2282 925 2309 usque

138 2321 336 2348 isvdivisionem
353 2319 449 2346 animae
473 2323 500 2346 et
524 2319 658 2354 corporis.
675 2327 835 2354 compagum
854 2327 923 2354 quo-

137 2375 190 2402 que
206 2373 232 2393 et
249 2366 438 2397 medullarum.
457 2371 483 2393 et
501 2365 695 2400 cogitationum
706 2366 800 2399 cordis
812 2366 846 2398 ⁸ο,
869 2366 924 2392 imo

137 2411 259 2437 omnium
278 2418 338 2446 qua:
353 2414 435 2442 sunt;
450 2417 503 2437 non
517 2411 591 2437 enim
605 2413 649 2436 est
663 2415 789 2437 creatura
810 2410 863 2436 nlla
880 2410 924 2436 in-

138 2456 256 2483 visibilis
274 2457 300 2482 in
325 2460 472 2490 conspectu
498 2455 568 2490 ejus,
591 2457 641 2482 hoc
666 2463 777 2490 parvum
803 2461 844 2483 est
869 2457 928 2484 sine

138 2502 301 2535 quantitate,
324 2501 383 2528 sine
403 2509 527 2533 numero,
553 2501 612 2528 sine
636 2501 808 2534 inhibilione,
835 2502 928 2529 inﬁni-

139 2552 195 2573 tum
209 2568 216 2579 ,
246 2547 513 2581 incircumscriptum
527 2568 534 2579 ,
558 2547 650 2574 omnia
671 2548 907 2581 comprehendens
919 2568 926 2579 ,

140 2592 228 2624 ipsum
245 2599 259 2618 a
277 2591 351 2618 nullo
370 2591 564 2624 comprehendi
587 2596 687 2626 potest.
708 2593 813 2619 Rursus
831 2593 901 2620 idem
917 2602 924 2620 :

140 2636 216 2663 Nunc
232 2641 321 2664 autem
339 2637 459 2663 divinam
474 2637 659 2665 diversitatem
676 2646 736 2665 cum
750 2639 877 2669 dicimus.
895 2646 928 2666 ne

142 2683 314 2717 suspicemur
330 2683 508 2709 variationem
527 2683 682 2718 quampiam
699 2684 724 2711 in
742 2692 775 2711 eo
793 2685 839 2718 qui
855 2685 927 2712 idem

141 2732 193 2760 est,
210 2732 236 2755 et
251 2735 416 2763 supraquam
433 2728 630 2762 immutabilis;
652 2729 699 2757 sed
723 2730 929 2765 multiplicatio—

178 2821 199 2837 “
225 2821 289 2850 Cor.
301 2829 350 2855 xn,
362 2822 388 2850 6.

983 2234 1036 2259 Deo
1059 2239 1137 2263 esse;
1159 2235 1248 2257 tamen
1267 2230 1300 2258 ab
1318 2230 1377 2264 ipso
1400 2229 1531 2264 producta
1544 2249 1552 2261 ,
1570 2229 1671 2255 variata
1695 2236 1766 2259 esse,

982 2278 1016 2304 ab
1035 2278 1100 2312 ipsis
1115 2276 1336 2303 emanationihus
1350 2273 1535 2303 diversitatem
1550 2280 1641 2301 nacta.
1659 2275 1704 2301 Est
1719 2274 1769 2309 igi-

981 2328 1024 2350 tur
1039 2323 1119 2354 Dcus,
1139 2327 1167 2349 ut
1188 2322 1263 2354 prius
1283 2321 1498 2349 demonstratum
1522 2325 1579 2354 est,
1604 2321 1676 2348 sicut
1700 2321 1767 2347 suh-

979 2369 1089 2398 stantia.
1107 2375 1188 2402 quam
1205 2375 1292 2402 neque
1307 2367 1399 2395 verbis
1412 2367 1575 2402 exprimere,
1593 2375 1643 2394 nec
1663 2367 1766 2401 eloqui,

981 2421 1031 2440 nec
1042 2420 1205 2448 cognoscere
1219 2420 1376 2446 possumus,
1389 2412 1429 2439 sic
1437 2413 1519 2440 etiam
1529 2412 1620 2439 divina
1633 2412 1691 2446 ejus
1703 2419 1768 2446 pax.

981 2462 1110 2493 praeterea
1128 2458 1258 2491 sapientia
1271 2458 1341 2491 ejus,
1359 2463 1386 2485 et
1399 2458 1452 2484 vita
1465 2458 1536 2492 ejus,
1555 2463 1583 2485 et
1598 2465 1767 2492 quaecunque

980 2503 1032 2530 alia
1048 2503 1182 2535 absoluta,
1199 2507 1224 2530 et
1240 2510 1409 2538 quacunque
1421 2511 1493 2531 nunc
1510 2503 1537 2531 in
1563 2503 1622 2538 ipsa
1639 2503 1767 2530 videntur

981 2548 1130 2574 secundum
1147 2549 1369 2575 contrarietatem
1382 2547 1482 2577 efferri.
1501 2548 1657 2578 Laudamus
1675 2556 1766 2579 autem

983 2594 1052 2620 hanc
1068 2593 1217 2620 Secundum
1241 2594 1462 2628 participationes
1481 2595 1540 2628 ejus
1564 2596 1716 2625 intellectas
1741 2602 1769 2625 et

981 2639 1147 2670 nominatas,
1168 2638 1194 2665 id
1210 2644 1261 2671 est,
1276 2639 1420 2667 laudamus
1432 2641 1465 2667 ab
1486 2641 1520 2668 iis
1542 2650 1603 2677 quae
1617 2643 1742 2677 produxit
1758 2663 1767 2675 ,

980 2691 1041 2717 quae
1052 2684 1102 2710 sub
1119 2683 1324 2718 intelligentiam
1343 2685 1454 2717 cadunt,
1466 2691 1493 2713 et
1506 2695 1565 2722 quae
1577 2689 1630 2715 sub
1641 2695 1766 2720 sensum,

982 2729 1083 2763 quibus
1104 2736 1156 2756 nos
1174 2736 1206 2756 ex
1223 2729 1255 2756 iis
1271 2738 1332 2765 qua;
1347 2730 1484 2766 videntur,
1506 2733 1643 2764 instructi.
1668 2733 1701 2761 ad
1723 2742 1769 2762 co-

430 2823 452 2839 "
466 2823 487 2851 ll
524 2825 587 2854 Cor.
604 2834 628 2860 ν,
645 2826 694 2859 18;
719 2826 818 2862 Ephes.
835 2835 867 2862 tt,
885 2827 929 2854 l8.
962 2827 984 2843 ⁵⁸
1003 2826 1086 2855 llebr.
1107 2836 1143 2862 Iv,
1163 2828 1206 2856 l2.
