1954 3071
185 127 235 159 831

764 126 926 157 JOANNIS
946 127 1225 158 CYPARISSIOTIE

1747 130 1813 162 832

186 184 347 217 piationem
368 189 526 216 magnorum
551 182 681 210 donorum
708 183 767 217 ejus
790 183 963 212 deducimur.
980 185 1001 212 A
1019 185 1149 216 nominat,
1174 185 1237 219 quia
1265 184 1365 219 praebet
1393 185 1470 212 nobis
1495 185 1722 220 similitLdiuem,
1747 194 1812 214 non

186 231 259 263 ipsas
273 237 319 263 per
334 236 362 255 se
375 229 490 262 primum
508 228 628 256 actiones
644 228 735 255 animo
751 236 889 257 versantes
903 249 910 260 ,
938 235 967 256 ut

184 276 207 301 si
230 275 291 309 quis
308 274 424 308 primum
448 279 612 305 creaturam,
638 275 679 301 vel
709 275 802 302 mundi
833 276 962 302 fabricant

184 320 275 352 ipsam,
285 327 331 353 per
349 326 378 345 se
392 318 501 352 cogitet,
514 319 585 345 velut
600 319 732 346 actionem
752 319 797 346 Dei
813 326 839 346 et
865 325 967 347 motum

184 364 303 394 intuens,
317 363 416 390 deinde
433 364 563 391 rationem
580 364 613 390 ad
629 365 759 398 producta
775 369 802 392 et
815 371 906 392 creata
927 374 969 392 rc-

184 409 263 435 l‘erat.
276 408 456 436 Conscmicns
468 413 556 435 autent
575 417 667 436 secum
686 410 757 437 idem
776 410 920 446 Dionysius
940 411 966 438 in

185 455 298 488 s'ngulis
314 454 410 481 horum
426 455 583 482 nominibus
595 463 642 489 per
653 456 756 487 omnia.
770 456 839 483 sicut
855 457 968 491 in_aliis,

183 500 220 526 ita
236 504 263 526 et
282 507 354 527 nunc
379 500 490 527 nomina
517 501 592 534 ponit
616 494 677 528 cum
705 501 877 535 adjunctione
901 503 968 529 deli—

183 546 286 576 niente,
307 545 378 579 quod
403 546 506 572 scilicet
528 553 575 580 per
594 554 623 573 se
645 547 730 580 pacis,
749 552 775 573 et
799 555 845 581 per
862 555 891 574 se
910 555 969 574 ma-

186 590 347 623 gnitudinis,
361 595 389 617 et
405 598 451 625 per
468 598 497 618 se
520 591 718 623 similitudinis.
740 597 767 619 et
791 593 919 624 aliorum.
943 599 970 621 et

184 643 279 662 eorum
294 642 354 669 qmc
374 636 510 662 contrarie
526 636 716 670 proferuntur,
733 642 761 664 ut
779 645 827 671 per
842 646 871 666 se
887 639 970 666 dissi-

183 682 356 712 militudinis,
369 689 417 715 per
432 689 460 709 se
475 682 651 714 diversitalis,
668 688 695 709 et
709 690 802 709 eorum
820 690 880 717 quae
896 688 969 715 sunt,

186 731 252 757 lllla,
271 730 295 753 et
312 734 373 760 qua:
391 734 486 753 eorum
502 732 604 761 partes,
621 733 716 755 MICIOT
728 732 767 755 GSI
789 728 871 761 Deus,
888 737 970 757 causa

182 777 212 798 et
231 771 357 804 ellector;
374 779 422 806 per
441 773 531 799 omnia
546 773 640 799 eodem
667 778 761 801 tenore
776 779 802 801 et
824 775 911 802 l'orma
925 776 972 802 dc—

185 823 388 855 monstrans_et
409 818 535 845 universa
569 819 700 852 producta
728 823 808 850 esse',
832 825 859 848 et
885 829 968 849 unum

186 867 292 888 tantum
307 870 400 889 eorum
417 864 539 890 omnium
554 863 717 898 principium
735 870 760 891 et
772 873 880 893 causam
895 875 966 898 esse.

185 916 268 934 tmttm
295 909 410 940 scilicet,
431 910 503 943 quod
533 914 575 936 est
599 918 765 944 supraquam
802 913 966 946 substantia,

184 962 245 987 quae
256 959 298 981 est
312 954 354 980 illa
372 955 448 981 beata
471 959 496 980 et
513 955 592 982 trium
613 964 789 990 personarum
814 965 920 987 natura.
932 961 969 989 Ut

184 1003 276 1025 anlem
292 1007 323 1025 ex
339 999 371 1026 iis
388 1008 448 1034 qua!
463 1001 548 1034 posita
574 1007 654 1033 sunt,
682 1005 860 1038 proprietates
886 1007 968 1033 etiam

187 1044 379 1078 percipiamus,
393 1051 432 1072 est
451 1046 556 1080 quidem
579 1055 629 1081 pax
655 1048 759 1077 divina.
784 1057 843 1084 qua:
862 1051 968 1078 diversa

187 1089 268 1115 nectit
282 1090 307 1116 in
322 1098 404 1116 unum
421 1091 502 1119 (dicta
519 1097 561 1118 est
576 1092 648 1118 enim
666 1095 855 1128 congrugatrix
871 1101 896 1122 et
912 1097 969 1123 col-

187 1134 293 1167 ligatrix
310 1135 414 1162 illorum
431 1137 523 1168 etiam,
539 1145 599 1171 quae
615 1138 732 1166 maxime
749 1140 848 1167 diversi
863 1143 969 1175 generis

187 1185 214 1206 et
231 1184 335 1207 natura;
357 1182 431 1215 sum)
452 1181 534 1208 multa
551 1182 576 1208 in
597 1179 838 1217 temperamentum
857 1188 971 1214 commi-

186 1231 265 1251 scens
278 1232 331 1252 non
346 1225 469 1256 confuse,
487 1233 574 1260 neque
591 1228 738 1260 permistc;
756 1229 802 1256 sed
819 1237 930 1258 servans
943 1232 969 1258 in

187 1269 302 1303 singulis
327 1271 527 1303 universitatem
556 1272 582 1299 in
602 1281 684 1300 unum
705 1275 802 1302 mentis
819 1275 969 1311 simplicem

187 1320 348 1348 conceptum
365 1316 468 1343 reducit
488 1317 537 1350 (l).
560 1317 658 1345 Deinde
677 1319 733 1346 haec
752 1319 840 1347 divina
859 1329 907 1355 pax
924 1330 971 1349 ve-

187 1359 237 1386 luti
254 1361 382 1388 unionem
401 1362 590 1396 multiplicium
607 1364 811 1391 ctdiversarum
830 1374 925 1394 vocum
945 1373 972 1395 et

188 1413 317 1432 sonorum
334 1406 420 1434 instar
434 1413 581 1435 concentus
597 1413 622 1436 et
636 1410 804 1444 symphoniae
819 1412 971 1446 pulcherri-

189 1458 233 1476 me
248 1451 368 1484 conlicit,
387 1452 454 1479 nihil
478 1460 511 1480 ex
534 1455 607 1488 gravi
633 1460 681 1481 aut
705 1461 786 1483 acuto
815 1457 969 1490 demutans,

1018 229 1090 264 quod
1117 230 1173 263 ipse
1199 230 1244 256 liat
1265 230 1345 257 nobis
1373 230 1471 258 similis
1488 230 1574 265 (nulla
1601 231 1673 258 enim
1696 232 1812 258 ellectis

1019 282 1080 301 cum
1097 275 1223 302 elIectore
1237 275 1397 307 similitudo,
1415 283 1476 302 cum
1490 276 1604 304 inlinitis
1620 281 1646 303 et
1660 277 1816 304 immensis

1020 321 1154 348 mensuris
1175 324 1200 347 et
1225 321 1376 348 intervallis
1393 321 1438 347 illa
1458 321 1491 348 ab
1507 327 1618 349 auctore
1634 322 1738 355 absint)
1756 322 1813 348 sed

1019 365 1131 398 potius,_
1147 365 1216 392 sicut
1233 365 1433 400 diximus,qnia
1453 365 1510 400 ipse
1526 371 1566 393 est
1584 365 1693 392 eﬂ‘ector
1710 373 1756 400 per
1775 373 1815 392 se

1019 411 1213 441 similitudinis,
1228 419 1280 445 qua
1296 418 1344 437 nos
1363 411 1416 438 Deo
1430 410 1561 438 elﬁcimur
1576 411 1695 438 similes:
1710 401 1813 437 E5101:

1019 456 1098 487 enim,
1119 456 1224 490 inquit,
1241 456 1435 489 misericordes,
1449 457 1516 484 sicut
1535 456 1611 483 Pater
1627 461 1707 484 vester
1727 457 1813 484 rwle-

1020 503 1067 529 slis
1081 502 1116 536 5‘;
1134 502 1203 529 idem
1221 507 1283 529 vero
1300 506 1342 529 est
1353 502 1434 529 etiam
1450 502 1677 530 dissimilitudinis
1692 507 1811 533 auctor.

1019 548 1082 582 quia
1101 547 1249 581 unicuique
1258 555 1351 574 eorum
1362 555 1422 581 quae
1431 547 1464 574 ab
1475 555 1506 574 eo
1517 546 1586 574 facta
1596 553 1668 579 sunt,
1681 547 1811 580 proprie-

1022 598 1102 620 tatem
1112 593 1219 624 indidit,
1234 598 1264 619 ut
1280 600 1419 626 nunquam
1433 593 1551 626 quandiu
1566 592 1669 626 singula
1678 592 1811 618 ordinata

1021 644 1095 670 sunt,
1109 640 1178 666 inter
1193 647 1222 666 se
1236 638 1410 666 conveniant.
1425 637 1452 664 Si
1466 643 1553 664 autem
1568 645 1665 664 nomen
1681 637 1807 671 ejusdem

1021 691 1047 712 et
1062 685 1162 712 diversi
1180 684 1234 710 Deo
1246 683 1431 714 attribuimus,
1457 690 1488 709 ex
1509 683 1543 710 iis
1561 689 1619 716 quae
1637 682 1765 716 produxit
1781 687 1811 708 et

1021 730 1133 756 donavit
1156 730 1301 756 sumimus.
1330 728 1377 756 Est
1402 728 1509 763 quidem
1537 727 1681 760 ταυτότης.
1709 727 1736 753 id
1765 731 1813 753 est

1023 775 1169 805 itlentitas,
1201 773 1371 808 conspiratio
1393 778 1421 800 et
1443 779 1594 801 consensus
1618 771 1811 799 universitatis

1023 828 1112 847 rermu
1134 828 1195 846 cum
1213 828 1267 846 uno
1287 819 1400 851 mundo,
1430 824 1456 846 ct
1478 819 1615 852 generatio
1633 818 1741 851 penitus
1760 817 1808 843 di-

1020 866 1165 897 stantium,
1182 872 1303 891 summas
1318 872 1411 890 eorum
1431 863 1575 897 qualitates
1592 863 1716 890 similiter
1736 862 1809 887 reti-

1019 918 1103 939 nens:
1121 915 1148 937 et
1170 910 1264 936 eadem
1281 908 1386 936 affectio
1401 909 1569 936 diversarum
1587 911 1758 936 naturarum,
1780 913 1810 932 et

1019 956 1191 984 dissimilium
1216 955 1345 990 partium.
1370 958 1413 982 est
1438 958 1527 981 autem
1545 961 1641 981 rursus
1657 952 1807 980 diversitas

1020 1003 1198 1036 multipartita
1216 1002 1345 1029 distantia
1363 1009 1456 1028 eorum
1472 1008 1531 1035 quze
1547 1000 1580 1026 ab
1597 1007 1650 1026 una
1669 999 1759 1025 radice
1777 998 1805 1025 in

1020 1047 1153 1074 inlinituiit
1171 1049 1326 1079 tenduntur,
1342 1051 1368 1073 et
1390 1045 1503 1073 variatio
1521 1046 1610 1071 omnis
1636 1044 1743 1078 generis
1773 1044 1801 1069 in

1020 1092 1143 1127 partibus
1160 1095 1186 1119 et
1205 1092 1334 1119 membris
1351 1090 1568 1125 uniuscujusque
1582 1109 1590 1122 ,
1616 1093 1644 1115 et
1664 1088 1805 1122 multiplex

1020 1146 1052 1165 ac
1062 1139 1134 1164 varia
1150 1136 1296 1164 multitudo
1308 1136 1452 1163 creationis
1465 1135 1584 1162 [ormaru
1598 1142 1631 1166 u;
1646 1134 1686 1160 sic
1697 1140 1810 1166 qunque

1021 1182 1162 1208 stationem
1180 1181 1226 1208 Dei
1245 1180 1390 1207 laudamus
1413 1180 1447 1206 ab
1471 1179 1506 1206 iis
1527 1186 1586 1213 quia
1604 1182 1630 1203 et
1652 1176 1809 1208 collocavit,

1020 1231 1047 1254 ct
1062 1227 1188 1259 ﬁrmavit.
1202 1230 1229 1253 et
1240 1226 1339 1261 quibus
1356 1226 1444 1252 locum
1461 1224 1587 1251 manendi
1598 1223 1672 1250 dedit
1685 1231 1691 1254 ;
1709 1226 1736 1249 et
1751 1229 1811 1248 mo-

1023 1277 1077 1298 tuin
1097 1279 1190 1299 rursus
1217 1271 1370 1302 laudamus,
1387 1269 1460 1304 quod
1485 1269 1542 1303 ipse
1566 1275 1627 1295 eum
1649 1268 1683 1294 sit
1706 1267 1810 1300 ali0qui

1022 1315 1181 1348 immobilis,
1198 1320 1225 1341 et
1238 1315 1376 1341 declinare
1389 1321 1443 1341 non
1459 1313 1545 1348 possit
1557 1332 1565 1344 ,
1583 1320 1632 1339 nec
1649 1312 1701 1338 ulla
1721 1312 1747 1338 in
1767 1319 1809 1343 re,

1022 1365 1067 1388 aut
1088 1360 1168 1387 modo
1184 1364 1336 1390 moveatur,
1353 1366 1441 1393 neque
1461 1362 1592 1388 mutetur,
1611 1362 1656 1384 aut
1674 1357 1808 1387 varietur,

1022 1405 1160 1432 voluntate
1177 1410 1279 1431 tantum
1295 1411 1390 1431 omnes
1406 1404 1510 1438 species
1525 1408 1552 1430 et
1567 1403 1670 1429 fortnas
1686 1407 1808 1428 πιυιοιικιπ

1023 1450 1161 1485 produxit,
1176 1454 1204 1476 et
1222 1449 1379 1480 renovavit,
1402 1449 1528 1475 emittens
1551 1454 1597 1474 eas
1621 1455 1674 1473 una
1697 1447 1811 1473 omnino

189 1495 235 1522 sed
251 1497 341 1530 potius
357 1502 467 1525 manent
483 1499 633 1525 secundum
651 1505 777 1527 naturam
798 1502 856 1529 sine
871 1503 969 1530 conru-
984 1500 1006 1529 C
1023 1503 1100 1531 Pace.
1114 1498 1257 1526 εοηοθηῑυο
1270 1498 1296 1522 ει
1310 1493 1469 1525 concordia.
1485 1493 1596 1528 ιιιιδηάο
1610 1496 1715 1526 000"“?l
1728 1492 1810 1517 εηίι·

190 1541 267 1569 sione
279 1546 406 1576 aptatam.
421 1548 450 1569 ut
463 1543 639 1578 ingeneretnr
653 1547 790 1579 copulatio
804 1555 970 1582 supraquam

191 1589 303 1622 cogitari
321 1593 419 1622 potest,
433 1589 574 1617 amatoriis
591 1591 755 1624 quibusdam
774 1592 918 1625 illecebris,
929 1595 972 1621 vel

191 1635 284 1661 nescio
302 1634 366 1668 quid
385 1634 504 1661 divinius
519 1635 607 1661 dicam
622 1655 629 1667 ,
647 1636 673 1663 in
692 1636 819 1664 unionem
843 1639 950 1666 redacta
963 1660 971 1671 ,

190 1685 372 1707 consentance
387 1680 467 1707 etiam
488 1688 537 1708 nos
554 1680 646 1708 divina
663 1682 790 1714 nomina,
808 1691 867 1718 qua:
884 1684 910 1710 iu
927 1685 973 1713 illo

193 1732 258 1756 uno,
284 1726 355 1759 quod
383 1729 424 1753 est
447 1733 612 1760 supraquam
639 1728 808 1759 substantia.
835 1732 972 1757 contraria

190 1778 253 1798 esse
271 1771 407 1804 videntur,
439 1772 503 1798 huic
526 1773 625 1799 divinze
647 1774 706 1807 paci
728 1774 921 1807 attribuimus;
948 1781 972 1803 et

194 1816 406 1851 magnitudinem
431 1818 464 1844 ad
482 1818 642 1852 parvitatem
668 1819 830 1851 referentes,
847 1820 872 1847 iu
893 1829 973 1848 unam

191 1869 286 1895 pacem
300 1861 474 1894 contulimus,
490 1863 703 1897 magnitudinem
726 1864 834 1899 quidem
848 1866 976 1893 delinien-

196 1913 248 1937 tes,
265 1914 315 1940 qua
330 1915 383 1934 non
398 1912 478 1942 queat
500 1908 587 1942 major
605 1909 690 1936 moles
706 1911 816 1944 reperiri
832 1919 839 1943 ;
856 1913 976 1945 parvita-

195 1958 250 1978 tem
275 1959 350 1985 vero,
372 1961 425 1987 qua
446 1961 499 1981 non
523 1955 608 1988 possit
625 1955 735 1987 minor;
761 1964 809 1990 per
831 1962 976 1992 utrumque

191 2006 305 2030 nomen,
322 2006 414 2033 pacem
431 1999 463 2026 ad
480 1999 613 2026 inliuitum
629 2000 712 2027 Deum
725 2007 891 2030 revocantes.
908 2002 977 2035 Quid

191 2044 267 2070 enim
297 2045 385 2078 majus
409 2044 561 2072 substantia
587 2046 714 2072 inﬁnita?
738 2051 785 2073 aut
801 2048 866 2081 quid
886 2056 978 2076 rursus

196 2088 246 2114 hac
262 2087 360 2119 lenius,
385 2096 445 2122 quae
469 2094 524 2116 tota
549 2097 597 2123 per
619 2090 785 2125 pulviculum
804 2092 977 2128 insecabilem

192 2132 339 2166 permeat?
356 2133 418 2159 Item
439 2135 520 2161 etiam
535 2135 625 2162 simile
640 2137 805 2163 arbitramur
824 2137 868 2164 etii
884 2142 925 2165 est
943 2138 979 2165 si-

1025 1547 1096 1572 tcre;
1114 1545 1141 1567 et
1164 1547 1259 1567 rursus
1282 1540 1315 1566 ad
1341 1547 1372 1567 se
1397 1546 1530 1566 revocans
1554 1539 1612 1572 ipsa
1640 1544 1689 1564 sua
1708 1545 1756 1571 per
1777 1543 1809 1563 se

1024 1594 1091 1621 pace
1115 1586 1263 1613 secundum
1281 1588 1382 1618 unam‘,
1409 1590 1437 1612 et
1463 1591 1602 1618 nunquam
1622 1583 1808 1610 intermissam

1024 1632 1220 1667 operationem.

1324 1664 1437 1714 CAPUT
1465 1685 1510 1714 ix.

1028 1746 1065 1774 De
1091 1747 1274 1780 omnipotente,
1298 1749 1467 1780 susceptare,
1485 1742 1618 1775 atljutorc,
1643 1744 1668 1766 ει
1688 1741 1722 1780 με
1748 1738 1812 1765 aliis

1063 1777 1210 1807 nominibus
1223 1800 1230 1810 ,
1247 1787 1304 1813 qum
1321 1779 1353 1804 de
1373 1779 1425 1813 Deo
1440 1777 1576 1813 dictm_tur_.
1593 1779 1616 1813 et
1633 1778 1693 1813 sunt
1718 1781 1811 1812 eorum

1063 1823 1120 1849 qum
1134 1810 1259 1840 dicuntur
1272 1812 1422 1849 adjaliquitl
1436 1819 1444 1837 :
1463 1816 1486 1837 et
1506 1811 1537 1836 de
1556 1810 1717 1849 diuinitnlle'.‘
1727 1810 1813 1849 eldsi-

1065 1842 1222 1877 militudine.
1253 1853 1277 1874 et
1304 1842 1455 1873 habitudine
1470 1865 1476 1874 .
1499 1852 1561 1880 rquw
1591 1844 1617 1869 in
1639 1842 1812 1880 acilii-mis,

1064 1889 1088 1910 et
1106 1876 1291 1911 imitantibus,
1317 1885 1340 1907 ct
1364 1876 1561 1907 similitudinum
1585 1876 1748 1915 capientibus
1772 1876 1814 1913 rli-

1065 1925 1160 1945 cuntur
1178 1916 1319 1943 secundum
1333 1915 1518 1943 intilalionem,
1530 1917 1555 1948 cf
1569 1911 1752 1948 similitudinis
1771 1911 1814 1948 in:

1065 1953 1272 1987 formationem.‘
1286 1954 1309 1976 et
1333 1949 1514 1987 habiludinent
1537 1946 1601 1987 Iiei,
1616 1946 1659 1980 qui
1682 1950 1719 1971 est
1741 1946 1812 1987 omni

1065 1981 1218 2014 'ltabitudine
1233 1985 1378 2014 solutus,“
1391 1991 1490 2009 onmem
1506 1981 1676 2007 imitationem
1692 1982 1811 2016 superat,

1066 2013 1089 2048 et
1106 2023 1136 2049 de
1152 2021 1316 2054 deiﬁcalione
1334 2013 1477 2054 Secundino
1489 2016 1677 2054 habitudinem.
1697 2018 1720 2040 et
1734 2013 1764 2054 rlc
1778 2013 1812 2037 iis

1067 2064 1125 2090 qua:
1149 2050 1317 2090 dicuntur‘ut
1343 2051 1523 2079 excellentiam
1545 2050 1689 2079 declarent,
1713 2052 1740 2073 ut
1767 2053 1813 2072 rea:

1067 2088 1166 2126 regum,
1188 2090 1254 2116 Deus
1272 2088 1389 2114 deorum.

1069 2123 1216 2170 Gregorius
1242 2134 1379 2168 [\‘yssenns
1397 2131 1422 2157 in
1439 2127 1670 2157 confutationibus
1686 2123 1813 2152 Eunomii

196 2178 319 2205 militudo
335 2181 538 2207 communionis
554 2188 615 2208 cum
641 2182 696 2209 alio
713 2183 755 2209 vel
778 2183 803 2209 in
830 2184 977 2216 coloribus,
994 2168 1016 2196 Β
1029 2185 1099 2211 libro
1114 2168 1235 2210 secundo
1249 2189 1257 2208 :
1275 2179 1429 2215 Reperilu/r,
1448 2176 1545 2210 inquit,
1557 2175 1624 2201 nihil
1637 2173 1710 2200 aliud
1727 2171 1814 2207 signi-

197 2224 236 2250 t-el
255 2225 494 2258 propensionibus,
513 2227 553 2253 vel
577 2227 709 2259 moribus,
726 2233 753 2254 et
770 2228 868 2261 modis,
886 2229 926 2256 vel
952 2231 978 2257 in

196 2268 440 2302 gnbernationibus
455 2277 555 2300 rerum,
568 2270 608 2296 vel
624 2270 650 2296 in
671 2270 736 2302 alio,
752 2276 781 2297 ut
806 2271 906 2306 aliquis
931 2280 979 2306 p0-

196 2317 251 2340 tcst
265 2313 401 2347 conjicere
421 2314 625 2340 similitudinem
649 2321 852 2349 comparentem
873 2325 879 2342 :
896 2317 980 2344 dissi~

198 2357 263 2384 mile
276 2365 350 2390 vero,
366 2360 444 2392 cujus
460 2358 534 2385 nulla
551 2363 592 2385 est
604 2359 755 2387 similitudo
773 2361 923 2388 secundum
940 2370 982 2389 ra-

197 2403 286 2430 tiones
303 2408 329 2430 et
341 2403 437 2431 modos
451 2405 530 2431 nobis
543 2409 633 2436 notos,
644 2406 807 2434 desiderium
826 2413 915 2435 tamen
931 2416 981 2436 no-

199 2448 282 2475 minis
305 2447 371 2480 Dei,
387 2456 440 2483 quo
457 2453 592 2480 tenemur,
611 2450 636 2476 in
653 2459 705 2477 una
723 2459 788 2486 pace
807 2454 982 2488 cnngrcgavit

200 2492 269 2525 lucc,
290 2498 317 2520 et
332 2493 447 2522 laudans
461 2495 666 2523 similitudinem
692 2497 736 2524 Dei
749 2516 756 2529 ,
773 2498 888 2525 similem
903 2499 983 2526 nobis

236 2559 259 2575 ‘"
282 2559 350 2587 Luc.
367 2567 404 2593 vi,
418 2560 462 2588 56.

1030 2230 1112 2256 licare
1129 2229 1155 2254 in
1168 2226 1256 2254 divina
1270 2223 1388 2259 potentia
1404 2230 1500 2248 nomen
1515 2219 1719 2254 omnipotentis,
1732 2224 1813 2246 quam

1032 2273 1126 2302 referri
1144 2273 1234 2306 aliquo
1256 2270 1339 2297 modo
1360 2269 1391 2295 ad
1413 2267 1513 2302 aliquid
1533 2264 1721 2299 operationem
1745 2269 1814 2288 con—

1033 2321 1162 2347 liuentem
1181 2317 1296 2352 imperio
1312 2318 1339 2342 et
1353 2313 1491 2341 dominatu
1511 2319 1541 2337 ea
1561 2318 1621 2345 qua:
1639 2309 1666 2335 in
1690 2312 1814 2334 creatura

1034 2365 1126 2393 mundi
1142 2363 1366 2396 contemplatnur,
1392 2359 1443 2386 hoc
1466 2358 1536 2385 enim
1559 2357 1610 2386 vis,
1635 2361 1696 2389 quae
1719 2354 1745 2379 in
1765 2353 1816 2378 hoc

1035 2411 1144 2438 nomine
1168 2409 1300 2438 cernitur,
1323 2406 1501 2433 demonstrat.
1527 2402 1559 2428 Et
1581 2402 1652 2428 sicut
1675 2406 1813 2432 nunquam

1035 2461 1106 2482 esset
1125 2453 1257 2484 medicus,
1270 2451 1321 2478 nisi
1340 2454 1449 2484 propter
1465 2452 1599 2481 mgrotos;
1617 2451 1702 2478 neque
1718 2450 1814 2469 rursus

1037 2498 1195 2525 misericors
1209 2496 1403 2525 nominaretur.
1418 2497 1464 2519 aut
1479 2494 1632 2521 miseratur,
1646 2494 1672 2516 et
1690 2487 1817 2514 similiter

795 2622 809 2635 ο
933 2616 1068 2647 Scholia.

242 2692 279 2727 (l)
298 2691 404 2723 Album,
417 2696 442 2718 et
460 2692 573 2726 nigrant,
589 2696 617 2719 et
635 2692 753 2727 reliquas
765 2692 868 2726 species
884 2693 984 2720 coloris

207 2728 235 2754 in
254 2735 337 2754 unum
353 2733 513 2761 conceptum
531 2727 680 2760 simplicem
704 2728 804 2754 coloris
828 2735 889 2757 cum
908 2735 984 2753 mens

207 2763 323 2793 reducit,
339 2762 542 2788 universitatem
558 2762 665 2795 generis
682 2762 708 2788 iti
726 2764 767 2789 eis
784 2766 884 2792 servat,
897 2770 983 2795 neque

206 2798 279 2824 enim
290 2796 475 2824 convenientia
488 2797 513 2823 in
526 2797 701 2823 universitate
714 2797 830 2830 generis,
843 2796 983 2824 confundit

1036 2694 1154 2726 species;
1172 2700 1260 2728 neque
1282 2691 1426 2729 diversitas
1447 2690 1549 2729 speciei
1566 2688 1634 2716 tollit
1650 2687 1815 2729 convenien-

1036 2730 1100 2754 tiam
1118 2729 1144 2755 in
1165 2726 1357 2759 universitate;
1374 2726 1421 2754 sed
1447 2726 1504 2752 haec
1531 2726 1676 2752 consensio
1699 2726 1725 2749 in
1750 2729 1817 2748 con-

1036 2768 1132 2790 tentus
1148 2771 1161 2790 a
1181 2771 1246 2798 pace
1265 2763 1355 2790 divina
1373 2761 1564 2796 proficiscitur.
