1954 3071
107 163 163 195 8ι3

459 158 577 188 DECAS
594 158 625 186 V.
647 168 680 174 -
694 155 742 186 DE
755 152 1084 184 l‘BOPRiET.\'l‘£BUS
1098 155 1213 186 DlVlN.
1231 155 1365 187 ΝΟΜΞΝ.

1680 159 1732 190 8H

109 221 138 246 in
163 217 224 245 aliis
250 215 384 251 ejusmodi
399 235 407 248 ,
427 215 478 242 nisi
506 217 579 240 esset
601 214 648 247 qui
674 210 848 238 miseratione
872 215 898 236 et
914 212 933 238 Α
951 220 1040 238 sccum
1059 213 1159 239 infert?
1174 217 1200 240 et
1218 213 1384 247 refrigeratio
1401 212 1598 248 refrigeratum,
1613 219 1639 242 et
1654 215 1732 242 rem-

109 263 302 292 misericordia
320 262 468 296 indigeret;
487 261 526 287 sic
541 260 623 285 etiatn
640 265 690 284 nec
715 257 899 290 omnipotens.

109 311 164 338 uisi
183 310 272 336 omnis
295 314 418 336 creatura
435 307 609 336 dominante,
625 309 651 332 et
667 304 693 331 in
710 311 742 329 eo
758 303 828 336 quod
843 306 900 332 est,

109 365 172 384 eam
199 358 378 382 conservante
401 353 543 387 indigeret.
571 349 749 378 Ut‘medicus
773 349 854 382 igitur
875 347 900 374 ei

115 403 164 437 qui
185 401 327 428 curatione
345 399 458 434 indiget.
483 398 644 428 adhibetur;
671 396 710 422 sic
725 394 899 427 omnipotens

112 448 149 477 ei.
164 447 207 472 cui
224 454 291 480 opus
306 449 347 472 est
365 443 448 470 teneri
462 443 615 469 dominatu.
635 440 667 467 Et
680 440 750 467 sic-it
767 439 834 464 bene
854 444 900 462 va-

113 492 234 518 lt-ntihus
246 499 297 517 non
315 498 385 524 opus
397 494 438 516 est
450 487 567 519 medico,
584 487 629 514 sed
647 486 715 512 male
729 483 900 514 habentibus;

114 538 154 564 sic
170 540 370 570 consequenter
387 539 459 560 recte
475 533 527 560 dici
544 535 641 566 potest,
657 538 718 558 eutn
742 530 768 556 itt
784 535 840 563 quo
853 535 901 554 na-

113 588 176 609 tura
193 582 320 617 abet'rare
332 587 356 607 et
374 580 426 606 labi
444 587 497 606 non
515 582 615 613 potest,
644 584 697 603 non
712 576 831 609 indigere
849 574 902 600 alio

114 637 129 655 a
146 637 202 662 quo
217 632 352 653 teneatur.
367 625 398 651 Et
416 632 531 658 magnus
547 623 701 657 Dionysius,
719 621 744 647 in
759 620 838 654 epist.
856 627 900 646 se-

114 674 204 700 cunda
228 672 259 698 ad
280 671 374 697 Caium
392 677 400 696 :
418 670 558 702 Quomodo
584 669 664 699 Dcus,
689 666 734 699 qui
756 669 797 692 est
817 671 900 698 Supra

115 719 222 749 omnia,
240 723 280 743 cst
307 708 389 749 supra
411 714 574 749 principium
592 711 761 742 divinitatis,
778 713 804 736 et
820 716 900 743 supra

118 765 284 799 principium
322 760 470 788 bonitatis?
497 759 600 785 scilicet
628 757 651 784 si
678 756 847 784 divinitatem
873 759 900 780 et

119 811 297 837 Ιιυιιίιιιειηειιι
326 807 462 841 intelligas
487 812 547 832 esse
573 805 673 830 dututm
701 802 801 835 ipsum,
828 800 898 834 qttol

117 857 184 882 tlcos
199 859 225 881 et
240 855 324 880 bonos
339 851 411 883 facit,
430 856 456 877 et
470 851 555 883 ipsam
569 849 747 875 itttitatiottem
765 846 802 880 ξι)
820 853 899 879 qttattt

118 901 228 935 assequi
247 907 299 926 non
323 904 479 932 pussuntus,
499 895 544 922 Dei
560 899 587 921 et
600 894 674 926 boui,
689 893 734 927 qui
749 897 789 918 est
805 898 900 924 supta-

117 955 198 981 quam
217 946 296 975 Deus,
315 948 341 969 ct
363 948 525 976 supraquatn
552 940 639 966 bonus
656 947 709 974 qua
730 938 767 964 dii
793 941 819 963 et
839 937 901 963 boui
921 953 923 955 ›

119 991 170 1018 ι-ίῐὶπ
182 991 264 1017 imur.
280 988 386 1015 Etenim
403 988 425 1013 si
444 986 495 1013 hoc
510 990 550 1012 est
570 984 741 1018 principium,
760 990 813 1017 quo
828 981 901 1008 deiﬂ~

120 1043 227 1064 cantur.
244 1039 271 1060 ct
285 1033 346 1060 boni
370 1032 511 1063 efﬁcimur,
535 1030 580 1064 qui
602 1033 643 1055 est
665 1027 755 1055 omnis
773 1025 902 1062 principii

119 1087 287 1115 supraquam
309 1078 474 1114 principium
489 1097 496 1108 ,
520 1076 600 1102 etiam
615 1077 656 1101 est
678 1080 758 1107 supra
775 1070 903 1099 divinita-

121 1131 174 1153 tem
189 1130 215 1151 ct
232 1124 388 1156 bonitatem,
408 1123 460 1149 hoc
477 1127 528 1153 est,
549 1127 631 1153 supra
648 1118 809 1153 principium
832 1115 903 1143 divi-

122 1171 227 1203 nitatis,
246 1175 272 1196 et
291 1168 454 1204 principiutn
470 1167 607 1194 bonitatis.
626 1165 693 1197 Quia
708 1164 780 1190 enim
795 1170 849 1189 nun
863 1166 905 1188 est

123 1216 277 1246 imitabilis,
296 1222 383 1248 neque
400 1213 491 1239 haberi
508 1215 607 1246 potest,
625 1209 760 1237 antecellit
776 1207 905 1234 imitatio-

123 1262 204 1288 nibus
217 1265 242 1287 et
260 1258 475 1289 ltabitudinihtts,
490 1261 515 1284 et
529 1256 570 1283 eis
583 1256 632 1289 qui
651 1254 798 1285 imitantur,
816 1258 842 1279 et
858 1253 906 1279 ha-

123 1306 263 1334 biludines
280 1304 451 1339 participant.
465 1301 577 1335 Magnus
594 1299 758 1326 Athanasius
785 1298 812 1324 in
838 1297 906 1324 libro

125 1353 162 1378 De
175 1350 356 1387 incarnatione
377 1348 451 1375 Verbi
466 1347 514 1373 llei
527 1354 536 1372 :
553 1345 606 1372 Deo
632 1345 723 1379 igitur,
741 1344 836 1378 inquit,
854 1350 908 1369 non

123 1404 167 1424 est
183 1395 281 1423 similis
302 1394 387 1420 Filius
406 1393 487 1424 Deus,
505 1391 654 1422 sed.unum
672 1394 698 1416 et
723 1389 814 1421 idem,
838 1388 909 1415 sicut

124 1443 257 1475 scriptum
272 1445 311 1466 est
331 1447 338 1465 :
355 1438 409 1473 Ego
428 1442 453 1464 et
472 1436 551 1463 Pater
571 1443 651 1462 unum
674 1442 765 1460 sumus
777 1433 799 1448 ⁸³
814 1443 821 1460 :
839 1433 908 1459 diti—

127 1489 240 1514 ttitatctu
269 1486 461 1517 interpretatus
487 1487 528 1508 est
554 1481 703 1510 unitatem;
734 1478 904 1505 divinitatem

951 263 1089 291 gemment
1101 278 1107 286 .
1124 263 1151 285 et
1166 258 1234 285 visio
1254 259 1353 289 visum,
1370 265 1396 285 et
1412 259 1564 292 videntem;
1580 263 1608 286 et
1624 259 1728 288 ἰηιεὲὶί-

952 303 1039 336 gentia
1058 303 1223 330 intellectam
1246 311 1312 335 rem,
1327 308 1354 331 et
1369 304 1564 338 intelligentcm
1579 306 1643 338 (non
1659 306 1733 331 enim

952 353 1038 382 potest
1057 349 1189 376 habitudo
1202 350 1262 376 sine
1276 350 1438 376 habentibus
1455 350 1641 377 habitudinem
1659 351 1711 377 dici
1727 371 1734 383 ,

951 399 999 420 aut
1013 394 1149 429 intelligi),
1160 395 1208 427 sic,
1222 400 1251 422 ut
1265 403 1432 429 consequens
1445 400 1493 427 est,
1511 395 1644 422 deiﬁcalio
1658 395 1736 422 deiﬁ—

951 444 1050 471 catum,
1067 445 1094 466 et
1109 439 1278 467 deificantem
1293 448 1385 467 secum
1403 440 1513 467 inducit.
1530 440 1601 467 Idem
1621 448 1627 466 :
1648 441 1735 475 Opor-
1772 465 1777 469 .

951 486 1034 517 tcbat,
1052 491 1081 511 ut
1099 492 1161 511 vere
1177 486 1264 512 dicam
1279 505 1287 516 ,
1313 494 1373 512 eum
1398 487 1443 520 qui
1464 490 1505 512 est
1531 491 1626 513 auctor
1640 495 1734 513 eorutn

952 536 1011 562 quae
1028 529 1176 556 secundum
1190 535 1315 556 naturam
1331 535 1404 562 sunt,
1423 538 1483 557 esse
1496 531 1576 557 etiam
1593 535 1733 558 auctorem

952 573 1131 601 deificaliouis
1149 576 1298 601 secundum
1317 575 1442 609 gratiam.
1455 575 1527 602 Idem
1546 576 1645 603 iterum
1661 585 1667 603 ε
1685 576 1743 603 De--

953 620 1116 651 monstravi,
1138 620 1236 653 inquit,
1253 620 1371 647 divinam
1392 621 1551 654 potentiam,
1572 629 1632 655 quae
1649 629 1731 656 supra

953 664 1134 691 substantiam
1153 669 1215 708 est,
1236 663 1339 691 ellic'ere
1360 665 1560 692 tleilicationem
1576 674 1670 693 eorum
1687 667 1733 700 qui

954 709 1105 736 secundum
1122 710 1237 743 gratiam
1255 709 1371 736 deiiicati
1387 714 1462 737 sunt.
1482 710 1627 744 Gregorius
1642 711 1733 738 Theo-

953 756 1043 789 logtts,
1063 756 1089 782 in
1106 756 1230 798 oratione
1249 760 1392 789 postquam
1416 754 1502 781 factus
1518 761 1559 781 est
1573 755 1714 789 presbyter
1728 764 1736 783 :

956 800 1137 827 Solitudinem
1151 820 1158 832 ,
1185 800 1431 834 inquit,unaaime
1449 800 1570 826 omnium
1595 800 1739 834 amplexus

955 851 1067 878 s-.tm,et
1092 852 1217 879 tanquam
1244 845 1401 878 adiutricem
1434 849 1461 871 et
1488 850 1626 878 parentem
1654 845 1738 872 divini

955 899 1085 918 ascensus
1099 895 1125 917 ct
1141 890 1263 917 deiﬁcatn
1293 890 1467 916 vehementer
1495 890 1644 916 admiratus
1668 897 1739 916 Sum.

957 937 1059 963 Rursus
1077 942 1191 970 magnus
1206 939 1233 961 et
1247 934 1354 962 divinus
1373 935 1534 969 Dionysius,
1559 943 1619 969 cap.
1638 935 1682 967 lt),
1704 935 1740 960 Ι)ι

956 982 1050 1008 divinis
1065 981 1226 1012 nominibus,
1258 981 1294 1007 ait
1316 989 1322 1006 :
1339 980 1442 1006 Dititur
1459 985 1548 1007 autem
1568 980 1739 1015 omnipotens

957 1027 1037 1055 Deus.
1056 1031 1085 1053 ttt
1100 1028 1191 1053 omnia
1202 1026 1341 1052 dominatu
1355 1033 1404 1052 stto
1416 1029 1520 1057 tenens,
1536 1030 1562 1052 et
1574 1025 1619 1059 qui
1633 1025 1666 1052 iis
1682 1033 1743 1056 utne

956 1073 1096 1106 gubernat,
1115 1075 1213 1106 prmest
1231 1079 1284 1099 non
1299 1071 1382 1098 tuixte
1397 1071 1453 1105 (2);
1469 1075 1494 1098 et
1511 1076 1540 1097 ut
1552 1070 1681 1098 omnibus
1697 1071 1743 1096 ειν-

957 1117 1120 1149 sidcrabilis,
1139 1122 1166 1143 et
1179 1116 1321 1148 amabilis;
1339 1120 1366 1142 et
1386 1117 1491 1143 cunctis
1504 1116 1568 1150 juga
1588 1115 1739 1142 voluntaria

959 1164 1100 1197 imponens
1116 1163 1164 1198 (5),
1175 1166 1202 1189 ει
1213 1162 1307 1189 dulces
1323 1162 1517 1195 parturitiones
1529 1161 1631 1188 amoris
1643 1161 1741 1194 divini,

958 1213 985 1235 et
1010 1209 1217 1242 omnipotentis,
1250 1213 1278 1234 et
1304 1207 1458 1234 insolubilis
1488 1207 1574 1241 ipsius
1603 1206 1742 1234 bonitatis.

961 1255 1109 1289 Gregorius
1126 1254 1275 1289 Nysscnus,
1303 1255 1329 1280 iu
1354 1254 1440 1287 primo
1457 1252 1526 1280 libro
1542 1257 1634 1279 contra
1649 1252 1744 1279 Euno-

960 1302 1061 1328 miunt:
1074 1300 1142 1333 Alia,
1155 1300 1254 1334 ittqttit,
1267 1299 1375 1326 nomina
1389 1303 1492 1325 tantum
1508 1299 1659 1332 signiﬁcant
1673 1297 1744 1332 quod

961 1351 1002 1374 est
1021 1347 1053 1373 ad
1074 1347 1176 1381 aliquid
1191 1346 1268 1378 utile,
1283 1349 1310 1372 ut
1324 1344 1441 1380 adjutor,
1459 1343 1596 1375 defensor.
1611 1349 1638 1372 et
1652 1350 1745 1371 susce-

961 1397 1031 1425 ptor,
1046 1395 1072 1417 et
1089 1398 1258 1425 quaecunque
1271 1390 1350 1424 hujus
1367 1389 1573 1423 signiﬁcationis
1600 1389 1741 1424 reperiun-

963 1441 1017 1469 tur,
1036 1437 1135 1471 quibus
1151 1436 1172 1462 si
1185 1436 1288 1462 adiutas
1299 1440 1421 1469 egentem
1438 1442 1499 1468 ope,
1512 1441 1596 1461 vacua
1617 1439 1643 1461 et
1657 1434 1746 1460 otiosa

964 1481 1044 1508 fuerit
1062 1481 1102 1508 vis
1115 1501 1122 1512 ,
1141 1487 1201 1515 quae
1218 1480 1244 1506 itt
1262 1480 1319 1513 ipso
1337 1479 1445 1505 nomine
1470 1479 1601 1506 cernitur.
1635 1478 1745 1505 Rursus

127 1540 191 1558 \‘CI'O
206 1538 258 1556 IN)“
281 1529 369 1564 qualis
386 1532 428 1554 est
440 1533 545 1557 eorum,
639 1523 702 1550 facti
717 1521 832 1549 sunt
847 1529 854 1546 ἒ
870 1520 907 1546 εἱ-
922 1541 943 1569 c
965 1526 1110 1560 Dionysius
1125 1532 1185 1558 cap.
1248 1545 1255 1556 ’
1273 1524 1306 1550 de
1323 1523 1424 1550 eisdem
1446 1522 1545 1550 divinis
1569 1522 1746 1550 nominibus:

126 1577 235 1612 quidem
255 1576 323 1602 hanc
336 1574 373 1600 illi
391 1579 542 1607 opponens,
563 1570 645 1601 Deus,
663 1569 761 1602 inquit,
793 1571 833 1593 est
855 1573 909 1592 non

128 1611 200 1651 sicut
225 1623 306 1648 homo
322 1620 355 1646 ad
371 1616 578 1646 similitudinem
602 1614 648 1641 Dei
673 1613 771 1644 factus,
794 1617 820 1638 et
841 1611 910 1638 Deus

129 1669 288 1696 nominatus
314 1668 424 1700 propter
448 1660 665 1689 similitudinem.
697 1658 730 1685 Et
762 1656 910 1691 Gregorius

127 1713 268 1748 Nyssenus
293 1711 320 1737 in
347 1709 465 1743 quodam
493 1706 560 1732 libro
584 1712 616 1731 ex
640 1703 696 1731 suis
721 1702 912 1730 confutatoriis

128 1747 223 1786 contra
240 1755 400 1783 liunumium
415 1762 422 1780 :
436 1753 467 1779 Et
482 1751 505 1779 si
517 1751 640 1778 inimicus
652 1748 757 1775 Domini
768 1747 911 1774 Dotninum

128 1801 252 1829 nominet
271 1800 354 1825 Deum
366 1819 373 1831 ,
388 1798 484 1824 nititur
500 1801 658 1829 comparare
674 1793 747 1820 illunt
766 1800 826 1819 ettm
842 1792 911 1818 divi-

129 1849 214 1875 nitate
232 1845 343 1878 Movsis.
363 1843 480 1869 Sanctus
494 1841 626 1868 Maximus
642 1840 668 1865 in
686 1838 796 1865 scholiis
813 1838 912 1870 Diony—

83 1882 86 1888 λ
129 1895 175 1924 sii,
203 1892 295 1923 Recte,
323 1889 419 1923 inquit.
436 1886 503 1914 dixit
518 1885 686 1912 divinitatem
705 1891 786 1918 supra
804 1889 912 1910 omnem

129 1939 293 1968 bonitatem,
310 1940 337 1962 et
352 1933 539 1961 divinitatem;
562 1931 704 1958 inferiores
719 1929 801 1962 igitur
813 1928 913 1955 divini-

130 1989 200 2011 tatcs
225 1981 344 2014 intellige
359 1978 527 2013 angelorum,
549 1982 575 2003 et
600 1976 742 2003 hominum
763 1975 912 2008 justorum.

131 2030 249 2058 Sanctus
261 2026 381 2054 Joannes
396 2025 594 2054 Damascenus,
609 2023 679 2048 libro
695 2029 724 2047 ιιι
743 2020 778 2047 De
793 2021 846 2054 ﬁde
869 2028 912 2046 or-

131 2076 258 2106 thodoxa,
273 2081 334 2108 cap.
352 2072 396 2098 12.
411 2069 508 2101 Natus,
526 2069 623 2104 inquit,
638 2075 669 2094 ex
684 2066 804 2101 Virgine,
823 2074 914 2101 egrcs-

130 2131 178 2150 sus
196 2126 285 2148 autent
303 2118 373 2146 Deus
390 2124 451 2143 cum
465 2122 548 2142 carne
563 2119 718 2148 assumpta,
732 2113 791 2146 jam,
805 2113 862 2146 ipsa
879 2112 913 2138 ab

130 2175 164 2196 eo
178 2168 316 2197 dciticata,
338 2162 421 2190 simul
438 2166 467 2188 ut
481 2160 610 2194 producta
625 2163 677 2189 est.
693 2164 720 2184 ct
740 2165 799 2184 esse
811 2157 911 2191 erepit:

963 1570 1029 1602 Quia
1044 1589 1051 1601 ,
1069 1570 1166 1603 inquit,
1183 1574 1276 1595 auctor
1294 1567 1415 1594 omnium
1433 1567 1584 1594 secundum
1605 1575 1686 1593 unam
1702 1574 1750 1592 t-x-

962 1615 1116 1642 cellcntiam
1137 1614 1263 1641 universa
1281 1617 1487 1646 exsuperantem
1505 1617 1547 1638 est
1565 1619 1646 1646 supra
1665 1619 1747 1646 quam

962 1661 1072 1696 plettus,
1089 1665 1200 1687 sanctus
1216 1662 1385 1689 sanctorum,
1398 1661 1424 1684 et
1440 1657 1500 1684 aliis
1516 1656 1648 1692 ejusmodi
1663 1656 1750 1683 uomi-

963 1707 1044 1734 nibus
1059 1705 1197 1732 laudando
1214 1704 1371 1730 nominatur
1387 1703 1580 1729 convenienter
1595 1709 1685 1729 causa:
1702 1709 1749 1728 su-

964 1750 1116 1786 perﬂuenti,
1134 1753 1160 1775 et
1174 1748 1339 1775 excellentia:
1353 1746 1473 1778 eximia,
1494 1751 1523 1772 ut
1542 1746 1564 1772 si
1581 1745 1642 1779 quis
1657 1745 1728 1771 dicat
1742 1765 1750 1775 .

963 1800 1064 1829 quanto
1074 1793 1239 1820 antecellunt
1252 1796 1354 1822 sancta,
1368 1795 1414 1817 aut
1427 1790 1529 1818 divina.
1545 1794 1590 1816 aut
1601 1790 1745 1816 dominan-

964 1840 1010 1871 tia,
1028 1843 1075 1865 aut
1090 1838 1163 1872 regia
1177 1838 1211 1864 iis
1225 1844 1284 1871 qua:
1298 1844 1352 1863 non
1371 1840 1434 1863 sunt
1449 1836 1521 1867 talia,
1534 1840 1561 1861 et
1577 1842 1672 1861 rursus
1687 1834 1751 1868 ipsa:

963 1893 1012 1922 per
1028 1892 1056 1912 se
1075 1883 1296 1918 participationes
1312 1881 1556 1915 participantibus;
1579 1885 1652 1907 tanto
1669 1884 1747 1906 ante-

964 1930 1035 1957 cellit
1054 1928 1180 1955 omnibus
1198 1934 1257 1962 qua:
1273 1931 1353 1958 sunt,
1378 1925 1424 1959 qui
1442 1929 1483 1951 est
1498 1932 1579 1958 supra
1596 1925 1704 1956 omnia,
1724 1923 1752 1950 ιι

964 1974 1092 2001 ontnibus
1108 1971 1344 2007 participautibus,
1365 1975 1392 1996 et
1419 1969 1688 2004 participationibus,
1704 1969 1753 2004 qui

965 2024 1009 2047 est
1024 2026 1106 2046 causa
1126 2026 1178 2045 non
1193 2017 1364 2052 participata.
1383 2015 1497 2042 Sanctus
1512 2020 1601 2041 autem
1619 2019 1646 2041 et
1664 2022 1752 2049 reges.

966 2071 1046 2099 atque
1061 2064 1196 2094 dominos,
1215 2067 1242 2090 et
1256 2062 1320 2089 deos
1337 2065 1435 2088 vocant
1453 2061 1602 2094 Scriptura:
1617 2060 1754 2094 principa—

966 2108 1050 2135 liores
1077 2107 1104 2134 iu
1128 2113 1292 2141 unoquoque
1316 2105 1437 2132 ordines.
1459 2104 1536 2137 Quod
1557 2105 1666 2138 quidem
1691 2111 1753 2131 cum

966 2161 1077 2183 sanctus
1094 2154 1227 2180 Maximus
1248 2152 1370 2183 adttotat,
1387 2151 1524 2186 principes
1544 2151 1590 2185 qui
1609 2150 1748 2177 inferiori—

131 2215 169 2240 ita
186 2217 216 2239 ut
231 2210 312 2238 simul
335 2211 392 2235 hate
408 2207 461 2233 tria
481 2209 583 2237 essent,
601 2203 765 2236 assumptio,
779 2202 914 2228 exsisten-
932 2198 952 2225 Ι)
971 2203 1021 2229 bus
1046 2203 1183 2235 prmsunt,
1208 2198 1244 2225 ait
1272 2197 1363 2224 vocari
1388 2196 1537 2224 Secundum
1565 2195 1757 2222 excellentiam

132 2259 179 2291 tia,
197 2255 333 2285 dcilicatio
355 2253 439 2288 ipsius
463 2251 496 2278 ab
516 2251 574 2285 ipso
598 2249 685 2276 Verbo
708 2248 790 2275 facta.
814 2247 916 2275 Rursus

131 2308 242 2332 sanctus
261 2301 394 2328 Maximus
407 2298 433 2324 in
451 2296 633 2331 disputatione
649 2299 746 2322 contra
762 2293 914 2329 Pyrrhum:

132 2350 209 2376 Sicut
226 2345 403 2374 inﬂammatio
418 2343 633 2373 inﬂammatum,
654 2344 681 2367 ει
703 2340 914 2367 inﬂammantem

173 2406 194 2422 "
209 2404 288 2432 Joan.
315 2410 342 2429 ι.
364 2399 409 2428 '50.

969 2253 1091 2277 sanctos.
1106 2249 1134 2272 et
1151 2244 1276 2271 dominus
1288 2249 1315 2270 et
1331 2251 1418 2277 reges,
1430 2247 1455 2268 et
1467 2241 1549 2273 deos;
1563 2241 1633 2268 sicut
1647 2245 1673 2267 et
1686 2240 1757 2266 inter

971 2293 1094 2320 homines
1107 2291 1124 2317 ii
1134 2290 1180 2324 qui
1197 2287 1505 2323 sun[tam-lletttissitni,
1521 2288 1560 2314 sic
1574 2286 1755 2320 appellantur.

970 2340 1009 2366 Ex
1028 2337 1128 2372 quibus
1142 2336 1257 2368 Cmcilul‘
1274 2331 1444 2361 manifestum
1457 2350 1465 2364 ,
1487 2331 1568 2359 aliam
1590 2331 1699 2363 quidem
1717 2331 1757 2356 si—

862 2443 1001 2475 Scholia.

169 2503 207 2537 (l)
224 2501 314 2534 Ipsam
327 2498 505 2537 imitationem
530 2495 587 2524 Dei.
603 2494 726 2537 latitatio
739 2494 783 2537 Dei
801 2500 912 2537 v'oeatur

133 2530 277 2568 dedicatio,
288 2536 351 2567 quia
360 2542 412 2560 tton
427 2533 594 2568 deiﬁcamur,
605 2531 654 2558 nisi
671 2530 801 2568 imitando
813 2530 911 2568 Deum;

134 2565 354 2603 tlctlicatio'ipsa,
370 2567 492 2603 quasdici
515 2566 585 2593 solet
611 2573 658 2603 per
672 2573 702 2603 se
715 2565 916 2603 deilicatio,_cst

134 2612 234 2634 donum
254 2599 308 2637 Det',
322 2599 629 2637 rt'prineipiunt.uostra:
644 2600 822 2637 dedicationis
832 2607 847 2625 a
863 2599 916 2637 Deo

134 2643 263 2669 dunxtutn
278 2633 368 2666 nobis.
397 2633 467 2663 Deus
483 2636 564 2670 igitur
590 2639 635 2670 est,
651 2641 734 2670 supra
763 2633 916 2666 ltttjustnudi

135 2676 295 2710 principium
308 2671 420 2700 lurtnale
430 2669 708 2710 divinitatisitieilicw,
718 2676 780 2710 qua
790 2673 916 2702 tanquant

134 2703 206 2737 {tono
223 2703 268 2735 Dei
282 2709 439 2736 deilicamur
465 2705 498 2732 ab
513 2707 569 2739 ipso
586 2704 648 2735 Deo;
659 2707 685 2730 et
701 2703 824 2739 similiter
834 2710 918 2739 supra

135 2745 304 2779 puincipiunr
330 2739 466 2770 bonitatis,
482 2737 535 2774 qua
553 2744 678 2773 tauquam
697 2738 768 2765 dono
793 2737 840 2764 Dei
857 2737 920 2764 boni

134 2778 265 2807 cilicitnur
282 2778 315 2805 ab
328 2785 370 2804 eo.

165 2815 203 2848 (‘2)
214 2813 272 2840 Non
281 2811 434 2846 mixte,qttia
449 2817 500 2836 non
512 2816 579 2848 opus
589 2812 639 2841 eat,
649 2813 676 2834 ut
686 2815 715 2848 se
723 2806 802 2833 veluti
811 2813 872 2833 cum
881 2812 924 2832 re-

135 2844 224 2877 bus'ct
240 2850 355 2883 negans
369 2844 480 2874 tntsceal
491 2844 523 2871 ad
533 2844 748 2878 cogntusccndum
763 2849 805 2877 ea,
824 2845 852 2868 ut
869 2845 924 2868 tute

964 2498 991 2521 et
1005 2496 1082 2519 cattle
1097 2490 1236 2526 gubernet,
1254 2487 1322 2526 sicut
1339 2493 1450 2526 necesse
1464 2490 1505 2513 est
1516 2484 1621 2525 homini
1635 2493 1642 2516 ;
1657 2484 1760 2518 alicqtsi

967 2520 1019 2555 non
1034 2520 1132 2560 poterit
1143 2525 1217 2560 solus
1229 2520 1354 2560 'suilicere
1371 2520 1582 2560 gubernationi.

1015 2554 1052 2595 (ὅ)
1064 2561 1143 2594 luga.
1159 2558 1228 2595 luga
1244 2556 1394 2595 voluptaria
1409 2560 1486 2581 vocat
1502 2554 1635 2595 appetitus
1648 2559 1763 2584 natum,

968 2603 997 2624 ut
1007 2590 1252 2629 cuiqtte'convcnit,
1263 2590 1370 2629 insitos,
1384 2595 1511 2624 tauquam
1527 2591 1598 2622 leges
1609 2594 1746 2620 llllpOatlttS

969 2625 1068 2666 quibus
1083 2629 1284 2666 omnisnatura
1306 2625 1423 2666 libenter
1449 2629 1474 2651 et
1485 2631 1580 2666 sponte
1593 2628 1734 2666 suunparet
1748 2641 1757 2652 ,

970 2657 996 2694 ct
1008 2665 1079 2691 nulla
1096 2663 1206 2693 resistit,
1222 2668 1270 2687 nec
1287 2660 1465 2686 obedientiam
1481 2657 1621 2685 detrectat.
1698 2665 1759 2694 ιιμιιι

974 2692 1127 2734 huiusmodi
1152 2692 1325 2734 appetitus,et_
1337 2695 1453 2727 impetus
1466 2694 1557 2734 insui,-
1564 2699 1590 2719 et
1608 2692 1763 2734 inclinatio:

975 2726 1022 2761 ιιεὲ
1054 2726 1215 2760 tendunt-ad
1231 2726 1383 2756 amanduur
1396 2735 1532 2755 summum
1551 2728 1662 2761 b0num,
1688 2726 1760 2758 quod

975 2760 1049 2796 varie
1083 2767 1256 2801 participant.
1273 2763 1373 2801 idcirco
1403 2763 1536 2797 ejusmodi
1572 2760 1761 2799 inclinationes

977 2795 1105 2830 dicuntu'r
1116 2808 1130 2827 a
1145 2795 1270 2834 Dionysio
1281 2798 1401 2824 divinum
1411 2795 1528 2823 amorem
1552 2801 1639 2834 partui
1648 2795 1696 2828 ire,
1708 2795 1762 2820 sies

978 2838 1017 2866 uti
1033 2843 1101 2871 terra
1117 2835 1174 2863 sole
1187 2832 1319 2870 tepefacta
1342 2833 1447 2860 fructus
1456 2832 1580 2863 parturit.
