1954 3071
211 121 266 155 85

799 121 917 151 JOANN
926 121 958 150 IS
975 118 1256 151 CYPARISSIOT/E
1284 124 1287 125 ⁷

1795 116 1868 147 836

212 177 414 212 gulllcationem
436 175 593 211 praiseferre
609 182 640 202 ea
662 176 772 203 nomina
785 195 793 207 .
810 183 870 210 qua:
885 175 917 202 de
937 176 990 202 lien
1006 177 1027 204 Α
1041 175 1136 201 horum
1155 179 1255 207 autem,
1282 173 1308 200 id
1323 176 1376 206 est.
1396 181 1458 205 qua:
1474 172 1623 201 secundum
1642 172 1863 200 excellentiam

213 225 340 251 dicuntur
355 222 387 249 ad
413 221 532 256 aliquid;
551 222 632 249 aliam
657 229 733 254 vero,
760 229 819 256 qua:
843 222 991 248 secundum

213 268 448 302 cxsuperationem
465 266 615 294 eﬂ'eruntur
635 273 642 293 :
658 271 738 301 atque
752 267 797 294 illa
814 267 924 300 quidem
943 267 993 293 ali-

215 315 324 349 quando
340 320 583 349 superracuaiesse
605 316 632 339 et
657 312 742 340 otiosa
759 311 879 346 perfecto
902 319 993 347 opere,

214 365 243 386 ιιι
258 364 336 386 antea
349 379 357 391 ,
374 363 401 386 et
417 365 489 385 nunc
505 358 719 385 demonstratum
742 364 801 391 est;
828 358 885 384 haec
909 365 973 384 vero
986 377 994 389 .

213 413 274 440 quae
299 404 449 432 secundum
480 404 737 438 exsuperationem,
767 411 874 437 semper
900 403 993 429 eodem

214 451 294 477 modo
319 449 508 477 excellentiam
533 450 680 480 declarare,
708 454 788 483 atque
812 449 857 476 illa
887 449 994 483 quidem

213 496 325 523 evidens
351 495 482 522 indicium
508 495 656 522 ostendunt
681 495 708 521 in
735 494 914 521 fabricatione
933 494 995 520 uni—

212 540 295 567 versi.
308 540 425 573 Seplimo
441 540 511 566 enim
532 540 584 571 die,
605 539 704 573 inquit,
722 538 846 573 requievit
864 538 895 564 ab
911 538 996 564 omni-

214 587 259 613 bus
277 585 396 620 operibus
414 585 510 615 suis";
523 592 606 618 quare
618 584 737 611 cessavit
750 591 763 610 a
778 583 913 610 creatione
925 583 997 614 coeli,

213 632 289 664 solis,
303 631 440 665 stirpium,
454 630 646 662 animantium,
662 633 693 655 ut
711 629 836 655 universe
853 628 953 660 dicant,
966 628 999 655 ab

214 675 341 702 universo
354 681 435 709 opere
449 674 521 708 quod
535 678 654 708 patrarat
667 673 720 708 (i),
731 677 841 708 propter
848 680 916 706 opus
926 672 998 698 enim

213 722 303 748 dictus
325 724 367 747 est
384 724 449 747 tunc
470 718 541 746 Deus
559 718 707 746 fabricator
728 718 834 745 mundi.
856 717 904 745 Est
919 717 1000 752 igitur

214 773 323 800 semper
339 765 486 792 fabricator
510 765 603 792 mundi
620 763 700 797 Deus,
724 763 772 791 sed
792 770 920 798 tanquam
944 763 999 797 jam

215 811 358 838 fabricatio
370 810 464 837 mundi
481 810 609 842 desierit;
626 810 698 837 sicut
716 813 742 837 et
757 813 874 841 creator,
889 808 935 843 qui
946 816 1000 835 non

214 864 323 891 semper
342 861 433 888 creat;
453 860 479 883 et
494 857 527 883 ad
544 856 686 883 ridendum
701 861 792 891 aptus,
808 855 852 888 qui
864 862 915 882 non
931 861 1001 881 sem-

214 909 263 936 per
283 901 368 932 ridet,
390 902 448 928 haec
462 904 552 928 autem
569 907 619 933 est,
634 900 699 936 quia
718 900 805 928 solum
820 903 863 927 est
877 906 959 936 causa
974 903 1001 926 et

214 948 325 976 etlector
340 947 423 978 Deus,
436 942 550 974 infinitis
563 946 636 973 enim
653 951 680 974 et
694 946 835 973 immensis
851 944 1000 972 intervallis

215 994 326 1021 effector
343 992 448 1020 etl‘ectis
472 992 620 1020 antecellit.
647 992 713 1020 Cum
739 996 830 1019 autem
856 991 1000 1026 Dionysius

215 1038 403 1066 excellentiam
419 1037 446 1064 in
464 1037 505 1064 his
522 1037 651 1071 ostendit,
670 1038 696 1064 in
713 1037 783 1065 duas
794 1042 884 1071 partes
897 1037 1000 1070 divisit;

215 1083 243 1110 in
258 1087 352 1111 sancta
365 1102 373 1115 ,
388 1086 414 1109 et
428 1090 481 1109 non
497 1087 603 1114 sancta,
620 1088 647 1109 et
667 1082 692 1109 in
711 1089 759 1117 per
771 1090 801 1110 se
816 1082 1000 1117 participatio-

217 1135 278 1159 ues,
295 1132 322 1154 et
336 1127 363 1153 in
378 1127 578 1161 participantia.
595 1125 628 1152 Et
640 1131 754 1160 quanto,
774 1127 873 1161 inquit,
893 1134 923 1153 ea
941 1134 1001 1161 quas

215 1177 291 1204 sunt,
315 1171 349 1199 iis
364 1179 424 1206 quae
439 1179 493 1198 non
517 1176 592 1203 sunt,
613 1171 788 1204 antecellunt,
804 1174 832 1198 et
853 1171 999 1205 participa—

217 1218 307 1245 tiones
333 1217 580 1252 participantibus;
606 1221 680 1243 tanto
695 1216 767 1244 Deus
781 1217 916 1243 antecellit
936 1223 999 1244 san-

217 1262 281 1294 ctis,
301 1267 327 1289 et
342 1269 395 1289 non
412 1262 534 1294 sanctis;
550 1265 576 1288 et
591 1269 639 1295 per
655 1269 684 1288 se
698 1261 960 1296 partieipationibus,
974 1267 1001 1290 et

215 1307 450 1342 partieipantibns.
469 1307 633 1334 Excellentia
651 1307 733 1341 igitur
747 1307 793 1334 Dei
810 1315 886 1342 azqne
900 1315 997 1342 perva-

214 1354 254 1380 dit
265 1354 291 1380 in
307 1352 507 1387 participantia,
520 1357 548 1380 et
559 1359 608 1387 per
624 1360 654 1380 se
673 1352 915 1387 participationes;
931 1358 954 1380 et
973 1353 999 1380 in

215 1403 320 1430 sancta,
335 1394 381 1425 aui
396 1397 498 1430 divina,
515 1402 562 1425 aut
575 1398 755 1429 dominantia,
770 1401 817 1424 aut
831 1399 914 1432 regia,
929 1403 956 1425 et
971 1398 998 1425 in

215 1450 246 1470 ea
262 1450 322 1477 qua:
338 1450 391 1470 non
409 1447 473 1470 sunt
489 1442 563 1469 talia.
580 1441 609 1469 Si
634 1446 723 1469 autem
739 1441 810 1469 Deus
827 1434 904 1476 aeque
921 1447 998 1470 utra-

216 1495 269 1522 que
284 1487 401 1519 excellit,
416 1495 497 1521 quain
512 1487 644 1514 rationem
659 1487 843 1520 productionis
862 1488 999 1515 habebunt

216 1540 277 1567 quie
292 1539 344 1559 non
369 1535 433 1559 sunt
449 1537 553 1564 sancta,
568 1536 594 1558 et
610 1539 670 1565 qua
684 1532 860 1567 participant,
877 1533 998 1560 eamdem

217 1578 355 1605 habebunt
370 1582 476 1608 sancta,
495 1582 522 1604 et
536 1584 584 1611 per
599 1584 628 1604 se
642 1578 874 1612 participationes,
891 1579 964 1613 quod
977 1579 1001 1605 si

219 1623 265 1650 illa
284 1628 348 1652 sunt
360 1628 492 1651 creaturas
509 1623 569 1655 Dei,
583 1627 610 1650 et
627 1623 683 1650 haec
696 1623 779 1658 igitur
794 1628 858 1651 sunt
873 1629 1002 1652 creaturae

217 1669 276 1696 Dei.
296 1670 433 1703 Appari-nt
457 1673 547 1695 tamen
581 1667 626 1695 hic
648 1668 729 1695 etiam
748 1669 935 1703 proprietates.
957 1669 1002 1697 illa

217 1714 302 1746 enim.
313 1714 338 1741 id
350 1719 402 1745 est,
416 1713 604 1748 participantia
616 1718 642 1740 et
651 1713 884 1748 participationes.
894 1719 1003 1750 propter

217 1759 309 1790 linem,
324 1758 403 1792 cujus
418 1765 512 1790 causa,
531 1757 648 1791 perfecta
665 1760 738 1789 sunt,
762 1761 790 1784 et
815 1765 908 1785 eorum
943 1766 1007 1793 pro-

218 1804 320 1838 prietas
345 1808 388 1831 est
402 1803 455 1830 dici
471 1803 503 1829 ad
524 1802 638 1837 aliquid,
649 1801 740 1836 aliquo
754 1802 834 1830 modo
849 1809 878 1830 se
888 1803 1005 1831 haberei

254 1873 277 1890 "
290 1873 358 1901 Gen.
372 1880 403 1905 n,
419 1872 446 1899 2.

1017 849 1036 876 Β

1047 219 1188 251 dicuntur,
1205 219 1357 254 proprietas
1374 224 1426 252 est,
1445 226 1477 246 ex
1491 225 1568 253 aequo
1580 218 1719 246 esseinlra
1740 218 1862 252 Deum,

1048 272 1110 292 cum
1125 265 1180 292 illis
1194 272 1254 299 qute
1275 264 1450 299 participant,
1462 268 1489 291 et
1501 269 1566 292 sunt
1580 271 1628 298 per
1646 271 1675 290 se
1687 264 1863 298 participa-

1048 310 1146 343 tiones,
1168 309 1269 345 quibus
1284 315 1310 337 et
1330 309 1374 336 illa
1400 308 1469 336 facta
1503 313 1578 336 sunt.
1611 308 1749 335 Praeterea
1787 316 1864 336 om-

1049 356 1207 390 nipotentia.
1220 356 1368 391 susreptio,
1381 356 1524 387 auxilium,
1536 359 1562 382 et
1577 355 1691 382 salvatio
1703 354 1725 381 si
1742 354 1773 381 in
1791 354 1861 380 Deo

1049 402 1188 434 dicuntur,
1205 406 1268 428 sunt
1284 409 1336 428 una
1354 409 1416 436 pax,
1432 405 1459 427 et
1471 401 1560 436 quies,
1577 407 1610 427 ac
1623 400 1782 432 silentium;
1806 399 1860 426 sin

1051 455 1114 475 vero
1132 452 1207 474 extra
1226 446 1321 479 Deum,
1333 451 1360 473 et
1375 452 1500 481 tanquam
1516 445 1699 473 emanationes
1716 446 1745 472 in
1765 451 1861 472 crea—

1051 497 1136 524 turas.
1164 492 1196 519 ad
1221 491 1384 522 ruStodiam,
1400 496 1427 518 et
1446 491 1575 522 tutelam,
1599 495 1625 517 et
1647 490 1805 520 auxilium.
1826 493 1860 515 et

1052 538 1261 572 susceptionem,
1279 542 1305 564 et
1320 537 1433 565 salutem
1449 537 1585 570 producta
1597 556 1604 568 ,
1620 536 1646 562 in
1664 536 1696 562 iis
1710 543 1777 570 qua:
1797 542 1858 561 cu-

1052 584 1219 615 stodiuntur,
1234 583 1421 618 perficiuntur.
1440 583 1554 615 Rursus,
1572 582 1703 610 sanctitas
1715 601 1722 610 .
1738 585 1769 607 et
1797 581 1858 607 do-

1053 630 1182 661 minatus,
1198 633 1224 655 et
1238 635 1349 663 regnum
1363 648 1371 660 ,
1387 633 1414 656 et
1429 628 1566 659 divinitas,
1586 627 1710 654 absolute
1724 627 1856 660 quidem

1053 674 1080 701 in
1098 674 1150 701 Deo
1168 674 1247 701 dictae
1262 673 1401 700 silentium
1417 673 1476 708 ejus
1491 677 1556 700 sunt
1571 673 1679 700 beatum
1692 691 1700 704 ,
1714 675 1744 699 et
1759 678 1857 705 supra

1053 719 1238 747 substantiam
1257 723 1356 745 :extra
1374 717 1457 745 Deum
1475 725 1548 750 vero,
1566 717 1749 752 proprietates
1767 716 1856 743 acci-

1054 765 1131 799 piunt
1145 764 1179 791 ad
1198 769 1351 792 creaturam
1368 768 1535 799 spectantes;
1549 763 1604 795 illa,
1620 763 1645 790 id
1659 767 1712 795 est,
1733 761 1855 790 sancti-

1055 815 1108 843 tas,
1125 809 1249 837 liberatio
1266 813 1308 836 est
1332 809 1365 836 ab
1385 809 1460 836 omni
1480 809 1581 836 scelere
1596 814 1623 836 et
1646 808 1773 840 macula;
1795 808 1854 835 do-

1052 856 1169 882 minatus
1187 855 1341 882 ﬁrmitatem
1359 862 1450 882 veram
1462 875 1470 887 ,
1483 859 1509 882 et
1533 855 1566 881 ab
1583 854 1759 888 prolapsione
1775 854 1854 881 libe-

1052 908 1108 928 ram
1124 900 1250 932 exhibet;
1264 908 1374 936 regnum
1390 905 1431 928 est
1448 900 1604 928 distributio
1617 901 1707 926 oinnis
1722 898 1847 933 regulae.

1051 950 1078 973 et
1098 946 1270 978 ornamenti,
1288 950 1315 973 et
1340 946 1419 981 juris,
1437 949 1465 972 et
1485 946 1608 978 ordinis;
1623 945 1751 972 divinitas
1779 952 1852 972 vero

1051 991 1221 1026 providentia
1248 992 1338 1019 omnia
1363 991 1571 1026 contemplans,
1602 996 1630 1018 et
1652 991 1782 1018 similiter
1817 990 1847 1017 in

1051 1037 1121 1069 aliis.
1141 1038 1164 1064 si
1188 1037 1250 1072 quis
1271 1045 1286 1064 a
1311 1037 1434 1064 moribus
1462 1041 1488 1064 et
1508 1036 1662 1064 actionibus
1680 1036 1728 1063 Dei
1751 1035 1850 1062 nomi-

1052 1089 1116 1108 nare
1133 1086 1227 1117 pergat
1250 1081 1422 1108 divinitatem
1445 1088 1506 1115 quae
1531 1085 1572 1107 est
1594 1087 1676 1113 supra
1692 1086 1776 1114 quam
1793 1086 1848 1106 ex-

1055 1126 1143 1161 promi
1160 1127 1247 1161 po‘ssit
1262 1126 1320 1153 sive
1335 1126 1493 1153 atlirmando
1503 1126 1559 1153 sive
1571 1125 1703 1160 negando,
1719 1129 1746 1152 et
1757 1132 1846 1160 supra

1053 1179 1135 1206 quam
1152 1171 1277 1206 intelligi,
1295 1176 1322 1200 et
1338 1179 1421 1206 supra
1436 1170 1630 1198 substantiam.

1361 1225 1475 1254 CAPUT
1492 1226 1526 1254 X.

1052 1271 1091 1301 De
1103 1272 1263 1307 (equalitate,
1286 1272 1452 1306 perfectione.
1466 1273 1574 1304 unitate,
1590 1277 1615 1299 et
1631 1280 1688 1307 qua:
1703 1280 1797 1300 eorum
1816 1273 1846 1300 ἔοι

1315 1308 1388 1334 rebus
1403 1307 1581 1340 proprietates.

1085 1353 1197 1386 Magnus
1215 1353 1369 1388 Dionysius,
1384 1360 1446 1387 cap,
1465 1352 1481 1379 9
1506 1352 1542 1380 De
1555 1354 1650 1380 divinis
1670 1354 1820 1381 nominibus
1834 1373 1841 1382 .

1050 1397 1078 1424 Si
1088 1398 1149 1432 quis
1163 1406 1227 1425 vero
1236 1398 1343 1432 ,inquit.
1354 1399 1381 1425 in
1396 1400 1497 1427 sanctis
1513 1399 1659 1435 Scripturis
1674 1407 1843 1434 nomen,quo

1051 1443 1121 1470 Deus
1136 1444 1292 1471 nominatur
1316 1444 1397 1477 idem,
1409 1451 1435 1472 et
1451 1453 1505 1480 quo
1530 1446 1685 1472 nominatur
1698 1445 1799 1480 justus,
1814 1445 1842 1472 in

1051 1488 1159 1515 nomine
1166 1488 1267 1521 divino,
1283 1497 1336 1524 quo
1351 1490 1506 1519 nominatur
1518 1491 1640 1524 aequalis,
1658 1490 1782 1524 accipiat,
1797 1489 1842 1516 di-

1051 1534 1165 1561 cendum
1182 1533 1327 1565 est,Denm
1342 1542 1401 1563 esse
1418 1535 1550 1570 aequalem
1567 1543 1620 1562 non
1643 1535 1732 1562 solum
1749 1539 1842 1573 utea-

1053 1585 1156 1613 perlem
1171 1580 1299 1614 partium,
1315 1585 1342 1608 et
1352 1581 1398 1616 qui
1412 1588 1426 1608 a
1441 1585 1515 1608 recto
1531 1581 1668 1608 declinare
1682 1587 1735 1607 non
1745 1581 1841 1614 possit.

1054 1625 1101 1652 sed
1118 1628 1146 1651 ut
1164 1625 1190 1651 in
1205 1625 1295 1653 omnia
1307 1631 1334 1653 et
1354 1634 1402 1661 per
1421 1627 1510 1653 omnia
1526 1626 1666 1661 aequaliter
1694 1630 1839 1657 meantem,

1055 1674 1082 1696 et
1098 1675 1126 1696 ut
1142 1678 1189 1705 per
1203 1677 1232 1698 se
1240 1671 1402 1706 aaqualitatis
1412 1671 1580 1704 etlectorcm,
1592 1672 1740 1699 secundum
1759 1678 1840 1713 quam

1062 1717 1202 1751 aequaliter
1216 1722 1345 1751 operatur
1363 1718 1477 1745 similem
1507 1718 1628 1745 omnium
1643 1725 1690 1751 per
1705 1717 1761 1751 ipsa
1772 1717 1841 1744 inter

1063 1770 1092 1789 se
1104 1763 1239 1790 incessum
1253 1763 1330 1797 (2),et
1339 1763 1571 1797 participationem
1582 1763 1722 1797 azqualiter
1733 1763 1840 1796 partici-

1063 1808 1229 1843 pantium,ut
1239 1809 1366 1844 quodque
1376 1816 1469 1836 eorutn
1493 1813 1585 1843 aptum
1597 1813 1638 1836 est
1649 1808 1699 1843 (5),
1710 1812 1737 1835 et
1752 1816 1839 1842 xequa-

954 1921 1093 1953 Scholia.

243 1971 281 2006 (l)
295 1970 410 1997 (leuauit
426 1970 457 1997 ab
469 1970 538 1997 omni
550 1977 634 2005 opere.
651 1969 749 2006 Crreare
760 1975 812 2006 no_n
826 1969 913 2006 solum
922 1970 1006 2005 signi-

217 2003 281 2035 ficat
304 2006 393 2032 facere
421 2012 452 2031 ex
470 2012 523 2032 non
544 2003 615 2037 cute,
627 2009 656 2031 ut
671 2004 769 2038 impius
787 2003 935 2033 Ennomius
949 2003 1006 2032 tra-

218 2042 310 2073 debat;
339 2040 385 2074 qui
403 2040 503 2066 idcirco
517 2039 604 2066 aiebat
635 2038 753 2072 nonjam
780 2038 886 2074 animas
914 2041 1003 2068 creari

222 2076 271 2104 sed
295 2073 429 2109 generari,
451 2082 483 2101 ex
496 2082 550 2108 quo
573 2075 644 2101 Deus
669 2073 846 2109 requievisset
866 2075 900 2101 ab
931 2075 1005 2101 omni

218 2107 386 2145 oper-equod
397 2107 514 2145 creando
532 2113 662 2142 patrarat;
689 2107 741 2145 sed.
756 2107 891 2145 signiﬁcat
922 2109 1004 2137 etiam

221 2140 310 2172 facere
322 2140 423 2177 aliquid
439 2140 549 2174 novum,
562 2148 591 2170 ιιι
607 2142 709 2170 notavit
720 2140 1007 2175 Ncln’esius,Adaman-

218 2180 285 2212 tius,
302 2178 349 2205 lib.
366 2186 396 2209 ιι,
418 2177 453 2205 De
467 2178 585 2212 homine:
619 2185 634 2203 a
660 2183 712 2212 quo
739 2184 835 2210 genere
862 2178 1007 2205 creationis

219 2214 286 2241 dicit
301 2220 423 2240 Cessasse
438 2212 545 2246 quidem
561 2211 655 2246 Deum,
669 2211 739 2237 sicut
760 2212 890 2245 scriptum
913 2217 955 2240 est
970 2213 1006 2246 Vin

219 2248 382 2275 Ecclesiaqe
396 2245 466 2280 (cap.
485 2246 495 2272 l
517 2247 537 2278 )2
571 2245 642 2272 Nihil
655 2252 761 2280 novum
775 2246 825 2280 sub
854 2247 922 2274 sole.
953 2245 1008 2274 Nec

220 2284 292 2309 enim
303 2282 343 2308 vel
365 2279 528 2317 resurrectio
538 2281 726 2317 corporum(nt
739 2279 927 2317 aitGregorius
937 2281 1008 2317 Nys-

221 2324 303 2344 senns
318 2317 389 2342 hunc
404 2315 491 2341 locum
523 2315 715 2348 interpretans)
732 2314 833 2346 aliquid
844 2314 916 2342 'novi
945 2314 1007 2346 erit,

221 2351 268 2378 sed
288 2350 422 2384 restitutio
441 2350 466 2375 in
482 2349 629 2384 pristinum
653 2352 763 2379 statum;
781 2349 893 2383 idcirco,
911 2351 1007 2384 inquit.

221 2384 361 2418 sulijungit
379 2382 555 2418 Ecclesiastes
575 2391 582 2409 :
611 2382 693 2410 Extra
719 2388 796 2409 vrtus
817 2382 890 2410 nihil
900 2382 953 2417 est,
970 2385 1010 2412 sic

220 2417 293 2447 eiiirn
303 2417 346 2445 est
362 2418 431 2451 apud
458 2417 529 2444 LXX
560 2418 737 2453 interpretes.
751 2417 842 2445 Creari
861 2427 925 2453 ergo
949 2420 1010 2446 ani-

222 2461 295 2481 Inam
312 2460 366 2479 tton
379 2457 421 2479 est
435 2460 544 2484 novum,
557 2452 602 2488 sed
615 2452 666 2488 tale
675 2452 750 2488 quid,
763 2453 843 2486 quale
854 2452 1009 2488 aprincipio

221 2489 322 2516 factum
339 2492 389 2516 est.
406 2493 466 2513 cum
482 2487 543 2514 fecit
560 2487 628 2513 Deus
644 2486 789 2517 hominem,
807 2491 833 2513 et
862 2486 1009 2514 secundum

222 2522 375 2557 imaginenr
386 2521 433 2557 Dei
459 2521 606 2551 feriteum,
622 2522 693 2557 sicut
719 2527 826 2555 semper
851 2522 915 2548 facit
943 2524 1010 2548 nilnl

223 2555 342 2585 varians.
363 2555 446 2582 Desiit
459 2558 548 2590 itaque
556 2556 648 2583 creare
666 2556 813 2588 primordia
825 2564 927 2589 rerum,
941 2558 1012 2584 unde

223 2593 293 2619 idem
311 2591 488 2618 Ecclesiastes
506 2591 604 2618 Ibidem
624 2599 630 2616 :
647 2590 716 2622 Quid
732 2595 783 2621 est,
815 2591 913 2626 inquit,
939 2592 1010 2625 quod

223 2627 288 2654 iuit?
304 2626 392 2660 ipsum
406 2628 476 2659 quod
492 2625 614 2653 futurum
632 2631 682 2652 est.
700 2625 768 2657 Quid
778 2630 816 2652 est
829 2625 901 2660 quod
912 2627 1010 2652 factum

222 2662 288 2688 est?
324 2662 410 2694 ipsum
442 2661 513 2694 quod
548 2661 722 2692 iaciendum;
743 2660 809 2686 nihil
833 2668 930 2687 ll0\'tllll
962 2662 1012 2687 sub

222 2698 290 2723 sole.
307 2693 530 2729 Sigtnlicat'enim
549 2696 589 2731 (nt
603 2695 671 2731 alitis
683 2695 950 2731 quidaiti_GrchI-ius
964 2697 1012 2726 ait,

222 2735 300 2757 vetus
317 2736 343 2756 et
359 2731 466 2763 elegans
481 2729 613 2764 interpres
628 2729 738 2756 Grrccns
755 2729 831 2763 cujus
848 2729 1012 2763 cognomen-

223 2771 278 2792 tum
296 2765 415 2791 nondntn
451 2767 549 2800 reperi)
569 2772 621 2791 non
637 2765 723 2791 solum
740 2771 770 2790 ea
786 2773 843 2798 qua:
857 2774 869 2790 ιι
883 2765 1014 2798 prnuipio

223 2802 293 2827 tacta
309 2805 371 2827 sunt
386 2801 625 2827 Servitntcmsuant
641 2807 703 2833 erga
725 2805 862 2826 auctorem
873 2807 951 2827 suum
969 2806 1015 2826 ue-

1020 2156 1047 2187 D

1061 1974 1220 2008 monstrare,
1233 1971 1359 2008 illiusque
1374 1971 1504 2008 infinitam
1515 1973 1686 2007 sapientiam,
1696 1975 1834 2008 potentiam

1061 2012 1089 2034 et
1100 2007 1325 2042 magnificentiam
1339 2007 1442 2039 testari,
1455 2014 1548 2042 verum
1558 2008 1638 2034 etiam
1648 2007 1708 2042 quae
1723 2011 1834 2038 nondum

1061 2041 1205 2074 exsistunt,
1220 2041 1266 2068 sed
1290 2040 1380 2076 futura
1401 2047 1474 2076 sunt,
1502 2041 1559 2075 ipsa
1574 2040 1683 2076 quoque
1711 2044 1835 2073 rationem

1061 2076 1177 2108 ordinis,
1196 2075 1374 2109 subjectionis
1393 2080 1419 2102 et
1434 2075 1594 2102 obedientia:
1615 2077 1721 2103 illorum
1743 2080 1835 2112 primo-

1062 2118 1122 2138 rum
1135 2117 1199 2144 erga
1215 2115 1351 2137 auctorem
1370 2117 1450 2136 suum
1468 2115 1594 2136 secutura
1619 2119 1689 2138 esse:
1708 2113 1743 2139 ila
1758 2119 1783 2140 ut
1796 2115 1835 2141 ni-

1060 2146 1097 2172 hil
1111 2143 1205 2172 eorum
1222 2153 1280 2178 qua:
1293 2148 1356 2171 sunt
1372 2144 1471 2176 futura,
1484 2149 1530 2171 aut
1544 2143 1676 2178 facienda,
1693 2147 1734 2172 vel
1746 2155 1834 2175 crean-

1058 2181 1102 2212 da,
1120 2180 1256 2206 diversum
1272 2179 1306 2205 ab
1323 2179 1354 2205 iis
1376 2186 1435 2212 quae.
1456 2179 1572 2213 primum
1594 2179 1661 2206 facta
1677 2186 1749 2213 sulll,
1765 2183 1833 2209 invi-.-

1059 2215 1149 2241 niatur
1161 2222 1168 2240 :
1183 2213 1237 2240 into
1249 2215 1396 2240 secundum
1410 2215 1506 2249 seriem
1521 2214 1614 2246 primis
1631 2215 1684 2242 illis
1698 2223 1712 2242 a
1726 2218 1832 2249 potentia

1060 2249 1104 2276 Dei
1114 2248 1392 2281 omniumoperatrice
1399 2252 1426 2274 et
1433 2248 1620 2284 gubernatrice
1628 2250 1785 2284 impositam,
1793 2260 1833 2278 or-

1060 2288 1115 2320 tnn.
1126 2288 1152 2310 ct
1160 2288 1260 2320 motum
1269 2290 1301 2309 ac
1309 2283 1541 2320 conservationem
1553 2284 1677 2320 habitura
1688 2293 1746 2312 csse
1757 2294 1832 2320 usque

1061 2319 1093 2344 ad
1107 2318 1292 2354 praescriptum
1305 2324 1319 2343 a
1333 2317 1386 2343 Deo
1396 2317 1476 2354 [luem
1489 2318 1621 2354 omnium;
1635 2319 1756 2352 nihilque
1764 2317 1832 2354 prur—

1061 2351 1305 2386 sns’reperiendum
1315 2359 1385 2382 esse,
1395 2351 1466 2385 quod
1474 2352 1555 2378 alium
1564 2360 1588 2378 οι
1597 2358 1663 2385 tum,
1672 2351 1719 2380 aut
1730 2351 1830 2386 motuin.

1060 2394 1107 2414 aut
1121 2388 1243 2414 ordinem
1265 2386 1372 2421 habeat,
1388 2387 1457 2412 unde
1468 2387 1658 2421 possitaliquis
1671 2391 1831 2417 occasionem

1060 2429 1168 2448 sumere
1179 2421 1294 2448 dicendi:
1306 2420 1362 2446 Hoc
1372 2428 1471 2446 novum
1482 2426 1532 2447 est.
1542 2420 1676 2449 Hactenus
1684 2425 1733 2450 iste
1740 2430 1829 2452 auctor.

1100 2457 1139 2490 (2)
1156 2455 1230 2482 Inter
1250 2463 1276 2481 se
1291 2456 1430 2481 incessum.
1454 2455 1483 2481 ln
1497 2456 1693 2483 elementorum
1718 2458 1830 2486 mistionc

1061 2489 1185 2518 versatur
1195 2489 1351 2522 huiusmodi
1362 2491 1579 2524 aequalitas,qua:
1594 2493 1615 2518 si
1629 2499 1680 2518 non
1693 2497 1771 2521 esset.
1782 2502 1828 2521 non

1062 2527 1157 2552 fierent
1184 2525 1374 2560 generationes
1389 2525 1414 2550 in
1428 2526 1538 2561 lllllltdo,
1555 2526 1577 2552 si
1594 2526 1665 2552 enim
1684 2527 1791 2561 aliquod.
1801 2537 1829 2555 ex

1063 2559 1206 2586 elementis
1220 2564 1364 2594 exsuperet
1376 2567 1407 2585 at:
1421 2559 1564 2592 redundet,
1576 2559 1757 2596 corrumpitur
1768 2565 1828 2597 quod

1063 2600 1217 2628 generatur.

1082 2630 1137 2668 Αἵ»)
1157 2629 1188 2657 Ut
1208 2630 1326 2662 quodque
1336 2633 1431 2668 cptum
1462 2633 1509 2661 est,
1528 2633 1552 2656 et
1561 2638 1612 2668 pro
1627 2631 1762 2665 dignitate.
1778 2631 1824 2659 llnc

1063 2666 1129 2691 dicit
1139 2669 1245 2698 propter
1256 2666 1438 2698 aequalitatem
1449 2666 1640 2698 proportionis.
1652 2674 1708 2692 sxve
1717 2671 1830 2700 quaesunt

1064 2704 1157 2725 natura
1166 2701 1240 2730 tiant,
1249 2699 1305 2726 sive
1315 2707 1361 2732 per
1369 2701 1494 2732 gratiam,
1505 2704 1532 2725 ut
1542 2708 1594 2726 non
1606 2699 1829 2734 ouincsaequalitn-r

1065 2735 1253 2762 illuminantur
1267 2742 1281 2760 a
1294 2735 1349 2761 sole
1362 2742 1411 2761 nec
1424 2742 1516 2761 onmcs
1525 2736 1828 2766 acqnalitersenstitican-

1064 2774 1118 2802 tur,
1132 2769 1176 2796 sed
1190 2768 1373 2803 proportione,
1387 2769 1555 2804 ntaptisunt,
1565 2771 1691 2805 autdigm
1702 2773 1827 2798 habentur.
