1954 3071
253 136 305 168 S39

839 131 906 161 JOA
913 131 963 161 .‘iN
972 134 975 137 ’
983 131 1003 160 S
1023 130 1303 162 CYPARISSIOTIE

1847 129 1914 164 840

254 197 324 226 vita,
340 199 365 220 et
380 191 552 224 immortalis;
564 195 590 218 et
606 195 636 218 ut
661 197 715 218 uno
730 190 812 217 verbo
833 191 933 222 dicam,
958 197 1037 216 «nunc
1053 192 1075 219 Α
1089 190 1209 224 dividua,
1229 197 1368 225 nunquam
1393 189 1485 217 deﬁcit
1511 189 1610 224 ubique
1633 197 1727 221 unum,
1748 195 1779 217 et
1808 190 1910 225 hujus

255 239 369 268 nimium
387 242 414 265 et
426 244 519 272 parum
531 236 726 271 perfectionem
744 237 896 270 corrumpit
912 256 918 262 .
937 236 1038 270 Aiqua—

259 287 320 312 litns
332 291 408 318 ergo,
419 287 446 309 et
461 282 513 308 vita
525 289 578 308 non
591 281 693 308 deflexa
706 289 721 308 a
735 286 809 308 recto
825 281 851 307 in
878 281 1039 308 substantiis

251 330 359 364 quidem
374 327 566 363 perfectionem
583 326 673 358 efficit;
697 325 723 352 in
740 327 864 353 numeris
875 334 939 353 vero
954 331 1038 353 totum

250 375 352 410 aequale
366 375 497 408 partibus;
510 374 536 400 in
551 373 682 407 qualitate
698 372 834 406 praeditis,
853 372 966 399 scientia
979 379 1040 406 qua:

249 422 373 449 excidere
389 428 441 447 non
457 419 552 454 possit.
570 419 639 446 Deus
656 422 761 451 autem,
773 419 818 453 qui
833 423 873 446 est
883 426 928 452 per
942 426 970 446 se
980 426 1040 453 per-

251 466 341 499 fcclio,
362 465 556 500 perfectionum
573 464 685 492 effector
699 468 739 490 est
758 469 824 497 ,tum
841 463 1014 498 perfectionis
1031 485 1037 496 ,

249 511 294 539 cui
306 514 437 545 adempta:
456 517 522 537 sunt
539 510 631 536 multae
644 509 825 544 perfectiones
842 509 881 543 (1)
895 530 901 542 ,
920 514 974 536 tum
993 517 1039 543 per

249 566 280 584 se
297 556 481 591 perfectionis,
496 557 617 590 Quaelate
633 559 705 590 patet
719 556 766 589 ,ad
778 555 955 582 imitationem
966 555 1039 583 enim

249 604 443 637 exemplarium
460 602 613 628 divinorum
631 623 637 634 ,
653 609 713 635 qua:
745 607 827 635 supra
853 601 1035 627 substantiam

249 654 325 681 sant,
341 648 468 682 produxit
483 653 508 674 et
521 647 706 681 perfecit,qu:e
719 647 763 673 hic
777 646 900 674 absolute
912 646 1039 673 dicuntur

249 694 339 721 unitas
366 699 468 726 autem,
486 702 548 728 qua:
570 694 596 719 in
623 693 748 719 omnibus
766 692 930 725 obambulat,
946 691 1038 718 divino

249 739 358 766 nomine
373 739 485 765 unitatis
502 738 660 770 decoratur,
678 744 795 771 operans
815 737 934 763 infinitas
950 737 1039 763 unita-

248 789 289 810 tes
306 785 330 810 in
341 783 525 818 generibus,in
537 782 638 817 specie,
652 783 677 808 in
691 781 845 814 individuis,
862 782 889 808 in
899 782 1035 816 partibus,

250 829 277 855 in
307 829 448 862 membris,
464 834 491 856 et
506 833 535 856 ut
549 828 649 860 dicam,
665 827 737 861 quod
755 827 901 861 plurimum
915 827 993 859 valet,
1011 833 1037 854 et

251 874 425 907 potissimum
455 878 497 901 cst
512 895 519 906 ,
532 874 558 900 in
569 873 660 900 omnia
682 881 711 900 se
740 873 900 907 multiplicat
916 894 923 905 ,
940 880 989 900 nos
1006 873 1038 900 ad

248 919 427 946 imitationem
444 920 555 946 unitatis
567 919 691 953 Dei,qua:
706 923 746 945 est
761 926 842 953 supra
852 926 931 953 quam
948 919 1039 952 ignota

246 964 280 990 ad
291 965 408 991 unitates
430 972 572 996 revocans,
603 964 674 991 utin
703 964 876 990 multitudine
893 964 1038 996 unitalum,

247 1017 307 1042 qua:
315 1010 350 1037 ab
363 1010 420 1043 ipso
434 1010 570 1044 productae
581 1014 654 1042 sunt,
663 1008 803 1042 efficiatlut
812 1016 860 1036 nos
874 1016 888 1035 a
897 1009 990 1036 multis
1005 1009 1038 1036 ad

247 1063 330 1080 [Illum
348 1055 448 1082 virtute
462 1055 560 1082 divinae
574 1055 685 1082 unitatis
699 1055 833 1087 conversi,
862 1054 925 1082 facti
943 1063 1037 1086 unum,

246 1099 389 1128 laudemus
406 1106 500 1133 totam,
521 1106 547 1127 et
563 1109 644 1127 unam
667 1101 850 1132 divinitatem,
869 1108 955 1127 unam
978 1108 1038 1128 om-

247 1146 322 1173 nium
337 1154 460 1178 causam,
473 1147 523 1176 hoc
535 1155 583 1180 per
597 1153 626 1173 se
638 1154 734 1178 unum,
750 1145 824 1180 quod
838 1147 870 1174 iis
885 1154 945 1181 qua:
961 1151 1035 1179 stitit,

247 1192 453 1223 adnumeratur,
474 1193 637 1226 principium
651 1191 766 1219 efficitur
785 1192 845 1226 ejus
859 1193 931 1226 quod
947 1198 994 1225 per
1009 1199 1037 1219 se

246 1243 298 1271 rst,
319 1243 456 1272 quatenus
472 1246 554 1265 unum
575 1243 626 1272 est,
645 1237 719 1273 quod
734 1230 784 1272 Aper
796 1245 825 1265 se
839 1242 880 1264 est
902 1236 965 1264 licet
979 1243 1032 1263 non

246 1283 281 1309 sit
299 1290 346 1317 per
363 1291 402 1315 se,
421 1284 466 1310 sed
494 1288 522 1310 ut
547 1282 729 1318 accidt-ns(2),
748 1284 797 1309 hoc
815 1283 897 1310 etiam
915 1283 941 1309 in
966 1289 1033 1309 una-

246 1336 355 1363 quaque
382 1330 554 1356 cmanatione
570 1337 654 1356 unum
679 1330 718 1362 fit;
734 1333 761 1356 et.
776 1337 859 1356 unum
877 1329 940 1355 item
958 1336 1034 1356 com-

246 1376 364 1402 muniter
389 1375 414 1402 iu
443 1375 570 1402 omnibus
594 1374 828 1406 emanationibus,
852 1375 910 1402 sive
935 1382 1032 1408 genera

245 1421 311 1453 sint,
333 1421 469 1454 similiter,
487 1421 544 1448 sive
559 1421 675 1455 species,
686 1421 780 1448 eodem
801 1422 880 1447 modo
895 1429 902 1452 ;
919 1422 975 1448 sive
992 1421 1034 1447 in-

1056 854 1075 880 Β

463 1565 591 1595 DECAS
616 1565 757 1595 SEXTA.
774 1582 811 1587 ——
827 1565 886 1596 DE
911 1567 1269 1599 APPARITIONIBUS
1290 1567 1435 1598 DIVINI
1456 1567 1648 1599 LUMINIS.

565 1637 679 1666 CAPUT
696 1639 716 1665 l.

244 1697 321 1730 Quod
334 1705 408 1724 omne
421 1696 507 1722 lumen
521 1695 568 1722 sub
584 1703 688 1722 sensum
712 1696 806 1722 cadens
826 1705 858 1723 ea:
872 1696 924 1723 Deo
941 1702 989 1729 est,
1005 1703 1029 1724 et

372 1732 439 1766 quod
455 1731 495 1758 sol
505 1731 592 1765 imago
609 1735 647 1756 est
661 1731 784 1757 bonitatis
799 1732 892 1766 ipsius.

280 1778 436 1813 Dionysius,
455 1776 544 1811 capite
558 1780 667 1810 quarto,
683 1776 720 1802 De
735 1777 831 1803 diuinis
857 1778 1004 1805 nominibus
1018 1787 1025 1805 :

243 1824 296 1851 Sed
313 1823 383 1858 quod
401 1823 427 1850 in
450 1822 539 1849 medio
563 1826 661 1856 praeter
679 1822 785 1856 lapsum
803 1831 852 1850 nos
881 1823 1025 1857 equgcrat,

243 1868 396 1897 caelestium
424 1868 632 1903 principiorum,
654 1873 681 1894 et
699 1868 973 1895 subterminationum
992 1869 1030 1904 (5)

243 1921 326 1941 causa
344 1918 387 1941 est
404 1913 518 1946 bonum,
535 1913 600 1940 item
622 1912 784 1940 substantiae
800 1913 880 1947 hujus
896 1914 1026 1946 ccelestis,

243 1968 304 1994 quae
317 1967 370 1987 non
388 1965 513 1994 augetur,
542 1966 630 1992 neque
645 1958 790 1990 minuitur,
808 1963 834 1985 et
849 1959 955 1992 penitus
976 1967 1029 1986 non

243 2006 375 2039 variatur,
389 2011 415 2032 et
431 2010 554 2032 motuum
578 2004 700 2032 caelestis
729 2004 861 2031 curriculi
882 2004 1028 2032 vastissimi

243 2059 296 2078 non
308 2051 475 2082 sonantium,
492 2051 514 2077 si
529 2051 565 2077 ita
574 2050 648 2085 loqui
662 2054 777 2083 oportet,
789 2053 816 2077 et
826 2050 952 2077 ordinum
965 2052 1030 2078 stel-

244 2097 342 2128 tarum,
358 2101 384 2123 et
399 2095 646 2130 pulchritudinum,
667 2099 694 2122 et
711 2095 857 2127 luminum,
882 2100 909 2122 et
923 2095 1030 2123 inlisio—

243 2149 309 2170 num
329 2150 434 2175 carum.
457 2146 485 2170 et
510 2142 670 2177 multiplicis
699 2149 798 2169 cursus
817 2141 943 2176 vagantis
962 2149 1030 2176 quo-

1091 244 1137 270 per
1154 244 1182 262 se
1199 236 1279 262 unius
1296 235 1447 270 proprietas
1463 240 1517 267 est,
1535 235 1561 262 in
1579 235 1678 270 quibus
1702 235 1790 268 inest,
1823 238 1910 263 mul-

1091 287 1116 308 ta
1133 281 1166 307 ad
1186 288 1215 308 se
1230 284 1400 308 convertere.
1417 280 1451 307 At
1466 287 1530 306 vero
1545 287 1593 314 pro
1608 280 1785 312 expositione
1803 286 1907 307 mate-

1090 326 1171 352 riaria
1196 325 1315 353 contenti
1333 333 1428 352 sumus
1456 325 1489 352 iis
1514 332 1574 359 qua:
1597 332 1712 359 magnus
1732 325 1906 360 Dionysius

1090 370 1232 404 exposuit;
1245 370 1316 405 quod
1332 370 1354 396 si
1370 370 1395 396 in
1408 369 1582 404 quibusdam,
1597 377 1660 396 cum
1673 377 1703 396 ea
1720 377 1905 397 recensere-

1090 424 1161 448 Inus,
1180 416 1281 450 aliquid
1295 415 1472 447 variavitnus,
1487 422 1539 442 non
1553 415 1604 441 fuit
1619 416 1696 442 nobis
1708 416 1901 450 propositum

1090 462 1178 496 magis
1193 462 1317 488 ordinate
1331 468 1412 496 quam
1435 462 1490 493 ille,
1514 468 1665 493 recensere,
1685 461 1850 488 absurdum
1870 471 1904 487 c-

1090 508 1146 534 nim
1161 513 1220 535 erat
1236 513 1290 535 tam
1307 515 1435 541 magnum
1446 507 1532 534 solem
1546 514 1577 534 ex
1596 508 1708 534 adverso
1727 508 1854 539 intueri,
1868 513 1902 534 ut

1089 553 1116 580 in
1136 554 1188 581 hoc
1202 554 1284 581 etiam
1298 554 1389 581 verbis
1408 554 1467 586 ejus
1483 560 1543 580 utar
1559 555 1610 588 (ιιι.
1626 554 1692 580 Dum
1708 554 1804 588 capita
1822 561 1902 580 con-

1091 600 1236 632 lexuimus,
1261 600 1323 634 quia
1347 602 1399 627 hoc
1426 600 1476 626 fuit
1496 607 1510 626 a
1531 599 1664 633 principio
1687 599 1896 633 propositum,

1089 645 1268 680 proprietates
1286 653 1316 672 ex
1331 645 1443 679 junctis,
1467 650 1494 672 et
1513 645 1680 672 continuatis
1702 645 1896 679 collcg'tnus,

1090 697 1200 726 propter
1214 691 1381 722 facilitatem,
1409 691 1533 724 quaedam
1556 691 1753 722 contraximus,
1771 690 1832 717 alia
1863 690 1895 716 in

1090 738 1172 764 alium
1183 738 1270 764 locum
1282 737 1456 763 transtulimu
1466 752 1472 758 ι
1483 741 1593 771 propter
1605 738 1749 764 clariorem
1762 738 1867 764 distim
1878 751 1893 756 -

1090 784 1200 810 tionem.
1223 783 1356 817 Inscripta
1372 791 1435 809 vero
1453 789 1493 809 est
1511 783 1553 809 det
1563 791 1592 809 as
1613 783 1649 810 De
1658 783 1894 818 proprietatibus,-

1092 837 1147 856 non
1166 828 1244 862 quasi
1261 828 1341 854 nobis
1356 827 1457 862 aliquid
1470 828 1576 854 abunde
1591 829 1809 862 suppetat,quod
1825 836 1890 855 ma-

1090 882 1142 908 guo
1163 874 1288 908 Dionysio
1313 873 1392 905 desit,
1406 874 1451 899 sed
1471 873 1560 907 potius
1574 881 1605 899 ex
1626 873 1658 899 iis
1675 881 1735 906 qua!
1757 874 1883 908 copiose

1089 921 1160 947 dicta
1170 925 1233 947 sunt.
1244 920 1277 946 ab
1286 928 1328 952 eo,
1339 921 1424 947 solum
1435 920 1612 953 explanaums
1626 919 1671 946 ubi
1680 924 1808 953 oporteat
1820 927 1890 954 pro-

1088 966 1229 1000 prietatem
1248 966 1430 993 considerare.
1449 965 1696 999 Propositumwro
1711 970 1750 992 est
1768 966 1888 999 planum

1090 1010 1178 1037 facere
1195 1017 1241 1044 per
1256 1010 1356 1041 omnia,
1379 1010 1465 1036 solum
1488 1017 1546 1036 esse
1554 1016 1664 1035 causam
1677 1010 1798 1037 universi
1813 1011 1889 1037 diri-

1090 1063 1152 1082 nam
1167 1056 1249 1082 trium
1260 1063 1436 1090 personarum
1450 1060 1584 1085 naturam.
1595 1063 1654 1088 qua:
1670 1060 1803 1090 estsupra
1816 1057 1888 1084 sub-

1088 1101 1228 1133 stantiam,
1248 1105 1273 1127 et
1289 1108 1368 1134 supra
1394 1106 1527 1133 naturam,
1550 1101 1600 1127 alia
1617 1109 1680 1128 vero
1696 1102 1804 1135 omnia,
1820 1103 1882 1130 sive

1089 1153 1149 1180 quae
1162 1146 1291 1172 dicuntur
1300 1146 1418 1179 primum
1432 1147 1602 1178 exsistentia,
1616 1147 1673 1174 sive
1688 1149 1884 1182 participatio-

1088 1200 1146 1224 nes,
1165 1192 1221 1219 sive
1234 1192 1420 1226 providentur,
1440 1197 1465 1218 et
1480 1192 1551 1219 dona
1564 1192 1664 1225 divina,
1679 1194 1742 1227 quia
1764 1200 1883 1229 propter

1087 1245 1197 1265 causam
1223 1237 1357 1272 producta
1380 1242 1460 1270 sunt,
1488 1238 1516 1264 iu
1542 1238 1648 1266 effectis
1677 1245 1878 1274 numerantur;

1084 1289 1200 1317 suntque
1212 1282 1281 1310 sicut
1290 1282 1394 1315 effecta,
1404 1289 1528 1318 generata
1542 1288 1569 1311 et
1579 1289 1680 1312 creata.
1692 1284 1789 1312 Omnis
1801 1287 1876 1314 enim

1083 1329 1188 1357 effectio
1221 1329 1270 1363 (ait
1301 1337 1414 1362 magnus
1443 1329 1581 1363 Basilius),
1603 1337 1652 1365 par
1679 1330 1707 1357 ﬁt
1723 1331 1780 1358 suis
1793 1332 1877 1359 effe-c—

1088 1376 1133 1407 tis;
1159 1380 1185 1401 et
1209 1382 1306 1408 magna
1326 1375 1434 1412 quidem
1455 1374 1560 1402 effectio
1581 1383 1742 1411 magnorqu
1760 1375 1875 1404 eﬂecto-

1089 1428 1148 1448 rum
1165 1423 1217 1452 est;
1231 1427 1313 1453 parva
1335 1427 1400 1446 VCI'O
1421 1427 1566 1453 parvorum

1046 1649 1066 1677 ο
1084 1641 1208 1668 rumdam
1246 1641 1378 1672 siderum,
1405 1646 1431 1668 et
1460 1640 1577 1667 duorutu
1594 1641 1781 1675 luminariutn,
1809 1651 1871 1678 quae

1084 1689 1224 1722 Scriptura
1249 1692 1328 1714 vocat
1354 1695 1459 1722 magna,
1477 1689 1616 1720 ειτειιίιιιε,
1634 1693 1659 1715 et
1672 1689 1777 1723 eodem,
1796 1691 1868 1718 unde

1083 1733 1206 1768 profecta
1223 1739 1299 1765 sunt,
1318 1733 1494 1765 reVersionis,
1521 1735 1624 1768 quibus
1650 1735 1721 1769 apud
1739 1744 1790 1764 nos
1808 1737 1866 1765 dies

1082 1786 1109 1805 et
1125 1783 1217 1806 noctes
1233 1778 1455 1812 distinguuntur;
1472 1784 1499 1806 et
1516 1787 1625 1807 menses
1651 1785 1731 1815 atque
1743 1781 1807 1808 anni
1819 1781 1867 1809 de—

1081 1824 1148 1850 finiti
1169 1824 1244 1858 ipsos
1260 1829 1351 1850 motus
1368 1825 1509 1858 temporis,
1525 1831 1552 1851 et
1569 1833 1663 1852 eorum
1678 1833 1740 1860 quae
1759 1826 1784 1852 in
1797 1832 1865 1854 tem-

1082 1875 1147 1903 pore
1160 1872 1234 1899 sunt,
1250 1867 1353 1895 circulo
1367 1867 1507 1895 confectos
1517 1869 1698 1905 distinguunt,
1709 1878 1864 1904 numerant,

1083 1913 1217 1944 ordinant.
1233 1918 1259 1940 et
1275 1914 1425 1941 continent.
1441 1913 1511 1946 Quid
1526 1920 1616 1941 autem
1629 1915 1738 1942 dicatur
1749 1917 1781 1943 de
1792 1917 1864 1951 ipsos

1083 1963 1138 1986 met
1151 1960 1226 1986 radio
1240 1959 1307 1986 Solis
1319 1960 1330 1986 ἲ
1344 1961 1365 1985 Α
1379 1967 1487 1987 summo
1501 1961 1574 1987 enim
1589 1961 1660 1987 bono
1672 1962 1764 1988 lumen
1775 1963 1857 1995 proii-

1081 2004 1205 2037 ciscitur,
1220 2009 1245 2032 et
1261 2005 1349 2039 imago
1359 2005 1487 2033 bonitatis
1496 2011 1554 2038 est;
1567 2007 1744 2040 quamobrem
1756 2009 1862 2036 nomine

1081 2050 1192 2078 luminis
1207 2051 1306 2078 bonum
1321 2051 1455 2084 laudatur,
1467 2056 1594 2087 tanquam
1604 2057 1732 2087 appareat
1746 2054 1859 2088 primum

1083 2097 1263 2131 exemplar‘in
1277 2097 1405 2130 imagine.
1418 2096 1578 2125 Sicutenim
1591 2099 1699 2126 bonitas
1716 2099 1860 2127 divinitatis

1083 2150 1144 2178 quae
1158 2150 1240 2178 supra
1252 2143 1343 2170 omnia
1357 2148 1408 2176 est,
1425 2151 1440 2170 a
1460 2144 1596 2177 supremis
1611 2148 1637 2171 et
1652 2144 1859 2179 provectissimis

976 2210 1111 2242 Scholia.

278 2271 317 2306 (Ι)
330 2258 470 2315 Ρςνίξριὶο,
481 2271 523 2298 cui
539 2272 669 2315 qdemptw
678 2272 840 2315 summittite
851 2271 1031 2315 perfectiones,
1047 2274 1071 2303 D
1087 2273 1147 2315 lieat
1162 2274 1212 2300 hoc
1238 2274 1299 2301 loco
1324 2273 1478 2315 Dionysius,
1500 2278 1529 2302 ut
1541 2275 1662 2315 .quidam
1692 2276 1853 2315 interpretati

240 2313 285 2334 est
301 2307 431 2340 perfectio
448 2314 501 2333 non
529 2308 665 2332 abstracta
681 2314 728 2340 per
743 2306 911 2333 intellectum
931 2315 946 2333 a
961 2311 1027 2339 toto,

240 2346 270 2369 et
282 2349 296 2368 a
316 2345 410 2375 parte;
427 2341 485 2368 haec
500 2341 572 2367 enim
593 2341 686 2368 Inultis
703 2340 917 2375 perfectionibus
931 2347 1005 2370 caret
1020 2351 1027 2375 ;

243 2376 373 2409 perfectio
385 2383 449 2403 vero
463 2375 778 2407 abstr‘acta,rubsolute
794 2376 966 2404 considerata
977 2377 1029 2403 late

245 2415 330 2444 patet,
345 2410 409 2446 quia
425 2418 477 2446 non
494 2415 537 2446 est
553 2409 675 2437 restricta
689 2410 721 2437 ad
738 2415 834 2442 totum,
855 2415 902 2437 aut
917 2413 951 2438 ad
964 2419 1027 2446 pars

246 2450 314 2476 tem.
333 2449 367 2473 ut.
376 2445 428 2471 vita
446 2445 570 2480 absolute
586 2445 768 2474 considerata.
782 2453 844 2480 quae
867 2445 970 2472 dicitur
981 2453 1029 2480 per

242 2488 272 2506 se
282 2480 348 2511 vita,
358 2479 420 2506 huic
429 2479 500 2506 nulla
511 2479 643 2514 perfectio
653 2479 796 2510 adimitur,
812 2481 883 2507 sicut
899 2479 1029 2508 adimitur

242 2516 304 2540 vita:
319 2515 344 2540 iu
360 2521 467 2548 genere,
481 2520 511 2541 ut
526 2515 670 2548 animalis;
689 2520 715 2542 et
734 2515 795 2541 vita:
815 2516 841 2541 in
863 2521 939 2549 parte
949 2523 1031 2550 gene-

243 2549 291 2581 ris,
303 2550 388 2580 idest,
403 2550 428 2575 in
438 2550 537 2583 specie.
547 2554 574 2575 ut
587 2550 715 2579 hominis.
729 2555 775 2576 aut
786 2550 884 2584 angeli,
900 2555 926 2577 et
941 2549 1027 2577 multo

243 2584 419 2619 tnagisjtujus
435 2584 552 2611 hominis
567 2590 613 2611 aut
628 2585 714 2619 angeli
727 2592 787 2619 quae
797 2590 861 2611 sunt
876 2585 1026 2612 individua.

280 2620 317 2652 t2)
329 2617 380 2645 Per
395 2627 425 2646 se
441 2627 511 2650 ωδε,
529 2620 652 2654 sieutper
666 2617 769 2650 Sevita.
785 2624 813 2646 et
828 2627 875 2654 per
892 2628 920 2646 sc
934 2629 1026 2650 unum,

241 2658 269 2690 ct
289 2654 398 2686 sm.ilia,
425 2659 467 2681 est
483 2662 532 2680 ens
548 2662 595 2688 per
619 2655 758 2686 accidens,
786 2655 850 2690 quia
870 2655 960 2682 solum
980 2663 1026 2690 per

242 2688 456 2715 absu'actionetu
473 2690 581 2716 exsistit
597 2690 623 2716 in
643 2695 742 2716 mente.

278 2724 317 2758 (5)
336 2723 530 2751 Pt'inciuiorum
543 2729 566 2750 et
585 2724 858 2752 subtcrminutionum.
872 2723 930 2752 Non
945 2725 1029 2759 signi-

276 2816 315 2852 (a)
327 2816 392 2852 Cap.
410 2817 426 2844 3
442 2816 480 2844 De
494 2817 576 2844 divin.
596 2825 666 2844 nom.
683 2816 710 2844 in
726 2815 788 2843 fine.

1084 2313 1160 2340 sunt,
1174 2315 1288 2343 corpora
1304 2309 1427 2336 caelestia
1439 2317 1498 2337 esse
1508 2310 1637 2343 principia
1647 2312 1753 2344 agentia
1763 2309 1854 2339 'eorum

1083 2348 1247 2379 qumrortum
1260 2348 1286 2370 et
1298 2344 1435 2370 interitum
1448 2344 1568 2379 capiunt,
1585 2351 1611 2372 et
1626 2345 1743 2372 disearui
1758 2353 1799 2373 res
1815 2355 1855 2373 sc-

1083 2378 1200 2405 cuudum
1220 2379 1314 2405 cadent
1336 2386 1449 2413 corpora
1461 2387 1470 2410 ;
1482 2378 1554 2406 ίιιιιιι
1575 2380 1694 2413 loquitur
1711 2381 1753 2407 Inc
1767 2381 1796 2407 de
1809 2383 1853 2408 ltu-

1081 2413 1200 2449 jusmodi
1219 2414 1370 2447 principiis,
1383 2413 1429 2440 sed
1446 2414 1478 2440 de
1495 2414 1634 2449 principiis
1650 2420 1677 2441 et
1692 2415 1850 2442 terminatio-

1084 2448 1164 2474 nibus
1184 2448 1292 2474 orbium
1305 2449 1469 2481 ccelestiunt,
1491 2448 1560 2482 quos
1576 2449 1639 2476 fecit
1657 2451 1726 2475 Deus
1744 2451 1852 2478 bonitate

1084 2490 1132 2509 sua
1145 2483 1284 2516 globosos,
1301 2482 1328 2509 iu
1349 2491 1402 2517 qua
1423 2484 1507 2517 figura
1522 2484 1589 2510 idem
1606 2489 1646 2511 est
1661 2484 1816 2518 principiqu
1827 2492 1851 2512 ct

1087 2518 1231 2548 terminus,
1247 2518 1305 2544 sive
1319 2517 1379 2545 linis
1396 2526 1403 2551 ;
1420 2526 1472 2544 nou
1489 2519 1558 2545 dixit
1582 2517 1812 2552 ἀποπέρατωξιεις,
1830 2523 1852 2547 id

1084 2558 1136 2583 est,
1166 2553 1382 2584 terminationes,
1408 2553 1454 2580 sed
1492 2554 1726 2588 ὑποπερατώσεις,
1758 2555 1782 2581 id
1805 2563 1850 2586 εει,

1084 2587 1351 2619 subterminationes,
1371 2593 1399 2614 ιιι
1413 2589 1441 2614 S.
1457 2587 1589 2615 Maximus
1599 2596 1674 2615 Ollsm
1685 2591 1765 2621 varit,
1792 2592 1848 2622 quia

1083 2627 1173 2648 Inotus
1190 2624 1315 2656 corporis
1341 2623 1444 2657 globosi
1470 2631 1523 2649 non
1541 2625 1620 2650 habet
1647 2631 1721 2658 prop:
1731 2625 1754 2650 ie
1770 2631 1850 2651 termi-

1084 2665 1159 2694 uu_m,
1177 2658 1223 2694 sed
1240 2659 1320 2694 \‘clutt
1335 2659 1479 2684 terminum
1508 2659 1588 2684 habet
1605 2661 1707 2685 moveri
1720 2665 1753 2685 an
1767 2662 1846 2694 aliquo

1083 2691 1217 2725 principio
1236 2693 1267 2718 ad
1299 2692 1368 2718 idctu
1386 2697 1515 2727 tanquam
1537 2694 1570 2720 ad
1599 2695 1756 2726 terminum,
1786 2691 1849 2722 vorbi

1083 2728 1182 2760 gratia.
1197 2727 1232 2754 ab
1249 2727 1355 2754 oriente
1377 2728 1409 2755 ad
1423 2728 1546 2755 eumdem
1564 2730 1706 2756 orientem.

1732 2773 1742 2791 /
