1954 3071
110 161 168 193 845

443 159 622 194 DECASYI.
640 171 674 176 --
688 158 739 189 DE
755 157 907 188 Al‘l‘ARI'l
917 157 1071 189 IONIBUS
1088 159 1210 190 DIVINI
1228 157 1402 188 LUMINIS-

1676 155 1729 187 διδ

107 216 293 251 protlli-udum?
309 220 335 242 et
361 215 514 243 ministerio
541 215 768 242 illuininationetu
799 214 892 242 habet.
908 216 931 245 Α
947 214 1062 250 Propter
1079 215 1139 246 hoc,
1157 214 1205 246 ait,
1230 221 1320 248 neque
1349 213 1458 239 nomina
1486 211 1553 240 tlll'll
1571 219 1664 239 eorum
1682 214 1729 247 qui

106 260 236 288 ‘l'--riium
262 262 352 289 lumen
371 266 412 288 est
435 262 527 292 Immo,
544 261 615 296 quod
643 260 724 286 etiam
747 259 895 294 gentilibus

112 308 289 334 manifestum
304 312 346 334 est.
365 316 371 334 :
389 307 445 340 φῶ;
464 307 548 337 enim,
561 306 587 333 id
609 306 781 338 est,1umen,
807 305 895 331 nomi-

112 354 340 384 nauthominem,
357 358 467 388 propter
484 353 638 379 facultatem
662 351 775 378 rationis
789 358 850 386 qua:
867 350 895 377 in

107 399 193 426 nobis
203 404 260 431 est;
275 403 301 426 et
312 407 409 426 rursus
425 399 470 433 qui
488 399 541 426 Deo
550 403 614 426 sunt
629 398 788 428 similiores,
800 401 825 424 et
839 404 896 424 ma-

112 445 154 479 gis
168 452 250 479 quam
270 452 320 472 nos
335 445 386 479 ipsi
413 444 508 471 vicini.
523 443 590 471 Seio
603 443 685 470 etiam
701 442 775 470 aliud
803 442 895 469 lumen

110 493 258 526 esse,'quo
272 491 323 517 ilhe
338 491 432 526 prima:
447 494 505 525 que
520 495 673 522 emnerunt,
687 489 803 516 tenelta!
814 489 898 524 pulsa:

109 541 190 567 sunt.
207 537 248 563 vel
266 536 417 571 dirempta‘,
449 537 519 572 qttod
535 540 599 563 ante
613 543 722 562 omnem
740 540 896 563 creaturam

111 582 309 615 aspectabiletn
328 581 430 609 farctum
450 587 501 615 eSI;
526 586 552 608 ct
580 582 725 609 circuitutn
753 582 897 608 rotundum

115 629 270 661 stellarum,
302 632 329 655 et
347 628 422 655 illum
449 627 631 663 splendorem,
657 634 674 654 ι
703 634 758 662 quo
781 633 899 661 superne

115 682 261 701 uo.versus
287 674 405 701 mundus
432 674 560 701 collucet.
577 673 686 701 Lumen
705 672 816 708 quidem
833 671 897 698 illttd

113 724 175 746 erat
187 719 304 754 primum
315 719 470 746 mandatum
481 719 569 753 primo
583 718 685 745 homini
695 718 785 744 datmn
796 726 803 750 ;
814 724 900 751 quan-

113 765 150 792 do
160 766 269 800 quidem
284 766 393 792 lucerna
407 770 448 792 est
462 765 618 792 mandatum
634 765 743 800 legis,et
754 764 856 797 lumen,
872 767 900 790 et

114 812 180 846 quia
192 812 283 838 lumen
296 817 360 839 sunt
376 817 507 846 pracepta
518 816 563 839 tua
578 819 658 846 super
666 815 778 843 terram;
792 809 898 837 tametsi

119 857 213 884 iniida
231 858 353 888 tenebra,
368 865 430 892 qua:
456 857 577 892 irrepsit,
601 857 751 891 nequitiam
780 856 895 884 creavit.

117 901 223 929 Lumen
242 910 306 929 vero
327 904 460 938 typieum,
475 906 503 929 et
518 909 629 937 eompar
649 901 683 929 iis
697 902 741 935 qtti
756 901 821 928 illud
834 908 897 928 sus-

118 949 266 983 cipiebattl,
295 949 336 976 lex
355 949 454 983 scripta
466 952 535 980 erat,
549 955 609 982 quae
619 948 759 974 veritatem
773 951 799 974 et
809 946 899 982 magni

117 993 229 1021 luminis
247 994 404 1029 mysterium
420 994 611 1026 adumbrabat;
627 993 760 1028 siquidem
776 996 803 1019 et
819 992 901 1020 facies
917 1026 921 1027 ν

118 1037 219 1071 Moysis
235 1038 286 1065 hoc
301 1038 597 1072 lumine-splendescit.
615 1037 648 1064 Et.
664 1043 693 1065 ut
711 1037 746 1065 de
777 1037 901 1072 pluribus

118 1083 268 1110 luminibus
279 1083 434 1118 loquamur,
444 1083 534 1110 lumen
547 1083 656 1118 quidem
669 1082 806 1119 eratquod
816 1081 900 1118 Moysi

118 1135 152 1155 ex
173 1129 234 1163 igne
249 1128 386 1163 apparuit,
399 1136 460 1156 cum
473 1129 586 1156 ardebat
602 1129 697 1161 rubus,
711 1133 738 1155 ct
752 1136 806 1156 uon
824 1136 899 1156 com-

120 1173 279 1205 burchatur.
298 1179 328 1201 ut
349 1179 473 1202 naturam
503 1175 675 1206 ostenderet.
699 1179 726 1201 et
751 1175 900 1209 potentiatn

118 1219 238 1246 divinam
256 1219 420 1247 detlararet.
442 1219 545 1249 Lumen
569 1219 668 1246 deinde
680 1225 752 1250 eral,
778 1219 850 1256 quod
875 1220 900 1246 lll

118 1265 244 1292 columna
262 1265 332 1299 ignis
349 1265 449 1300 populo
462 1264 618 1292 lsraeletico
634 1265 663 1292 in
697 1266 737 1292 via
771 1271 900 1300 tanquam

119 1310 174 1337 dux
191 1311 315 1345 pra-ibat,
332 1316 358 1338 ct
377 1310 533 1339 solitudinis
548 1311 722 1345 asperitatem
747 1311 901 1345 mitigabat.

127 1356 232 1383 Lumen
248 1357 323 1389 item,
338 1357 408 1391 quod
422 1356 506 1383 Eliam
524 1357 549 1383 iu
566 1364 647 1384 curru
664 1357 744 1392 igneo
756 1357 856 1391 rapuit,
876 1361 904 1384 et

119 1407 228 1436 raptum
253 1410 306 1430 non
326 1402 487 1430 combussit.
510 1402 611 1430 Lilttlcll
627 1408 758 1439 pra-terea
769 1403 841 1438 quod
856 1411 904 1438 pa-

124 1451 213 1474 stores
226 1447 418 1480 circnml'ulsit,
432 1448 539 1482 quando
558 1447 623 1475 illud
651 1448 741 1475 lumen
759 1449 818 1476 sine
835 1453 903 1475 tem-

120 1499 185 1526 pore
208 1492 304 1519 lumini
331 1493 461 1526 temporis
478 1492 693 1520 adtniscebatur.
722 1493 827 1520 Lumen
853 1494 902 1520 l'uit

118 1537 187 1564 illud
200 1538 283 1564 stellae
296 1545 357 1572 qua:
371 1537 508 1565 Bethleem
522 1539 653 1570 cucurrit,
670 1543 699 1565 nt
715 1539 804 1574 Magos
815 1539 901 1567 dedu-

120 1587 207 1616 ceret,
226 1587 254 1611 et
269 1583 360 1611 lumen
375 1591 458 1618 supra
476 1591 526 1612 nos
538 1585 677 1611 nobiseum
697 1589 787 1612 ortum
801 1586 903 1613 satelli-

119 1630 160 1656 tio
176 1629 298 1664 stiparet.
323 1628 546 1661 Lumctretiam,
573 1629 702 1657 divinitas
727 1630 770 1657 illa
793 1637 902 1658 ostensa

121 1675 207 1702 fet-nte
221 1675 344 1707 solidior,
354 1682 436 1710 qualn
444 1680 475 1701 ut
486 1679 610 1709 aspectus
621 1675 690 1702 ferre
699 1681 799 1709 posset;
812 1676 902 1704 lumen

123 1727 233 1754 quoque
249 1719 377 1755 splendor
389 1720 461 1747 illinc
477 1721 510 1747 ad
523 1727 571 1747 eos
587 1721 632 1755 qui
651 1721 694 1748 hic
708 1721 812 1756 purgati
828 1726 902 1755 sunt,

123 1771 296 1797 manaturus,
322 1772 384 1792 cuin
403 1765 543 1800 [algebunt
571 1765 636 1800 justi
660 1766 730 1794 sicut
757 1767 808 1799 sol,
835 1767 904 1795 inter

121 1819 192 1846 quos
205 1816 260 1838 stat
272 1810 342 1838 Deus
357 1812 384 1838 in
400 1811 489 1838 medio
503 1811 616 1838 deorum
631 1817 657 1839 et
672 1820 775 1847 regum,
798 1813 904 1841 discer-

126 1865 194 1883 nens
208 1861 236 1883 et
261 1856 432 1891 distinguens
457 1857 602 1891 dignitates
625 1858 801 1886 beatitudinis
830 1859 904 1886 ill-uc

124 1902 332 1937 proficiscentis.
347 1902 447 1930 Pra-ter
461 1903 511 1930 ista
527 1903 629 1930 lumina
641 1904 728 1931 lumen
741 1911 780 1931 est
796 1906 905 1940 proprio

121 1949 242 1982 qundam
253 1948 332 1975 modo
341 1948 508 1976 illuminatio
519 1949 699 1984 baptismatis,
713 1950 746 1977 de
760 1958 815 1984 quo
829 1958 902 1979 nunc

121 1994 202 2021 nobis
217 2000 306 2020 sermo
320 1999 371 2025 est,
385 1994 457 2029 quod
473 2002 600 2028 maguum
617 1999 644 2022 et
659 1995 817 2022 admirabile
829 1996 902 2023 δίιΙυ-

121 2040 157 2066 tis
174 2044 273 2066 nostra:
301 2040 459 2075 mysterium
476 2040 608 2067 continet.
628 2040 665 2068 Ex
684 2041 785 2076 quibus
809 2041 904 2077 liquet,

121 2085 195 2118 quod
226 2083 298 2112 Deus
314 2093 328 2110 a
355 2084 536 2112 nobilioribus
562 2086 684 2114 materiis
701 2087 791 2113 lumen
819 2093 847 2114 et
865 2087 905 2114 Sol

122 2129 295 2162 nominatur,
312 2137 328 2157 a
345 2130 542 2163 mediocribus,
572 2131 653 2166 ignis;
682 2132 747 2166 quin
764 2133 846 2159 etiam
871 2132 906 2159 ab

122 2175 224 2202 lulitnis
239 2175 336 2209 accipit
352 2183 462 2209 nomen;
478 2176 558 2203 simul
584 2178 665 2204 etiam
689 2178 904 2205 demonstratum

914 885 934 914 li

945 259 1185 292 usaensnrierant;
1212 260 1385 286 vein-menter
1419 259 1492 285 enim
1523 257 1621 292 reliqui
1651 259 1728 293 sequi

946 306 1151 342 concupissent,
1180 306 1335 339 exemplum
1360 304 1454 339 gloria:
1478 303 1550 331 illius
1565 305 1726 338 spectaturi;

946 351 1158 385 docuisseutque
1185 356 1314 384 tanquam
1333 350 1429 384 spreti.
1446 348 1502 376 Etsi
1519 351 1590 376 enim
1609 350 1660 376 hoc
1687 350 1730 376 lu-

947 403 1007 422 Inen
1021 396 1140 423 crassius
1164 399 1191 422 et
1209 395 1365 422 concretius
1380 395 1590 425 demonstravit,
1608 394 1725 421 nmltum

947 445 1037 467 tamen
1049 441 1214 468 desiderium
1229 448 1272 468 res
1294 440 1434 467 alTerebat.
1449 439 1481 466 Et
1497 447 1592 467 rursus
1617 439 1643 466 in
1661 447 1725 466 ora-

948 488 1020 513 tione
1045 485 1078 512 ad
1104 485 1278 513 Theodontm
1306 486 1424 521 lapsum,
1454 485 1537 519 Quid,
1560 485 1658 520 inqu't,
1687 490 1729 513 est

947 532 1019 566 quod
1033 532 1200 567 resplenduit
1213 529 1342 567 tauquam
1365 533 1422 559 sol?
1436 531 1528 559 Gloria
1561 536 1649 558 autem
1666 538 1727 558 cor-

948 585 1044 612 porum
1063 578 1257 605 immortalium
1274 585 1327 604 uou
1348 582 1453 604 tantum
1484 577 1593 605 luminis
1616 576 1728 608 emittit,

950 629 1082 658 quantuli)
1101 623 1151 651 hoc
1164 630 1262 657 corpus
1276 623 1461 655 interiturum,
1477 622 1549 657 quod
1565 630 1652 656 neque
1675 622 1730 648 tale

948 674 1016 702 erat,
1049 669 1129 704 quale
1156 669 1244 697 Oculis
1269 669 1429 697 mortalibus
1456 669 1531 696 cerni
1560 673 1658 703 potest,
1683 669 1728 694 sed

948 714 1019 749 quod
1050 719 1161 749 aspectu
1192 713 1335 741 oculorum
1364 713 1572 745 immortalium,
1590 718 1619 740 ut
1646 713 1730 740 videri

949 763 1055 795 posset,
1073 767 1145 794 opus
1158 759 1286 787 habebat.
1303 759 1401 787 Adhuc
1413 759 1482 786 idem
1508 760 1536 786 in
1554 760 1649 786 eadem
1666 766 1731 786 ora-

950 805 1042 832 tione:
1061 804 1112 833 Sed
1134 805 1158 834 si
1176 805 1311 836 volumus,
1325 805 1424 839 inquit,
1451 805 1603 832 videbimus
1626 809 1653 832 et
1683 812 1732 832 ιιος

949 849 1108 883 Christum,
1133 854 1163 877 ut
1187 850 1223 877 illi
1255 856 1319 879 tunc
1347 850 1373 877 in
1400 855 1502 882 monte,
1529 851 1614 878 multo
1641 855 1730 878 tamen

950 896 1127 931 splendidius,
1145 904 1199 924 non
1215 897 1286 923 enim
1301 897 1341 924 sic
1356 901 1448 931 postea
1463 897 1564 929 veniet;
1580 901 1644 924 tunc
1658 897 1730 924 enim

951 949 1065 976 parcens
1091 941 1244 975 discipulis,
1285 946 1390 970 tantum
1420 941 1571 976 splendoris
1600 943 1730 974 ostendit,

950 993 1081 1022 quantum
1096 987 1166 1015 lcrre
1185 993 1342 1022 potuerunt,
1357 993 1450 1024 postea
1470 996 1535 1016 vero
1549 989 1574 1015 in
1591 988 1649 1023 ipsa
1673 989 1732 1023 glo-

951 1034 990 1061 ria
1005 1033 1093 1061 Patris
1109 1034 1210 1062 veniet.
1232 1034 1265 1063 Et
1281 1034 1442 1062 Anastasius
1465 1035 1596 1066 Sinaites,
1623 1035 1650 1063 in
1667 1044 1731 1064 ora-

951 1079 1024 1107 tione
1043 1079 1076 1106 de
1088 1079 1338 1115 Transtiguratione
1359 1089 1366 1107 :
1380 1080 1440 1114 llic,
1451 1081 1551 1116 inquit,
1567 1083 1644 1116 signa
1656 1083 1730 1117 regni

951 1125 1122 1159 praeﬁgurata
1139 1130 1204 1153 sunt
1217 1134 1224 1153 :
1243 1126 1269 1153 in
1287 1127 1340 1154 hoc
1354 1132 1446 1155 monte
1458 1128 1585 1163 splendor
1597 1129 1733 1163 justoruin

951 1171 1130 1199 adumbratus
1143 1176 1184 1200 est
1201 1179 1208 1199 :
1224 1172 1269 1199 hic
1283 1172 1436 1200 luturorum
1455 1173 1587 1201 bonorttm
1604 1179 1731 1209 tanquam

953 1217 1127 1250 presentium
1160 1217 1250 1253 imago
1274 1225 1400 1253 expressa
1429 1224 1480 1247 est.
1509 1219 1567 1247 luto
1582 1225 1607 1248 et
1625 1221 1735 1249 divinus

952 1261 1113 1290 Theodonus
1123 1268 1303 1298 cognomento
1317 1265 1448 1300 γραπτῶν
1461 1265 1488 1292 in
1502 1266 1625 1293 oratione
1639 1271 1734 1295 contra

952 1308 1097 1336 Eusebium
1116 1317 1123 1338 :
1137 1309 1188 1336 Sed
1204 1313 1294 1338 tamen
1309 1315 1338 1337 ut
1354 1311 1453 1338 veritas
1466 1311 1555 1344 habet,
1581 1320 1594 1340 s
1606 1320 1621 1339 c
1644 1313 1677 1340 de
1699 1321 1732 1340 ea

951 1355 1074 1382 dicamus
1091 1363 1098 1382 :
1115 1355 1263 1390 Postquam
1290 1355 1323 1383 de
1346 1358 1474 1392 periculis
1504 1356 1630 1385 Salvator
1652 1359 1736 1386 disci-

953 1400 1024 1434 pulis
1040 1402 1175 1435 exposuit,
1193 1401 1317 1436 inquiens
1331 1409 1338 1428 :
1355 1401 1407 1434 Qui
1423 1402 1477 1429 vult
1499 1404 1584 1430 venire
1597 1409 1655 1438 post
1682 1412 1734 1437 me,

952 1446 1058 1480 abneget
1072 1446 1252 1480 semetipsum,
1262 1451 1287 1473 et
1303 1447 1380 1474 tollat
1395 1456 1497 1475 trucem
1511 1457 1586 1475 utaut
1601 1454 1626 1476 et
1641 1457 1738 1484 sequa-

953 1497 1045 1518 tnrme
1065 1492 1098 1523 “,
1116 1497 1143 1519 et
1159 1493 1212 1519 alia
1230 1494 1407 1527 huiusmodi:
1424 1500 1501 1522 etaut
1525 1500 1615 1523 autent
1633 1496 1737 1531 alioqui

955 1538 1114 1573 gravissima
1130 1543 1155 1565 et
1171 1538 1292 1566 diftieilia
1323 1539 1356 1566 ad
1378 1539 1548 1567 tolerandum
1574 1549 1636 1576 qua:
1658 1543 1737 1577 jube-

955 1584 1064 1617 bantur;
1083 1591 1115 1612 ue
1133 1584 1292 1612 dilﬁcultate
1308 1593 1402 1613 corum
1417 1594 1479 1621 qua;
1501 1587 1671 1620 dicebantur,
1689 1588 1739 1615 dc-

955 1625 1144 1666 l'atigarcutur,
1164 1637 1371 1659 reCreateorum
1386 1639 1500 1666 mentes,
1515 1639 1542 1661 et
1563 1635 1737 1669 splendorem

953 1686 1048 1706 eorum
1063 1686 1123 1713 qum.
1147 1680 1386 1713 exspectabantur,
1416 1685 1441 1707 et
1468 1680 1558 1708 futura
1575 1686 1663 1713 erant.
1685 1683 1738 1710 sub

954 1731 1093 1758 aspectum
1109 1724 1186 1751 ralde
1199 1729 1350 1759 opportune
1357 1727 1446 1759 ponit;
1464 1727 1639 1760 quatnohrctn
1652 1736 1740 1762 quan-

953 1774 1013 1806 tum
1027 1770 1175 1802 spectaculi
1201 1769 1283 1804 hujus
1297 1770 1403 1805 mystici
1420 1776 1587 1805 spectatores
1603 1774 1739 1800 sustinere

955 1817 1090 1846 poterant,
1101 1813 1215 1848 gloriam
1233 1813 1304 1840 illaut
1315 1815 1493 1845 demonstrat,
1506 1823 1568 1842 cum
1582 1824 1633 1850 qua
1649 1817 1673 1843 in
1686 1819 1739 1845 line

955 1858 1116 1885 szcculorum
1135 1863 1267 1886 venturus
1294 1864 1347 1892 cst;
1365 1860 1513 1887 semiudum
1537 1869 1618 1895 quani
1636 1867 1663 1889 et
1686 1863 1738 1897 ipsi

956 1903 1039 1930 simul
1054 1903 1257 1938 splendescent,
1275 1905 1345 1932 hanc
1360 1913 1470 1933 srornm
1485 1908 1667 1935 certaminum
1693 1917 1737 1935 re-

956 1951 1173 1977 munerationem
1187 1951 1279 1983 laturi,
1293 1960 1348 1987 quo
1364 1953 1450 1987 magis
1467 1954 1493 1980 in
1512 1954 1644 1988 periculis
1654 1957 1736 1990 positi

954 1995 1094 2023 centidant
1107 1997 1271 2030 contemptis
1283 1998 1471 2032 praesentibus,
1483 2000 1554 2026 nulla
1567 2001 1737 2029 ratiouncmu

958 2041 991 2068 iis
1015 2049 1076 2076 qua:
1110 2046 1277 2075 speetantur,
1309 2042 1360 2070 ista
1387 2049 1589 2078 comparantes.
1614 2046 1741 2081 judican—

956 2091 997 2114 tcs
1021 2094 1075 2114 non
1091 2095 1151 2114 esse
1167 2087 1261 2122 dignas
1272 2089 1407 2123 passiones
1423 2089 1503 2124 hujus
1517 2092 1640 2126 temporis
1649 2093 1684 2119 ad
1699 2093 1742 2128 fu-

956 2135 1043 2158 turam
1061 2132 1184 2167 gloriam,
1198 2141 1256 2168 qut»
1276 2133 1435 2160 revelabitur
1457 2135 1483 2161 in
1503 2137 1577 2163 nobis
1603 2137 1636 2164 “.
1656 2139 1739 2173 Atqui

957 2185 1011 2204 non
1027 2186 1134 2213 semper
1146 2179 1202 2205 hinc
1219 2179 1366 2212 durarunt;
1391 2181 1437 2207 sed
1455 2181 1498 2208 hic
1515 2183 1547 2208 ad
1562 2187 1669 2218 tempus
1688 2193 1741 2219 gu-

120 2225 162 2247 est
176 2221 360 2255 multipliciter
388 2222 443 2249 dici
471 2222 562 2249 lumen
588 2223 739 2250 secundum
762 2224 902 2259 multiplex
922 2222 943 2249 ιι
959 2223 1083 2255 bet-nata,
1097 2229 1170 2257 gesta
1185 2218 1260 2257 sunt;
1276 2226 1373 2253 modus
1381 2227 1453 2254 enitn
1467 2227 1673 2262 gubernationis
1686 2218 1740 2260 est.

122 2274 234 2299 nomen,
249 2273 275 2294 et
290 2275 337 2302 per
345 2276 452 2295 omnem
470 2267 648 2304 symbolicam
666 2270 828 2304 theologiam
845 2276 904 2297 len-

121 2313 198 2342 dctc;
214 2313 267 2340 huc
283 2314 400 2340 accessit
413 2314 478 2341 illud
494 2314 528 2341 de
542 2315 611 2342 facie
628 2315 733 2342 llulltittl
747 2324 807 2348 qua:
822 2317 847 2342 in
866 2316 906 2343 di—

121 2357 184 2383 \‘inzt
205 2359 446 2392 transtignratione
465 2359 632 2394 resplenduit
648 2360 719 2387 sicut
732 2360 783 2393 sol,
798 2361 842 2395 qui
864 2366 906 2389 est

121 2404 250 2430 oninibus
265 2412 324 2438 qme
334 2412 414 2432 sensu
429 2406 628 2440 percipiuntur,
639 2407 768 2434 nobilior.
785 2407 907 2442 "explen-

121 2450 180 2475 duit
196 2450 278 2481 enim,
296 2451 395 2486 iuqu:t.
424 2451 507 2485 faciet
531 2451 589 2486 ejus
613 2452 680 2478 sicut
707 2453 756 2485 sol,
779 2457 803 2479 et
829 2455 907 2480 cesti~

123 2501 211 2522 menta
226 2498 298 2529 [acta
306 2503 365 2524 sunt
374 2497 432 2524 alim
445 2498 511 2524 sicut
527 2498 612 2524 lunten
626 2498 659 2525 ⁵³.

433 2542 548 2570 CAPUT
564 2543 607 2571 IV.

127 2586 214 2624 Quod
229 2588 307 2624 [aries
340 2588 445 2614 Domini
467 2589 562 2618 nostri,
584 2597 643 2623 qua:
671 2593 795 2624 tanquam
820 2590 861 2616 sol
878 2591 905 2617 in

160 2621 326 2659 «tit-int'ssimu
340 2624 571 2659 transﬁguratione
583 2621 754 2657 resplemtuit.
777 2630 801 2651 ει
817 2625 905 2659 splen-

160 2657 210 2682 dor
237 2656 354 2690 ejnulem
377 2657 494 2683 decorent
517 2656 632 2691 corporis
658 2665 714 2693 ρυιι
735 2656 906 2686 resurrectio-

160 2699 218 2717 nem
236 2692 390 2728 glori/itali,
411 2697 434 2718 et
458 2693 577 2726 futurum
606 2701 662 2727 ejus
677 2693 804 2728 fulgorem
827 2703 906 2720 num-

161 2729 243 2786 raleén
258 2725 392 2760 figuravit,
408 2734 430 2753 et
458 2725 560 2754 idcirco
572 2729 598 2754 in
617 2725 748 2763 aspectum
768 2729 906 2756 oculorum

161 2769 211 2786 reci
233 2766 263 2786 it.

159 2766 263 2788 τεειιιιι.

113 2835 116 2837 ,
159 2807 274 2835 Divinus
284 2807 505 2843 Chrys-retentus,
516 2809 627 2837 honulia
640 2809 684 2841 56.
696 2810 904 2840 inMatll-tenm:

159 2878 184 2894 "
194 2877 290 2906 Matth.
305 2885 368 2912 nu,
384 2879 411 2906 2.
451 2880 473 2897 ⁸⁸
487 2879 580 2908 Matth.
601 2890 656 2914 \vt,
670 2882 714 2909 24.

754 2882 776 2897 ⁶¹¹
791 2882 870 2911 llotu.
886 2892 944 2918 \‘llt,
972 2885 1014 2912 l8.

959 2270 1078 2298 Sanctus
1094 2271 1212 2306 (‘.y=illus
1240 2273 1440 2302 Alexandrinus
1456 2275 1482 2302 in
1501 2277 1742 2311 explanationibus

959 2317 986 2345 in
1009 2314 1110 2345 Luc-am
1125 2337 1128 2342 .
1146 2318 1257 2346 Factam
1272 2327 1332 2347 esse
1345 2320 1462 2349 dicimus
1476 2325 1741 2359 transtiguratimtcm

960 2370 1013 2389 non
1027 2363 1067 2390 sic
1080 2363 1202 2396 quidem,
1224 2369 1252 2392 ut
1268 2373 1369 2400 corpus
1386 2366 1533 2394 humanum
1548 2369 1659 2403 lia-uram
1673 2374 1744 2398 aini—
1758 2394 1760 2396 τ

946 2408 1037 2449 serit,
1054 2409 1101 2435 sed
1114 2410 1260 2443 splendore
1287 2411 1406 2445 quodam
1420 2412 1546 2441 indutum
1565 2415 1659 2443 fuerit.
1674 2417 1743 2450 Quia

959 2453 1032 2479 enim
1048 2453 1208 2486 audiebant,
1227 2459 1354 2487 oportere
1370 2463 1480 2484 carnem
1498 2463 1619 2486 nostram
1650 2469 1745 2488 resur-

959 2506 1034 2534 gere,
1056 2507 1110 2533 quo
1127 2507 1191 2527 vero
1213 2500 1305 2526 habitu
1319 2505 1345 2528 ct
1361 2501 1460 2534 forma,
1473 2503 1606 2532 incertum
1622 2512 1691 2536 erat.
1717 2514 1746 2535 ut

960 2544 1038 2571 daret
1052 2545 1210 2571 mutationis
1235 2545 1377 2578 indicium,
1393 2555 1502 2575 carnem
1520 2537 1597 2578 suain
1615 2553 1743 2585 mutarit,

963 2593 992 2616 ut
1005 2597 1066 2623 spes
1079 2592 1378 2620 nostrasconlirmarett
1391 2591 1545 2621 Nunccnim
1559 2595 1610 2624 hoc
1620 2603 1741 2625 nostrum

959 2642 1065 2669 corpus
1074 2643 1139 2662 caro
1156 2637 1228 2663 nuda
1250 2641 1301 2670 est;
1318 2642 1440 2673 tempore
1454 2645 1543 2668 autem
1562 2645 1743 2671 resurreetio-

960 2680 1002 2706 nis
1017 2680 1169 2708 immutatio
1181 2682 1305 2714 quaedam
1322 2682 1405 2709 Deum
1418 2684 1529 2718 decens,
1544 2690 1570 2712 et
1579 2687 1742 2720 splendoris,

961 2732 1014 2751 non
1029 2725 1123 2759 ligulae
1139 2725 1254 2753 mutatio
1262 2727 1315 2754 erit
1328 2735 1335 2753 :
1352 2727 1531 2762 Splendebunt
1545 2731 1625 2764 enim,
1644 2734 1743 2766 inquit,

957 2770 1025 2804 justi
1041 2771 1111 2797 sicut
1130 2771 1171 2798 sol
1185 2772 1212 2798 in
1229 2780 1306 2807 regno
1325 2775 1452 2802 malorum
1479 2775 1512 2803 “.
1545 2777 1622 2808 Quod
1652 2783 1742 2806 autem

960 2815 1010 2847 suh
1020 2815 1055 2842 nd
1067 2823 1089 2842 ιι·
1100 2816 1147 2850 qui
1162 2818 1291 2845 convenit
1303 2818 1401 2846 divmae
1423 2819 1592 2853 substantiae,
1605 2821 1745 2852 universa

1054 2886 1076 2902 °“
1105 2886 1199 2916 Matth.
1221 2896 1276 2922 int,
1290 2889 1334 2917 45.
