1954 3071
104 176 156 207 8.57

435 177 554 207 DECAS
567 177 616 207 Vl.
634 188 669 193 -
687 175 735 206 DE
757 173 1079 204 API‘ARITIONIBUS
1093 173 1219 204 DIVINI
1231 172 1409 204 LUMINIS.

1675 170 1739 203 853

106 231 172 269 1)ιοὶι
184 230 216 258 Et
234 231 262 258 in
288 231 321 258 iis
336 238 397 266 qua:
419 231 447 258 in
474 233 526 258 hoc
552 231 651 258 festum
670 234 838 257 cantantur:
857 229 892 257 Ut
906 230 930 259 A
944 229 1044 265 inquit.
1060 231 1171 258 diabolo
1186 237 1210 258 ct
1227 231 1332 264 angelis
1349 229 1409 264 ejus
1422 228 1456 255 ad
1475 233 1641 256 tormentum
1657 237 1730 264 prm~

104 276 277 305 ostenderes,
298 276 399 310 inquit,
420 276 639 304 immutationem
658 275 815 303 mortalium
829 282 891 302 cum

105 322 195 357 gioria
206 327 263 352 tua,
280 321 417 352 Salvator,
432 321 458 348 in
476 321 597 349 secundo
608 329 622 347 a
633 321 725 348 Ivcntu
741 325 788 347 tuo
803 320 893 347 horri—

105 368 154 395 bin
176 373 307 399 loturam,
324 367 351 394 in
366 372 459 394 monte
476 367 686 401 transﬁguratus
712 374 752 393 es.
776 366 808 392 Et
826 363 894 393 (ire-

107 414 203 449 gnrins
225 412 391 450 Theologus_
411 413 438 439 in
463 413 587 439 oratione
611 412 637 439 in
658 411 779 439 Natalem
804 409 895 437 Domi-

108 448 136 486 ni
150 467 157 486 :
174 458 262 491 Quam
278 458 369 490 multi,
384 448 494 492 inquit,
511 457 578 484 tnihi
601 461 752 485 conventus
775 448 905 483 celebres

108 504 138 531 iu
154 503 270 538 singulis
283 503 385 531 Christi
404 503 542 536 mysteriis
555 503 566 530 ?
577 510 693 538 quorum
709 502 830 530 omnium
847 508 894 527 ca-

109 555 159 584 put
175 557 259 576 unum
283 554 325 576 cst
341 557 400 576 mea
418 549 561 584 perfectio,
577 553 604 576 et
621 549 799 580 instauratio,
819 552 846 575 et
862 543 909 574 ad'

112 597 231 629 primum
257 595 342 622 Adam
366 595 501 622 reversio.
529 595 561 621 Et
584 594 732 628 Gregorius
756 593 897 629 Nysscnus

111 642 185 669 libro
205 641 295 675 primo
310 642 335 667 in
350 640 533 668 Ecclesiasten
549 649 556 667 :
571 639 645 668 Talis
657 639 725 666 facta
738 645 780 666 est
793 639 895 670 anima,

112 687 204 720 qualis
219 694 316 714 rursus
329 691 422 721 postea
438 686 586 713 emundata
601 685 744 720 apparebit
758 694 764 717 ;
792 684 845 711 tale
859 683 898 711 fa-

109 737 187 759 ctum
203 737 246 758 cst
265 739 378 766 corpus.
394 732 465 765 quod
479 731 605 758 manibus
622 730 667 758 Dei
677 730 826 757 formatum
845 735 897 760 est,

111 778 196 811 quale
209 781 329 811 tempore
347 784 397 804 suo
411 777 576 804 resurrectio
591 776 799 803 dt'tnottslrnbit.
814 775 899 808 Quale

108 824 182 849 cnim
199 828 259 856 post
274 824 499 851 resurrectionem
515 830 576 851 esse
590 823 704 855 videbis,
721 823 774 850 tale
788 823 900 849 omnino

109 871 158 896 fuit
172 871 268 903 primo;
280 878 328 897 nec
336 871 409 897 enim
421 871 493 898 aliud
503 876 542 898 est
553 870 727 903 resurrectio,
736 877 815 904 quam
827 869 900 896 redi-

944 280 1056 310 paratus
1071 275 1206 302 dividitur
1220 283 1287 302 voce
1307 275 1426 309 Dotuiui,
1445 279 1474 301 ut
1487 273 1550 308 quia
1567 274 1666 308 dule
1685 275 1727 302 vis

942 321 1013 348 inest
1025 321 1091 356 igni,
1105 329 1157 348 una
1171 321 1278 353 urendi,
1290 321 1374 348 altera
1386 319 1555 347 illuminandi
1565 340 1571 351 ,
1587 320 1650 346 illud
1670 328 1733 348 acre

942 373 967 395 ct
983 375 1064 395 urens
1078 367 1168 402 dignis
1181 368 1300 394 cruciatu
1313 367 1480 401 relinquatur
1492 375 1498 397 ς
1511 366 1581 400 quod
1596 373 1658 393 vero
1671 366 1733 393 illu-

945 415 1043 445 mittat,
1057 418 1082 440 et
1095 413 1268 448 splendidum
1285 417 1337 445 est,
1351 413 1479 440 hilaritati
1494 413 1640 440 lartantinm
1656 413 1734 439 attri-

945 461 1056 488 buatur.
1082 459 1140 487 Vox
1173 460 1256 495 igitur
1281 459 1387 487 Domini
1414 459 1560 486 dividentis
1595 459 1731 486 llatnmam

947 506 1028 540 ignis,
1051 510 1078 532 et
1095 505 1258 540 partientis;
1279 509 1309 532 ut
1325 504 1395 539 ignis
1412 504 1539 531 tormenti
1562 511 1616 530 non
1639 504 1734 537 splen-

949 552 1013 579 dcat
1037 557 1063 579 et
1083 552 1173 579 lumen
1203 551 1413 579 resurrectionis
1429 559 1482 578 non
1500 555 1570 578 urat.
1587 551 1617 577 Et
1636 558 1734 578 rursus

947 597 1017 624 libro
1032 597 1120 630 primo
1140 595 1314 624 Hexaemeri:
1333 596 1407 629 Erat,
1434 596 1532 630 inquit,
1552 595 1660 630 quidem
1675 600 1733 622 sta—

949 647 993 670 tus
1017 642 1154 677 antiquior
1180 647 1240 669 ortu
1269 642 1375 672 mutuli,
1398 643 1443 676 qtti
1471 646 1619 676 potestates
1636 649 1733 676 supra—

950 688 1102 716 mnndanas
1119 688 1244 720 decebat,
1260 695 1341 722 supra
1358 692 1475 722 tempus,
1492 693 1610 716 internus
1627 692 1653 715 et
1667 695 1730 722 per-

951 740 1069 769 petuus:
1090 735 1115 760 in
1131 741 1165 761 eo
1186 738 1277 761 autem
1297 739 1368 761 statu
1384 739 1524 760 creaturas
1544 739 1639 760 auctor
1651 739 1677 760 et
1694 733 1735 760 fa-

952 781 1072 808 bricator
1095 779 1216 807 universi
1234 779 1321 807 effecit
1336 789 1342 812 ;
1360 780 1449 807 lumen
1474 779 1643 811 inleilectiic,
1661 778 1735 814 quod

954 827 1116 855 beatitudini
1132 827 1304 862 diligentium
1319 826 1463 853 Dominum
1478 826 1676 857 conveniebat;
1694 833 1736 852 ra-

955 873 1038 900 tionis
1049 877 1200 908 compotes,
1215 878 1241 900 et
1254 872 1462 907 inaspectabiles
1478 877 1601 901 naturas,
1613 878 1737 898 omniur-

109 921 156 942 tus
169 918 200 942 :t-.I
212 916 445 951 autiquumJIinc
455 918 483 945 fit
494 917 668 945 ntanifestum
679 917 819 951 quodeam
835 917 896 951 puis
916 907 936 934 Β
955 927 1009 954 quc
1024 907 1149 947 ordinem
1167 927 1272 946 earum.
1285 919 1319 945 Et
1333 918 1482 953 Gregorius
1497 917 1648 953 NysScnus,
1666 917 1737 943 libro

111 964 296 991 cltritutlincm
310 973 391 999 quam
407 966 499 993 habuit
512 966 596 993 Adam
607 970 752 1000 antequam
766 973 819 992 non
834 965 898 992 obc-

109 1010 192 1040 dirct,
219 1014 246 1036 ct
270 1018 331 1037 eum
350 1011 533 1046 splendorem,
549 1012 574 1038 iu
593 1019 648 1045 quo
667 1016 732 1038 tunc
746 1011 895 1038 secundum

111 1061 238 1082 naturam
263 1060 372 1083 creatus
394 1060 446 1088 est,
475 1064 547 1083 nunc
571 1056 704 1086 Dominus
730 1056 756 1082 in
783 1063 898 1089 corpore

111 1109 163 1129 suo
178 1101 297 1128 lunnano
312 1109 489 1137 recuperasse
502 1107 628 1129 naturam
647 1103 792 1129 humanam
810 1101 898 1137 pradi-

111 1148 230 1182 guravit,
244 1155 306 1174 cum
321 1148 347 1174 iu
362 1153 454 1175 monte
469 1147 579 1175 Thabor
589 1148 651 1182 plus
665 1155 746 1183 qualn
756 1147 796 1174 sol
807 1147 898 1182 splen-

111 1194 170 1220 duit
185 1200 192 1224 ;
209 1197 302 1226 pOstI-a
318 1197 408 1221 tamen
441 1199 501 1228 post
515 1195 745 1221 resurrectionem
761 1201 839 1221 suam
859 1193 898 1220 si-

113 1244 160 1265 cut
179 1244 304 1265 naturam
327 1239 362 1266 ab
376 1239 487 1266 interitu
506 1239 642 1273 liberavit,
667 1243 694 1266 ct
718 1239 898 1267 immortalem

113 1282 245 1313 reddidit,
262 1283 302 1310 sic
325 1282 349 1310 ei
369 1287 457 1310 totum
475 1283 647 1316 splendorem
667 1284 795 1320 restituit,
814 1284 900 1310 ntulto

114 1328 220 1364 majore
237 1335 318 1361 quam
335 1328 388 1355 dici
406 1333 496 1364 potest
514 1349 522 1362 ,
538 1329 641 1356 lumine
652 1330 755 1356 circum
769 1337 829 1356 cant
843 1329 900 1356 col-

114 1374 222 1405 lucens,
239 1374 396 1409 habensque
412 1382 504 1402 secum
520 1375 567 1409 qui
586 1379 799 1410 consequantur,
811 1376 901 1409 justus

114 1420 176 1454 plus
192 1420 249 1446 sole
263 1419 398 1454 fulgentes
412 1429 419 1447 :
442 1421 514 1455 quod
535 1421 558 1448 si
575 1428 630 1448 non
646 1421 723 1455 plene
738 1425 764 1448 ct
782 1422 901 1455 perfecte

116 1465 208 1505 hodie,
228 1470 256 1492 at
280 1470 353 1492 certe
367 1466 392 1492 in
408 1467 546 1493 communi
560 1465 666 1502 generis
682 1467 794 1493 humani
809 1474 902 1493 resur-

115 1513 250 1545 rcciioue,
274 1520 335 1538 cum
353 1520 403 1540 nos
420 1512 447 1538 in
472 1520 503 1539 ca
529 1512 586 1547 ipsa
611 1517 709 1540 natura
734 1512 902 1540 immortales

954 965 1043 999 primo
1058 963 1279 999 Confutationum
1292 964 1318 990 in
1341 963 1512 993 Eunomium,
1528 971 1555 990 e.
1572 963 1625 990 26:
1643 963 1738 990 Omni-

954 1011 1016 1047 bus,
1030 1010 1131 1044 inquit,
1143 1009 1263 1037 arbitror
1278 1014 1372 1037 uotum
1383 1017 1454 1040 esse,
1468 1017 1515 1036 eos
1531 1008 1604 1041 dico,
1618 1008 1664 1042 qui
1680 1016 1737 1035 tne-

951 1056 1082 1083 dioeriter
1101 1063 1132 1083 ea
1154 1063 1214 1089 qua:
1229 1060 1305 1086 sunt,
1328 1055 1582 1087 consitleravcruut,
1599 1054 1670 1088 quod
1688 1062 1738 1082 au-

952 1106 1011 1128 ctor
1026 1101 1157 1134 universi,
1174 1101 1221 1136 qui
1241 1101 1352 1134 saecula,
1372 1101 1430 1128 sive
1441 1109 1542 1132 aevum,
1562 1105 1589 1127 et
1606 1100 1693 1127 locum
1709 1099 1736 1126 in

952 1150 1002 1178 eis,
1021 1153 1150 1182 tanquam
1167 1147 1367 1181 receptaculum
1381 1155 1476 1174 eorttm
1491 1154 1551 1182 qua:
1565 1147 1590 1173 in
1607 1147 1648 1173 eis
1667 1146 1737 1172 faeta

952 1200 1026 1224 sunt,
1042 1193 1142 1225 elicuit,
1156 1194 1182 1220 in
1198 1194 1241 1221 bis
1261 1199 1336 1221 creat
1349 1193 1462 1225 omnia;
1483 1201 1533 1221 nec
1555 1194 1628 1220 enim
1648 1196 1739 1226 potest

952 1241 1101 1276 quidquam
1125 1248 1221 1268 eorum
1246 1247 1306 1274 qum
1327 1244 1417 1267 creata
1437 1243 1513 1271 sunt,
1539 1239 1580 1266 vel
1598 1243 1737 1268 creantur.

954 1295 1007 1314 non
1023 1294 1083 1314 esse
1098 1286 1140 1313 vel
1163 1286 1189 1313 in
1216 1287 1287 1318 loco,
1305 1285 1346 1312 vcl
1362 1285 1388 1311 in
1414 1289 1546 1319 tempore.
1570 1284 1602 1311 Et
1623 1292 1738 1319 magnus

954 1332 1130 1363 Athanasius,
1148 1332 1217 1358 libro
1241 1331 1362 1358 secundo
1377 1330 1478 1357 Contra
1499 1329 1636 1357 Ariattos:
1654 1329 1739 1363 Igitur

955 1379 1040 1405 multo
1064 1377 1150 1412 magis
1170 1377 1267 1405 Petrus
1281 1384 1335 1404 non
1354 1381 1510 1403 creaturam
1526 1383 1586 1404 esse
1604 1375 1741 1410 signiﬁca-

955 1425 1011 1456 bat,
1024 1431 1085 1450 cum
1100 1423 1153 1450 huc
1168 1422 1258 1450 aiebat
1272 1431 1280 1455 ;
1293 1422 1397 1449 sciebat
1408 1422 1480 1449 enim
1495 1430 1554 1450 esse
1567 1422 1664 1449 Filium
1680 1421 1740 1453 Dei,

954 1477 1034 1503 quem
1052 1469 1194 1496 confessus
1209 1473 1280 1500 erat,
1296 1467 1442 1502 inquiens:
1456 1466 1493 1493 Tu
1509 1475 1535 1494 es
1552 1466 1675 1494 Christus
1691 1466 1740 1494 Fi-

955 1514 1007 1542 lius
1025 1514 1072 1541 Dei
1089 1513 1139 1540 viri
1150 1512 1173 1528 ⁸⁰
1187 1521 1195 1540 :
1214 1512 1261 1540 sed
1278 1511 1367 1546 potius
1384 1511 1567 1548 significabat,
1585 1519 1697 1546 regnum
1713 1505 1741 1539 et

117 1558 191 1594 facti,
208 1562 307 1584 statum
326 1557 426 1584 Christi
443 1557 571 1590 similem,
585 1561 612 1585 et
628 1558 818 1586 beatissimum
836 1565 898 1585 cum
913 1565 936 1594 α
953 1561 1123 1588 dominatum
1139 1560 1199 1594 ejus
1215 1559 1241 1587 in
1257 1559 1335 1586 nobis
1347 1567 1394 1594 per
1404 1559 1518 1594 gratiam
1531 1563 1654 1586 creatum
1668 1565 1740 1590 esse,

115 1605 225 1630 (Christo
238 1611 425 1641 assequemur,
442 1612 504 1632 cum
521 1604 632 1632 Christo
646 1605 775 1632 choreatn
791 1604 897 1632 ducen-

116 1654 178 1676 tes:
197 1649 258 1676 linis
274 1649 347 1675 enim
364 1649 508 1676 charitatis
526 1649 678 1677 Salvatoris
691 1657 756 1685 erga
773 1657 822 1677 nos
845 1657 903 1676 tua-

113 1695 185 1730 joris
200 1704 281 1730 quam
303 1700 332 1722 ut
346 1695 458 1730 cogitari
476 1695 573 1733 possit,
607 1701 701 1723 nostra
717 1695 848 1730 perfectio
862 1700 903 1722 cst

116 1745 144 1769 et
162 1742 334 1771 instauratio,
349 1747 375 1768 et
386 1742 418 1769 ad
435 1742 552 1777 primum
565 1742 649 1769 Adam
663 1741 765 1769 reditus
773 1741 904 1769 aChristo

118 1796 168 1824 per
195 1788 392 1815 lmmanitatem
419 1796 494 1815 suam
523 1787 728 1823 sapientissime
747 1786 902 1816 confectus.

410 1841 524 1871 CAPUT
548 1841 613 1870 Vlil.

119 1903 198 1936 Quod
213 1903 247 1929 sit
260 1900 402 1929 secundum
418 1901 558 1927 essettliant
577 1901 697 1936 futurum
713 1898 800 1936 lumen
816 1906 905 1925 resur-

156 1939 291 1968 rectionis,
312 1943 335 1963 et
354 1936 422 1969 quod
439 1936 471 1963 sit
491 1933 598 1968 regnum
616 1934 664 1961 Dei
680 1933 754 1960 nobis
771 1941 907 1969 prepara-

156 1980 223 2003 lunt,
238 1978 262 2000 ct
280 1979 338 2007 qua:
353 1968 446 1997 civitas
465 1970 590 2001 celestis,
607 1977 666 2004 qua:
683 1969 717 1996 ad
735 1976 841 2004 regnum
857 1968 905 1996 Dei

156 2010 278 2041 'tJrlittcl.

160 2065 272 2098 Magnus
296 2062 412 2090 Basilius
439 2062 466 2088 in
483 2061 594 2089 homilia
621 2064 699 2088 sexta
723 2059 907 2087 Hexaemeri:

122 2111 176 2138 Nee
204 2119 265 2143 c5»,
287 2108 387 2143 inquit,
411 2108 473 2134 dico
497 2115 576 2142 posse
593 2111 619 2134 te
644 2111 690 2134 aut
714 2114 756 2134 me
774 2106 864 2133 lumen
893 2113 907 2133 a

121 2165 238 2191 nuptm:
252 2155 318 2183 solis
333 2161 489 2186 secernere,
516 2153 563 2181 sed
582 2154 655 2188 quod
667 2160 700 2180 ea
716 2160 776 2188 quae
797 2159 811 2179 ιι
831 2152 908 2180 nobis

121 2203 289 2235 «unitatioue
304 2200 425 2235 separari
442 2205 567 2234 possunt,
592 2203 708 2234 possunt
731 2204 794 2226 actu
808 2198 843 2225 ab
861 2206 909 2225 au-

954 1611 981 1634 et
997 1606 1140 1634 exsistere.
1162 1605 1193 1632 Et
1204 1604 1313 1632 divinus
1325 1604 1537 1640 Chrys-ostomus
1563 1603 1590 1631 in
1614 1604 1742 1632 oratione

954 1661 1035 1687 quam
1049 1653 1188 1687 inscripsit
1207 1657 1302 1679 contra
1319 1651 1473 1683 lueretieos,
1488 1655 1516 1678 et
1533 1651 1559 1678 in
1583 1651 1740 1686 petitionem

955 1697 1071 1725 filiorum
1088 1688 1222 1728 Zebctlmi,
1236 1704 1297 1730 qua:
1315 1696 1410 1730 incipit
1441 1695 1504 1722 fleri
1521 1702 1553 1722 ex
1565 1694 1632 1721 bello
1645 1694 1742 1721 reversi

955 1752 1057 1775 sumus,
1078 1743 1240 1774 Considera,
1261 1742 1362 1776 inquit,
1376 1742 1459 1769 etiam
1475 1741 1518 1768 hic
1533 1741 1645 1768 tnultam
1661 1748 1744 1776 gene-

956 1791 995 1818 ris
1021 1789 1107 1817 nostri
1133 1788 1365 1822 procurationem,
1387 1795 1449 1814 cum
1469 1787 1593 1821 loquitur
1621 1786 1654 1813 iis
1672 1794 1742 1821 quos

957 1844 1057 1864 corona
1075 1835 1176 1861 donat:
1190 1834 1292 1865 Venite,
1307 1833 1407 1866 inquit,
1422 1832 1550 1859 benedicti
1567 1831 1668 1863 Pntrir,
1679 1840 1742 1865 por—

957 1882 1041 1909 sidete
1066 1886 1189 1915 partitum
1215 1879 1284 1906 vobis
1314 1886 1422 1914 regnum
1446 1882 1508 1904 ante
1529 1877 1743 1903 constitutionem

959 1927 1070 1958 mundi;
1087 1927 1121 1954 iis
1136 1932 1201 1952 vero
1218 1924 1266 1959 qui
1285 1929 1458 1958 torquentur,
1475 1930 1530 1950 non
1548 1923 1615 1949 dixit
1629 1931 1636 1950 :
1656 1922 1743 1949 Rece-

958 1975 1014 2000 dite
1029 1980 1044 1999 a
1061 1980 1113 2004 me,
1130 1970 1278 2002 maledicti,
1293 1970 1319 1997 in
1336 1969 1423 2005 ignem
1440 1972 1566 2003 paratum
1589 1967 1679 2000 vobis,
1696 1968 1758 1996 sed,

959 2023 1083 2053 paratum
1103 2017 1209 2044 diabolo
1233 2021 1257 2043 et
1281 2015 1382 2050 angelis
1401 2014 1460 2049 ejus
1472 2014 1507 2046 υ,
1533 2021 1647 2048 regnum
1671 2012 1743 2039 cuitu

962 2063 1119 2092 hominibus
1134 2061 1305 2097 praeparavit,
1322 2060 1474 2096 gehennam
1496 2067 1562 2087 vero
1584 2067 1637 2086 non
1656 2059 1746 2086 homi-

962 2110 1054 2142 nibus,
1074 2108 1173 2143 inquit,
1199 2108 1245 2134 sed
1259 2106 1366 2133 diabolo
1381 2109 1406 2132 et
1422 2104 1522 2139 angelis
1539 2105 1608 2139 ejus.
1626 2104 1703 2136 Quod
1721 2105 1744 2132 si

962 2162 1010 2181 ves
1025 2155 1065 2181 sit:
1083 2153 1163 2180 vitam
1180 2152 1302 2186 egeritis,
1328 2156 1356 2178 ut
1379 2150 1453 2184 digiti
1480 2150 1615 2184 supplicio
1637 2154 1663 2177 et
1680 2158 1745 2177 cru-

963 2201 1036 2228 ciatu
1050 2199 1122 2231 sitis,
1139 2205 1247 2232 :cquum
1264 2203 1306 2225 est
1323 2201 1353 2223 nt
1376 2196 1454 2223 vobis
1471 2196 1522 2230 ipsi
1536 2196 1624 2230 ignem
1639 2203 1747 2230 prtepa—

121 2257 199 2276 ('tlrlc
216 2254 320 2274 natura:
334 2247 456 2281 separari
471 2255 478 2273 :
497 2246 633 2281 siquidem
647 2251 674 2273 ct
686 2251 715 2273 tu
733 2245 786 2273 vim
800 2246 909 2284 urendi,
925 2239 950 2269 Ῑ)
965 2253 1040 2273 rasse
1063 2243 1269 2272 cxistimemini.
1296 2243 1335 2270 Ac
1362 2242 1423 2269 vide
1447 2246 1550 2277 quanta
1581 2242 1618 2269 sit
1641 2241 1686 2268 Dei
1713 2242 1746 2269 ad

121 2303 184 2330 qu;e
199 2297 225 2320 In
240 2294 302 2327 igne
322 2293 407 2324 inest,
432 2299 447 2318 a
471 2292 616 2326 splendore
633 2291 693 2326 ejus
710 2298 839 2326 separare
853 2297 909 2318 non

125 2346 224 2375 potes;
242 2344 269 2366 at
295 2339 365 2366 Deus
392 2345 454 2365 eum
474 2337 554 2364 vellet
575 2337 708 2364 famulum
727 2344 810 2364 suum
824 2336 911 2363 adtuiv

125 2385 203 2413 ι’.ὺὶιί
220 2385 352 2412 miraculo
367 2389 537 2422 convertere,
555 2383 643 2417 ignem
658 2382 749 2417 injecit
766 2382 846 2415 rubo,
865 2380 912 2416 qui

124 2442 139 2459 a
165 2431 225 2458 sui»
249 2429 393 2464 splendore
411 2429 582 2457 illicientiam
608 2429 729 2461 haberet,
754 2428 910 2455 facultatem

125 2486 192 2504 vero
207 2477 302 2504 ureudi
319 2484 446 2513 vacuam,
460 2481 487 2503 et
498 2475 565 2502 nihil
577 2480 702 2510 agentem
716 2483 723 2507 ;
740 2474 811 2502 sicut
826 2473 910 2501 David

126 2527 254 2559 testatur,
269 2530 330 2548 cum
347 2522 386 2548 ait
400 2530 407 2548 :
428 2521 481 2548 Vos:
500 2522 605 2548 Domini
619 2520 758 2547 dividentis
775 2520 913 2554 ﬂammam

128 2569 197 2603 iy-tis
211 2568 251 2600 ης
273 2568 344 2594 unde
366 2575 456 2594 sermo
481 2568 592 2602 quidam
609 2566 696 2593 fertur
717 2573 845 2598 arcanus,
867 2565 915 2600 qui

130 2622 181 2642 nos
193 2613 277 2647 .doect
291 2614 316 2640 in
333 2613 601 2640 remunerationibns
615 2620 738 2647 operam,
753 2612 815 2638 vita:
832 2610 914 2644 hujus

129 2660 303 2687 dividendam
317 2667 379 2686 esse
397 2664 520 2686 naturam
539 2659 629 2694 ignis;
645 2664 671 2685 et
695 2659 784 2684 lumen
802 2657 912 2691 quidem

126 2706 209 2741 iustis
223 2707 255 2732 ad
271 2704 425 2736 fruendum,
441 2709 541 2739 partem
553 2712 616 2731 vero
627 2704 722 2730 urendi
735 2703 767 2730 ad
779 2703 913 2739 dolotcm,

130 2752 185 2779 rcis
202 2751 361 2786 torquendis
376 2751 570 2778 secerncndam
583 2757 652 2777 csse.
672 2750 705 2776 Et
723 2757 818 2776 rursus
843 2749 912 2776 idem

130 2796 240 2824 Psainto
254 2797 385 2824 vicesimo
398 2802 493 2824 octavo
505 2796 531 2823 in
542 2794 807 2823 bomilia‘moralium
823 2804 827 2822 :
843 2793 914 2829 Ignis

167 2883 272 2911 "Paul,
303 2892 396 2919 utut,
426 2885 452 2913 7.
490 2884 512 2899 “⁰
531 2883 624 2912 Matth.
644 2891 701 2918 im,
716 2883 759 2910 ιω.

960 2291 1124 2327 cbat'itatem
1139 2298 1202 2325 erga
1218 2289 1344 2316 homines
1356 2288 1519 2323 propensio:
1534 2288 1654 2314 nondum
1665 2293 1746 2314 erant

961 2338 1008 2372 qui
1023 2341 1171 2367 certarent,
1186 2340 1214 2362 et
1225 2335 1282 2370 jam
1303 2342 1414 2362 corona:
1428 2339 1456 2360 et
1468 2332 1577 2368 praemia
1597 2338 1746 2367 prtcparata

962 2387 1059 2410 erant:
1073 2381 1211 2408 Possidete
1235 2380 1319 2412 enim,
1335 2380 1433 2414 inquit,
1447 2386 1556 2414 regnum
1569 2382 1691 2412 paratum
1705 2385 1757 2404 νοω

961 2429 1000 2455 bis
1024 2432 1085 2454 ante
1103 2427 1318 2454 constitutionem
1335 2426 1438 2453 mundi.
1455 2425 1528 2453 Idem
1548 2425 1646 2452 iterum
1661 2433 1667 2450 :
1689 2423 1747 2450 Non

962 2473 1052 2501 solum
1065 2481 1116 2501 nos
1131 2480 1146 2500 a
1158 2472 1302 2500 tormentis
1313 2471 1439 2499 liberavit
1451 2471 1586 2502 Christus,
1602 2469 1650 2497 sed
1663 2470 1746 2496 etiam

962 2519 1046 2545 vitam
1072 2517 1151 2545 nobis
1174 2517 1286 2545 donavit
1311 2517 1397 2543 multo
1421 2515 1640 2550 splendidiorem,
1665 2520 1750 2548 quam

962 2568 1023 2591 erat
1034 2563 1129 2598 prior;
1146 2562 1173 2590 in
1186 2563 1268 2590 alium
1281 2570 1331 2589 nos
1345 2561 1497 2588 introduxit
1509 2560 1652 2592 mundum,
1666 2559 1747 2585 aliam

961 2614 1112 2637 cret-turam
1129 2609 1227 2637 clIccit.
1243 2609 1275 2635 Et
1290 2613 1402 2635 sanctus
1428 2607 1519 2634 Isaae:
1537 2606 1625 2637 Time,
1650 2605 1749 2639 inquit,

962 2657 1060 2686 Deum,
1076 2661 1103 2682 ct
1118 2656 1221 2683 senties
1236 2655 1282 2689 qui
1301 2660 1326 2681 te
1342 2654 1431 2685 tinxit,
1466 2659 1494 2680 ct
1512 2653 1634 2684 roborat,
1652 2656 1678 2677 et
1701 2659 1750 2677 cu-

967 2702 1062 2732 s50dit,
1087 2706 1114 2728 tt
1131 2701 1176 2736 qui
1200 2705 1308 2735 propter
1324 2705 1349 2727 te
1371 2699 1506 2733 duplicent
1531 2698 1661 2725 mundum
1676 2696 1750 2727 fecit,

968 2755 1052 2774 unum
1067 2747 1176 2780 quidem
1189 2751 1318 2780 tanquam
1335 2745 1494 2779 magistrum
1512 2747 1540 2770 ct
1551 2738 1750 2771 institutorem,

967 2799 1155 2820 Verumtamen
1171 2792 1304 2819 callosum
1321 2800 1327 2824 ;
1347 2790 1462 2818 alterum
1480 2795 1543 2816 vero
1557 2793 1686 2822 tauquam
1700 2785 1752 2812 do-

797 2882 817 2896 “
846 2881 943 2909 .llattlt.
972 2888 1035 2914 ην,
1059 2880 1102 2912 5's,
1131 2880 1175 2907 il.
