1954 3071
116 157 167 194 861

437 159 558 194 DECAS
579 163 630 194 VI.
651 176 684 183 —
703 161 751 194 DE
764 158 1089 193 APPARITIONIBUS
1108 162 1230 195 DIVlNl
1245 162 1421 195 LUMINIS.

1686 157 1747 191 862

116 220 208 254 lngus.
229 217 351 246 Etcrnis
366 219 477 254 quidem
499 220 567 254 ipse,
588 220 686 255 inquit,
713 220 784 247 Deus
793 225 832 246 cst
858 219 899 246 lu-
914 220 937 247 A
951 224 1007 245 tum
1023 220 1158 248 bonorum
1177 221 1216 256 (Ι)
1239 220 1434 248 immutabilem
1458 218 1542 246 donat
1563 217 1662 252 dignis.
1693 216 1740 245 Et

116 274 191 297 mcn,
203 270 231 292 et
246 273 298 292 non
315 266 472 298 alius.0uid
502 266 574 293 enim
590 274 658 302 opus
691 272 750 294 erat
780 265 902 294 secundo

115 311 221 338 lumine
236 312 269 338 iis
289 312 335 346 qui
351 313 502 339 matimum
531 312 652 340 habent?
679 312 712 340 iis
738 316 829 339 autem
854 310 901 346 qui

115 361 183 384 sunt
211 356 294 388 infra,
308 361 336 384 et
355 357 458 384 circum
476 365 538 390 nos,
551 358 665 392 primam
681 357 762 391 hujus
791 357 902 384 luminis

115 403 171 429 vim
183 402 313 430 cllnlgere
330 401 406 429 facit.
424 402 529 430 Rursus
565 403 636 431 idem
663 403 689 430 in
716 403 838 431 secundo
865 401 903 429 De

115 447 248 483 theologia
265 449 333 475 libro
350 457 356 475 :
378 448 532 481 Quantum,
545 449 643 484 inquit,
660 454 700 476 est
718 448 784 476 illud
798 450 902 481 lumcn,

116 492 140 520 si
159 492 212 520 hoc
234 492 435 520 considerasti?
458 491 515 520 llue
539 494 579 521 sol
595 498 637 521 est
650 494 676 521 in
690 493 724 521 iis
747 500 808 529 quae
821 502 903 522 sensu

118 538 319 574 percipiuntur,
347 539 420 572 quod
448 543 491 566 cst
514 538 559 567 ille
592 540 620 566 in
644 538 678 567 iis
705 547 768 575 qme
787 539 838 567 sub
864 540 905 567 in-

117 584 294 619 It‘lllgenllam
309 585 424 616 cadunt,
441 585 511 612 dixit
528 585 640 619 quidam
660 592 693 612 ex
711 585 824 612 exteris.
857 584 903 612 Sol

116 630 191 658 enim
204 635 343 664 aspectum
360 630 506 663 illuminat,
521 630 592 658 sicut
605 629 653 658 ille
685 636 824 664 mentem;
856 632 897 659 sol

116 681 161 703 est
181 676 383 710 pulcherrimus
395 682 428 703 ex
445 676 573 703 omnibus
586 684 648 711 quae
670 681 832 708 cernuntur,
865 677 904 705 si-

116 726 164 748 cut
184 720 229 747 ille
245 728 278 747 ex
294 720 496 756 omnibusqu
525 721 726 756 intelliguntur.
747 721 779 750 Et
803 722 902 750 beatus

116 766 355 802 Chrysostomus:
371 767 530 802 Splendeat,
557 768 657 802 inquit,
673 769 752 796 nobis
778 772 906 803 peccato-

118 811 197 838 ribus
211 811 300 838 lumen
312 817 387 839 tuum
403 817 534 839 aeternum
551 821 557 845 ;
580 813 671 840 lumen
688 817 820 840 aeternum
847 821 907 840 om-

117 857 186 883 nino
201 856 321 890 intelligo
335 857 467 892 Spiritum
483 863 619 890 sanctum,
641 859 688 893 qui
714 859 849 886 il'uminat
879 864 907 886 et

117 903 276 930 sanctiﬁcat
291 903 399 930 animas
417 906 538 935 nostras,
554 904 653 939 dequo
664 904 812 939 Apostolus
829 914 836 932 :
852 905 906 932 Mi-
923 895 945 922 Β

118 947 167 978 sit,
185 948 282 982 inquit,
301 948 368 974 Deus
381 948 511 983 Spiritum
527 946 592 976 Filii
607 950 649 976 uti
663 949 690 975 in
706 949 784 976 corda
801 954 905 982 nostra,

117 994 224 1021 scilicet
241 994 274 1021 ad
294 994 501 1022 illuminandum
518 1002 548 1022 ea
558 995 619 1028 “";
635 1003 716 1030 quem
731 995 846 1031 gratiam
860 995 907 1023 Dei

118 1045 202 1068 vocat
218 1049 224 1067 :
243 1040 308 1067 Dico
327 1045 426 1072 autent.
443 1041 541 1076 inquit.
561 1049 608 1075 per
633 1042 746 1078 gratiam
773 1041 823 1068 Dei
850 1049 908 1076 quia

118 1086 185 1112 data
200 1091 238 1113 est
255 1086 328 1118 milii,
346 1086 465 1113 omnibus
475 1087 519 1121 qui
534 1092 595 1114 sunt
608 1087 676 1114 inter
703 1095 757 1118 vos,
768 1095 819 1114 non
848 1087 908 1122 plus

119 1139 222 1164 sapere,
244 1140 325 1166 quam
344 1137 444 1166 oportet
465 1140 566 1166 sapere,
595 1132 640 1159 sed
655 1140 746 1166 sapere
755 1132 790 1159 ad
810 1132 909 1159 sobrie-

120 1180 202 1203 tatem
216 1176 250 1204 ".
264 1176 300 1203 De
315 1184 370 1211 quo
379 1177 460 1204 etiam
477 1179 606 1212 propheta
623 1177 705 1205 David
718 1178 802 1205 dixit:
819 1177 907 1204 Emit-

120 1227 147 1248 te
161 1221 244 1249 lucem
258 1227 341 1254 tuam,
359 1227 383 1249 et
396 1224 529 1250 veritatem
544 1229 617 1250 tuam
631 1224 664 1256 ",
690 1230 718 1251 et
734 1224 777 1251 ειη
809 1224 909 1251 lumine

119 1273 166 1297 tuo
173 1269 318 1296 videbimus
328 1269 448 1296 lunten".
461 1269 563 1297 Lumen
572 1270 644 1297 enim
653 1275 697 1298 est
705 1268 802 1303 Filius,
814 1270 908 1298 lumen

118 1320 162 1343 est
174 1315 293 1349 Spiritus
307 1320 430 1348 sanctus,
449 1315 540 1343 lumen
554 1321 597 1343 est
621 1315 712 1343 Pater.
734 1316 805 1350 Quin
824 1317 907 1343 etiam

119 1360 149 1388 in
167 1360 337 1394 quotidianis
361 1360 587 1395 precationibus:
620 1360 739 1393 Christe,
767 1361 907 1396 inquiunt,

121 1406 213 1433 Itttnen
226 1414 331 1438 verum,
346 1406 392 1441 qui
408 1407 440 1433 ad
471 1407 678 1434 illuminandum
695 1415 805 1434 onmem
821 1408 909 1442 homi-

119 1459 184 1480 nem
197 1452 223 1479 in
245 1453 376 1479 utundnm
388 1452 485 1479 veniin
509 1452 544 1485 ⁸⁸,
562 1453 684 1487 signetur
699 1460 782 1488 super
799 1460 849 1481 nos
865 1453 908 1480 lu-

119 1506 183 1526 ιιιε-ιι
201 1497 320 1525 vultus"
336 1498 385 1531 tui,
402 1502 431 1525 ut
444 1497 471 1526 in
484 1505 517 1525 eo
528 1498 669 1526 videamus
683 1499 774 1526 lumen
786 1499 908 1527 inacccs-

953 264 1052 299 quibus
1084 265 1112 291 lit
1143 264 1332 297 manifestum,
1357 265 1428 299 quod
1456 270 1537 291 omne
1561 262 1652 289 lumen
1677 262 1742 290 sive-

952 311 1064 342 sensile,
1077 310 1134 337 sive
1150 310 1305 338 intellectile
1323 319 1355 337 ex
1374 318 1439 337 vero
1454 313 1481 337 et
1497 317 1579 343 supra
1604 308 1741 335 substan-

953 355 1016 383 tiam
1034 356 1137 383 lnmine
1148 356 1264 391 refulget
1279 365 1287 384 :
1305 361 1331 383 et
1347 356 1417 390 quod
1431 357 1501 383 Deus
1513 356 1616 382 dicitur
1638 354 1732 380 lumen

953 401 1119 433 intellectile,
1145 402 1208 437 quia
1238 410 1270 429 ex
1298 401 1468 437 plenitudine
1492 408 1540 428 sua
1582 400 1747 427 universum-

954 447 1083 474 mundum
1096 447 1130 474 ab
1145 447 1301 482 ignorantia
1313 447 1485 479 abstrahcns,
1506 446 1545 473 ad'
1553 445 1741 480 cognitionem

954 493 996 519 sui
1009 493 1154 524 convertit.
1170 498 1197 521 et
1214 501 1268 520 uno
1285 492 1495 520 lumineunill‘m
1510 491 1614 526 implet,
1628 491 1747 518 demon-

954 542 1069 566 stratqu
1087 539 1189 574 alioqui
1206 543 1259 570 est,
1276 539 1349 574 quod
1363 546 1411 574 per
1425 546 1506 565 omne
1517 538 1620 567 lumen,
1631 541 1658 564 et
1668 535 1742 571 quod

954 585 1087 617 cernitur,
1098 589 1124 611 et
1144 585 1214 620 quod
1247 585 1428 619 deprecamur
1459 584 1559 618 signari
1586 591 1667 617 super
1694 589 1745 609 nos

955 637 987 657 ex
1008 630 1098 657 divina
1118 629 1186 658 l'acie
1202 630 1306 658 Domini
1321 650 1328 663 ,
1354 629 1387 657 ad
1415 629 1488 657 aliud
1517 629 1608 667 lumen
1634 627 1743 655 intelle-

955 675 1019 702 ctile
1033 680 1060 703 et
1076 675 1246 702 inaccessum
1263 674 1335 708 quod
1352 675 1378 701 in
1398 674 1487 703 Patre.
1499 678 1527 700 et
1542 672 1623 701 Filio.
1644 670 1745 705 διερί-

955 719 1009 746 ritu
1024 722 1120 748 sancto
1134 720 1365 754 contemplamur,
1383 719 1555 750 adducimur,
1568 721 1597 744 ut
1614 718 1666 749 iam
1688 724 1739 750 per

956 765 1059 793 lumina
1086 772 1146 800 quae
1171 766 1310 798 videntur,
1349 769 1376 793 et
1393 772 1455 800 quae
1481 763 1681 796 intelliguntur,
1710 761 1744 788 ad

957 818 1038 837 unam
1051 811 1244 844 cogitationem
1262 818 1435 840 revocemur.
1454 816 1537 844 supra
1551 815 1633 836 omne
1652 807 1744 834 lumen

958 859 986 883 et
1000 863 1108 882 omnem
1119 855 1326 892 intelligentiam
1343 863 1404 883 esse
1429 855 1525 882 Deum.

1264 900 1390 942 {CAPUT
1403 901 1438 929 Χ.

961 946 1038 980 Quod
1051 947 1153 974 divinus
1164 945 1277 982 Moyses,
1288 952 1311 974 et
1321 948 1344 974 ei
1353 947 1451 975 similes
1465 948 1554 974 omnia
1574 947 1676 973 lumina
1703 947 1746 972 si-

994 990 1022 1009 ve
1037 982 1084 1008 sub
1106 981 1218 1009 sensum,
1241 983 1374 1015 cadentia,
1390 986 1443 1009 sive
1470 983 1516 1008 sub
1544 981 1746 1016 intelligentiam

994 1017 1177 1050 relinquentes,
1187 1018 1215 1044 in
1229 1017 1368 1051 caliginem
1391 1015 1637 1051 splendidissimum
1658 1015 1747 1050 ingre-

994 1052 1113 1085 diuntur,
1130 1053 1156 1079 in
1165 1060 1245 1079 unum
1266 1061 1325 1079 cum
1348 1052 1454 1085 inﬁnito
1477 1052 1528 1079 Deo
1542 1059 1588 1087 per
1617 1051 1746 1086 ignoran-

996 1087 1061 1113 tiam
1075 1093 1099 1114 et
1116 1087 1182 1114 nihil
1196 1087 1307 1114 videndo
1325 1087 1453 1122 copulati.

994 1130 1106 1167 Magnus
1120 1131 1277 1168 Dionysius,
1293 1133 1320 1160 in
1333 1133 1404 1160 libro
1424 1132 1461 1160 De
1469 1126 1580 1167 mystica
1603 1128 1759 1166 theologia,

958 1186 1019 1213 cap.
1035 1179 1123 1214 primo
1138 1187 1146 1207 :
1167 1178 1213 1206 Sic
1226 1179 1319 1213 igitur,
1351 1178 1450 1213 inquit,
1461 1179 1572 1205 divinus
1601 1177 1749 1205 Bartholo-

959 1233 1043 1253 matus
1056 1225 1135 1256 dixit,
1161 1225 1276 1252 multam
1289 1231 1352 1252 esse
1386 1223 1562 1258 theologiam,
1592 1228 1619 1251 ct
1640 1224 1749 1258 perexi-

959 1279 1054 1307 guam;
1070 1275 1097 1298 et
1113 1270 1291 1306 Evangelium
1307 1277 1366 1297 esse
1397 1269 1482 1296 latmn
1498 1273 1525 1296 et
1550 1276 1691 1304 magnum,
1719 1273 1748 1296 et

959 1324 1055 1344 rursus
1073 1337 1080 1348 ,
1108 1316 1246 1343 concisum
1271 1322 1331 1342 esse
1351 1314 1418 1342 illud
1445 1314 1538 1342 divino
1566 1314 1674 1348 ingenio
1692 1322 1702 1348 ;
1719 1318 1750 1341 ut

958 1362 1025 1390 mibi
1037 1360 1153 1394 videtur,
1167 1361 1395 1396 intellexit,quod
1414 1360 1483 1388 bona
1498 1361 1622 1387 omnium
1652 1367 1748 1386 rerum

957 1415 1039 1436 causa
1052 1413 1091 1435 est
1107 1407 1216 1443 quidem
1231 1406 1334 1442 copiosi
1350 1406 1493 1438 sermonis,
1506 1410 1533 1433 et
1554 1405 1635 1433 simul
1654 1405 1747 1432 brevis

958 1461 990 1481 ae
1010 1453 1111 1482 nullius
1125 1454 1275 1484 sermonis.
1288 1457 1382 1487 utpote
1398 1459 1458 1486 qua:
1483 1452 1572 1486 neque
1599 1451 1665 1483 dici,
1694 1457 1746 1477 nec

958 1499 1069 1535 intelligi
1085 1504 1178 1535 queat,
1193 1499 1258 1535 quia
1272 1498 1409 1526 universis
1429 1497 1528 1526 creatis
1542 1497 1651 1524 excellit
1668 1504 1749 1531 supra

121 1552 195 1576 sum,
211 1550 237 1571 et
253 1544 342 1570 lumen
360 1545 449 1571 laetum
462 1548 564 1572 sancta:
578 1544 843 1579 gloriatimmortalis
853 1544 907 1572 Pa—
922 1561 944 1590 α
960 1546 1157 1579 substantiam;
1179 1550 1207 1573 et
1224 1545 1288 1580 quia
1304 1545 1362 1572 sola
1380 1545 1441 1572 sine
1456 1543 1639 1578 operimentis
1647 1547 1675 1569 et
1701 1550 1752 1569 ve-

122 1591 184 1621 tris,
193 1590 313 1617 ccelestis
323 1589 451 1624 Spiritus,
459 1589 530 1616 beati
539 1589 615 1617 Jesu.
625 1589 694 1617 Cum
707 1595 816 1617 ventum
824 1594 866 1617 est
875 1590 908 1617 ad

120 1644 250 1664 occasum
259 1635 337 1667 solis,
350 1635 408 1662 viso
418 1635 520 1662 lumine
529 1637 695 1670 vespertino,
709 1635 851 1663 laudamus
860 1635 911 1663 Pa-

121 1687 203 1711 trem.
219 1686 246 1708 et
255 1681 366 1713 Filium,
375 1681 540 1716 ctSpiritum
554 1687 690 1709 sanetum.
700 1682 733 1709 Et
744 1682 852 1710 divinus
862 1681 911 1708 Da-

120 1736 279 1759 tnascenus,
287 1729 312 1754 in
321 1728 498 1760 carminibus,
506 1727 621 1760 Lumen,
628 1729 910 1762 inQuit,immutabile,

123 1773 245 1801 Verbum
262 1773 374 1800 luminis
383 1772 470 1800 Patris
485 1772 598 1807 ingeniti
612 1773 639 1800 in
652 1773 753 1800 lumine
768 1777 815 1800 tuo
831 1773 910 1800 hodie

123 1819 184 1846 viso
208 1818 235 1846 in
248 1817 369 1851 Thabnr,
388 1818 480 1845 lumen
505 1819 626 1846 vidimus
645 1819 750 1846 Patrem
764 1818 868 1850 lumen,
883 1824 911 1846 et

121 1864 266 1898 Spiritum,
295 1864 492 1891 illuminantem
526 1871 634 1892 onmem
658 1869 826 1892 creaturam.
852 1866 910 1892 lmo

121 1916 150 1938 et
164 1910 314 1945 Gregorius
328 1909 484 1945 'l'heologus
494 1918 502 1926 '
518 1909 547 1938 In
568 1911 681 1942 lumine,
702 1911 800 1946 inquit,
815 1911 910 1938 Dolui-

123 1955 152 1983 ni
164 1956 225 1983 vide
240 1956 330 1983 lumen
348 1963 355 1982 :
369 1955 395 1982 in
411 1955 517 1990 Spiritu
534 1956 580 1983 Dei
596 1955 696 1983 Filium
728 1957 908 1991 amplectere,

123 2001 216 2028 lumen
229 2001 329 2028 trinum
341 2006 367 2028 et
391 2001 567 2036 impartibile.
589 2001 621 2028 Et
639 2006 754 2029 sanctus
775 2001 910 2030 Maximus

125 2047 152 2074 in
165 2045 326 2080 Theologicis
339 2046 392 2081 la):
405 2046 520 2078 Lumen,
530 2046 628 2082 inquit,
642 2047 753 2080 dicitur,
764 2053 791 2075 et
801 2053 864 2078 vita,
883 2053 911 2076 ιιι

125 2093 303 2124 resurrectio,
321 2095 348 2120 et
360 2092 472 2122 vet-llas,
488 2092 579 2120 lumen
595 2093 706 2127 quidem
719 2098 748 2121 ut
779 2094 909 2128 splendor

123 2139 288 2169 Illllttal’utll,
306 2142 367 2165 etut
380 2140 553 2165 tenebrarum
571 2138 732 2172 ignorantia;
768 2141 908 2174 expulsor,

123 2190 150 2211 et
166 2191 196 2212 ut
210 2185 367 2211 illuminans
388 2189 505 2212 mentem
523 2186 555 2211 ad
571 2185 777 2220 intelligendum
796 2194 907 2218 arcana,

964 1600 993 1620 re
1004 1592 1157 1620 ostenditur
1168 1591 1202 1619 iis
1214 1591 1260 1626 qui
1278 1595 1378 1632 cuncta
1397 1597 1458 1626 qua:
1480 1589 1599 1625 impura,
1634 1595 1752 1623 quaeque

962 1646 1030 1675 pura
1045 1643 1121 1671 sunt,
1132 1641 1343 1674 pertranseunt;
1357 1640 1384 1664 et
1396 1637 1442 1672 qui
1462 1642 1571 1663 onmem
1595 1642 1745 1662 ascensum

962 1685 996 1713 Ill
1011 1692 1042 1712 ea
1058 1692 1118 1719 quae
1133 1688 1208 1717 κυιιῑ,
1224 1689 1320 1719 διιιιαιθ
1336 1687 1363 1710 et
1391 1689 1510 1713 summa,
1540 1685 1670 1715 superant
1687 1688 1695 1712 ;
1724 1683 1752 1706 (τι

963 1730 1055 1757 omnia
1072 1730 1164 1757 divina
1178 1729 1293 1762 lumina,
1305 1733 1331 1756 et
1348 1736 1443 1761 sonos,
1457 1733 1483 1754 et
1496 1734 1638 1754 sermones
1665 1725 1751 1754 «tle-

952 1780 1019 1805 'stes
1034 1776 1203 1811 relinquunt,
1216 1780 1242 1802 et
1260 1775 1288 1802 in
1306 1775 1450 1808 caliginem
1479 1771 1679 1808 ingrediuntur,
1704 1771 1751 1798 ubi

963 1829 1026 1849 vere
1041 1826 1093 1849 est.
1107 1822 1178 1849 sicut
1193 1821 1232 1847 ait
1242 1820 1396 1854 Scriptura.
1414 1819 1466 1852 Qui
1480 1823 1519 1845 est
1537 1817 1610 1844 ultra
1626 1816 1751 1848 omnia“;

963 1875 1017 1894 non
1032 1866 1105 1894 enim
1118 1865 1279 1901 simpliciter
1298 1866 1339 1899 (ιι)
1364 1864 1475 1892 divinus
1504 1862 1612 1897 Moyses
1634 1861 1751 1896 primum

961 1913 1072 1949 iubetur
1087 1916 1116 1939 ut
1135 1919 1166 1940 se
1184 1916 1324 1947 repurget,
1340 1909 1439 1938 deinde
1456 1913 1485 1936 ut
1515 1916 1545 1936 se
1560 1915 1574 1934 .1
1586 1915 1640 1934 non
1658 1914 1753 1941 repur-

962 1959 1034 1996 gatis
1045 1963 1153 1994 separet
1173 1963 1219 1991 ;et
1234 1963 1296 1993 post
1307 1965 1417 1985 omnem
1440 1953 1662 1990 repurgationem
1700 1960 1752 1979 au-

962 2006 1174 2034 ditmulttsonas
1189 2004 1280 2037 tubas,
1301 2010 1333 2030 ac
1346 1998 1419 2030 videt
1450 2001 1538 2028 multa
1569 2000 1672 2026 Iumina
1701 2006 1752 2033 pu-

963 2059 1009 2079 ros
1023 2056 1050 2079 et
1063 2050 1227 2086 multiplices
1243 2050 1335 2077 radios
1348 2048 1482 2083 lacientia
1495 2055 1503 2075 :
1532 2049 1626 2081 postea
1640 2052 1654 2071 a
1680 2043 1754 2079 vulgi

964 2098 1138 2127 multitudine
1149 2101 1301 2132 separatur,
1317 2099 1344 2122 et
1361 2102 1423 2122 cum
1447 2093 1542 2120 eleclis
1563 2091 1754 2123 sacerdotibus

965 2146 999 2174 ad
1012 2152 1150 2172 summum
1173 2143 1312 2178 fastigium
1331 2142 1486 2169 divinorum
1511 2146 1674 2167 ascensuum
1691 2146 1755 2169 eva-

962 2192 1018 2224 dit;
1039 2191 1086 2218 sed
1104 2191 1236 2216 hactenus
1249 2189 1370 2216 nondum
1382 2191 1426 2214 est
1441 2194 1502 2214 cuin
1520 2186 1580 2221 ipso
1606 2185 1675 2216 Deo,
1704 2191 1755 2211 ιιι-ο

123 2231 306 2258 νιοειριιιιιιις
323 2231 464 2265 mysteria,
482 2238 542 2265 quae
552 2231 628 2265 puris
646 2235 751 2259 tantum
779 2237 907 2267 aspccla-
925 2234 950 2264 ι)
962 2244 1024 2264 eum
1038 2234 1345 2270 vidpt(inaspectabilis
1357 2233 1429 2260 enim
1444 2231 1509 2267 cst),
1529 2231 1575 2260 scd
1595 2230 1686 2257 locum
1713 2229 1754 2255 \‘i-

124 2276 188 2303 bilia
208 2281 270 2303 sunt
284 2284 292 2309 ;
306 2275 360 2302 vita
377 2281 468 2303 autem
492 2276 605 2309 dicitur,
631 2276 694 2310 quia
720 2277 820 2305 animis
849 2285 911 2312 quas

124 2319 270 2347 Dominum
286 2319 413 2354 diligunt,
430 2325 531 2347 motum
552 2328 600 2349 eas
614 2321 756 2348 decentem
778 2322 805 2349 in
829 2323 912 2350 rebus

123 2365 225 2393 divinis
246 2366 365 2401 ptmbet;
386 2366 550 2394 resurrectio
579 2372 670 2394 autem
697 2372 821 2399 vocatur,
846 2368 911 2403 quia

124 2418 244 2441 mentem
260 2407 295 2440 ab
316 2413 461 2441 aﬂ‘cctione
491 2419 599 2442 mortua
628 2422 719 2442 rerum
741 2415 910 2443 caducarum

124 2460 236 2491 excitat,
247 2460 318 2487 etab
332 2460 405 2486 omni
421 2467 519 2494 genere
540 2461 724 2495 corruptionis
739 2467 766 2488 et
784 2462 912 2489 interitus

125 2504 274 2531 liberamct
287 2512 383 2539 puram
400 2505 505 2538 reddit;
521 2507 620 2534 veritas
636 2514 711 2539 vero,
740 2508 804 2542 quia
834 2508 912 2535 habi-

964 2282 1021 2312 det.
1039 2281 1085 2308 ubi
1109 2281 1203 2313 stetit;
1232 2282 1284 2307 hoc
1321 2284 1412 2306 autem
1437 2278 1565 2305 existimo
1588 2275 1754 2311 signiﬁcare,

965 2326 1136 2354 uivinissiina
1153 2329 1180 2353 et
1206 2333 1312 2352 summa
1339 2331 1436 2351 eorum
1462 2330 1524 2358 quae
1551 2325 1702 2350 cernuntur
1723 2324 1751 2347 et

965 2372 1164 2406 intelliguntur,
1179 2377 1322 2398 sermones
1338 2369 1474 2405 quosdam
1509 2375 1581 2405 esse,
1593 2367 1639 2402 qui
1665 2365 1756 2400 subji-

964 2419 1041 2446 ciunt
1051 2418 1134 2445 menti
1149 2418 1194 2445 illa
1207 2425 1268 2452 qum
1285 2422 1350 2444 sunt
1367 2415 1491 2450 subjecta
1509 2423 1541 2441 ae
1558 2413 1699 2448 supposita
1729 2411 1754 2439 ei

964 2464 1012 2499 qui
1025 2462 1328 2494 univcrsisantecellit;
1358 2461 1459 2496 quibus
1474 2460 1620 2495 prmsentia
1653 2458 1752 2493 ipsius,

965 2518 1026 2545 quae
1038 2517 1147 2537 omnem
1164 2508 1360 2544 cogitationem
1382 2506 1483 2534 mentis
1500 2506 1596 2538 vincit,
1626 2504 1749 2532 declarav

161 2587 206 2603 “"
228 2587 316 2614 Galat.
340 2594 376 2618 tv,
399 2587 426 2614 6.
453 2587 488 2622 7"
515 2585 592 2613 Rulli.
609 2595 658 2620 xtl,
673 2586 701 2615 5.
739 2588 763 2604 ⁸⁸
778 2587 850 2616 Psal.
869 2595 936 2622 xui,
951 2590 979 2618 5.
1016 2590 1039 2606 "
1076 2590 1146 2617 l'sal.
1162 2597 1244 2620 xxxv,
1274 2587 1318 2615 l0.
1356 2587 1380 2603 "
1394 2585 1475 2614 Joau.
1491 2593 1510 2618 ι,
1524 2585 1551 2613 9.
1588 2585 1611 2601 ⁸⁷
1627 2583 1700 2611 Psal.
1717 2590 1755 2617 tv,

125 2623 154 2650 ’1.
193 2622 215 2638 ’⁸
250 2621 349 2656 Epltes.
381 2630 418 2655 Iv,
444 2621 472 2651 6.

863 2670 999 2702 Scholia.

163 2720 202 2754 (l)
222 2719 349 2747 Habitum
365 2719 426 2756 lidei
450 2724 478 2747 et
499 2720 631 2748 virtutum
655 2722 737 2753 dicit;
765 2722 828 2756 quia
847 2722 913 2749 lides

128 2760 286 2782 creuentem
306 2756 395 2781 lirtnat
415 2755 440 2781 in
460 2755 583 2784 vcri'atc,
597 2760 624 2782 ct
646 2755 785 2784 veritates}
808 2758 834 2783 in
850 2766 912 2783 crc-

129 2791 221 2823 dvnte,
240 2790 351 2825 Dionys.
368 2790 395 2816 in
414 2789 501 2817 [)iuin.
519 2799 618 2817 nwmn.
635 2799 697 2826 cup.
715 2793 741 2823 7,
758 2792 821 2819 und.
841 2792 912 2827 Apu-

165 2859 207 2896 (a)
222 2859 250 2887 In
268 2860 354 2889 liccat.
373 2860 523 2896 theologica
538 2862 565 2895 2,
577 2870 636 2897 cap.
653 2861 696 2890 70.

969 2723 1054 2750 stolns
1083 2721 1264 2749 sul'slantiam
1298 2721 1406 2747 vocavit
1435 2727 1526 2746 rerum
1555 2718 1753 2752 sperandarum

968 2757 1063 2793 (ιιιιν.
1084 2766 1113 2788 ιι,
1134 2758 1169 2792 Ι).
1186 2758 1211 2783 id
1231 2761 1275 2783 est
1290 2757 1503 2783 lirtnamcntntn.

1005 2860 1041 2896 (ὑ)
1057 2860 1083 2887 Η
1102 2864 1144 2887 est
1160 2859 1237 2894 quasi
1258 2858 1324 2888 nihil
1339 2858 1413 2886 aliud
1427 2857 1597 2893 signiﬁcetur
