1954 3071
191 109 243 142 ΒίτἿ

191 216 273 238 tenus
290 217 380 240 omne,
394 213 420 236 et
437 211 522 235 totum
535 225 544 239 ,
561 211 588 233 et
610 210 712 241 partem
723 205 755 231 εἰη
774 211 804 232 se
820 205 877 238 ipsa
898 210 975 230 com-

193 255 354 291 prehendit;
373 257 400 281 et
422 253 599 288 suprahabet,
622 256 649 278 et
675 249 832 281 antehabet,
857 248 975 283 perfecta

194 301 303 336 quidem
327 304 369 326 est
400 299 428 326 in
455 297 629 332 imperfectis,
660 300 788 330 tanquam
807 293 977 330 principialis

196 354 278 374 causa
294 343 491 380 periectionis;
510 341 669 377 imperfecta
686 346 776 368 autem
794 340 821 367 in
838 339 977 374 perfectis,

194 396 324 425 tanquam
341 397 506 424 supraqnam
519 388 654 423 perfecta,
670 392 697 414 et
711 387 906 422 anteperfecta,
921 386 978 413 fur-

195 444 239 464 ma
256 437 367 467 forma),
385 434 504 462 (ἐπειδὴ
518 434 545 461 in
560 434 594 461 iis
607 442 667 468 qum.
679 437 775 461 carent
792 433 878 460 forma
892 453 899 464 ,
917 437 978 459 tan-

194 489 275 517 quam
293 480 461 516 principialis
475 487 557 507 causa
572 479 676 510 formae,
693 480 752 506 sine
767 478 854 505 forma
874 478 900 505 in
913 477 980 512 ipsis

195 527 303 558 formis,
317 530 410 561 utpote
421 533 503 560 supra
512 524 650 556 ‘l‘ormam;
666 524 819 551 substantia
834 523 902 551 totis
915 523 981 550 sub-

197 572 308 600 stantiis
322 571 453 598 insistens
473 569 625 604 impoll-ute,
643 575 669 596 et
689 569 724 596 ab
739 568 812 595 omni
829 568 981 596 substantia

195 624 278 652 supra
292 616 472 644 substantiam
486 616 625 642 abstracta
638 633 645 644 ,
662 617 717 641 tota
732 614 877 649 principia,
893 618 919 640 et
937 621 983 640 or»

196 654 274 691 dines
291 662 421 690 definiens
433 681 440 694 ,
456 668 538 695 supra
554 668 636 687 omne
651 660 815 695 principium
832 664 859 686 ct
873 667 981 687 omnem

197 709 323 736 ordinem
341 707 483 735 collocata.
501 705 536 732 Et
553 713 667 740 magnus
689 705 866 738 Athanasius,
890 705 917 732 in
936 705 982 731 Di-

197 755 354 789 sputationc
370 758 462 780 contra
479 752 591 779 Arium:
605 751 764 778 Secundum
784 750 842 779 hac
856 750 983 778 divinitas

197 799 289 828 Patris
301 804 328 826 et
343 799 402 826 Filii
417 803 509 826 salicta
523 801 549 825 et
560 796 746 827 sanctificans.
761 804 822 831 qua:
833 796 984 824 sanctiﬁcat

198 845 291 872 omnia
308 852 369 878 qua:
386 844 518 870 rationem
543 842 720 877 participant,
736 841 836 876 quibus
855 840 919 867 data
943 844 985 867 est

198 889 292 916 libera:
305 888 455 915 voluntatis
467 891 497 914 et
521 886 604 913 studii
629 890 749 921 potestas
775 885 809 913 ad
825 885 984 920 capiendam

199 937 322 961 sanctam
343 936 370 959 et
395 931 502 958 bmtam
519 931 699 958 substantiam
717 930 746 957 iu
763 930 985 957 communionem

199 977 437 1007 sanctificationis.
446 977 476 1004 Et
488 977 597 1004 divinus
609 976 726 1012 Cyrillus
741 976 768 1003 ist
779 975 965 1008 Tliesauriua)
977 983 984 1003 :

201 1024 280 1052 Sicut
296 1024 389 1058 igitur,
405 1023 493 1058 inquit
505 1042 512 1053 ,
530 1022 628 1049 mulier
640 1022 728 1056 gloria
745 1021 794 1048 viri
812 1026 908 1048 vorata
925 1026 984 1054 est,

200 1069 264 1105 quia
281 1073 382 1104 partem
401 1076 431 1095 et
447 1067 576 1094 membris
590 1067 650 1101 eius
663 1067 696 1105 ad
714 1067 757 1094 sui
782 1066 986 1094 fabricationettt

201 1103 326 1149 accepit,
344 1113 384 1142 sic
399 1113 441 1140 vir
455 1112 540 1148 gloria
558 1112 606 1139 Dei
623 1103 776 1147 appellatus
789 1116 843 1143 est,
863 1113 928 1144 quia
945 1110 986 1138 fa-

201 1164 264 1188 ctus
282 1164 325 1187 est
348 1159 483 1194 particeps
505 1158 664 1185 substantias
686 1157 746 1192 ejus
769 1165 816 1192 per
856 1157 986 1191 Spiritum

202 1210 340 1237 sanctum,
356 1205 401 1239 qui
419 1204 445 1231 itt
467 1210 500 1231 eo
517 1203 659 1231 habitavit.
679 1202 712 1229 Et
736 1210 832 1230 rursus
848 1203 917 1230 idem
933 1202 988 1229 dis-

202 1258 297 1279 serens
317 1250 350 1278 de
377 1250 478 1284 Spiritu
504 1254 600 1277 sancto
625 1257 632 1276 :

205 1296 309 1332 Spiritui
326 1301 420 1324 sancto
433 1296 575 1322 habitante
591 1295 617 1322 in
631 1295 664 1322 iis
675 1295 722 1329 qui
733 1294 787 1322 Deo
797 1295 901 1330 probati
914 1298 988 1327 sunt,

205 1343 331 1370 Christus
344 1346 387 1369 est
401 1342 447 1376 qui
463 1341 575 1374 habitat,
592 1348 702 1368 necesse
716 1345 759 1368 est
781 1341 873 1374 dicere
896 1340 987 1374 ipsqu

203 1385 341 1423 Spiritum
358 1387 458 1414 divinat
479 1385 640 1413 substantiae
653 1393 732 1418 esse;
751 1387 831 1420 cujus
845 1385 990 1420 participes

204 1433 271 1461 facit
284 1440 331 1459 eos
346 1432 392 1467 qui
409 1432 497 1466 ipsum
521 1431 703 1465 participant,
719 1435 747 1458 et
763 1431 861 1457 iterttm
879 1430 948 1457 ident
963 1431 989 1458 in

658 1249 744 1281 Igitur
770 1248 987 1283 quandoquidem

762 102 924 136 UOANNIS
941 102 1223 134 CYPARISSIOTE

191 173 267 199 pars,
288 169 376 198 neque
388 164 474 190 totum
488 162 555 188 est:
571 163 598 187 et
612 164 653 187 eSt
670 162 769 191 totum,
783 162 810 185 et
821 165 894 192 pars,
911 165 978 193 qua-
992 157 1014 186 Δ

1772 97 1852 129 8’68

1324 152 1439 182 CAPUT
1470 153 1514 182 11³.

1029 198 1104 231 Quod
1121 199 1308 233 parriripnutes
1323 199 1438 225 divinam
1455 198 1643 228 substantiam,
1661 205 1707 230 per
1724 196 1843 230 Spiri-

1064 238 1118 261 tum
1135 232 1256 261 sanctum
1273 232 1373 260 Filium
1391 233 1448 265 Dei,
1471 234 1516 267 qui
1531 241 1612 267 supra
1634 233 1844 267 substantiam

1063 275 1113 300 est,
1123 269 1334 304 participantus;
1347 269 1446 296 ethunc
1457 266 1655 304 participant".
1666 266 1754 304 Deum
1770 267 1844 293 Pa-

1064 301 1130 331 trem
1145 301 1335 337 participantur
1352 323 1359 335 ,
1379 301 1507 335 alque‘itu
1518 303 1640 338 efﬁcimur
1654 301 1757 328 diuina?
1779 309 1847 327 rsc-

1061 344 1132 366 ‘turo:
1146 343 1170 365 et
1183 338 1335 366 substantiis
1348 339 1498 372 participes.

1065 384 1196 412 Dominus
1212 384 1251 412 ait
1262 385 1287 411 in
1304 384 1448 418 Evangelio
1465 392 1471 410 :
1488 382 1541 416 Qui
1557 382 1645 417 diligit
1671 389 1723 413 me,
1745 389 1849 407 mass-

1029 429 1095 456 duta
1120 437 1177 456 "HM
1202 429 1333 460 servabit;
1351 433 1375 455 et
1393 436 1439 463 ego
1458 433 1486 455 et
1512 427 1593 455 Pater
1616 427 1752 454 seruemus
1771 446 1782 458 ,
1813 430 1847 452 es

1030 475 1192 502 ntansiouem
1216 475 1290 509 apud
1313 483 1371 502 eum
1399 475 1526 508 faciemus
1546 473 1580 501 ν’.
1606 473 1683 507 Quod
1707 473 1843 507 quidem

1031 527 1146 555 magnus
1157 524 1186 546 et
1199 527 1322 547 summus
1338 519 1520 553 apostolorum
1538 518 1634 546 Petrus
1650 518 1679 545 in
1695 517 1844 553 Epistoia

1029 572 1080 592 sua
1096 565 1221 600 explicat,
1237 572 1298 592 cum
1314 565 1352 592 ait
1366 573 1374 592 :
1389 564 1490 593 Divina
1505 569 1608 592 natum
1625 570 1765 592 consortes
1784 563 1843 598 fu-

1031 610 1067 637 cti
1085 618 1176 637 sumus
1186 611 1219 638 ".
1233 610 1415 637 Consentium.
1431 617 1493 637 cum
1509 617 1542 637 eo
1556 618 1617 644 quas.
1637 609 1742 637 Paulus
1760 610 1840 636 item

1033 662 1150 689 magtms
1170 654 1229 681 ait:
1246 654 1363 681 Nescitis
1386 655 1456 688 quod
1481 655 1604 690 templum
1627 654 1674 681 Dei
1700 655 1782 686 estis,
1808 660 1839 681 ει

1034 700 1152 732 Spiritus
1163 700 1211 727 Dei
1223 700 1324 726 habitat
1341 701 1369 726 in
1381 701 1450 727 vobis
1461 701 1505 726 “‘i
1518 700 1550 727 Et
1560 708 1656 728 rursus
1671 709 1678 726 :
1694 699 1749 727 Vos
1761 701 1839 726 estis

1035 744 1159 779 muplum
1179 745 1226 771 Dei
1243 746 1359 775 υἱιιθειιιι,
1383 745 1452 772 sicut
1479 745 1546 772 dixit
1575 745 1661 777 Deus,
1685 744 1838 777 Quoniam

1035 790 1159 817 habitabo
1170 791 1200 817 in
1213 791 1264 822 eis,
1281 797 1307 817 et
1323 791 1512 823 inambuiubo;
1531 795 1555 817 et
1572 799 1616 818 ero
1627 791 1666 817 eis
1688 790 1774 822 Deus,
1805 796 1836 816 et

1036 836 1086 870 ipsi
1109 840 1186 863 erunt
1203 836 1267 862 mihi
1283 836 1397 870 populus
1412 837 1447 864 ”.
1467 836 1599 863 Similiter
1622 836 1668 870 qui
1693 836 1837 868 deinceps

1036 882 1175 909 consecuti
1195 886 1259 909 sunt
1274 882 1372 908 sancti.
1392 881 1504 916 Magnus
1519 882 1695 913 Athanasius,
1710 883 1738 908 in
1759 880 1836 915 Epi-

1037 927 1104 953 stola
1119 925 1156 953 ad
1176 926 1351 961 Serapionem
1366 935 1372 952 :
1389 926 1433 954 Sic
1451 932 1553 959 autem,
1571 926 1659 961 inquit
1672 945 1681 958 ,
1701 925 1833 960 signati,

1036 975 1218 998 consentanee
1242 977 1346 998 natura:
1363 971 1460 998 ditium
1472 977 1614 999 consortes
1630 972 1776 1004 cilicimur,
1794 971 1839 998 si-

1037 1023 1082 1044 cut
1105 1016 1201 1044 Petrns
1222 1017 1309 1049 dixit,
1326 1023 1408 1052 atque
1431 1017 1468 1045 ita
1488 1018 1580 1045 onmis
1599 1024 1722 1046 creatura
1742 1018 1832 1046 Verbi

1038 1062 1174 1096 particeps
1193 1062 1308 1089 coicitur
1325 1063 1351 1089 ltt
1374 1062 1476 1098 Spiritu
1498 1068 1607 1094 sancto,
1622 1068 1649 1090 et
1672 1071 1718 1098 per
1734 1064 1834 1098 Spiri-

1039 1115 1097 1137 tum
1123 1116 1249 1138 sanctunt
1274 1111 1392 1138 dicimur
1412 1112 1556 1146 participes
1574 1111 1641 1144 Dei,
1664 1112 1701 1139 ait
1723 1113 1802 1139 enim
1821 1121 1830 1141 :

1039 1156 1154 1183 Nescitis
1172 1157 1240 1190 quod
1257 1157 1380 1189 templum
1397 1157 1443 1184 Dei
1458 1159 1531 1190 satis,
1548 1163 1573 1185 et
1589 1156 1703 1192 Spiritus
1717 1157 1766 1185 Dei
1779 1158 1832 1185 Ita-

1039 1202 1105 1229 bitat
1126 1203 1152 1228 in
1169 1203 1262 1230 vobis?
1277 1202 1308 1229 Et
1330 1203 1401 1230 idem
1425 1203 1453 1230 in
1471 1204 1564 1230 eadem
1580 1204 1694 1239 epistola
1717 1212 1724 1230 :
1747 1204 1831 1232 Nune

1039 1253 1130 1274 autent
1144 1255 1207 1275 cum
1225 1248 1342 1276 dicimur
1355 1249 1498 1284 participes
1510 1250 1622 1281 Christi,
1635 1255 1661 1278 et
1677 1250 1830 1285 participes

1041 1293 1098 1325 Dei,
1117 1294 1318 1321 demonstratur
1334 1295 1465 1327 chrisma,
1485 1295 1511 1322 id
1528 1300 1571 1323 est
1588 1297 1690 1328 unctio,
1707 1304 1742 1331 qu
1753 1306 1768 1321 ι·
1784 1301 1830 1324 est

1041 1339 1068 1366 itt
1080 1339 1170 1371 nobis,
1187 1344 1214 1366 et
1229 1340 1361 1375 sigillum,
1377 1341 1449 1375 quod
1465 1349 1517 1368 non
1538 1345 1579 1368 est
1596 1346 1697 1368 natura:
1711 1348 1829 1374 creatus,

1040 1386 1086 1412 sed
1103 1384 1175 1416 Filii,
1191 1386 1236 1420 qui
1253 1393 1300 1420 per
1316 1385 1447 1421 Spiritum
1466 1390 1589 1413 sant-tum
1605 1394 1655 1414 nos
1668 1394 1729 1414 cum
1746 1387 1829 1415 Pube

1041 1431 1193 1466 caujungit,
1212 1431 1263 1458 hoc
1283 1431 1356 1458 enim
1373 1430 1493 1459 Joannes
1512 1433 1593 1466 paulo
1617 1439 1698 1466 supra
1725 1432 1828 1459 docens

204 1480 308 1506 eisdem
325 1487 332 1505 :
347 1477 395 1505 Est
411 1477 495 1513 igitur
516 1476 636 1512 Spiritus
651 1481 760 1504 sanctus
774 1476 923 1504 secundum
940 1485 987 1504 na-
1002 1479 1026 1510 (ι
1041 1477 1150 1511 Scripsit
1165 1485 1172 1504 :
1190 1476 1222 1504 In
1238 1477 1287 1504 hoc
1303 1478 1480 1512 cognoscimus
1491 1478 1560 1513 quod
1575 1478 1601 1505 in
1614 1477 1665 1504 Dea
1678 1486 1826 1510 manemus,

207 1529 296 1551 turam
316 1523 396 1556 Deus,
411 1524 511 1558 quippe
528 1522 574 1557 qui
589 1527 703 1550 sanctos
720 1528 879 1557 regenerat,
895 1526 924 1549 ut
938 1523 993 1549 sint

207 1577 292 1597 unum
306 1577 368 1596 cum
385 1569 449 1599 Deo,
470 1568 516 1602 qui
536 1568 640 1595 habitat
656 1567 682 1594 itt
701 1567 754 1595 eis.
772 1567 804 1594 Et
816 1567 904 1594 adhuc
921 1567 991 1594 ident

210 1616 238 1643 in
253 1616 355 1643 eisdem
373 1621 380 1640 :
397 1613 468 1647 Quid
495 1613 578 1648 igitur
600 1621 668 1648 opus
690 1617 733 1640 est
756 1613 835 1645 longo
849 1614 992 1640 verborum

212 1662 330 1689 circuitu
342 1659 392 1691 uti,
415 1664 439 1686 et
465 1659 628 1693 multiplices
652 1658 777 1686 notiones
798 1658 902 1685 texere?
921 1658 994 1685 lianc

212 1707 286 1734 enim
305 1705 392 1740 ipsatn
415 1704 469 1730 \im
492 1704 707 1730 sanctiticantent
727 1710 759 1730 ex
782 1702 860 1730 Patre
884 1710 996 1730 manan-

209 1757 275 1783 tem,
293 1759 354 1785 qua:
369 1749 530 1784 impcrfcttis
547 1749 640 1775 trdmit
655 1748 847 1782 perfectionem
862 1768 870 1781 ,
882 1748 996 1776 dicimus

210 1804 272 1824 esse
303 1796 435 1831 Spiritunt
463 1799 608 1827 sanctum;
637 1802 923 1829 snpervacaueumquc
954 1800 996 1821 est

210 1845 367 1869 creaturam
395 1848 443 1876 per
466 1841 639 1874 interjcctuut
664 1839 782 1867 medium
808 1840 996 1872 sanctilirari,

211 1894 273 1914 cum
286 1887 438 1921 benignitas
451 1885 498 1913 Dri
511 1885 621 1920 dignata
640 1885 722 1913 fuerit
734 1893 821 1921 usque
836 1887 868 1913 ad
886 1886 998 1913 minima

211 1933 371 1967 pervadere,
399 1935 427 1959 ct
445 1939 475 1958 ea
493 1939 540 1965 per
563 1930 694 1964 Spiritum
714 1938 794 1958 suum
817 1931 998 1959 sanctiﬁcare.

212 1976 246 2004 Et
269 1976 377 2004 divinus
393 1976 572 2010 Theophanes
595 1975 622 2003 in
638 1976 758 2004 Canticis
774 1977 832 2004 suis
848 1985 855 2003 :
872 1976 976 2004 Lumen
991 1998 998 2010 ,

212 2023 310 2057 inquit,
324 2022 405 2049 unius
424 2021 560 2057 principii,
577 2026 604 2048 et
619 2021 644 2048 in
662 2022 748 2049 tribus
764 2022 921 2057 splendens,
937 2023 1000 2049 sub-

213 2068 311 2096 stantTa
325 2067 384 2094 sine
397 2067 539 2102 principio,
555 2066 738 2102 pulchritudo,
753 2067 884 2094 immensa
899 2067 1002 2095 habitat

214 2115 242 2142 in
262 2115 343 2142 corde
357 2122 429 2147 meo,
444 2118 472 2140 ct
489 2115 588 2141 iterum
604 2114 630 2141 in
647 2114 749 2141 eisdem
767 2121 775 2141 :
793 2113 848 2141 “cx
870 2114 997 2141 cwlestis.

214 2159 358 2194 paraclete,
379 2158 496 2193 Spiritus
515 2158 652 2192 veritatis,
670 2158 716 2192 qui
734 2158 833 2193 ubique
850 2158 914 2185 ades
929 2166 999 2193 pra:-

214 2212 287 2237 sens,
302 2209 330 2231 et
341 2204 433 2231 omnia
448 2203 554 2238 imples,
573 2203 619 2237 qui
636 2210 667 2229 es
684 2204 827 2230 thesautus
844 2203 977 2230 bonorum
990 2223 999 2237 ,

214 2254 241 2277 ct
257 2254 318 2276 vitae
333 2250 420 2281 dator,
441 2250 512 2280 veni,
530 2252 556 2275 et
572 2248 661 2274 habita
681 2247 708 2274 in
721 2248 818 2280 nobis;
839 2253 866 2275 et
884 2249 999 2276 emuuda

216 2303 266 2322 nos
284 2296 317 2322 ab
332 2295 407 2322 omni
424 2294 540 2324 macula,
555 2298 582 2320 et
601 2293 689 2320 salvas
705 2293 746 2320 fac
762 2294 866 2321 animas
882 2299 1000 2322 nostras.

216 2339 256 2367 Ex
277 2341 376 2375 quibus
392 2344 474 2374 patet,
490 2341 561 2374 quod
581 2338 634 2366 Deo
651 2340 799 2366 secundum
823 2340 1000 2368 substantiam

217 2390 362 2420 praesente,
388 2385 567 2413 substantiam
587 2385 647 2419 ejus
662 2386 829 2419 itnpermiste
855 2388 1001 2422 participa-

217 2438 278 2458 tnus
293 2440 299 2457 :
315 2435 343 2457 et
358 2431 428 2464 qttod
444 2431 499 2465 ipsa
513 2434 554 2457 est
571 2437 630 2464 quae
645 2438 694 2458 nos
714 2431 883 2464 sanctificat,
905 2437 932 2459 et
954 2433 1001 2460 ba-

217 2476 284 2503 bitat
300 2476 326 2502 in
351 2475 440 2508 nobis,
457 2483 561 2510 nosque
576 2475 609 2501 ab
629 2475 702 2502 omni
719 2475 777 2502 labe
800 2484 847 2511 per
870 2477 1000 2512 Spiritunt

217 2529 297 2549 suum
312 2521 358 2557 qui
373 2528 455 2556 supra
471 2521 649 2548 substantiam
666 2525 718 2554 est,
741 2527 877 2557 repurgat.

1042 1526 1066 1548 et
1081 1523 1136 1556 ipse
1149 1522 1176 1548 in
1192 1522 1278 1554 nobis,
1298 1529 1330 1548 ex
1343 1521 1443 1556 Spiritu
1458 1523 1515 1557 ejus
1530 1531 1604 1557 quem
1617 1524 1689 1550 dedit
1705 1524 1780 1551 nobis
1791 1524 1826 1551 “.

1044 1568 1074 1595 Si
1090 1573 1179 1594 autem
1195 1568 1403 1603 participatione
1422 1568 1540 1603 Spiritus
1564 1569 1652 1596 sancti
1680 1568 1828 1597 eﬂicietnur

1044 1617 1185 1641 consortes
1198 1614 1296 1640 divinte
1311 1619 1424 1645 naturae,
1444 1614 1556 1640 insanus
1573 1613 1654 1641 fuerit
1669 1614 1692 1641 si
1706 1614 1767 1649 quis
1786 1614 1828 1641 di-

1044 1664 1088 1686 cat
1108 1666 1167 1686 esse
1187 1658 1317 1694 Spiritum
1335 1663 1459 1686 sanctum
1481 1664 1583 1686 natoue
1606 1663 1719 1690 creata,
1735 1663 1760 1685 et
1774 1666 1827 1686 non

1046 1704 1110 1737 Dei;
1124 1705 1158 1731 ob
1176 1704 1246 1731 hanc
1265 1705 1336 1731 enini
1362 1712 1473 1730 causam
1498 1709 1540 1731 est
1564 1704 1590 1731 itt
1621 1704 1786 1737 hominibus,
1801 1709 1828 1731 et

1046 1757 1094 1785 per
1108 1756 1168 1776 eum
1188 1749 1311 1776 homines
1321 1749 1492 1782 dcilirantur;
1505 1750 1527 1776 si
1541 1755 1629 1777 autent
1645 1751 1760 1782 dritlcat,
1774 1757 1826 1776 non

1047 1800 1088 1822 est
1105 1795 1216 1822 dubium
1236 1795 1300 1829 quin
1328 1801 1424 1822 natura
1450 1796 1511 1830 ejus
1530 1800 1626 1823 natura
1642 1796 1688 1823 Dei
1707 1796 1752 1823 sit.
1769 1795 1826 1822 Ma-

1048 1847 1117 1874 gnus
1132 1839 1249 1867 Basilius
1264 1840 1291 1867 iu
1312 1840 1345 1867 iis
1361 1847 1421 1875 qua:
1436 1840 1469 1867 de
1487 1841 1589 1875 Spiritu
1606 1846 1701 1867 sancto
1715 1841 1824 1868 scribit:

1048 1885 1137 1918 Nulla,
1149 1886 1248 1920 inquit,
1266 1890 1388 1913 creatura
1405 1887 1438 1913 ab
1454 1888 1544 1913 anima
1570 1887 1684 1914 rationis
1707 1892 1826 1921 co'npote

1049 1932 1206 1967 participari
1224 1936 1322 1966 potest,
1341 1932 1377 1959 ita
1392 1938 1422 1959 ut
1438 1933 1464 1959 in
1479 1940 1511 1960 ea
1531 1933 1634 1959 habitet
1646 1933 1788 1964 οὑσιωδιῦς.
1800 1934 1825 1960 id

1049 1982 1091 2004 est
1109 1977 1259 2004 secundum
1276 1977 1458 2005 substantiam
1474 1977 1525 2012 (ὁ),
1546 1971 1666 2013 δρὶτὶιυέ
1688 1986 1749 2005 vero
1767 1986 1826 2005 sau-

1051 2027 1112 2050 ctus
1130 2023 1233 2050 habitat
1246 2023 1272 2049 in
1290 2030 1320 2050 ea
1336 2042 1344 2054 ,
1362 2023 1434 2050 sicut
1455 2024 1492 2051 ait
1517 2023 1657 2059 Scriptura
1673 2032 1680 2050 :
1699 2023 1824 2057 Templum

1051 2069 1113 2096 estis
1131 2069 1187 2099 Dei,
1200 2073 1225 2096 et
1242 2068 1358 2103 Spiritus
1374 2069 1420 2096 Dei
1437 2070 1539 2096 habitat
1552 2072 1579 2097 in
1596 2071 1677 2103 vobis;
1699 2071 1825 2098 increatus

1053 2113 1132 2149 igitur
1147 2119 1187 2142 est
1203 2114 1321 2149 Spiritus
1341 2121 1464 2147 sanctus,
1479 2120 1505 2143 et
1517 2116 1612 2143 beatus
1626 2116 1743 2151 Cyrillus
1759 2117 1781 2142 in
1794 2115 1825 2143 is

1053 2166 1114 2194 qum
1133 2159 1166 2186 de
1181 2159 1283 2194 Spiritu
1298 2165 1394 2188 sancto
1408 2161 1519 2196 scripsit
1538 2170 1546 2189 :
1565 2161 1616 2189 Per
1628 2170 1658 2190 se
1674 2163 1752 2198 igitur
1765 2170 1823 2197 ope-

1053 2209 1131 2232 ratur
1150 2205 1178 2232 in
1201 2206 1280 2233 nobis
1297 2206 1416 2241 Spiritus
1435 2213 1545 2235 sant-tus
1568 2216 1631 2235 vere
1653 2208 1823 2241 sattctiticans,

1054 2257 1078 2278 et
1095 2259 1144 2279 nos
1160 2259 1252 2279 secum
1269 2252 1296 2280 in
1314 2261 1398 2280 unum
1419 2262 1466 2281 sua
1483 2255 1677 2290 conjunctione
1694 2255 1824 2290 copulam,

1054 2304 1085 2324 ac
1099 2297 1198 2325 divina:
1211 2303 1313 2325 natura:
1327 2299 1474 2335 participes
1487 2300 1615 2329 efﬁciens.
1633 2301 1666 2329 Et
1680 2309 1784 2328 rursus:
1798 2301 1822 2328 Si

1054 2343 1231 2378 accipientes,
1250 2344 1347 2379 inquit,
1366 2345 1497 2380 Spiritum
1519 2346 1641 2380 Christi,
1662 2356 1709 2382 per
1722 2356 1777 2376 eum
1793 2349 1821 2375 ad

1055 2388 1139 2415 Deum
1155 2388 1261 2416 Patretn
1279 2389 1448 2424 adducimur,
1465 2396 1593 2427 tattqttatn
1616 2393 1714 2421 divinat
1732 2398 1822 2422 natnrte

1054 2440 1193 2463 consortes
1209 2437 1282 2468 tacti,
1299 2438 1379 2464 modo
1395 2439 1448 2465 crit
1461 2443 1596 2472 creatura,
1614 2447 1662 2474 per
1675 2446 1751 2474 quem
1768 2447 1820 2466 cum

1056 2480 1110 2507 Deo
1125 2485 1253 2516 tanquam
1271 2490 1357 2517 genus
1373 2484 1587 2519 conjungimur!
1603 2485 1701 2513 Adhuc
1719 2485 1781 2513 idem
1796 2485 1819 2513 in

1055 2527 1189 2561 capitibus
1211 2528 1245 2555 de
1264 2528 1367 2563 Spiritu
1388 2536 1483 2558 sancto
1498 2539 1506 2558 :
1527 2531 1555 2559 Si
1571 2539 1667 2560 servus
1681 2538 1733 2565 est,
1747 2536 1772 2560 ut
1784 2531 1820 2559 fa-

253 2635 276 2652 οι
308 2634 386 2663 Joau.
413 2628 468 2668 in,
491 2635 537 2664 25.
576 2634 597 2651 η
613 2635 635 2664 ιι
652 2636 726 2664 Patr.
744 2644 764 2671 ι,
780 2637 808 2665 t.
847 2638 895 2665 "l
915 2638 980 2667 Cor.

1051 2640 1096 2668 t6.
1133 2640 1194 2668 "ll
1220 2640 1284 2669 Cor.
1302 2650 1338 2675 Vt,
1359 2644 1401 2672 t6.
1440 2645 1575 2674 πυρίη..
1611 2655 1647 2680 tv,
1679 2649 1722 2676 t5.

254 2750 294 2785 ((1)
310 2749 369 2778 Lib.
382 2759 441 2782 xm.
457 2759 518 2786 cap.
534 2752 562 2779 '5.

255 2786 292 2822 ψ)
312 2787 453 2820 Quomodo
468 2793 557 2815 autem
576 2788 753 2824 participetur
768 2788 840 2817 Deus
856 2790 1006 2818 secundum

1062 2757 1242 2799 substantiam
1261 2767 1275 2786 a
1294 2765 1418 2799 creatura
1432 2781 1439 2792 ,
1467 2768 1493 2789 et
1522 2771 1575 2790 non
1603 2765 1775 2799 participi-tur.
1795 2771 1820 2794 ut

1062 2797 1135 2822 recte
1149 2793 1324 2830 intelligatur,
1340 2796 1442 2831 legatur
1456 2805 1516 2833 cap.
1534 2799 1567 2826 10
1583 2793 1664 2836 hujus
1682 2793 1787 2831 liceatlis.
