1954 3071
190 100 247 132 871

774 98 896 128 JOANN
903 97 910 126 l
917 97 936 126 S
955 96 1074 126 (ΤΥΡΑῙῖ
1081 97 1087 125 l
1094 95 1235 126 SSlOTHE

1761 93 1825 122 8'3

193 160 333 186 stlantem,
351 155 397 182 sed
411 159 540 189 tanquam
553 161 611 189 Ipse
625 154 859 189 participationem
876 155 974 181 divinzr
991 157 1010 183 Α
1027 158 1109 186 atquc
1124 152 1159 179 ita
1179 153 1205 178 tit
1222 151 1296 178 tlittd:
1316 150 1369 184 Ego
1377 155 1401 177 et
1417 149 1501 176 Pater
1512 149 1651 179 veniemus,
1665 154 1687 175 et
1699 157 1778 174 utam:
1795 158 1832 171 n—

195 207 303 228 natttra:
324 201 412 235 dignis
435 201 561 234 largiens.
579 199 611 227 Et
634 207 731 226 rursus
755 199 826 226 idem
852 200 973 226 ibidem:

192 245 302 277 Templa
327 245 385 277 Dei,
413 245 468 271 itno
491 245 572 271 etiam
598 245 635 271 dii
654 252 796 277 vocamur,
820 249 848 271 ct
868 253 974 276 sumus,

193 297 276 322 quate
286 294 388 321 autem,
410 291 551 322 interroga
564 290 748 316 adversarium
762 298 768 321 ;
781 290 915 324 siquidem
929 297 976 317 su-

193 343 254 360 ntus
271 343 332 361 vero
346 336 491 370 participes
507 336 587 362 nudae
602 340 629 362 ct
645 343 699 362 non
714 343 760 369 per
775 343 803 362 se
817 336 977 363 exsisteutis

192 382 296 414 gratim,
313 386 339 408 at
351 389 405 408 non
418 382 468 413 sic,
483 390 654 416 nequaquam
667 391 676 414 ;
689 382 786 416 templa
796 382 867 409 enim
881 389 976 409 sumus

194 424 312 460 Spiritus
337 427 424 462 sancti
447 433 494 460 per
519 434 547 453 se
571 427 752 459 exsistentis;
777 427 863 453 vocati
885 432 975 453 autc-tn

192 478 290 497 sumus
307 471 344 497 dii
370 476 479 506 propter
504 471 604 505 ipsum,
631 477 724 506 tttpote
750 471 847 498 divina:
873 477 977 498 natoue

192 520 302 550 propter
321 517 547 550 conjunctionem
564 524 627 543 cum
654 517 714 550 ipso
736 517 882 551 paiticiprs
900 517 973 544 l’ac'i.

190 561 226 588 Et
241 562 336 588 iterum
351 563 420 589 idem
439 563 464 589 itt
484 563 608 590 eisdem:
627 563 667 588 An
686 571 739 589 non
761 563 877 590 dicitnu's
891 563 976 590 fabri-

190 609 247 634 caai
260 609 399 635 hominem
413 609 444 635 ad
461 609 606 643 imaginem
619 609 665 636 Dei
678 610 690 636 ’ἐ
702 609 769 642 Quis
785 615 863 644 neget
876 609 887 635 ἳ
899 609 976 641 Quod

191 657 282 678 autem
297 653 442 686 imaginem
460 652 604 687 imprimit.
616 658 643 680 et
656 653 743 680 instar
760 653 841 688 sigilli
858 653 977 688 pulchri-

192 697 314 724 Intlinetu
343 698 592 732 supramuntlanam
616 698 708 731 eliicit,
723 707 756 725 an
778 706 832 725 nott
855 704 897 726 est
917 699 977 733 Spi-

192 749 261 770 rttus
284 743 413 770 sanctus?
425 745 458 770 At
478 751 542 777 non,
562 744 662 778 inqttit,
678 749 706 770 ut
721 743 802 776 Deus,
820 745 866 771 sed
892 749 920 770 ιιι
935 745 977 770 (Ιί-

192 790 263 814 vittaz
281 789 376 822 gratia:
400 789 534 821 minister,
558 789 640 823 igitur
661 797 714 816 nott
732 789 799 824 ipse,
825 791 871 816 sed
888 790 975 824 gratia

192 842 240 868 per
264 834 350 868 ipsutn
377 835 564 869 consignatur.
590 835 714 866 Videtur,
739 835 837 869 inquit.
860 835 977 862 Necesse

192 888 257 915 ergo
274 883 332 906 erat
360 880 495 915 appellare
511 881 650 908 hominem
668 881 814 915 imaginem
831 880 932 915 gratiae,
950 886 977 909 et

192 934 247 953 nott
263 927 355 961 potius
373 927 519 961 imaginem
538 926 596 959 Dei,
617 927 766 961 Gregorius
782 927 930 961 Nyssenus,
949 927 976 953 in

191 972 305 998 Cantica
322 971 511 999 canticorum:
527 971 616 1004 Quod,
633 972 731 1006 inquit,
749 979 813 998 vere
827 977 867 999 est
881 971 978 1006 pnedi-

189 1016 308 1043 candunt
327 1016 446 1046 beatum.
474 1024 576 1043 nttnten
599 1017 688 1050 ipsum
711 1016 833 1043 divinum
850 1021 903 1048 est,
919 1016 982 1050 ipsa,

192 1061 367 1095 pulchritudo
391 1060 601 1095 inexplicabilis,
628 1061 686 1095 ipsa
714 1068 762 1094 per
784 1069 814 1089 se
831 1062 928 1096 gratia,
951 1066 978 1088 ct

190 1107 339 1142 sapientia,
351 1111 378 1134 et
392 1112 522 1141 potestas.
535 1106 568 1133 Et
583 1107 694 1134 divinus
711 1106 859 1142 Gregorius
873 1107 900 1134 in
914 1115 977 1134 ora-

191 1154 266 1181 tione
289 1153 323 1180 de
345 1153 487 1180 divinitate
504 1157 601 1180 contra
621 1153 765 1185 Evam-ium
784 1153 949 1180 monachum
966 1162 972 1180 :

192 1200 325 1227 Similiter
339 1199 433 1234 igitur,
453 1199 553 1234 inquit,
574 1199 620 1234 qui
637 1200 716 1226 dator
729 1203 771 1226 est
790 1200 910 1226 ontnium
927 1201 976 1226 bo-

191 1252 301 1277 nortttn,
321 1245 367 1279 qui
387 1245 510 1272 veritatis
529 1245 696 1274 moderator,
716 1249 743 1271 et
760 1244 908 1272 Salvatoris
924 1245 977 1271 Pa-

190 1295 242 1324 ter,
261 1291 447 1319 dimanatttem
465 1293 614 1326 quamdam
639 1291 700 1319 Filii
717 1299 744 1319 et
759 1292 876 1327 Spiritus
891 1292 976 1319 sancti

190 1337 305 1372 gratiam
330 1338 514 1365 intellectilem
545 1337 578 1364 ad
607 1346 656 1365 nos
686 1339 779 1371 misit,
807 1346 896 1372 neque
920 1339 978 1372 ipse

190 1384 341 1418 quidquam
357 1383 523 1410 incommodi
539 1384 565 1411 in
577 1385 730 1411 substantia
743 1392 840 1418 passus
857 1389 909 1417 est;
923 1393 976 1411 non

190 1430 262 1455 enim
289 1429 372 1456 ullam
390 1422 608 1462 intniiuutionrttt
634 1430 719 1457 subiit
737 1436 845 1465 propter
866 1430 976 1457 illoruut

1026 206 1085 225 nem
1112 198 1181 233 apud
1209 206 1266 224 eum
1297 197 1459 230 fariemrts‘,
1477 197 1547 223 sicut
1562 196 1664 223 dictum
1688 199 1742 222 est.
1769 193 1831 220 lilii

1027 245 1099 272 enim
1113 250 1153 272 cst
1168 244 1270 276 lutum,
1283 244 1337 271 illic
1354 248 1396 271 est
1410 243 1548 277 splendor:
1571 246 1598 268 et
1614 242 1658 268 ubi
1675 241 1828 276 splendor,

1024 291 1064 319 ibi
1096 295 1138 318 est
1155 291 1235 324 hujus
1266 290 1400 324 operatio,
1428 293 1456 316 ct
1485 287 1627 322 splendida
1648 287 1748 322 gratia.
1776 287 1816 313 Et.

1028 344 1141 371 magnus
1153 335 1268 363 Basilius
1286 335 1311 361 in
1328 334 1441 369 epistola
1453 334 1486 360 ad
1503 333 1664 368 Gregorium
1683 333 1822 360 fratrem:

1022 380 1123 413 Omne,
1141 380 1240 415 ittquit,
1258 380 1369 411 bonum,
1399 379 1581 413 quodcunque
1603 385 1636 405 ex
1658 377 1752 405 divina
1770 386 1830 412 po-

1023 431 1126 454 testate
1139 427 1171 452 ad
1187 434 1236 452 nos
1251 425 1386 457 deveniat,
1407 424 1596 459 operationem
1610 423 1704 457 gratia:
1721 424 1828 450 omnia

1029 473 1054 499 in
1070 472 1148 499 nobis
1164 471 1301 506 operantis
1313 478 1375 498 esse
1390 470 1515 500 dicimus,
1533 469 1622 495 omnia
1638 470 1710 495 enim
1723 476 1831 502 opera-

1028 523 1071 545 tur
1083 525 1148 544 unus
1159 521 1186 544 et
1202 517 1272 543 idcnt
1283 515 1422 551 Spiritus“;
1432 522 1463 542 ac
1477 522 1571 542 rursus
1587 514 1669 541 idem:
1683 513 1830 549 Spiritum

1027 569 1152 591 sanctum
1162 563 1212 598 qui
1229 570 1263 590 ea
1286 562 1340 589 Deo
1353 561 1474 593 exsistit,
1492 560 1592 588 forttem
1609 561 1669 587 dico
1686 560 1832 587 sanctita-

1028 609 1075 641 tis,
1095 613 1255 642 potestatein
1283 607 1343 634 vita:
1359 605 1534 638 effectricem,
1560 609 1587 632 et
1603 604 1717 640 gratiam
1736 604 1832 638 perti-

1028 655 1143 682 cientetn
1155 662 1167 686 ;
1183 662 1230 688 per
1241 661 1321 688 quem
1338 652 1420 679 ltomo
1432 652 1577 686 adoptatur
1592 651 1686 683 Filius,
1704 656 1729 678 et
1744 652 1830 686 quod

1028 701 1142 728 mortale
1162 705 1214 732 est,
1231 699 1350 726 dﬁcitur
1362 698 1528 731 immortale,
1560 705 1643 724 unum
1659 704 1706 731 per
1725 697 1829 724 omnia

1027 755 1090 774 cum
1118 746 1198 774 Patre
1215 750 1241 772 et
1259 744 1341 772 Filio.
1359 740 1504 776 Pratterea,
1516 743 1665 771 secundum
1684 743 1830 777 homony-

1029 793 1110 819 tuiam
1129 792 1277 819 divinitatis
1292 789 1343 825 (ιι),
1368 797 1429 824 quas
1446 796 1528 824 supra
1555 787 1735 816 substantiam
1767 794 1827 819 est,

1031 836 1155 871 quaedam
1172 835 1223 862 alia
1238 835 1367 861 dicuntur
1377 834 1477 868 gratia.
1494 833 1624 860 Declarat
1640 833 1692 860 hoc
1701 832 1826 864 Paulus,

1028 890 1090 908 cum
1104 882 1227 908 scribens
1236 880 1271 907 ad
1282 879 1431 906 Romanos:
1446 877 1492 905 Sic
1505 887 1576 913 ergo,
1591 878 1718 913 inquit,et
1733 879 1761 904 in
1771 879 1826 904 hoc

1029 933 1142 958 tempore
1158 927 1275 961 reliqui-re
1296 926 1438 953 secundum
1453 925 1604 952 elei-tionem
1631 925 1721 957 gratia:
1736 924 1827 950 saluta

1029 972 1108 1008 facta
1136 977 1206 998 sunt.
1233 971 1261 998 Si
1276 976 1362 998 autem
1392 971 1490 1006 gratia,
1503 970 1559 1004 jam
1573 977 1624 996 non
1637 976 1670 995 ea;
1684 968 1825 1002 operibus.

1029 1017 1129 1051 alioqui
1141 1016 1227 1050 gratia
1241 1015 1300 1050 jam
1316 1024 1366 1043 non
1389 1020 1425 1042 est
1439 1015 1537 1049 gratia.
1564 1013 1593 1041 Si
1608 1019 1695 1040 autent
1709 1020 1742 1039 ea:
1757 1021 1825 1047 ope-

1030 1063 1112 1095 ribus,
1135 1062 1194 1097 jam
1221 1070 1273 1089 nou
1289 1067 1330 1089 est
1355 1062 1472 1096 gratia:
1498 1061 1599 1096 alioqui
1622 1068 1686 1094 opus
1711 1068 1763 1086 non
1780 1064 1823 1086 cst

1029 1109 1115 1142 opus'.
1131 1108 1164 1135 Et
1178 1115 1273 1135 rursus
1289 1108 1358 1134 idem
1377 1107 1523 1142 Apostolus
1547 1115 1555 1134 :
1571 1106 1664 1134 Gratia
1677 1106 1745 1132 enim
1760 1105 1822 1132 sal-

1029 1155 1054 1181 vi
1071 1154 1136 1189 farti
1150 1154 1236 1181 estis’.
1258 1154 1289 1181 Et
1301 1153 1399 1180 iterum
1415 1162 1422 1180 :
1439 1153 1495 1179 Non
1511 1153 1581 1180 enim
1595 1153 1659 1180 estis
1674 1152 1722 1178 sub
1749 1152 1820 1186 lege.

1029 1201 1074 1227 ted
1093 1200 1139 1227 sub
1158 1201 1245 1234 gratia
1259 1200 1279 1226 ⁸.
1300 1199 1330 1226 Et
1349 1200 1417 1227 alias
1433 1209 1441 1226 :
1459 1199 1492 1226 1η
1509 1199 1598 1234 gratia
1615 1199 1675 1228 hac.
1690 1206 1748 1232 qua:
1765 1199 1822 1223 mi-

1030 1246 1160 1270 nistratur
1179 1244 1195 1270 ά
1207 1243 1282 1270 nobis
1299 1245 1321 1270 ’.
1336 1244 1368 1271 Et
1385 1252 1481 1271 rursus
1498 1253 1504 1270 :
1523 1243 1564 1270 Ex
1580 1251 1630 1277 quo
1644 1243 1686 1269 die
1701 1243 1819 1269 audistis

1029 1294 1053 1316 ιιι
1067 1290 1227 1323 cognovisti:
1243 1290 1357 1324 gratiam
1374 1290 1400 1318 in
1420 1289 1466 1316 Dei
1480 1290 1589 1316 veritate
1604 1288 1636 1315 '°.
1658 1288 1690 1315 Et
1706 1289 1821 1315 tlivittus

1030 1336 1240 1371 Cltrysoslomus
1269 1336 1418 1370 explanatis
1445 1336 1509 1362 illud
1540 1344 1547 1362 :
1579 1334 1622 1361 Es:
1653 1334 1819 1369 plenitudine

1029 1381 1087 1416 ejus
1105 1389 1193 1408 ontttes
1210 1383 1358 1416 accrpimus
1374 1382 1392 1397 “
1407 1402 1414 1414 ,
1433 1386 1460 1408 et
1476 1391 1483 1409 :
1502 1381 1622 1408 Gratiam
1636 1389 1683 1415 pro
1703 1381 1793 1416 gratia
1807 1387 1818 1406 :

1030 1427 1154 1461 Qualem,
1175 1428 1274 1462 inquit,
1295 1435 1344 1462 pro
1364 1427 1458 1462 quali?
1478 1427 1531 1454 l’ro
1547 1432 1635 1454 vetere
1651 1434 1768 1457 novatn;
1790 1431 1818 1452 «ιι

190 1475 223 1501 ad
246 1482 295 1501 nus
310 1474 467 1507 adventum,
485 1483 572 1508 usque
585 1475 617 1502 ad
645 1483 696 1502 nos
721 1480 926 1510 processerunt,
951 1481 977 1503 ct
991 1482 1012 1511 α
1031 1475 1056 1501 itt
1074 1474 1139 1501 illml
1157 1483 1164 1500 :
1185 1473 1279 1501 Gratia
1298 1474 1365 1501 salvi
1385 1474 1451 1508 facti
1467 1474 1531 1501 estis
1544 1481 1552 1500 :
1565 1472 1623 1500 Non
1639 1481 1671 1500 ex
1687 1473 1817 1507 opt-ribus

191 1520 371 1547 nihilominus
387 1528 401 1547 a
420 1520 500 1547 Patre
512 1520 707 1555 inseparabiles
726 1521 915 1555 perstiterunt,
932 1529 977 1548 ex-

189 1572 254 1599 pers
270 1565 343 1591 enim
366 1565 452 1599 partis
475 1569 529 1595 est,
551 1569 580 1591 ut
603 1572 618 1592 a
635 1565 771 1600 principio
787 1565 918 1597 diximus,
936 1565 977 1592 di-

190 1610 255 1636 vina
274 1614 383 1636 natura.
399 1609 426 1636 ltt
441 1609 537 1644 pritnis
556 1613 647 1636 autem
663 1610 770 1637 divinus
786 1609 932 1644 Apostolus
948 1610 976 1637 itt

190 1655 310 1690 Epistula
323 1655 355 1681 atl
371 1655 462 1681 Tituttt
475 1655 530 1681 ait:
543 1654 674 1689 Apparuit
682 1656 771 1690 gratia
787 1655 872 1687 Dei",
891 1657 977 1691 gratia

189 1695 295 1729 scilic'et
328 1702 467 1734 salutaris,
497 1701 626 1729 omnibus
652 1702 807 1729 hominibus
831 1709 892 1728 cum
922 1709 977 1736 quo

190 1747 364 1775 consentiunt
374 1748 419 1782 qui
436 1747 461 1774 in
472 1747 586 1774 canticts
603 1748 798 1775 ecclesiasticis
806 1747 910 1775 dicunt:
922 1749 977 1782 Ap-

189 1794 281 1827 paruit
297 1793 430 1825 Salvator,
442 1793 486 1827 qui
500 1798 541 1820 est
554 1793 639 1828 gratia
649 1797 676 1820 et
688 1795 798 1825 veritas,
819 1794 845 1820 itt
865 1792 976 1820 Jordani

189 1838 307 1864 ﬂuentis:
322 1842 350 1864 et
360 1837 446 1872 gratia
460 1837 592 1865 habitavit
605 1838 632 1864 in
647 1843 682 1870 te,
698 1845 759 1872 quae
772 1837 818 1865 Dei
835 1843 922 1865 mater
936 1846 976 1871 es;

189 1888 216 1910 et
226 1884 356 1910 mundqu
364 1883 509 1918 splendore
521 1884 677 1911 illustravit.
690 1882 720 1909 Et
730 1883 837 1911 divinus
847 1884 975 1918 Ephrem,

189 1929 217 1957 in
230 1929 401 1958 Orationedc
411 1929 500 1957 salute
512 1930 626 1957 animae:
637 1930 764 1963 Quando,
773 1930 975 1965 inquit,volu'u,

188 1975 323 2010 benignus
342 1980 370 2002 ct
384 1975 542 2002 misericors
559 1974 631 2002 Deus
641 1975 757 2002 liberare
771 1983 821 2002 nos
833 1975 867 2002 ab
880 1975 977 2009 hujus-

188 2021 263 2048 modi
280 2028 385 2054 errore,
401 2021 521 2048 visitavit
536 2029 586 2048 nos
601 2021 691 2048 oriens
704 2028 736 2047 ex
752 2021 807 2048 alto
818 2023 838 2053 ';
850 2029 878 2048 ct
892 2029 977 2056 appa-

188 2067 244 2094 ruit
265 2065 310 2093 Dei
327 2067 413 2102 gratia
429 2067 569 2100 salutaris,
590 2067 719 2101 deditque
734 2075 764 2094 se
788 2067 844 2101 ipse
859 2068 884 2093 itt
903 2075 977 2094 cont-

188 2113 367 2140 ntutationem
389 2120 439 2148 pro
458 2113 548 2140 nobis.
565 2113 599 2140 Et
618 2113 727 2146 sapiens
741 2113 871 2149 Cyrillus:
897 2113 974 2146 Qlll‘,

1032 1520 1160 1554 propriis,
1191 1520 1289 1553 inquit,
1309 1520 1354 1546 sed
1377 1520 1471 1555 gratis.
1502 1521 1535 1548 Et
1557 1527 1673 1553 magnus
1694 1518 1818 1546 Albana-

1030 1565 1181 1596 sius,|ibro
1201 1565 1281 1592 tertio
1303 1564 1405 1592 Contra
1420 1565 1534 1592 Ariona:
1552 1573 1560 1592 :
1577 1564 1687 1592 Sciebat
1703 1564 1748 1590 ubi
1765 1562 1826 1596 Las

1031 1619 1112 1638 zarus
1141 1611 1260 1646 jacebat,
1292 1610 1475 1646 interrogabat
1503 1615 1604 1644 tamen,
1636 1614 1664 1637 ut
1688 1614 1815 1645 suscepta

1030 1661 1123 1684 nostra
1143 1656 1306 1692 ignorantia,
1329 1657 1473 1692 largiretur
1491 1656 1570 1684 nobis
1589 1661 1618 1683 ιιι
1636 1663 1817 1690 cOgnoscerc-

1031 1711 1092 1730 mus
1107 1703 1195 1731 solum
1210 1695 1303 1729 verum
1324 1702 1430 1729 Patrem
1447 1710 1539 1734 suum,
1553 1706 1581 1729 et
1599 1710 1681 1736 quem
1705 1707 1816 1737 propter

1031 1756 1080 1776 nos
1097 1748 1130 1775 ad
1155 1750 1270 1776 salutem
1291 1749 1414 1775 omnium
1441 1748 1525 1781 tnisit,
1542 1756 1595 1783 qua
1621 1749 1708 1784 major
1727 1749 1814 1784 gratia

1030 1801 1085 1822 non
1106 1798 1193 1828 potest
1209 1802 1279 1821 esse.
1298 1793 1336 1821 Ex
1354 1794 1452 1829 quibus
1467 1798 1551 1829 patet,
1563 1794 1635 1830 quod
1649 1794 1710 1822 facti
1728 1794 1812 1829 parti-

1030 1841 1104 1875 cipes
1116 1846 1222 1867 natura:
1239 1839 1297 1872 Dei,
1311 1848 1365 1867 non
1381 1841 1459 1867 nudae
1470 1840 1561 1875 gratia:
1579 1848 1594 1867 a
1614 1841 1666 1868 Deo
1679 1843 1814 1868 manantis

1030 1891 1057 1913 ct
1077 1894 1137 1921 quae
1156 1894 1202 1920 per
1221 1893 1251 1913 sc
1273 1894 1326 1912 tton
1339 1886 1457 1918 exsistit,
1474 1885 1620 1920 participes
1631 1893 1744 1914 sumus:
1766 1886 1813 1912 sed

1031 1933 1118 1965 ipsius
1143 1932 1262 1966 Spiritus
1278 1939 1358 1966 supra
1384 1931 1576 1967 sutpstantiaut,
1597 1936 1624 1958 et
1646 1931 1756 1962 vititiei,
1782 1939 1814 1959 ac

1031 1986 1078 2013 per
1095 1985 1125 2006 se
1143 1977 1318 2009 exsistemis;
1340 1982 1366 2003 et
1386 1984 1434 2011 per
1454 1977 1526 2004 hunc
1547 1977 1634 2011 ipsum
1654 1984 1714 2003 cum
1736 1976 1814 2004 Patre

1030 2031 1058 2052 et
1077 2024 1147 2052 Filio
1165 2025 1300 2059 copulari,
1322 2024 1422 2050 divinae
1442 2029 1545 2051 natura:
1562 2029 1707 2051 consortes
1730 2025 1812 2051 ellici-

1031 2078 1109 2103 mur;
1130 2074 1156 2097 et
1172 2070 1222 2096 hac
1237 2069 1324 2104 gratia
1346 2070 1476 2101 ditamur,
1501 2070 1586 2103 gratia
1607 2070 1711 2097 scilicet
1735 2071 1812 2097 ttiun

1031 2123 1223 2151 personarum,
1246 2123 1306 2150 quae
1325 2120 1368 2143 est
1383 2123 1431 2150 per
1449 2124 1478 2143 se
1492 2117 1588 2152 gratia.
1606 2115 1636 2143 Et
1658 2116 1729 2143 sicut.
1754 2125 1812 2144 crr-

188 2158 288 2193 inquit,
305 2158 391 2194 gratia
406 2159 533 2193 apparuit
549 2159 650 2186 uoltis?
665 2163 711 2186 aut
724 2159 812 2194 qualis
827 2158 871 2185 Dei
888 2164 975 2193 grut'a
993 2157 1014 2185 D
1029 2162 1102 2189 ditur
1122 2168 1182 2188 esse
1207 2161 1365 2188 communis
1384 2160 1528 2188 nobiscum
1545 2169 1593 2196 per
1615 2169 1645 2188 se
1663 2162 1760 2195 gratia,
1772 2169 1811 2189 s:c

188 2204 320 2231 salutaris
350 2205 478 2232 omnibus
499 2204 657 2236 hominibus
676 2204 835 2239 apparuisse
863 2203 976 2230 dicitut?

188 2250 271 2284 Atqui
280 2250 454 2277 manifestum
464 2255 506 2277 est
518 2249 590 2284 quod
598 2249 636 2276 ait
650 2249 742 2276 David:
752 2250 821 2276 Deus
835 2249 975 2281 Dontt'ntu,

187 2300 212 2322 et
229 2296 354 2330 apparuit
365 2295 463 2328 nobis';
480 2300 508 2322 et
523 2299 552 2322 ut
566 2295 653 2329 ipsius
668 2295 753 2329 gloria
772 2296 851 2323 ttobis
869 2296 902 2322 dc
917 2304 972 2323 cu:-

189 2341 215 2368 lo
231 2345 371 2376 appareat,
394 2345 596 2375 exspectamus.
620 2339 651 2366 Et
668 2348 782 2375 magnus
798 2341 974 2373 Athanasius,

189 2387 215 2414 in
232 2387 347 2421 epistola
370 2387 403 2414 ad
422 2387 615 2421 Serapionem,
638 2386 747 2420 Omnia,
766 2387 863 2421 ittquit,
886 2387 975 2414 Patris

188 2437 252 2459 sunt
269 2431 328 2459 Filii
346 2440 353 2465 ;
378 2440 462 2467 quare
482 2433 658 2466 charismata,
677 2441 736 2467 qua:
750 2440 764 2459 a
779 2432 849 2460 Ftlio
866 2433 892 2459 itt
913 2432 976 2468 Spi-

188 2481 240 2505 ritu
259 2478 368 2511 dantur,
384 2478 472 2506 Patris
484 2479 651 2506 charismata
668 2484 742 2507 sunt:
758 2483 786 2506 et
801 2486 863 2506 cum
883 2479 909 2506 iu
927 2486 975 2506 no-

189 2524 230 2551 bis
248 2528 291 2551 est
310 2523 427 2558 Spiritus
442 2527 566 2558 sanctus,
579 2525 604 2552 in
615 2525 714 2560 eoipso
727 2526 809 2552 etiam
826 2530 868 2553 cst
880 2525 974 2558 Pater;

225 2648 244 2663 ι·
264 2646 318 2674 Tit.
363 2655 394 2679 tt,
414 2648 454 2676 tl.

188 2683 215 2711 6.
254 2683 263 2698 ⁷
279 2682 379 2717 Ephcs.
394 2692 424 2717 tt,
440 2684 466 2711 8.

493 2648 503 2663 '
537 2648 638 2680 Lttc.t,
672 2648 717 2675 78.

1025 2208 1107 2235 etiam
1126 2207 1265 2242 sigillatim
1282 2214 1453 2242 uuaqnzeque
1470 2214 1586 2241 persona
1602 2207 1694 2234 ditina
1718 2216 1751 2234 ex
1767 2209 1813 2234 tri-

1025 2253 1077 2280 bus
1094 2254 1180 2288 gratia
1195 2252 1314 2285 dicitur;
1334 2257 1362 2279 et
1379 2252 1498 2279 maxime
1515 2260 1641 2279 summus
1662 2249 1732 2279 Deus
1750 2254 1808 2279 Sal-

1026 2303 1115 2330 vator,
1130 2302 1157 2325 et
1177 2297 1223 2332 qui
1242 2302 1283 2325 est
1304 2305 1387 2332 supra
1408 2298 1601 2330 substantiam,
1619 2298 1737 2332 Spiritus
1752 2307 1811 2324 sau-

1029 2348 1100 2377 ctus,
1119 2349 1233 2378 uterque
1249 2343 1332 2371 simul
1349 2343 1436 2378 gratia
1451 2344 1594 2370 bitnanaus
1609 2344 1720 2370 dicitur.
1741 2343 1811 2370 Sunt

1029 2390 1110 2424 igitur
1132 2390 1189 2417 [nec
1208 2389 1296 2425 gratia
1324 2389 1453 2416 dicuntur
1479 2389 1683 2424 principialitcr,
1703 2393 1729 2415 «ιι
1746 2389 1810 2416 divi-

1029 2444 1046 2463 n
1057 2443 1086 2468 e,
1102 2440 1126 2463 ct
1145 2435 1302 2468 efﬁcienter,
1319 2435 1359 2462 sic
1378 2435 1542 2470 hontonyme
1560 2442 1641 2461 omne
1659 2434 1751 2461 tlatuln
1766 2435 1810 2461 bo-

1030 2490 1107 2514 ttutn,
1122 2483 1195 2516 quod
1217 2483 1250 2508 ab
1271 2481 1337 2516 ipsis
1357 2481 1481 2515 personis
1502 2480 1602 2507 divinis
1626 2480 1659 2506 ad
1680 2487 1730 2506 nos
1753 2488 1810 2513 pso-

1031 2527 1174 2559 lleiscitur,
1197 2532 1325 2562 tanquam
1353 2526 1516 2554 hcttct‘tcium
1543 2525 1623 2553 nobis
1645 2531 1766 2552 creatum
1785 2531 1809 2553 ct

767 2651 777 2668 ³
795 2648 868 2685 [δεδι.
881 2656 911 2675 cx
917 2657 928 2673 v
934 2656 961 2680 ll,

1062 2648 1072 2663 ⁵
1084 2647 1161 2685 Joan.
1179 2655 1233 2679 xtv,
1248 2648 1290 2675 25.
1329 2648 1340 2663 ⁵
1354 2648 1438 2685 Ινϐυτ.
1453 2657 1502 2682 xu,
1517 2649 1565 2678 H.‘
1598 2643 1701 2683 fﬂoin.
1719 2657 1757 2684 ιι,
1783 2650 1806 2685 5,

505 2683 516 2699 ⁸
541 2683 620 2711 Rom.
637 2692 673 2716 vr,
690 2684 731 2710 l4.
768 2685 778 2700 '
793 2684 813 2710 ll
839 2686 890 2710 (Lor
915 2692 974 2716 \ttt,
992 2685 1034 2711 I9.

1073 2686 1095 2699 ¹⁰
1110 2684 1176 2711 Uolo
1193 2693 1215 2711 s.
1235 2685 1281 2711 t6.
1321 2685 1341 2699 “
1358 2684 1437 2711 Joau.
1455 2693 1473 2717 ι,
1492 2685 1536 2712 16.

226 2786 264 2821 la)
279 2784 306 2811 ld
324 2790 375 2818 est,
390 2786 458 2814 sicut
475 2789 555 2814 homo
567 2793 678 2814 sanctus
695 2788 831 2822 ιιηιιιίγυυο
847 2788 947 2816 dititur
961 2789 1042 2821 Deus,
1061 2788 1100 2816 sic
1114 2789 1195 2816 etiam
1208 2788 1294 2822 gratia
1310 2796 1370 2824 qua:
1384 2796 1398 2816 ιι
1418 2788 1472 2816 Deo
1487 2789 1530 2817 tit.
