1954 3071
110 123 167 155 873

507 118 627 150 DECAS
642 118 710 149 VII.
726 117 818 152 -,DE
835 115 968 146 DiVlN.~\
989 115 1315 147 PARTICIPATIONE.

1673 117 1727 150 874

106 179 250 208 cﬁectnm,
272 177 356 212 gratia
376 180 402 203 ct
418 175 518 202 donum
540 175 651 206 dicitur,
673 182 729 201 non
750 181 781 199 es
808 172 894 206 operi-
909 171 930 200 Α
946 171 992 197 sed
1012 172 1097 205 gratia
1126 171 1247 206 Spiritus
1262 171 1361 204 sancti,
1382 171 1419 199 ait
1437 171 1521 200 David
1539 172 1572 200 de
1592 172 1702 201 Christo
1719 183 1728 202 :

111 225 163 252 lus
184 223 284 250 nostris
305 222 470 253 coitfcctum,
491 221 557 255 qttin
584 220 675 254 potius
699 219 795 254 gratis,
814 223 841 245 et
860 225 892 243 rx

107 270 182 297 trulla
204 273 296 295 nostra
312 267 502 302 importalioue
520 265 733 300 suppeditatum.

413 333 529 363 CAPUT
551 334 583 361 V.

105 392 184 426 Quod
197 393 264 418 sicut
278 391 354 422 Deus,
367 392 412 426 qui
428 395 466 417 est
481 398 525 425 per
540 398 567 416 se
580 391 680 423 gratia,
695 394 722 426 et
740 390 820 426 triunt
836 396 893 420 per-

142 435 269 454 sonarum
293 432 418 459 patulas,
439 428 492 452 sive
510 426 602 454 virtus.
623 433 639 450 ιι
656 425 729 451 nobis
748 425 893 458 efﬁcienter

138 463 320 496 μινιίι-ἱραιιιι-
337 462 391 494 (al;
421 463 459 487 sic
481 460 550 486 idem
567 459 689 496 producit
706 465 730 485 et
751 464 826 496 creat
840 459 893 496 dis-

142 494 311 523 tributionem
327 496 478 522 diuinarum
502 494 664 529 gratiarum,
680 502 738 529 quat
752 495 787 520 ad
807 494 895 528 parti-

140 532 281 566 cipandum
298 539 393 558 crearit
409 536 480 557 tum.

143 587 257 622 Magnus
272 587 412 622 apostolus
427 586 528 614 Paulus
547 587 585 613 ait
599 595 605 612 :
630 585 775 612 Diuisione:
790 585 894 620 gratia-

108 641 168 659 rum
187 637 259 665 sunt,
285 633 354 659 idem
380 638 469 658 autem
495 631 631 666 Spiritus;
656 631 798 657 divisiones
816 631 895 657 mini-

106 679 267 705 strationum
283 683 355 709 sunt,
370 678 538 705 idemutttem
552 677 698 710 Dominus;
714 683 737 703 et
755 676 895 704 divisiones

106 724 291 756 operationqu
307 728 379 754 mut,
400 722 468 748 idem
486 727 573 748 autent
598 721 682 754 Deut,
700 721 745 755 qui
770 725 896 755 operatur

105 768 199 795 omnia
221 768 248 794 in
279 767 444 794 omnibus".
474 767 507 794 Et
535 774 658 794 rursus:
680 765 778 794 Omnia
807 770 895 792 autem

109 815 165 841 luet:
192 818 317 847 operatur
341 821 408 839 unus
434 817 512 848 atque
534 813 604 840 idem
625 811 753 847 Spiritus,
777 811 894 839 dividens

109 860 221 895 singulis
238 865 316 894 prout
333 860 388 886 vult
402 859 433 886 ".
457 858 489 886 Et
505 859 603 886 iterum
622 868 628 886 :
645 857 823 885 xEmulamini
842 865 896 885 me-

110 906 178 932 liora
198 907 359 933 charismata
369 905 403 932 “.
419 905 483 932 llcm
502 913 510 932 :
534 904 564 932 Si
585 905 681 939 linguis
705 903 839 931 hominum
853 903 896 930 ta-

110 961 178 986 quar
195 956 219 978 et
239 952 403 986 angelorum,
424 951 582 978 cltat‘itatem
599 955 687 978 autem
703 959 754 978 non
774 950 895 981 habeam,

108 998 201 1033 factus
229 1006 288 1025 sum
315 997 383 1025 velut
409 1005 444 1024 aes
471 1004 580 1028 sancite,
600 1001 647 1023 aut
670 995 897 1031 cymbalum'tiat-

111 1044 187 1070 aiens
199 1043 231 1070 ".
247 1043 275 1069 In
289 1051 369 1077 quem
387 1043 477 1070 locum
492 1042 653 1069 incumbens
670 1041 764 1070 hellus
778 1041 897 1076 Chryso-

113 1094 220 1116 stomns
245 1098 251 1115 :
274 1088 384 1120 Vidisti,
406 1088 504 1123 inquit,
531 1088 577 1116 ubi
607 1088 722 1123 gratiam
742 1087 896 1122 linguarum

108 1134 220 1166 extulit,
241 1138 269 1160 et
287 1134 333 1163 ubi
359 1140 419 1161 eam
443 1133 548 1165 evertit,
571 1138 597 1160 et
616 1133 718 1168 fregit?
747 1132 780 1159 Et
803 1139 898 1159 rursus

110 1180 184 1207 idem
210 1180 235 1206 in
253 1179 339 1213 Epist.
354 1179 387 1206 ad
403 1178 528 1206 Corinth.
548 1178 660 1206 homiiia
683 1177 718 1205 29
734 1186 741 1205 ι
760 1177 798 1205 De
814 1177 895 1212 spiri—

112 1224 239 1254 tutrlr'btu,
258 1223 426 1258 inquit.ttolo
439 1231 482 1250 vos
494 1224 628 1258 ignorare,
646 1222 743 1255 fratres
758 1221 796 1254 ";
816 1220 897 1255 spiri-

113 1269 199 1296 tualia
220 1273 300 1295 vocat.
327 1269 415 1306 signa,
443 1269 506 1302 quia
528 1269 585 1295 hac
612 1274 695 1301 opera
722 1271 786 1294 sunt
811 1267 897 1295 solius

113 1315 232 1350 Spiritus
255 1315 352 1347 sancti,
373 1315 439 1341 nihil
462 1314 581 1341 humano
601 1313 693 1341 studio
709 1313 840 1340 afferente
863 1313 898 1340 ad

114 1359 272 1392 hujnsmodi
292 1360 422 1386 miracula
443 1359 626 1386 efﬁciendum.
644 1358 677 1385 Et
693 1365 790 1386 rursus
812 1358 896 1390 idem,

115 1404 145 1430 in
166 1405 293 1430 Oratione
310 1403 343 1430 dc
364 1403 467 1438 Spiritu
487 1408 582 1431 sancto
601 1403 741 1438 :Spiritus
761 1402 819 1435 Dei,
832 1402 898 1437 Spi-

112 1453 185 1475 ritus
204 1456 236 1475 ex
258 1447 322 1480 Deo,
346 1437 466 1482 Spiritus
484 1447 530 1482 qui
551 1455 564 1474 a
585 1437 666 1475 Patre
685 1437 819 1483 procedit,
839 1447 897 1474 lucc

945 217 1038 251 Effusa
1052 222 1092 244 est
1107 218 1195 252 gratia
1211 219 1239 245 in
1251 218 1330 245 labiis
1344 218 1396 245 tuin
1411 218 1450 249 ης
1466 219 1553 253 gratis
1568 218 1727 252 effunditur,

945 269 999 288 non
1021 261 1044 289 is
1057 262 1102 296 qui
1119 262 1234 296 gratiam
1253 263 1346 290 donat.
1367 262 1530 297 Ettmaguus
1551 263 1680 297 Basilius,
1699 265 1729 291 in

944 307 1023 334 tertio
1040 307 1262 342 Coufututionum
1278 307 1402 335 Eunomii
1418 317 1427 335 :
1444 308 1521 336 Sicut
1535 309 1635 336 dicitur
1649 308 1730 337 Pater

944 351 1065 379 dividere
1091 352 1264 387 opcratioues
1297 353 1330 380 iis
1360 353 1405 387 qui
1431 352 1506 387 digni
1534 359 1596 380 sunt
1627 358 1656 380 ιιι
1681 360 1730 381 cas

942 398 1109 432 suscipiant;
1139 403 1166 425 et
1195 398 1280 425 Filius
1303 398 1425 426 dividere
1453 399 1669 427 ministrationcs
1694 399 1729 426 iis

945 445 989 479 qui
1007 444 1080 478 digni
1102 449 1167 472 sunt
1193 453 1306 472 munere
1332 445 1517 477 ministrantli,
1541 445 1581 472 sic
1607 445 1729 479 Spiritus

944 495 1056 518 sanctus
1073 491 1174 518 dicitur
1200 490 1321 518 (lividere
1346 491 1510 518 charismata
1539 491 1572 518 iis
1587 491 1633 524 qui
1652 491 1729 524 digni

944 540 1009 563 sunt
1029 539 1059 562 ut
1075 535 1241 562 charismata
1257 535 1404 570 accipiant.
1423 534 1528 562 Rursus
1545 534 1616 561 idem
1638 534 1664 560 in
1681 535 1729 561 ho-

945 581 1018 609 milia
1042 580 1140 608 l'salmi
1157 581 1212 608 32:
1233 580 1311 615 Apte,
1332 579 1431 614 inquit,
1449 580 1481 607 ad
1495 585 1595 607 terram
1611 579 1730 609 refertur

945 627 1012 654 illud
1031 635 1038 654 :
1058 625 1117 661 Ipse
1142 627 1221 658 dicit,
1241 631 1267 654 et
1290 626 1362 661 facta
1378 631 1438 653 runt
1452 626 1494 658 ";
1519 626 1546 653 in
1567 625 1731 654 formatione

946 674 1056 708 quidem
1084 676 1176 699 nostra
1200 679 1232 699 ex
1253 676 1324 699 terra
1351 672 1479 699 convenit
1503 672 1567 698 illud
1587 680 1595 699 :
1617 671 1731 699 Factum

945 723 1002 749 est;
1023 718 1049 744 iu
1067 722 1193 745 creatura
1206 723 1269 744 vero
1283 716 1316 743 ad
1336 717 1481 751 imaginem
1501 715 1547 743 Dei
1564 721 1654 744 creata
1665 725 1733 744 cou-

948 763 1042 791 venit:
1059 762 1185 789 Creatum
1195 768 1246 789 est.
1265 762 1332 795 Quia
1349 770 1414 789 vero
1427 769 1616 798 saepenumero
1631 762 1733 789 dicitur

948 807 975 836 in
995 807 1162 840 renovando,
1178 812 1203 834 et
1216 807 1354 835 reddendo
1370 807 1478 839 melius,
1490 811 1520 834 ut
1531 807 1596 834 illud
1613 806 1664 834 :Si
1679 815 1733 842 qua

910 838 933 868 Β
949 853 976 880 in
1000 852 1103 881 Christo
1131 838 1197 880 nova
1224 859 1351 880 creatura
1363 852 1404 885 ";
1430 838 1553 880 etrtllud
1573 862 1580 880 :
1605 852 1639 880 Ut
1667 838 1733 879 diros

947 904 1046 926 crearet
1059 899 1180 926 inimum
1193 899 1365 926 hominem".
1382 899 1518 927 Fortassis
1529 899 1595 926 illud
1612 908 1618 925 :
1638 898 1671 925 Et
1691 900 1734 933 [a-

946 949 990 972 cta
1019 950 1092 977 sunt,
1115 945 1148 973 de
1168 946 1254 980 prima
1286 945 1427 973 creatione
1455 946 1582 973 essentia:
1611 945 1733 973 hominis

947 991 1064 1023 dicitur;
1087 991 1150 1018 illud
1171 995 1262 1018 autem
1281 1000 1288 1018 :
1314 989 1347 1017 Et
1363 995 1452 1018 creata
1471 996 1542 1024 sunt,
1559 991 1593 1018 de
1611 992 1732 1019 secunda

947 1036 1153 1071 rcgencratione
1177 1037 1203 1063 iu
1229 1035 1358 1067 Clu-isto;
1379 1041 1482 1071 quanto
1507 1042 1597 1065 autem
1623 1041 1734 1071 pra-stat

948 1081 1108 1108 mandatum
1123 1080 1170 1108 Dei
1189 1083 1271 1108 verbo
1284 1082 1415 1116 simplici,
1437 1086 1513 1109 tanto
1529 1086 1639 1117 prtestat
1657 1090 1734 1125 rege-

948 1126 1054 1154 neratio
1071 1127 1250 1162 generationi.
1268 1126 1301 1154 Et
1326 1127 1435 1161 iterum,
1457 1127 1527 1155 idem
1547 1127 1575 1156 in
1599 1128 1680 1163 epist.
1699 1128 1733 1156 ad

947 1170 1109 1206 Gregorium
1133 1171 1243 1199 fratrem
1262 1181 1268 1199 :
1290 1172 1450 1205 Quzcrentes
1470 1176 1573 1205 autem,
1592 1178 1684 1200 utrmn
1700 1180 1733 1200 ex

948 1218 1007 1246 snio
1023 1218 1126 1253 Spiritu
1147 1223 1242 1246 sancto
1256 1219 1365 1254 largitio
1377 1219 1511 1247 honorum
1527 1219 1661 1255 originem
1680 1220 1734 1247 du-

947 1270 1001 1297 cat,
1026 1269 1108 1298 atque
1129 1265 1166 1292 ita
1186 1265 1334 1293 adveniant
1358 1266 1460 1301 dignis,
1488 1273 1585 1294 rursus
1608 1274 1623 1293 a
1639 1271 1734 1293 sancta

948 1310 1088 1344 Scriptura
1116 1311 1279 1339 deducimur
1305 1311 1338 1339 ad
1369 1312 1518 1350 principem
1541 1316 1569 1339 et
1594 1316 1735 1339 auctorem

949 1356 1100 1390 largitionis
1117 1356 1262 1389 bonorum,
1273 1365 1335 1392 qua:
1347 1357 1466 1392 Spiritus
1477 1362 1590 1385 sanctus
1603 1363 1735 1392 operatur

949 1402 1045 1432 nobis:
1072 1402 1165 1429 omnia
1193 1403 1266 1430 enim
1293 1410 1342 1438 per
1366 1403 1456 1438 ipsum
1480 1403 1552 1431 facta
1569 1411 1641 1438 esse,
1658 1409 1684 1432 et
1707 1404 1734 1431 in

950 1447 1009 1480 ipso
1037 1448 1201 1480 consistere,
1230 1455 1245 1475 τι
1275 1452 1371 1475 sartcta
1405 1447 1545 1482 Scriptura
1576 1448 1735 1476 didicimus.

115 1499 217 1521 sancta:
233 1498 260 1520 et
279 1493 427 1528 impolluta:
443 1493 552 1520 virtutis
575 1492 634 1520 sive
654 1493 797 1527 potestatis
812 1493 899 1520 nomi-
913 1491 1039 1534 chuare
1061 1499 1123 1518 cum
1139 1491 1172 1518 ad
1189 1491 1261 1518 illam
1279 1491 1476 1527 cogitationem
1498 1492 1652 1524 cvehimur,
1673 1500 1737 1519 rur-

115 1547 149 1566 ua
163 1548 170 1570 :
192 1544 257 1566 sunt
275 1545 365 1566 autem
379 1539 431 1566 alia
451 1539 558 1566 nomina
574 1547 627 1566 non
641 1544 756 1570 naturae.
769 1541 816 1567 sed
835 1546 900 1574 ope-

115 1585 214 1612 rationi
235 1585 436 1617 convenientia,
460 1589 489 1612 ut
514 1584 595 1612 donis
624 1585 694 1619 ejus.
718 1584 784 1612 Dico
806 1585 898 1620 igitur,

113 1639 176 1658 cum
207 1630 325 1664 Spiritus
348 1637 459 1657 sanctus
488 1629 530 1657 vel
554 1630 632 1662 mihi,
653 1630 695 1657 vel
720 1631 797 1657 alteri
817 1630 900 1657 Chri-

114 1677 206 1703 stiano
223 1675 468 1703 satmtiﬁcationent
487 1675 640 1708 donaverit,
662 1680 689 1702 et
701 1676 801 1703 douutn
823 1683 901 1703 acce-

115 1722 197 1756 peril,
219 1721 256 1748 ita
277 1725 305 1748 ut
323 1729 425 1754 corpus
445 1725 569 1747 sanctum
591 1725 617 1748 et
640 1722 759 1748 animant
779 1727 900 1748 sanctam

115 1770 224 1800 habent,
245 1769 296 1795 hoc
312 1769 411 1794 donum
433 1772 545 1795 vocatur
564 1766 676 1801 spiritus
690 1767 856 1798 sanctitatis,
874 1766 900 1794 id

114 1821 173 1846 est,
195 1814 281 1849 gratia
301 1813 471 1847 sanctitatis;
495 1814 517 1840 si
538 1813 601 1848 quis
619 1813 737 1847 accipiat
754 1821 768 1839 a
790 1813 893 1847 Spiritu

115 1866 211 1887 sancto
238 1859 367 1886 virtutem
398 1865 424 1886 et
449 1859 551 1886 donum
577 1858 704 1885 cre.lendi
726 1857 900 1892 promissioni

116 1906 278 1933 futurorum
299 1905 444 1937 bonorum,
461 1904 567 1939 accepit
592 1904 718 1938 spiritum
737 1903 901 1938 promissio-

116 1960 161 1979 nts
177 1961 185 1983 ;
202 1951 225 1978 si
250 1951 312 1985 quis
339 1951 455 1985 accipiat
480 1950 581 1976 donum
611 1950 762 1983 sapientia).
789 1955 902 1978 vocatur

116 1996 219 2023 dolium
249 1995 299 2022 hoc
329 1995 441 2029 spiritus
474 1994 635 2029 sapientior;
661 1995 684 2021 si
714 1994 775 2028 quis
805 1995 903 2022 haheat

117 2042 257 2069 charisma
278 2041 431 2072 charitatis,
447 2039 547 2066 dicitur
568 2040 669 2067 habere
691 2040 815 2074 spiritutn
839 2041 904 2068 cha—

118 2087 230 2119 ritatis;
248 2086 359 2120 quando
376 2085 474 2120 accipit
496 2086 633 2112 charisma
653 2087 788 2122 martyrii,
802 2087 903 2115 dicitur

117 2134 218 2161 habere
235 2132 362 2167 spiritum
390 2131 571 2164 fortitudinis,
594 2131 651 2159 sive
677 2132 797 2164 virtutis,
816 2133 840 2160 id
860 2139 903 2161 est

115 2179 273 2209 charisma;
286 2181 313 2205 et
328 2178 392 2212 quia
408 2177 454 2212 qui
477 2178 568 2209 donat,
585 2177 704 2212 Spiritus
719 2183 830 2206 sanctus
848 2186 900 2213 est,
918 2170 939 2197 ο

117 2229 232 2250 vocatur
252 2224 333 2250 etiam
359 2223 461 2250 donum
485 2222 650 2258 homouymc
667 2224 760 2251 eodem
782 2225 903 2258 nomine,

117 2270 190 2303 quod
213 2273 325 2295 vocatur
346 2269 392 2303 qui
410 2268 504 2295 donat.
523 2269 617 2295 Adhuc
636 2269 706 2295 idem
729 2270 755 2296 in
772 2269 858 2304 Epist.
871 2271 904 2298 ad

118 2315 252 2350 Ephesios
274 2315 385 2341 lto-uilia
409 2314 453 2343 15.
471 2323 613 2349 exponens
632 2315 719 2342 illud:
735 2316 860 2344 Creatum
879 2318 906 2344 in

117 2362 260 2387 urnctitate
279 2361 321 2387 ":
341 2359 416 2392 Vide,
438 2360 536 2393 inquit,
569 2361 623 2390 hic.
644 2362 780 2395 quomodo
799 2368 906 2389 creatu-

119 2414 177 2433 ram
211 2411 290 2432 t'ocat
328 2406 494 2432 creationem
528 2406 654 2433 essentia:
684 2407 811 2437 virtutis.
843 2417 904 2443 qua:

118 2450 222 2477 creatio
236 2450 345 2477 virtutis
360 2457 420 2476 cu~n
437 2458 490 2476 non
510 2456 594 2482 esset,
607 2450 707 2478 factum
723 2459 762 2479 est
777 2457 805 2479 ut
818 2458 902 2481 esset.

119 2495 154 2522 Et
169 2503 264 2522 rursus
282 2495 352 2521 idem
366 2503 373 2521 :
390 2494 430 2522 οι)
451 2495 522 2522 hanc
538 2503 663 2527 causam.
689 2501 717 2524 ιιι
734 2497 906 2526 demonstre-

120 2546 167 2567 tur
184 2541 258 2575 quod
275 2540 322 2575 qui
340 2539 499 2574 eﬂunditur,
515 2549 568 2568 non
588 2547 630 2569 est
646 2541 765 2577 Spiritus
783 2549 904 2578 sanctus,

158 2633 178 2648 "
197 2631 206 2658 I
221 2632 285 2659 Cor.

327 2640 376 2664 xtl,
422 2634 449 2661 6.
489 2634 593 2663 “ibid.
619 2636 661 2664 Η,

143 2749 197 2783 ⁴(τι)
212 2748 282 2788 ficus
301 2747 477 2782 partit-ipatur
494 2751 521 2776 ln
544 2751 694 2788 substantia
721 2753 831 2788 quidem
853 2762 902 2782 sua

123 2782 270 2812 secundum
289 2789 420 2809 rationem
440 2792 526 2811 cautae
539 2785 698 2815 cﬂicicutis:
717 2782 743 2816 iu
761 2782 840 2819 donis
856 2798 902 2817 ve-

123 2826 154 2846 ro
167 2826 222 2846 suis
238 2818 384 2844 secundum
396 2819 525 2845 rationem
535 2821 658 2849 enectus.

263 2862 398 2892 Ριτιιυι..
422 2864 480 2895 Gn.
502 2866 591 2898 CLII.

714 2637 736 2652 "
756 2638 821 2664 ihitl.
839 2639 883 2665 5|.
913 2640 956 2667 “l
981 2640 1043 2667 Cor.
1075 2647 1139 2669 χιιι,
1157 2639 1182 2665 l.

122 2667 144 2683 ¹’
155 2667 226 2695 Psal.
239 2675 311 2700 xuv,
325 2668 351 2695 5.
390 2669 411 2684 "
425 2669 590 2702 PsaIJuIt,
605 2671 633 2698 9.
670 2672 693 2687 "
708 2671 727 2698 ll
740 2673 803 2699 Cor.
815 2681 841 2706 v,
858 2675 901 2701 Π.
940 2676 960 2691 ¹¹
976 2676 1076 2709 Epltes.
1091 2683 1121 2707 It,
1134 2667 1182 2701 ἰι.

950 1545 997 1564 sus
1013 1537 1162 1572 Scriptum
1185 1543 1285 1566 sanctae
1300 1539 1384 1565 ductu
1406 1539 1515 1571 elevati,
1531 1539 1664 1566 docemur
1678 1546 1738 1566 om-

951 1584 994 1612 nia
1015 1591 1062 1619 per
1081 1584 1152 1611 illaut
1168 1585 1297 1611 virtutem
1310 1584 1368 1611 sive
1385 1588 1547 1619 potestatem
1565 1585 1690 1619 produci,
1707 1588 1738 1612 ut

951 1639 1012 1665 qua:
1040 1639 1094 1658 non
1118 1635 1206 1663 erant,
1226 1630 1297 1664 siut;
1323 1638 1376 1658 nun
1401 1637 1489 1659 autem
1507 1633 1620 1666 produt-i
1639 1639 1671 1659 ex
1691 1632 1737 1659 illa

951 1678 1010 1705 sine
1025 1677 1115 1705 initio.
1137 1677 1287 1712 Gregorius
1303 1676 1458 1712 Tlrcologus
1478 1678 1506 1704 in
1526 1678 1596 1704 libro
1616 1677 1654 1705 De
1677 1677 1739 1712 Spi-

951 1723 1007 1750 ritu
1032 1729 1145 1750 torreto:
1168 1722 1284 1754 Dicitur,
1311 1722 1410 1756 inquit,
1429 1722 1547 1757 Spiritus
1571 1722 1736 1757 adoptionis,

951 1769 1099 1800 libertatis,
1110 1768 1230 1802 Spiritus
1246 1767 1442 1802 intelligentiae,
1455 1768 1606 1801 sapientia},
1618 1768 1737 1801 consilii,

952 1814 1130 1846 fortitudinis,
1144 1813 1320 1848 cognitionis,
1338 1814 1456 1848 pictatis,
1478 1814 1585 1841 timoris
1602 1813 1658 1842 Dei.
1676 1814 1739 1841 H.t-c

952 1859 1024 1887 enim
1043 1864 1141 1887 cuncta
1157 1859 1249 1887 efﬁcit.
1266 1860 1300 1887 Et
1316 1859 1414 1887 iterum
1430 1859 1520 1887 idem:
1538 1860 1656 1895 Spiritus
1674 1861 1737 1895 qui-

952 1905 1013 1933 dem
1033 1912 1114 1936 unus,
1129 1905 1223 1940 gratia:
1237 1913 1302 1932 vero
1316 1913 1370 1932 non
1387 1910 1449 1932 sunt
1463 1905 1593 1940 aequales,
1609 1906 1672 1940 quia
1690 1913 1738 1932 nc-

952 1958 1005 1985 que
1027 1951 1197 1985 receptacula
1217 1950 1359 1986 Spiritus;
1379 1951 1424 1978 alii
1439 1951 1520 1978 datur
1538 1959 1586 1986 per
1606 1951 1737 1986 Spiritum

952 2003 1044 2024 sermo
1069 1996 1220 2031 sapientiai,
1247 1996 1289 2023 vel
1315 1996 1574 2030 contemplationis;
1600 1997 1645 2024 alii
1672 2005 1738 2024 Vero

954 2042 1020 2069 ﬁdes
1037 2041 1126 2073 ﬁrma,
1143 2046 1169 2068 et
1186 2042 1246 2068 sine
1265 2041 1319 2068 ulla
1333 2042 1518 2074 dubitatione;
1537 2042 1581 2069 alii
1598 2043 1738 2077 operatio-

953 2095 1002 2116 ncs
1019 2088 1160 2121 virtutum,
1189 2092 1215 2115 et
1241 2087 1436 2116 miraculorum
1464 2089 1670 2122 suldimiorum;
1691 2088 1738 2116 alii

955 2133 1049 2170 gratiae
1068 2133 1235 2164 sanitatum;
1260 2132 1464 2166 opitulatioues,
1488 2133 1513 2160 id
1533 2138 1575 2160 est
1594 2135 1739 2169 praefectu-

954 2189 1009 2212 ras;
1035 2179 1256 2214 gubernationes,
1284 2178 1311 2206 id
1334 2183 1376 2206 est
1403 2179 1606 2207 moderationes
1627 2181 1738 2215 carnis;

955 2234 1053 2262 genera
1067 2226 1234 2259 linguarum,
1250 2225 1489 2259 interpretationes
1501 2226 1667 2260 linguarum,
1685 2234 1740 2254 ma-

953 2273 1013 2307 j0ra
1029 2271 1212 2307 charismata;
1230 2271 1349 2298 secunda
1366 2271 1516 2299 Secundum
1532 2273 1738 2307 proportionem

957 2306 1028 2344 lidei.
1042 2306 1211 2343 Athanasius
1227 2316 1296 2343 lihro
1309 2317 1430 2344 secundo
1441 2321 1536 2344 contra
1548 2318 1679 2345 Arianos:
1692 2317 1740 2345 Illa

956 2363 1037 2399 igitur
1063 2371 1070 2389 :
1097 2361 1206 2389 Creavit
1236 2362 1284 2395 (b),
1314 2362 1452 2394 formavit,
1488 2362 1642 2395 constituit,
1679 2371 1740 2398 qua:

954 2410 1079 2436 eumdem
1109 2415 1219 2435 sensum
1248 2408 1358 2439 halent,
1383 2408 1605 2436 nun'dt-clarant
1631 2409 1739 2437 initium

955 2454 1085 2482 essentia:
1101 2453 1180 2480 Verbi
1201 2452 1259 2485 Dei,
1275 2461 1363 2488 neque
1377 2453 1557 2481 substantiam
1584 2455 1643 2489 ejus
1662 2463 1738 2482 crea-

955 2506 1010 2528 tam
1031 2507 1102 2532 esse,
1124 2500 1171 2526 sed
1196 2499 1381 2526 rcnovationis
1398 2500 1457 2534 ejus
1478 2504 1505 2527 ct
1528 2501 1622 2534 gratia:
1642 2501 1742 2528 benefi-

955 2547 1029 2575 cium
1057 2547 1083 2573 in
1105 2553 1165 2575 nos.
1184 2545 1215 2572 Et
1234 2545 1336 2572 iturum
1352 2545 1423 2573 idem
1440 2555 1447 2573 :
1465 2545 1543 2574 Sicut
1563 2554 1623 2579 nos,
1643 2546 1742 2581 inquit,

1221 2639 1255 2666 ¹⁶Ι
1266 2639 1331 2667 Cor.
1348 2646 1397 2672 xu,
1420 2639 1446 2666 ί.
1483 2639 1503 2655 ¹⁷
1523 2640 1620 2675 Epltcs.
1649 2641 1742 2674 ψει.

996 2754 1035 2789 (ιν)
1051 2754 1090 2781 Ad
1110 2753 1360 2790 interpretationem
1375 2752 1447 2781 illitts
1462 2754 1515 2782 loci
1527 2755 1606 2782 Prov.
1620 2763 1681 2790 cap.
1695 2763 1743 2783 vm

956 2789 990 2816 de
1001 2789 1133 2829 sapientia
1153 2790 1230 2816 Vettii
1244 2789 1304 2828 .Dci
1324 2788 1464 2815 incuruata
1481 2791 1628 2824 pertinent,
1653 2788 1743 2818 Domi-

958 2833 1006 2851 nus
1019 2829 1115 2852 creant!
1134 2832 1174 2851 me
1191 2832 1293 2850 mutum
1307 2832 1407 2850 currum
1423 2832 1543 2850 marum.

1527 2870 1564 2901 28
