1954 3071
200 150 253 181 8'9

778 145 952 179 ἸΟᾹΝΝΊΞ
970 146 1253 178 ΕΥΡᾹΠΙΞΞΙΟΤῌΕ

1781 147 1843 180 880

203 207 360 240 I‘Ixcipiatur
374 209 467 233 autem
486 205 559 237 hinc,
576 204 647 239 quod
678 205 705 231 itt
731 203 799 231 Filio
828 211 854 231 et
882 204 983 238 Spiritu
1000 205 1020 232 Α
1036 205 1169 238 copulate,
1192 212 1223 231 ac
1252 204 1435 239 sntgnlaritvr.
1452 207 1482 231 Et
1496 212 1591 232 rursus
1610 204 1680 231 idem
1695 213 1701 231 :
1719 205 1751 232 Et
1767 212 1842 234 ante

201 259 295 280 sancto
311 260 420 280 causam
451 252 533 279 habet
552 261 558 278 :
578 252 629 278 hoc
656 250 727 276 cnint
755 250 869 276 uttivocc
887 249 986 276 dicilttr

203 300 236 325 de
253 299 286 324 iis
305 306 363 331 qn.c
380 301 443 324 sunt
460 305 560 328 causa;
582 304 643 331 qum
659 303 724 321 vero
751 303 860 322 causam
885 294 987 321 habent

201 344 351 371 secundum
369 344 545 373 voluntatem,
563 343 726 376 ltotnonyme
744 341 883 371 dicuntur,
896 344 987 374 utpote

201 397 283 424 opera
303 389 347 415 Dei
364 389 454 416 omnia
484 388 510 414 in
537 387 666 414 omnibus
685 385 834 420 operantis.
855 385 987 411 Praeterea

202 435 267 462 illud
288 442 399 462 causam
417 433 519 460 habens
546 432 667 458 omnium
690 438 773 458 causa
788 435 846 463 est,
865 431 920 456 haec
937 437 988 455 att-

203 487 254 508 tetn
271 481 304 507 ab
316 480 374 514 ipso
386 485 496 506 causam
516 476 641 503 habentia
654 475 830 507 singulariter
844 481 871 501 et
884 475 988 502 so‘utn—

201 528 283 555 modo
292 534 324 553 ex
343 527 412 560 ipso,
428 528 454 551 et
470 531 523 550 non
536 531 567 549 ex
583 522 635 549 alia
650 529 733 549 causa
745 525 809 548 sunt
820 522 857 556 (α)
876 542 879 546 .
899 521 988 550 solum

200 574 272 600 enim
299 572 372 606 qttod
399 576 440 598 est
457 577 538 604 snpra
562 568 754 601 substantiam,
778 567 940 602 principium
963 571 990 594 et

201 619 354 646 substantia
373 621 400 644 et
415 624 497 644 causa
519 618 609 643 est-ut
630 614 686 642 sint
704 613 807 640 omnia.
825 613 865 639 Ad
882 613 949 643 haec,
962 612 989 638 itt

201 664 337 691 Trinitate
372 669 538 697 mpraquatn
564 660 655 687 divina
691 666 792 690 causa,
819 664 847 686 et
879 666 990 686 causam

201 711 305 738 habens
317 730 324 742 ,
339 707 542 736 distinctionem
566 714 580 732 a
599 705 726 732 mistione
743 705 861 731 maxime
876 704 990 731 liberam

202 756 325 785 exhibet,
339 759 366 781 ct
381 753 408 780 in
426 752 521 780 eodem
543 751 672 778 unionem
691 757 856 784 supraquatn
875 749 989 781 ttnitam,

199 802 267 836 quia
293 789 319 826 in
342 807 373 826 ea
399 797 654 831 cxltibeturv‘prima
681 795 831 826 distinctio,
852 799 879 822 et
905 794 991 828 prima

203 846 289 878 unio;
306 845 394 880 primo
409 846 558 874 autem,‘ut
573 846 614 869 est
626 841 744 873 axiotm,
758 847 810 866 non
828 844 870 866 est
887 839 989 872 aliquid

1039 251 1106 276 alias
1133 251 1191 284 ejus
1217 252 1438 284 patlicipationcs
1453 259 1513 278 esse
1538 252 1702 285 productum
1717 256 1786 279 est:
1810 257 1843 280 υι

1038 300 1079 321 est
1098 295 1186 329 ipsnnt
1218 303 1264 328 per
1285 303 1314 323 sc
1336 303 1397 323 esse
1412 297 1552 331 antiquius
1565 305 1645 331 quam
1660 305 1721 324 esse
1738 305 1791 331 per
1808 305 1842 324 se

1038 341 1133 373 vitam,
1157 349 1202 375 per
1234 349 1264 368 se
1292 343 1464 376 sapientiam.
1488 351 1535 377 per
1561 351 1591 370 se
1623 344 1841 372 similitudinem

1038 385 1177 419 divinam;
1199 391 1225 413 ct
1241 387 1293 413 :tiia
1315 395 1429 421 quorum
1447 396 1507 422 quat
1525 389 1624 415 habent
1641 390 1842 424 participatio-

1039 436 1113 460 nem,
1131 434 1194 456 ante
1211 431 1303 458 omnia
1326 432 1369 458 illa
1394 433 1556 466 participant
1571 435 1722 468 esse:quin
1741 435 1842 469 potius

1040 475 1096 508 ipsa
1127 483 1175 509 per
1201 484 1230 503 se
1257 477 1363 509 omnia,
1389 486 1449 512 quae
1482 478 1515 505 ab
1538 479 1599 506 aliis
1624 481 1840 515 participantur,

1040 519 1127 553 ipsum
1154 527 1202 554 per
1228 528 1257 548 se
1283 529 1345 548 esse
1375 523 1554 556 participant;
1585 525 1716 559 principia
1750 525 1843 560 igitur

1040 565 1130 591 omnia
1146 573 1240 592 eorum
1263 574 1322 601 qua:
1337 571 1412 598 sunt,
1430 569 1616 602 participando
1632 578 1691 597 esse
1707 576 1734 597 et
1752 577 1836 603 sunt,

1040 615 1065 637 et
1082 611 1213 646 principia
1234 617 1299 638 sunt
1311 617 1338 639 et
1354 613 1472 647 primum
1490 620 1566 647 sunt,
1582 615 1677 643 deinde
1699 617 1840 652 principia

1041 662 1121 689 sunt;
1138 662 1163 683 et
1177 657 1198 684 si
1218 658 1257 684 vis
1277 658 1368 684 dicere
1382 666 1443 686 (sse
1458 667 1505 693 per
1522 667 1551 687 se
1566 662 1647 687 vitam
1665 663 1838 696 principium

1043 703 1189 729 rivcntium
1213 707 1343 737 tanquam
1360 704 1526 736 viventium;
1543 710 1570 732 ct
1590 714 1637 740 per
1654 715 1683 733 se
1699 707 1840 735 similitu-

1041 748 1131 774 dinem
1160 748 1323 783 principium
1348 749 1477 776 similium
1494 755 1622 785 tanquam
1641 752 1790 785 similium;
1810 757 1842 781 et

1042 801 1090 828 pct-
1107 801 1136 820 se
1154 794 1283 821 ttnionettt
1300 794 1465 830 principium
1485 797 1674 830 copulatorum
1691 802 1835 834 tatnqnam

1042 840 1249 874 copulatorum;
1266 845 1293 868 et.
1316 849 1362 874 per
1377 848 1407 868 se
1430 842 1553 869 ordinem
1571 843 1756 871 ordinatorntn
1775 850 1840 872 tan-

203 872 383 922 contrarium,
409 888 454 916 sed
484 895 545 914 tera
575 887 734 918 distinctio,
759 890 786 912 et
810 892 873 911 vera
910 884 992 918 unio;
1009 872 1126 919 Bquam
1152 885 1356 919 ordinatorutr;
1379 891 1406 914 et
1434 895 1602 923 qnmcunque
1622 890 1673 916 alia
1693 890 1756 923 ltoc,
1785 897 1835 918 aut

204 945 294 972 neque
322 935 463 963 distinctio
485 933 583 960 mutari
608 940 727 965 unquam
751 936 839 965 potest
863 933 892 958 in
915 931 995 957 unio-

205 991 266 1010 nem
274 1003 285 1015 .,
305 988 393 1016 neque
410 987 507 1007 rursus
522 979 588 1005 unio
604 978 630 1004 itt
648 977 866 1009 distinctionem,
879 983 995 1003 servan—

203 1034 249 1055 tur
266 1032 358 1055 autem
377 1027 433 1053 lucc
451 1032 504 1052 non
530 1023 643 1051 confusa
659 1026 770 1058 propter
785 1022 949 1056 utrumque;
969 1021 995 1048 id

204 1078 256 1106 est,
274 1073 413 1100 distlnctio
443 1076 552 1106 propter
580 1069 763 1100 unionetn,et
790 1068 854 1094 unio
884 1072 996 1102 propter

206 1117 509 1149 distinctionem,»trinc
529 1115 609 1142 simul
624 1119 651 1142 et
679 1114 759 1141 unice
786 1113 926 1140 enuntiata
943 1121 951 1146 ;
969 1117 997 1139 at

205 1166 232 1191 itt
249 1168 385 1196 creatura,
402 1162 482 1197 cujus
506 1169 588 1198 causa
601 1165 647 1198 est.
664 1164 757 1188 sancta
778 1158 914 1191 Trinitas,
932 1158 997 1185 unio

200 1211 312 1246 quidem
335 1214 377 1237 est
396 1209 547 1236 secundum
572 1214 683 1234 causam
709 1210 813 1233 tantum
826 1227 832 1237 ,
852 1205 998 1232 distinctio

204 1265 269 1285 rero
280 1257 476 1283 creaturarum
487 1253 630 1281 immensis
649 1251 783 1280 tncttsnris
803 1251 871 1278 inl‘ra
886 1257 996 1277 causam

206 1301 335 1336 rrlinqu‘t
362 1308 393 1328 ea
419 1308 479 1334 qua:
506 1299 577 1325 facta
606 1302 727 1328 sunt.et
758 1297 825 1323 unio
849 1295 996 1327 antes-edit,

206 1347 394 1380 valentiorque
432 1349 473 1371 est
501 1342 657 1376 huiusmodi
694 1341 942 1371 distinctionibus.
971 1346 999 1369 ιιι

205 1401 261 1420 una
287 1397 315 1419 et
337 1391 432 1418 cadent
463 1389 572 1424 quidem
601 1389 637 1416 sit
669 1388 861 1415 universorum
894 1393 996 1417 cau~a,

199 1442 331 1474 'crcalura
359 1444 422 1463 vero
449 1442 593 1462 numerosa
608 1454 616 1466 ,
633 1441 647 1460 a
673 1433 769 1468 primis
794 1437 821 1459 et
844 1432 998 1467 generaliu-

209 1472 282 1510 t-iluis
309 1484 340 1509 ad
365 1481 486 1510 secunda
513 1486 538 1507 et
568 1479 647 1507 tertia
663 1484 690 1506 et
706 1478 868 1513 multiplicia
884 1485 998 1512 progre—

1047 933 1122 964 illtnl,
1137 936 1186 959 aut
1215 937 1372 967 utrumque,
1387 938 1435 961 aut
1458 935 1542 961 multa
1559 935 1748 970 participantia
1772 937 1838 969 hoc,

1046 983 1092 1005 aut
1120 978 1254 1010 illud,aut
1278 983 1493 1014 otrumque,aut
1520 980 1603 1007 multa
1632 986 1715 1014 sunt;
1739 989 1839 1010 eorum

1046 1031 1093 1056 per
1110 1031 1139 1050 se
1155 1024 1378 1058 participationes
1395 1025 1514 1059 reperies
1533 1026 1650 1059 primum
1669 1027 1840 1061 participare

1047 1068 1135 1102 ipsntn
1159 1075 1207 1102 per
1230 1075 1260 1095 se
1281 1075 1360 1100 esse;
1375 1069 1540 1103 et'printutn
1559 1071 1667 1105 quidem
1690 1079 1738 1099 eas
1755 1080 1837 1105 esse,-

1046 1112 1144 1139 deinde
1166 1113 1256 1147 hujus,
1273 1117 1320 1140 aut
1338 1113 1412 1141 illius
1427 1115 1561 1150 principia
1578 1124 1657 1149 esse;
1672 1123 1699 1145 et
1724 1119 1840 1152 partici-

1048 1159 1137 1193 pando
1154 1159 1243 1194 ipsum
1257 1167 1318 1187 esse
1330 1161 1472 1195 exsistere,
1489 1167 1517 1188 et
1536 1163 1706 1197 participari.
1721 1164 1800 1197 Quod
1814 1165 1839 1192 si

1048 1205 1116 1238 haec,
1137 1205 1240 1232 scilicet
1256 1213 1304 1240 per
1319 1213 1347 1234 se
1363 1207 1596 1242 participationcs,
1613 1209 1748 1244 principia
1765 1210 1838 1237 alio-

1048 1259 1107 1278 rum
1122 1256 1186 1279 sunt
1200 1252 1387 1287 participando
1400 1254 1486 1288 ipsum
1504 1262 1565 1282 esse
1579 1254 1628 1290 (ὁ),
1645 1256 1730 1283 multo
1746 1258 1838 1292 magis

1047 1305 1108 1332 quae
1126 1297 1171 1324 illa
1196 1297 1412 1334 ipsa_principia
1430 1301 1606 1335 participant,
1620 1306 1648 1328 ut
1668 1302 1724 1336 jam
1744 1311 1776 1330 ex
1795 1305 1838 1332 liis

1049 1343 1222 1370 manifestum
1239 1345 1347 1377 evadat,
1370 1349 1397 1372 et
1416 1353 1448 1372 ex
1467 1346 1500 1373 iis
1513 1355 1573 1381 qua:
1599 1348 1678 1374 latins
1697 1348 1724 1375 in
1741 1350 1838 1383 quinta

1049 1389 1149 1416 decade
1159 1391 1296 1423 prosecuti
1308 1398 1413 1424 sntnus,
1429 1392 1500 1426 quod
1519 1393 1741 1428 participationes
1760 1400 1837 1428 sunt,

1049 1441 1116 1467 qttas
1144 1441 1175 1460 t-a
1204 1441 1265 1467 quae
1291 1439 1355 1461 sunt
1370 1435 1415 1469 (ε),
1448 1436 1631 1470 participant,
1665 1445 1838 1473 quaecunque

1050 1483 1115 1506 sunt
1140 1479 1254 1513 species,
1272 1485 1300 1507 et
1323 1480 1418 1507 harum
1445 1482 1685 1516 participationcs;
1701 1484 1836 1518 siquidem

206 1529 296 1556 dicos.
314 1528 382 1554 lliuc
402 1527 526 1561 aperitur
549 1524 682 1559 theologis
701 1524 815 1559 quaestio
833 1523 867 1550 de
886 1524 996 1558 partici-
1010 1538 1031 1567 ε
1049 1528 1076 1551 et
1091 1525 1117 1550 itt
1141 1533 1194 1552 una
1221 1526 1312 1560 specie
1337 1532 1401 1554 sunt
1423 1527 1515 1554 multa:
1543 1528 1764 1562 participationes
1781 1537 1836 1556 non

208 1573 327 1607 patione,
340 1579 400 1606 quzc
420 1575 461 1597 est
479 1579 533 1597 una
559 1569 669 1604 quidem
687 1569 836 1596 secundum
863 1575 992 1601 causam,

208 1620 293 1645 altera
312 1625 375 1644 vero
391 1616 541 1644 secundum
559 1615 813 1650 participationem;
829 1614 880 1641 alia
897 1622 994 1642 secun-

208 1665 273 1691 dum
293 1663 499 1694 exsistentiatn,
522 1661 730 1696 participatione
751 1665 777 1688 et
792 1661 948 1688 exsistentia
967 1661 993 1688 in

208 1714 333 1736 creatura
357 1707 585 1738 consistentibus,
602 1706 628 1733 id
645 1712 696 1738 est,
710 1706 741 1733 in
764 1713 795 1733 ea
811 1713 871 1741 quae
882 1707 994 1742 partici-

208 1759 318 1790 patitur.
329 1759 354 1780 et
373 1754 399 1780 in
420 1752 609 1788 participantia
628 1751 746 1787 partitis.

501 1819 616 1847 CAPUT
638 1819 691 1848 VH.

209 1878 286 1912 Quod
311 1877 399 1904 omnia
419 1875 616 1911 participantia,
634 1881 658 1901 et
672 1883 731 1909 qua:
756 1878 960 1912 participantur,
978 1886 994 1905 ιι

243 1913 301 1940 sola
326 1917 433 1942 natura,
449 1919 506 1944 qum
525 1911 792 1946 secum/unicausum
808 1913 992 1946 participalur,

244 1949 373 1982 producta
399 1946 453 1972 alia
470 1946 572 1982 quidem
588 1945 744 1982 simpliciter
759 1949 792 1973 ab
808 1945 870 1980 ipsa
885 1948 918 1973 nd
933 1955 994 1980 part

245 1981 422 2016 ticipulionent
445 1981 515 2007 edim
541 1985 613 2011 sunt,
629 1981 683 2006 alia
699 1987 758 2007 vero
775 1987 836 2008 sunt
851 1983 993 2009 secundum

245 2017 427 2044 insistentium
442 2016 671 2050 partiripmttitmt.
978 2016 983 2021 “

244 2073 356 2109 Magnus
372 2072 515 2107 Dionysius
531 2072 619 2106 capite
632 2072 725 2107 quinto
737 2071 775 2099 De
794 2072 889 2100 divinis
905 2073 993 2100 nomi-

210 2121 285 2147 nibus
301 2128 310 2146 :
329 2119 448 2146 Primum
461 2139 469 2150 ,
490 2118 590 2152 inquit,
608 2119 708 2145 donum
736 2125 783 2153 per
805 2125 834 2145 se
852 2126 921 2150 esse.
937 2119 994 2154 ipsa

210 2175 258 2201 per
288 2173 317 2192 se
346 2164 451 2192 bonitas
473 2164 637 2199 producens,
653 2163 687 2191 ab
716 2164 884 2198 antiquiore,
907 2164 993 2199 prima

1046 1571 1134 1598 solum
1154 1571 1182 1598 in
1206 1572 1356 1604 coloribus,
1374 1573 1420 1600 sed
1442 1573 1469 1600 in
1486 1573 1685 1606 voluntatibus,
1698 1580 1724 1601 et
1747 1575 1836 1602 fortu-

1046 1617 1108 1650 nis;
1138 1622 1167 1644 ut
1191 1626 1253 1646 cum
1282 1619 1400 1646 dicimus
1425 1628 1433 1646 :
1464 1619 1639 1654 I'articipn‘it
1668 1621 1836 1649 roYuntatem

1045 1664 1232 1697 moderatam,
1257 1671 1304 1692 aut
1329 1670 1449 1698 rectam,
1466 1672 1513 1693 aut
1533 1666 1637 1694 facetiis
1661 1668 1835 1702 gaudentem,

1045 1715 1092 1737 aut
1108 1710 1188 1737 aliter
1206 1710 1347 1742 effectam;
1368 1715 1415 1737 aut
1434 1719 1494 1738 csse
1523 1712 1703 1746 fortunatum,
1723 1719 1770 1741 aut
1798 1715 1837 1741 in-

1045 1755 1224 1783 fortunatntn.
1243 1755 1277 1783 Ut
1297 1757 1379 1791 igitur
1406 1758 1573 1792 prosperitas
1588 1778 1594 1790 ,
1611 1759 1667 1786 sive
1685 1759 1753 1786 bona
1781 1760 1838 1787 for-

1042 1805 1110 1827 tuna
1132 1800 1307 1834 participatio
1323 1805 1363 1827 est
1390 1801 1604 1835 fortunatorum,
1624 1807 1760 1836 quatenus
1783 1803 1838 1830 for-

1047 1846 1135 1873 tunati
1164 1851 1238 1876 sunt,
1260 1853 1312 1872 non
1339 1852 1428 1873 autem
1450 1852 1584 1881 quatenus
1613 1848 1737 1882 homines
1754 1854 1836 1881 sunt;

1045 1889 1085 1917 sic
1113 1895 1140 1916 et
1169 1889 1229 1916 alia:
1258 1890 1479 1924 participationes
1505 1892 1583 1918 edita:
1612 1897 1691 1922 sunt.
1720 1897 1749 1919 ut
1777 1901 1839 1927 par-

1045 1934 1210 1970 ticipentur,
1235 1942 1307 1969 non_
1326 1936 1390 1969 quia
1419 1941 1500 1967 sunt,
1525 1937 1572 1963 Sed
1598 1938 1660 1971 quia
1681 1938 1746 1964 tales
1763 1943 1836 1966 sunt-

1044 1981 1160 2014 Quando
1193 1985 1284 2007 autem
1319 1985 1410 2008 nactae
1441 1986 1507 2008 sunt
1546 1982 1667 2016 subjecta
1707 1984 1836 2018 recipien-

1045 2027 1091 2058 tia,
1112 2031 1178 2054 tunc
1202 2026 1330 2054 dicuntur
1359 2026 1461 2054 eﬂ‘ecue
1479 2028 1629 2055 secundum
1649 2029 1837 2058 cxsistentiam

1042 2079 1138 2099 eoruut
1166 2072 1363 2106 subiectorum,
1390 2081 1450 2106 quae
1473 2079 1558 2100 nat-tte
1587 2079 1697 2106 sunt,et
1715 2079 1755 2103 est
1777 2076 1837 2110 qui-

1045 2117 1105 2143 dem
1135 2116 1208 2144 aliud
1234 2117 1416 2152 participatio.
1432 2123 1458 2145 et
1492 2118 1564 2145 aliud
1587 2120 1658 2152 quod
1687 2123 1835 2149 secundum

1046 2162 1236 2189 exsistcntiam
1255 2163 1490 2197 participationem
1506 2165 1617 2199 recipit;
1639 2166 1713 2192 verbi
1731 2168 1832 2201 gratia:

209 2212 279 2239 inter
310 2215 423 2237 ceteras
451 2209 656 2243 participatione
687 2209 823 2242 laudatur,
847 2214 875 2236 et
896 2214 938 2237 est
962 2218 994 2236 ex
1012 2203 1034 2231 Ι)
1049 2207 1111 2234 Vita
1131 2209 1301 2243 participatio
1313 2211 1435 2243 quaedam
1457 2213 1497 2236 cst
1512 2210 1681 2244 simpliciter,
1696 2219 1755 2245 quae
1773 2216 1835 2240 tunc

210 2257 318 2290 ipsa,et
345 2255 370 2280 itt
395 2254 451 2288 ipsa
481 2254 569 2287 ipsutn
597 2260 644 2286 per
668 2260 698 2280 se
730 2261 800 2290 esse.
818 2258 844 2280 et
862 2254 994 2288 principia

170 2292 182 2303 μ
211 2309 304 2328 eorum
328 2307 388 2334 qua;
414 2303 491 2330 sunt;
511 2303 537 2325 et
554 2298 645 2324 omnia
673 2306 732 2332 qua:
756 2304 820 2326 sunt
837 2300 995 2335 (l).etqttte

213 2353 376 2381 quocunque
406 2347 486 2372 ntodo
510 2348 583 2375 sunt.
602 2345 683 2378 tdque
710 2345 945 2380 incontprehense,
973 2350 1000 2373 ct

1050 2253 1080 2280 lit
1105 2253 1255 2280 aerundnm
1271 2254 1456 2280 etsistentiam
1484 2255 1654 2289 parti-'ipatio
1684 2257 1833 2291 cujusdam,

1046 2306 1111 2325 cunt
1135 2303 1179 2325 est
1209 2306 1271 2333 pars
1294 2299 1455 2326 substantiae
1470 2299 1508 2335 (ἱ)
1522 2301 1590 2334 ejus.
1608 2305 1656 2327 attt
1672 2307 1713 2329 est
1736 2303 1834 2337 ipsum.

1053 2348 1101 2371 aut
1121 2344 1270 2372 aerundum
1283 2345 1420 2372 accidens.
1436 2345 1580 2382 Dionysius
1598 2347 1681 2381 igitur
1695 2355 1836 2382 aggressus

941 2400 1074 2432 Scholia.

246 2466 284 2500 (I)
313 2463 408 2491 Omnia
432 2471 490 2498 qua:
519 2467 632 2500 suimet
647 2470 706 2496 qnze
729 2471 892 2500 quocunque
915 2465 996 2491 modo

212 2498 286 2531 sunt.
303 2504 328 2526 ut
350 2507 410 2533 qua:
433 2503 497 2525 sunt
521 2500 545 2524 itt
569 2498 622 2524 alio
636 2499 706 2525 sicut
719 2499 878 2530 accidentia,
895 2503 921 2525 et
937 2507 997 2533 qua:

211 2540 277 2563 situt
296 2535 321 2561 in
338 2534 470 2568 potentia,
491 2538 518 2560 et
543 2541 603 2567 qth
618 2539 682 2560 sunt
697 2533 875 2566 privationes,
894 2538 920 2560 et
937 2542 997 2567 quae

213 2579 265 2597 non
280 2570 473 2595 ltahcnttotuut
489 2577 548 2595 esse
561 2568 652 2598 simul,
665 2573 694 2594 ut
708 2572 807 2600 motus,
826 2569 927 2596 suntin
942 2569 996 2595 Deo

212 2606 448 2638 iucomprehense,
467 2604 491 2628 itt
511 2612 539 2630 se
554 2607 642 2629 antem
659 2603 749 2634 linito;
768 2604 794 2629 in
811 2611 841 2630 se
857 2604 950 2636 mttlta,
968 2603 995 2630 in

212 2641 266 2667 Deo
301 2639 450 2673 copulata;
477 2644 540 2664 suttt
582 2639 616 2664 ita
629 2646 673 2672 lue
701 2639 943 2672 incomprehense,
972 2643 998 2665 et

245 2709 282 2743 ta)
296 2708 432 2743 Iodirinis
455 2707 534 2734 Pater
557 2708 702 2735 secundum
727 2713 849 2735 naturam
869 2712 911 2735 est
932 2715 996 2734 catt-

210 2752 238 2772 sa
263 2743 335 2774 Filii,
350 2747 376 2769 et
396 2742 475 2769 Pater
492 2751 522 2769 ac
542 2743 624 2770 Filius
649 2751 730 2770 causa
755 2743 872 2778 Spiritus
900 2744 997 2774 sancti,

209 2785 235 2805 ιιι
249 2780 274 2805 in
293 2779 332 2804 his
347 2785 427 2804 causa
439 2783 465 2804 et
481 2778 525 2811 qui
542 2785 652 2804 causam
667 2779 768 2804 habent
783 2781 901 2812 aequales
917 2784 1000 2810 Sunt;

210 2816 261 2840 hoc
279 2819 319 2840 ρει
335 2813 407 2840 enim
421 2813 470 2840 diei
485 2814 596 2839 ttnivovc
612 2820 720 2840 causam
730 2813 762 2840 de
775 2821 882 2841 causam
896 2813 997 2840 haben—

190 2870 194 2874 .
211 2853 284 2875 tiliu;
306 2850 330 2874 id
343 2853 382 2875 est
394 2848 426 2874 dc
438 2847 564 2874 causalis.

1049 2463 1206 2500 conjuncte,
1221 2471 1264 2500 iac
1284 2464 1364 2500 unite
1380 2471 1423 2491 res
1451 2471 1557 2495 omnes.
1575 2472 1746 2500 quaecunque
1774 2472 1835 2494 sunt

1049 2499 1075 2525 in
1095 2499 1164 2535 Deo',
1180 2499 1242 2535 quia
1270 2503 1333 2525 sunt
1348 2499 1415 2535 ipsa
1435 2500 1524 2525 divina
1540 2501 1657 2526 essentia
1684 2499 1792 2535 incon-p
1807 2510 1835 2527 c-

1051 2533 1193 2560 hcnsibtlis
1222 2533 1310 2564 Pater,
1346 2533 1441 2564 Filius.
1469 2539 1496 2560 ct
1527 2536 1644 2567 epirttus
1670 2533 1783 2562 sant-tus
1807 2538 1842 2564 in.

1050 2576 1132 2594 nttutu
1160 2568 1470 2603 ineotnprehensibtlttcr
1488 2568 1566 2594 ttniti.
1583 2569 1621 2602 ('2)
1638 2569 1702 2596 Cum
1723 2577 1759 2596 est
1775 2578 1834 2603 pars

1050 2602 1206 2629 substanticv
1221 2602 1287 2636 ejus.
1301 2601 1334 2628 Ut
1349 2611 1409 2639 cum
1424 2604 1602 2637 participatur
1616 2605 1650 2631 ab
1667 2601 1833 2639 animmqth

1050 2643 1091 2664 est
1110 2645 1174 2672 pars
1188 2638 1348 2664 substantim
1365 2638 1495 2670 hominis,
1512 2646 1575 2672 qu.a
1593 2648 1646 2666 non
1667 2641 1747 2666 habet
1762 2638 1790 2667 in
1806 2647 1833 2667 te

1087 2709 1124 2742 (ιι)
1136 2708 1200 2742 Leg.
1216 2716 1240 2736 c.
1252 2709 1346 2736 dccad.
1739 2720 1742 2723 '

1089 2744 1122 2778 (ε)
1141 2743 1258 2770 Primum
1278 2744 1377 2771 donum
1391 2743 1437 2770 Dei
1449 2748 1488 2771 est
1505 2751 1580 2776 esse;
1597 2748 1688 2778 postca
1700 2751 1761 2771 essr
1775 2751 1833 2777 spe-

1054 2781 1122 2805 ciem
1140 2779 1256 2811 aliquatn
1271 2787 1330 2812 qua:
1360 2781 1432 2813 prius
1464 2781 1609 2813 participat
1632 2787 1714 2811 esse;
1745 2785 1832 2813 postea

1055 2822 1114 2840 esse
1129 2814 1294 2841 individuum
1309 2814 1410 2848 speciei
1423 2814 1601 2849 panticipatzc.
