1954 3071
98 155 108 161 ‘
113 148 176 179 κῖΠ

410 146 539 178 'DECAS
559 148 639 179 Vill.
656 160 688 166 -
709 149 756 177 DE
780 149 908 179 [NTF'IVI'

961 149 1001 179 ΓΕ
1024 150 1089 180 DEI
1113 150 1153 179 ΙΝ
1183 150 1416 180 CREATUMS.

1693 152 1745 183 83

98 207 224 233 eniniuo
239 205 318 232 simul
334 212 395 232 cum
419 214 451 232 eo
466 213 497 232 ex
514 206 664 232 aeternitate
681 206 814 239 cogitatur
830 206 894 232 snb—
912 207 933 235 Λ
950 207 1130 232 uiuit-.rreavit
1147 208 1261 240 quierat
1287 215 1393 241 semper
1410 207 1509 238 bon-is,
1527 209 1553 232 et
1584 214 1637 233 non
1652 202 1747 239 prius?

99 251 215 279 stantia
242 250 389 281 diversum,
408 258 461 276 non
484 258 582 282 thnin,
601 258 652 276 non
682 256 798 284 tempus,
818 258 904 284 neque

100 297 262 330 quidquam
279 305 371 323 eorum
386 297 480 330 quazin
496 297 537 323 his
551 297 662 329 vivunt;
680 304 730 322 nou
745 297 816 323 enim
833 297 905 323 inter

104 351 278 377 se‘unquam
294 343 456 368 conveniunt
472 343 581 376 proprie
596 350 666 374 esse,
682 347 708 369 et
725 350 777 368 non
792 343 900 376 proprie

107 397 190 416 esse.
224 389 256 414 lit
270 395 365 415 rursus
391 388 536 420 iilem’cap.
558 388 591 414 l0
602 388 723 419 ejusdem
751 388 902 414 cent-irini:

105 435 281 468 Principium
300 441 392 460 eorum
409 441 468 468 qua:
496 439 570 465 sunt,
592 437 619 459 et
637 433 766 465 medium,
785 439 810 460 et
841 435 902 461 linis

103 487 150 508 est
174 480 244 507 Dens
272 484 398 513 tauquam
422 486 516 513 agens,
537 485 630 505 etnon
650 480 771 512 patiens;
791 480 859 507 sicut
878 484 905 506 et

105 528 164 554 ali-1
181 527 284 557 omnia,
308 526 408 560 quibus
419 526 490 559 apud
510 533 559 552 nos
576 526 753 558 nominatur;
772 530 814 553 est
828 526 901 553 enini

108 573 288 607 principium,
305 577 433 606 tanquam
449 576 574 604 creator;
590 577 615 598 et
636 572 764 604 medium,
778 577 904 605 tanquam

108 619 283 652 providens;
308 623 333 644 et
346 618 417 648 linis,
447 622 575 650 tanquam
604 617 822 652 cirrutuseriptio
839 626 845 644 :
865 619 906 644 E1:

106 665 171 699 iit-0
183 665 266 696 I'lillll,
281 663 380 697 inquit,
394 668 417 689 et
429 671 475 697 per
486 663 573 696 ipsum
587 667 613 689 et
625 663 651 689 in
666 663 754 696 ipsum
770 663 857 689 omnia
870 662 903 690 ”.

109 711 145 737 Et
162 718 258 737 rursus
272 710 340 736 idem
353 717 415 743 cap.
431 708 464 736 68
479 708 599 743 ejusdem
627 709 756 735 centuriae
772 716 779 735 :
806 708 904 735 Eorum

108 764 175 790 qum
186 760 250 782 sunt
264 756 296 782 ad
308 755 424 788 aliquid,
434 759 495 781 sunt
506 754 616 786 saecula,
626 759 650 779 et
659 761 790 788 tempore,
800 759 825 780 et
837 754 905 785 loco,

109 802 178 828 sitne
192 801 290 835 quibus
319 799 384 826 nilril
401 806 441 826 est
463 807 556 826 eorum
589 807 648 833 quat
676 799 756 826 simul
776 807 836 825 cum
865 800 907 827 his

109 847 454 880 cogitantur.Deusauteui
466 852 518 871 non
533 850 574 871 est
588 852 618 871 ex
632 845 664 870 iis
674 852 732 878 qua:
743 844 844 872 suntad
856 845 907 871 ali-

110 873 180 926 quid
194 901 201 924 ;
218 899 269 918 non
281 891 351 918 enim
365 891 448 918 habet
466 890 645 925 quidquamin
660 873 825 923 universum,
833 891 904 924 quod
925 873 944 899 Β

112 939 198 967 simul
211 946 270 965 cum
285 945 317 965 eo
332 938 475 971 cogitetur.
490 936 517 963 Si
536 935 618 970 igitur
634 936 703 963 Deus
720 942 760 963 est
771 936 908 964 hereditas

108 993 212 1012 eorum
229 984 273 1017 qui
287 983 359 1018 digni
374 987 449 1014 sunt,
461 985 507 1017 qui
524 983 573 1008 hac
583 981 669 1014 gratia
681 982 777 1015 dignus
790 982 906 1009 habetur

113 1030 171 1057 erit
186 1037 268 1059 supra
288 1028 382 1055 omnia
414 1028 525 1059 sarcula,
543 1031 569 1054 et
581 1031 712 1061 tempora,
727 1034 758 1053 ac
778 1027 848 1060 loco,
861 1035 908 1062 pro

114 1076 178 1103 loco
195 1075 296 1102 habens
312 1074 400 1108 iptum
415 1073 509 1105 Deum,
526 1073 596 1100 sicut
611 1073 742 1107 scriptum
760 1077 801 1100 est
815 1082 821 1099 :
842 1072 908 1099 Esto

113 1122 182 1147 milii
199 1122 225 1147 in
244 1121 325 1147 Deum
341 1125 527 1155 protectorem,
541 1123 564 1145 et
579 1120 605 1145 in
618 1119 705 1145 larunt
723 1119 866 1152 munitum,
880 1123 909 1145 iit

115 1168 222 1194 salt-um
249 1175 289 1193 me
307 1166 393 1200 [arias
407 1165 440 1192 “.
468 1165 498 1192 Et
515 1165 613 1191 iterum
644 1164 713 1191 idem
730 1164 757 1191 in
786 1164 908 1191 centuria

115 1218 216 1248 quarta
240 1212 273 1239 de
288 1211 432 1243 cliaritate,
451 1217 509 1245 cap.
526 1218 545 1242 i,
561 1218 591 1242 ii,
622 1217 665 1241 iii.
681 1217 718 1240 iv,
743 1217 770 1240 ν,
787 1216 812 1236 vi
829 1208 909 1236 :Pri-

117 1267 205 1288 mum.
224 1259 321 1292 inquit,
338 1257 490 1284 admiratur
505 1263 580 1283 mens
600 1258 722 1290 cogitans
741 1256 860 1282 divinam
877 1257 903 1282 in

111 1304 245 1332 omnibus
261 1303 430 1334 inﬁnitatem,
449 1306 474 1329 et
493 1301 557 1328 illud
575 1301 684 1336 pelagus
695 1302 869 1331 immensum,
884 1306 911 1328 et

117 1349 400 1380 desideratissilltum;
421 1347 599 1380 obstupescit,
628 1347 764 1381 quomodo
778 1355 809 1374 ex
828 1347 910 1373 nilti'o

118 1403 151 1422 ea
167 1402 227 1428 qua:
241 1399 316 1426 sunt,
338 1393 473 1428 produxit.
489 1392 541 1420 Sed
561 1393 634 1419 sicut
649 1393 840 1427 magnitudinis
854 1392 910 1426 ejus

116 1447 171 1467 non
189 1444 227 1466 εει
243 1440 302 1473 ﬁnis
318 1439 352 1469 ⁸⁸,
366 1439 404 1466 sic
421 1446 509 1471 neque
529 1439 671 1472 sapientia:
686 1439 745 1473 ejus
763 1443 804 1466 est
816 1440 910 1466 inven-

125 1487 176 1512 tio.
207 1485 358 1512 Praeterea:
380 1484 519 1517 Quomodo
534 1485 606 1510 enim
638 1492 689 1510 non
706 1483 865 1515 demiratur,
884 1490 911 1510 et

119 1528 262 1563 plusquam
287 1527 455 1561 obstupescit
470 1527 661 1562 contemplans
689 1527 825 1554 inﬁnitum
843 1528 909 1554 illud

120 1573 249 1601 bonitatis
261 1573 441 1608 pelagusiaut
454 1572 590 1606 quomodo
606 1580 657 1600 non
676 1577 767 1607 stupet
778 1573 910 1606 cogitans,

116 1620 265 1654 quomodo,
280 1624 308 1646 et
324 1619 395 1645 unde
419 1618 571 1645 substantia
590 1618 703 1645 rationis
721 1618 869 1652 particeps,
885 1625 912 1646 et

122 1665 274 1692 substantia
297 1663 457 1698 intelligens
483 1663 553 1690 facta
570 1668 630 1696 est;
646 1664 710 1690 item
728 1669 845 1698 quatuor
857 1665 911 1691 ele-

119 1715 223 1742 menta,
239 1717 270 1738 ex
291 1709 389 1744 quibus
403 1716 526 1743 corpora,
543 1708 614 1735 nulla
630 1709 741 1736 materia
755 1717 849 1736 eomm
863 1718 909 1736 or-

123 1762 179 1783 tuui
197 1755 376 1789 antegressa?
394 1754 483 1789 qualis
494 1759 613 1789 potestas
635 1754 690 1788 illa,
706 1763 766 1789 qua:
781 1756 813 1782 ad
830 1755 909 1782 elice-

123 1803 223 1829 tioneui
234 1802 360 1833 excitata.
377 1800 434 1828 hinc
449 1800 582 1834 produxit,
594 1805 621 1828 et
639 1805 666 1828 ut
683 1806 785 1835 essent,
803 1801 911 1828 en'erii?

123 1848 220 1875 Verum
234 1849 284 1874 hoc
299 1846 412 1881 gentiles
425 1854 478 1874 nou
494 1846 655 1880 concedunt,
673 1848 719 1881 qui
741 1847 910 1880 omnipoten-

125 1899 177 1920 tem
209 1893 367 1925 bonitatem,
401 1898 428 1920 et
455 1892 626 1927 sapientiam,
666 1896 694 1919 et
727 1893 908 1927 cognitionem

123 1941 191 1971 ejus,
203 1946 264 1973 quas
277 1944 367 1966 mente
381 1937 571 1972 comprehendi
583 1946 636 1964 non
654 1943 753 1972 potest,
768 1939 906 1973 ignorant.

126 1984 269 2016 Praeterea,
283 1991 316 2011 ex
324 1985 477 2010 atternitate
494 1988 600 2010 creator
614 1991 675 2010 cum
690 1983 725 2010 sit
740 1983 819 2016 Deus,
836 1990 912 2012 creat

126 2031 234 2064 quando
257 2030 313 2056 vult
328 2029 410 2056 verbo
438 2029 559 2063 ejusdem
580 2028 750 2060 substantiai,
772 2033 798 2056 et
812 2029 908 2063 spiritu

126 2082 233 2111 propter
245 2076 374 2102 inﬁnitain
385 2075 579 2102 bonitateni.Et
589 2083 621 2102 ne
630 2075 703 2102 dicas
715 2083 722 2102 :
736 2074 793 2108 Qua
807 2075 911 2102 ratioiie

955 252 1090 284 Quoniam
1108 257 1131 279 et
1160 259 1209 285 ego
1229 253 1276 278 tibi
1292 253 1362 284 diro,
1388 252 1500 279 inlicitae
1525 252 1684 279 substauiim
1701 261 1743 279 sa-

956 298 1084 331 pientiam
1107 307 1167 332 qua:
1193 299 1359 333 investigari
1380 306 1433 324 non
1454 303 1551 332 potest,
1581 307 1632 325 non
1650 300 1748 326 cadere

956 345 981 371 in
1007 345 1188 379 cognitionem
1207 346 1370 372 humanam:
1393 345 1469 377 item,
1499 345 1681 379 cognitionem
1702 353 1744 372 re-

957 397 1028 420 rum.
1054 398 1136 424 quam
1153 391 1179 417 in
1195 398 1224 417 se
1239 395 1302 418 ante
1319 391 1495 418 exsistentem
1527 396 1634 417 creator
1652 391 1746 417 tnundi

957 436 1082 466 habt-bat,
1100 436 1209 470 quando
1223 437 1320 468 voluit,
1336 436 1402 463 fecit
1428 436 1610 463 substantiam
1631 444 1701 468 esse,
1720 440 1747 463 et

957 480 1100 514 produxit:
1122 481 1267 507 absurdum
1284 481 1355 508 enim
1377 485 1419 508 est
1436 481 1468 507 de
1482 481 1536 507 Deo
1559 481 1745 513 omnipotente

959 526 1109 561 ambigere,
1137 535 1169 553 an
1188 527 1284 561 possit.
1302 535 1361 553 eum
1385 527 1460 558 velit,
1479 526 1581 560 aliquid
1603 527 1702 555 lat-ere.
1717 531 1746 553 ut

955 572 1079 599 exsistat.
1096 573 1189 600 Adhuc
1203 573 1292 600 idem:
1310 573 1395 605 Quanti
1411 573 1444 599 ob
1458 574 1564 599 ἑιιιιςίιιιι
1583 572 1651 598 ἣξεις
1667 580 1746 598 crea-
1776 583 1777 586 π

955 619 993 644 vit
1006 637 1014 650 ,
1034 626 1134 652 quiere,
1156 619 1219 645 sciri
1246 619 1317 645 enim
1337 623 1445 652 potest:
1462 618 1596 652 quomodo
1609 623 1708 648 autem,
1720 622 1748 644 et

942 665 1131 698 quamobrem
1142 670 1262 691 rccenter
1279 665 1378 691 creavit
1393 684 1401 696 ,
1416 672 1449 690 ne
1466 671 1589 698 quaeras;
1603 671 1656 690 non
1672 665 1744 690 enini

956 709 1007 735 Sub
1019 709 1225 743 intelligentiam
1240 711 1337 736 mentis
1348 715 1399 736 tua:
1412 709 1483 736 cadit
1496 718 1502 736 :
1515 709 1641 744 quoniam
1653 716 1747 735 eorum

958 762 1017 788 qua:
1032 761 1095 782 sunt
1112 755 1214 787 divina,
1245 756 1341 789 partim
1358 755 1471 789 intelligi
1514 760 1635 789 possunt,
1650 755 1746 789 partim

958 806 1011 825 non
1031 805 1163 832 possunt:
1189 800 1381 834 contemplatio
1407 807 1523 834 namque
1548 800 1676 827 elireuata
1690 799 1746 826 for-

960 845 1040 871 ta~sis
1056 850 1118 879 agat
1132 846 1308 880 pra-cipitata,
1328 851 1357 872 ut
1373 846 1484 880 quidatn
1498 854 1529 872 ex
1548 845 1650 872 sanctis
1667 846 1746 872 dixit.

958 889 1029 916 ΙΙιῚΗ
1058 891 1162 916 adhuc:
1178 889 1303 917 Nonnulli
1329 890 1405 917 aiunt
1427 891 1559 918 exsistere
1588 891 1667 918 simul
1686 898 1746 918 cum

959 934 1014 961 Deo
1026 942 1059 962 ex
1071 935 1221 962 mteruita‘e
1237 942 1386 966 erezuuras.
1404 936 1475 970 quod
1488 936 1594 969 quidem
1613 935 1676 962 ferri
1692 943 1745 962 non

959 985 1063 1016 potest;
1080 983 1214 1014 quomodo
1229 981 1299 1007 enim
1315 988 1345 1008 ea
1364 986 1476 1015 possunt
1492 988 1523 1007 ex
1539 982 1690 1008 aeternitate
1704 982 1746 1008 si-

959 1026 1013 1052 mul
1030 1026 1160 1053 exsistere
1178 1034 1239 1053 cum
1252 1027 1370 1059 undique
1385 1027 1489 1054 infinito
1504 1034 1563 1060 qnze
1578 1031 1642 1053 sinit
1661 1027 1742 1053 nmli-

959 1079 1011 1106 qne
1022 1072 1098 1099 finita
1109 1072 1120 1098 Τ
1131 1077 1177 1099 aut
1189 1074 1326 1107 quomodo
1340 1077 1401 1099 sunt
1414 1078 1556 1105 crcattirze,
1576 1073 1597 1099 si
1609 1078 1743 1100 comterna

960 1118 1075 1144 creatori
1088 1118 1168 1144 sunt?
1187 1117 1285 1144 Verum
1302 1118 1353 1144 boe.
1379 1119 1527 1153 loquuntur
1561 1119 1685 1152 gentiles,
1701 1119 1748 1152 qui

961 1161 1137 1188 introducunt
1152 1161 1237 1189 Deum
1251 1169 1302 1188 non
1319 1163 1424 1196 quidem
1439 1163 1607 1196 substantia‘,
1619 1163 1665 1190 sed
1675 1171 1746 1198 qua-

962 1206 1067 1233 litatum
1100 1215 1160 1234 esse
1186 1212 1344 1235 auctorem:
1375 1216 1424 1235 nos
1449 1217 1512 1235 vero
1532 1210 1576 1242 qui
1594 1209 1677 1236 Deum
1688 1216 1748 1236 esse

961 1253 1177 1286 omnipotentem
1194 1253 1329 1284 novimus,
1349 1261 1401 1279 non
1420 1255 1599 1287 qualitatum,
1613 1255 1683 1280 sicut
1697 1254 1748 1288 illi,

961 1299 1007 1325 Sed
1024 1298 1238 1325 substantiannu
1252 1299 1395 1333 qualitates
1409 1299 1564 1326 babcntinm
1585 1300 1741 1327 eﬁeclorem

964 1351 1026 1370 esse
1042 1343 1176 1371 dicimus:
1194 1346 1265 1378 quml
1284 1344 1304 1371 si
1327 1345 1375 1371 hoc
1400 1345 1435 1371 ita
1452 1350 1502 1376 est,
1525 1353 1576 1371 non
1593 1353 1624 1372 ex
1641 1335 1750 1373 alternis

963 1394 1016 1415 tate
1036 1389 1116 1416 simul
1132 1397 1193 1416 cum
1220 1391 1274 1416 Deo
1287 1395 1420 1418 creatura:
1450 1391 1622 1419 exstiterunt.
1652 1392 1748 1419 Adhuc

962 1434 1031 1460 idem
1046 1442 1105 1467 cap.
1125 1434 1177 1461 1'5:
1199 1435 1263 1461 Esse
1282 1442 1400 1469 semper,
1417 1441 1462 1461 aut
1480 1445 1532 1462 nou
1547 1444 1606 1463 esse
1618 1438 1747 1463 substan-

963 1480 1025 1506 tiam
1045 1480 1156 1507 ratiouis
1172 1480 1332 1514 participem
1347 1485 1373 1507 et
1389 1481 1583 1516 intelligenteni
1613 1482 1638 1508 in
1655 1482 1749 1508 volun-

964 1530 1017 1552 tate
1031 1526 1088 1556 Dei,
1103 1526 1147 1559 qui
1165 1526 1254 1552 omnia
1269 1526 1335 1552 bona
1350 1527 1462 1558 creavit,
1485 1527 1601 1560 positum
1623 1521 1674 1560 est,
1688 1534 1749 1555 esse

963 1577 1054 1598 autem
1077 1571 1162 1598 bonos
1177 1572 1325 1598 secundum
1341 1571 1512 1604 elct'tioltt'm,
1532 1577 1577 1599 aut
1593 1580 1699 1606 pravos,
1721 1573 1749 1600 in

961 1618 1098 1644 vtiluiitate
1110 1625 1203 1644 eorum
1227 1617 1347 1651 quifaeti
1375 1624 1447 1645 sunt.
1468 1618 1499 1645 Et
1527 1626 1620 1646 rursus
1634 1619 1703 1646 idem
1720 1618 1747 1646 in

962 1671 1023 1696 cap.
1044 1663 1094 1690 l0:
1111 1663 1206 1690 Omnis
1219 1664 1371 1691 substantia
1392 1664 1553 1698 intelligens.
1576 1670 1602 1691 et
1619 1665 1750 1696 sentiens,

963 1717 1025 1735 eum
1045 1709 1183 1742 produt-tie
1206 1715 1279 1742 sunt,
1313 1715 1476 1744 acceperunt
1492 1718 1506 1736 a
1526 1710 1579 1737 Deo
1600 1715 1750 1745 potestates

963 1756 1143 1788 pi-Treipientes
1160 1763 1220 1782 res:
1249 1756 1397 1782 substantia
1415 1756 1521 1789 quidem
1541 1756 1694 1789 intelligens
1705 1764 1750 1783 ac-

963 1801 1033 1834 cepit
1048 1798 1180 1834 notiones,
1197 1802 1314 1828 sentiens
1325 1810 1389 1828 vero
1399 1809 1505 1828 sensus.
1524 1802 1560 1828 Ex
1578 1809 1595 1836 q
1607 1802 1676 1829 ribus
1691 1803 1750 1829 elli-

963 1847 1033 1873 t-itnr
1055 1846 1239 1879 manifestum,
1269 1847 1335 1873 nihil
1362 1855 1449 1881 neque
1475 1852 1635 1881 temporum,
1664 1855 1751 1883 neque

962 1892 1132 1922 Su‘CtllOl‘lllll,
1147 1900 1195 1919 nec
1210 1893 1358 1926 quidquam
1377 1901 1472 1920 eorum
1487 1901 1546 1926 qua:
1562 1893 1586 1919 in
1600 1893 1664 1927 ipsis
1679 1898 1748 1919 teni-

964 1937 1085 1970 poribus,
1103 1941 1150 1962 aut
1163 1937 1269 1964 szeculis
1285 1943 1359 1970 sunt,
1375 1941 1537 1964 coieteruum
1553 1944 1613 1964 esse
1626 1937 1752 1965 inlluitati

964 1982 1020 2013 Dei,
1041 1990 1100 2016 quae
1114 1983 1233 2009 omnium
1251 1990 1332 2009 causa
1349 1988 1400 2014 est,
1417 1988 1444 2010 et
1464 1990 1547 2017 supra
1578 1983 1668 2010 omnia
1694 1988 1746 2016 est,

960 2034 986 2055 et
1004 2029 1082 2062 cujus
1098 2028 1235 2054 voluntate
1250 2029 1342 2054 omnia
1356 2037 1388 2054 ex
1407 2028 1490 2054 nihilo
1505 2028 1574 2055 laeta
1600 2033 1674 2062 sunt,
1692 2029 1751 2056 sive

964 2083 978 2100 a
996 2079 1126 2108 tenqiore,
1149 2075 1204 2101 sive
1223 2082 1237 2100 a
1253 2075 1351 2101 saeculo
1368 2081 1456 2101 ortum
1474 2075 1600 2102 duxerint
1615 2084 1622 2102 :
1639 2077 1751 2103 demon-

178 2167 200 2184 “
212 2166 289 2194 llotti.
312 2173 350 2197 χι,
366 2165 411 2193 56.
448 2166 470 2182 ⁵⁸
486 2165 557 2193 l‘sal.
572 2174 616 2198 ιι,
631 2166 658 2193 5.
697 2165 720 2182 ⁸⁸
736 2167 805 2193 l'sal.
823 2174 912 2199 chiv,
937 2167 963 2195 5.

864 2235 998 2267 Scholia.

128 2303 255 2338 piscibus,
284 2299 447 2338 pecoribus;
472 2300 614 2338 stirpibus,
645 2299 910 2338 similiter,_inquit,
930 2301 951 2329 D
965 2301 1048 2338 creati
1068 2305 1150 2338 sunt;
1174 2299 1335 2338 siinuliiem
1358 2297 1555 2338 seraphiniuet
1570 2296 1650 2338 simul
1665 2296 1752 2338 'l’broT

129 2335 212 2366 Adam
225 2343 377 2370 quanquam
391 2335 462 2361 solus
475 2340 569 2370 eterra
584 2335 713 2361 formatus
726 2339 775 2366 est,
789 2335 863 2361 fuere
875 2339 914 2361 t1-

132 2381 189 2400 men
212 2369 240 2398 iii
255 2379 288 2397 eo
306 2371 386 2396 etiam
407 2375 469 2396 tunc
486 2369 606 2396 rationes
621 2369 805 2396 successionis
821 2374 910 2403 poste-

130 2407 270 2438 ritatisqtie
289 2403 398 2432 humani
414 2406 536 2437 gem-ris;
551 2405 688 2438 subiungit
699 2404 815 2431 deinde:
835 2405 863 2431 EI
879 2412 910 2431 ex

130 2442 265 2470 creatione
282 2440 375 2466 iiiiiudi
397 2439 510 2465 visibilis
533 2439 677 2465 invisibilia
697 2438 755 2471 ejus
780 2439 909 2473 (angelos

131 2477 212 2511 dii-it)
228 2477 277 2501 hoc
291 2475 369 2511 etiam
388 2481 485 2511 genere
500 2481 623 2511 operum,
643 2473 752 2511 ιιιιιιιὶι,⁸
763 2474 832 2511 iacta
849 2481 910 2511 esse

132 2508 313 2544 intelligimus,
330 2509 536 2543 colligiiuusquc
550 2515 582 2534 ne
600 2509 626 2534 iii
643 2508 696 2534 illis
709 2509 817 2540 quidem
831 2510 910 2542 quid-

131 2554 206 2580 quam
223 2553 344 2572 seorsum
361 2545 386 2570 in
406 2551 455 2569 suo
470 2551 571 2580 genere
591 2549 637 2570 aut
654 2544 738 2580 prius.
757 2548 802 2570 aut
817 2549 909 2580 poste-

133 2578 184 2607 rius
201 2585 320 2606 creatum
335 2587 396 2606 esse
411 2587 418 2611 ;
436 2581 483 2605 sed
501 2578 592 2605 omnia
607 2578 698 2609 simul,
713 2586 773 2612 quae
789 2579 909 2609 ejusdem

133 2615 292 2643 conditionis
309 2619 370 2640 stitit
393 2613 543 2640 exstitisse.
562 2612 620 2640 Nutl
639 2613 710 2640 enim
726 2613 846 2647 singulas
866 2620 910 2639 res

133 2650 297 2676 enumeravit
311 2648 455 2681 Apostolus
468 2648 580 2682 (Colon.
590 2649 620 2682 t)‘,
634 2654 661 2674 ut
676 2648 703 2674 in
717 2648 788 2674 hunc
802 2649 910 2674 inminui

135 2685 236 2712 dit-cret
249 2684 322 2711 :Szve
332 2683 443 2718 angelus
452 2682 597 2717 quiquam,
611 2684 667 2710 sive
680 2684 793 2709 tlirontts
803 2683 910 2716 aliquis,

134 2728 188 2748 sive
204 2720 352 2746 (Ιοιιιιιιίιίο
369 2719 424 2748 illa,
441 2724 486 2744 :iut
502 2719 561 2750 illa,
574 2725 618 2743 aut
633 2718 675 2745 bic
696 2718 735 2745 vel
752 2718 795 2744 ille
810 2725 842 2744 ex
865 2726 910 2750 pu-

135 2738 288 2785 iesiatibus:
302 2755 347 2780 sed
361 2738 500 2779 unitieisus
510 2738 600 2783 siitiul,
613 2753 657 2786 qui
673 2753 793 2786 ejusdem
806 2738 910 2780 Ol'tii'llls

133 2794 206 2816 erant
221 2807 227 2820 ,
242 2788 455 2823 comprehendit.
475 2787 547 2818 Sive.
565 2789 662 2821 inquit,
676 2789 774 2818 throni,
791 2788 847 2814 sive
862 2789 910 2813 du-

136 2825 300 2854 minatioues.
322 2824 380 2850 sive
398 2823 561 2857 principatus
578 2825 633 2848 sive
658 2828 816 2855 potestatis.
830 2828 884 2848 etc.
899 2832 905 2854 ;

136 2858 269 2886 Ilamcnus
283 2859 382 2886 Athan.
407 2858 505 2884 Omnes
531 2857 620 2892 itique
649 2858 797 2885 Uberi-biit
824 2857 904 2884 simul

967 2336 1004 2366 ni,
1026 2336 1154 2362 similiter
1174 2335 1199 2360 iii
1217 2334 1328 2368 reliquis
1343 2334 1497 2364 ordinibus,
1515 2333 1540 2358 in
1557 2332 1666 2364 quibus,
1679 2333 1751 2368 quod

966 2370 999 2397 ad
1023 2370 1188 2396 creationem
1217 2370 1343 2401 pertinet,
1370 2376 1421 2394 Itttll
1439 2373 1481 2393 est
1502 2368 1647 2400 quidquam
1666 2367 1750 2401 prius,

968 2410 1014 2431 aut
1035 2405 1182 2438 posterius,
1206 2404 1264 2429 lit-et
1282 2404 1365 2437 glurizi
1382 2409 1407 2429 et
1420 2403 1522 2428 honore
1541 2403 1611 2438 inter
1626 2409 1655 2427 se
1673 2402 1751 2428 ditiu-

965 2437 1040 2467 rant.
1057 2440 1101 2466 Sic
1122 2440 1217 2472 probat
1234 2438 1262 2464 B.
1280 2438 1378 2464 Athan.
1398 2444 1492 2463 contra
1513 2437 1604 2463 Arium
1624 2444 1675 2463 non
1690 2444 1751 2464 esse

967 2474 1084 2501 Verbum
1102 2479 1254 2500 creaturam
1269 2482 1276 2506 ;
1295 2473 1406 2506 alioqui.
1431 2473 1529 2502 inquit,
1553 2478 1664 2497 necesse
1682 2477 1751 2503 erat,

966 2515 993 2535 ut
1007 2510 1086 2536 simul
1110 2517 1170 2534 eum
1188 2508 1251 2535 aliis
1278 2515 1310 2534 ex
1332 2509 1427 2534 ordine
1453 2507 1581 2532 virtutum
1599 2511 1750 2536 crearetur.

965 2552 990 2570 ei
1011 2553 1061 2570 nun
1088 2547 1149 2570 ante
1163 2563 1171 2575 ,
1202 2544 1264 2569 licet
1286 2543 1369 2576 gloria
1388 2543 1494 2569 caeteris
1514 2541 1700 2576 antecelleret,
1717 2548 1751 2568 ex

965 2586 1018 2613 quo
1031 2586 1124 2604 rursus
1138 2578 1224 2610 lic-ret,
1241 2583 1266 2604 nt
1284 2575 1337 2603 non
1350 2582 1440 2613 posset
1457 2584 1516 2602 esse
1529 2575 1645 2613 primum
1660 2581 1685 2602 et
1701 2576 1753 2613 ini-

968 2611 1034 2640 tium
1051 2614 1175 2644 aliorum,
1193 2619 1223 2639 ut
1237 2612 1328 2638 Ariani
1347 2611 1490 2643 volebant;
1518 2611 1661 2636 tradet-ant
1677 2611 1751 2637 enim

966 2653 1085 2674 i-ieatuin
1100 2655 1161 2674 esse
1174 2647 1304 2678 Verbum,
1319 2653 1346 2672 ut
1364 2655 1411 2678 per
1426 2654 1487 2672 etim
1505 2645 1574 2671 Deus
1589 2646 1679 2671 omnia
1698 2645 1750 2672 alia

965 2689 1067 2709 crearet
1083 2691 1090 2715 ;
1104 2683 1179 2717 quasi
1198 2690 1249 2709 non
1260 2687 1336 2719 esset
1352 2683 1385 2708 de
1398 2689 1512 2719 numero
1527 2680 1648 2719 omnium
1657 2687 1670 2719 _:
1689 2687 1752 2719 cupi

967 2725 1058 2744 tamen
1085 2715 1136 2744 tale
1153 2717 1313 2752 principium
1331 2717 1462 2745 omnium.
1479 2715 1516 2742 ait
1530 2715 1708 2752 Athanasius.
1723 2715 1750 2741 iu

965 2754 1092 2780 omnilius
1105 2749 1327 2782 conuulneretnr,
1337 2756 1418 2785 atque
1429 2751 1465 2777 ita
1477 2757 1539 2778 cum
1550 2751 1625 2782 lusit,
1639 2749 1752 2776 diﬂerre

962 2787 1080 2814 Verbum
1103 2788 1256 2814 substantia
1278 2791 1305 2813 et
1324 2792 1420 2812 natura
1441 2793 1454 2811 ιι
1474 2785 1628 2816 creaturis;
1647 2785 1750 2812 solum-

960 2831 1012 2857 que
1029 2831 1091 2850 cum
1108 2830 1169 2851 esse
1187 2822 1271 2850 solius
1286 2821 1341 2849 veri
1357 2821 1404 2848 Dei
1423 2820 1581 2854 imaginem.
