  <div class='ocr_page' id='page_1' title='image "/cluster/home/n/w/nwhite01/storage/ocr_20150623/152/njp.32101077773206/476.png"; bbox 0 0 1954 3071; ppageno 0'>
   <div class='ocr_carea' id='block_1_1' title="bbox 103 168 164 203">
    <p class='ocr_par' dir='ltr' id='par_1_1' title="bbox 103 168 164 203">
     <span class='ocr_line' id='line_1_1' title="bbox 103 168 164 203; baseline -0.049 0"><span class='ocrx_word' id='word_1_1' title='bbox 103 168 164 203; x_wconf 76' lang='lat'><strong>905</strong></span> 
     </span>
    </p>
   </div>
   <div class='ocr_carea' id='block_1_2' title="bbox 446 148 1398 200">
    <p class='ocr_par' dir='ltr' id='par_1_2' title="bbox 446 148 1398 200">
     <span class='ocr_line' id='line_1_2' title="bbox 446 148 1398 200; baseline 0.002 -3"><span class='ocrx_word' id='word_1_2' title='bbox 446 159 567 197; x_wconf 71' lang='lat' dir='ltr'><strong>DECAS</strong></span> <span class='ocrx_word' id='word_1_3' title='bbox 586 159 664 197; x_wconf 75' lang='lat' dir='ltr'><strong>nn.</strong></span> <span class='ocrx_word' id='word_1_4' title='bbox 686 179 718 184; x_wconf 98' lang='lat'>—</span> <span class='ocrx_word' id='word_1_5' title='bbox 731 158 780 196; x_wconf 74' lang='lat' dir='ltr'><strong>ne</strong></span> <span class='ocrx_word' id='word_1_6' title='bbox 797 164 1016 197; x_wconf 76' lang='lat' dir='ltr'><strong>INFINI‘I‘ATE</strong></span> <span class='ocrx_word' id='word_1_7' title='bbox 1034 148 1096 198; x_wconf 67' lang='lat' dir='ltr'><strong>biit</strong></span> <span class='ocrx_word' id='word_1_8' title='bbox 1115 166 1398 200; x_wconf 76' lang='lat' dir='ltr'><strong>IN_CREATURIS.</strong></span> 
     </span>
    </p>
   </div>
   <div class='ocr_carea' id='block_1_3' title="bbox 1674 167 1727 203">
    <p class='ocr_par' dir='ltr' id='par_1_3' title="bbox 1674 167 1727 203">
     <span class='ocr_line' id='line_1_3' title="bbox 1674 167 1727 203; baseline -0.019 0"><span class='ocrx_word' id='word_1_9' title='bbox 1674 167 1727 203; x_wconf 67' lang='lat'><strong>908</strong></span> 
     </span>
    </p>
   </div>
   <div class='ocr_carea' id='block_1_4' title="bbox 104 224 1727 264">
    <p class='ocr_par' dir='ltr' id='par_1_4' title="bbox 104 224 1727 264">
     <span class='ocr_line' id='line_1_4' title="bbox 104 224 1727 264; baseline 0.002 -11"><span class='ocrx_word' id='word_1_10' title='bbox 104 233 170 254; x_wconf 76' lang='lat' dir='ltr'><strong>ctus</strong></span> <span class='ocrx_word' id='word_1_11' title='bbox 183 224 318 253; x_wconf 72' lang='lat' dir='ltr'><strong>Maximus</strong></span> <span class='ocrx_word' id='word_1_12' title='bbox 333 234 339 252; x_wconf 92' lang='lat'><strong>:</strong></span> <span class='ocrx_word' id='word_1_13' title='bbox 355 224 423 257; x_wconf 81' lang='lat' dir='ltr'><strong>Quia</strong></span> <span class='ocrx_word' id='word_1_14' title='bbox 446 224 516 251; x_wconf 86' lang='lat' dir='ltr'><strong>Deus</strong></span> <span class='ocrx_word' id='word_1_15' title='bbox 528 232 589 252; x_wconf 90' lang='lat' dir='ltr'><strong>cum</strong></span> <span class='ocrx_word' id='word_1_16' title='bbox 613 224 769 260; x_wconf 68' lang='lat' dir='ltr'><strong>cogitasset,</strong></span> <span class='ocrx_word' id='word_1_17' title='bbox 796 225 892 251; x_wconf 41' lang='lat' dir='ltr'><strong>volnus</strong></span> <span class='ocrx_word' id='word_1_18' title='bbox 907 227 930 255; x_wconf 74' lang='grc' dir='ltr'><strong>Α</strong></span> <span class='ocrx_word' id='word_1_19' title='bbox 945 225 1064 259; x_wconf 79' lang='lat' dir='ltr'><strong>ipsarum</strong></span> <span class='ocrx_word' id='word_1_20' title='bbox 1082 233 1184 257; x_wconf 89' lang='lat' dir='ltr'><strong>rerum,</strong></span> <span class='ocrx_word' id='word_1_21' title='bbox 1200 227 1245 252; x_wconf 86' lang='lat' dir='ltr'><strong>sed</strong></span> <span class='ocrx_word' id='word_1_22' title='bbox 1263 226 1356 252; x_wconf 84' lang='lat' dir='ltr'><strong>notitia</strong></span> <span class='ocrx_word' id='word_1_23' title='bbox 1371 226 1411 252; x_wconf 82' lang='lat' dir='ltr'><strong>sui</strong></span> <span class='ocrx_word' id='word_1_24' title='bbox 1427 235 1434 253; x_wconf 89' lang='lat'><strong>:</strong></span> <span class='ocrx_word' id='word_1_25' title='bbox 1449 227 1581 261; x_wconf 85' lang='lat' dir='ltr'><strong>siquidem</strong></span> <span class='ocrx_word' id='word_1_26' title='bbox 1597 231 1625 255; x_wconf 88' lang='lat' dir='ltr'><strong>et</strong></span> <span class='ocrx_word' id='word_1_27' title='bbox 1643 236 1727 264; x_wconf 82' lang='lat' dir='ltr'><strong>ange-</strong></span> 
     </span>
    </p>
   </div>
   <div class='ocr_carea' id='block_1_5' title="bbox 106 269 892 306">
    <p class='ocr_par' dir='ltr' id='par_1_5' title="bbox 106 269 892 306">
     <span class='ocr_line' id='line_1_5' title="bbox 106 269 892 306; baseline -0.004 -7"><span class='ocrx_word' id='word_1_28' title='bbox 106 278 164 299; x_wconf 81' lang='lat' dir='ltr'><strong>tate</strong></span> <span class='ocrx_word' id='word_1_29' title='bbox 186 271 315 306; x_wconf 81' lang='lat' dir='ltr'><strong>produxit</strong></span> <span class='ocrx_word' id='word_1_30' title='bbox 326 271 428 301; x_wconf 81' lang='lat' dir='ltr'><strong>omnia,</strong></span> <span class='ocrx_word' id='word_1_31' title='bbox 445 278 499 297; x_wconf 92' lang='lat' dir='ltr'><strong>non</strong></span> <span class='ocrx_word' id='word_1_32' title='bbox 518 275 645 304; x_wconf 86' lang='lat' dir='ltr'><strong>tanquam</strong></span> <span class='ocrx_word' id='word_1_33' title='bbox 661 277 737 298; x_wconf 84' lang='lat' dir='ltr'><strong>meus</strong></span> <span class='ocrx_word' id='word_1_34' title='bbox 766 269 892 304; x_wconf 65' lang='lat' dir='ltr'><strong>quaedam</strong></span> 
     </span>
    </p>
   </div>
   <div class='ocr_carea' id='block_1_6' title="bbox 107 315 893 351">
    <p class='ocr_par' dir='ltr' id='par_1_6' title="bbox 107 315 893 351">
     <span class='ocr_line' id='line_1_6' title="bbox 107 315 893 351; baseline -0.003 -7"><span class='ocrx_word' id='word_1_35' title='bbox 107 319 135 344; x_wconf 88' lang='lat' dir='ltr'><strong>in</strong></span> <span class='ocrx_word' id='word_1_36' title='bbox 153 318 304 344; x_wconf 80' lang='lat' dir='ltr'><strong>voluntates</strong></span> <span class='ocrx_word' id='word_1_37' title='bbox 316 317 427 351; x_wconf 87' lang='lat' dir='ltr'><strong>partita,</strong></span> <span class='ocrx_word' id='word_1_38' title='bbox 446 316 638 351; x_wconf 80' lang='lat' dir='ltr'><strong>multiplicatus</strong></span> <span class='ocrx_word' id='word_1_39' title='bbox 654 319 715 343; x_wconf 80' lang='lat' dir='ltr'><strong>est:</strong></span> <span class='ocrx_word' id='word_1_40' title='bbox 731 315 778 343; x_wconf 82' lang='lat' dir='ltr'><strong>sed</strong></span> <span class='ocrx_word' id='word_1_41' title='bbox 793 315 893 350; x_wconf 84' lang='lat' dir='ltr'><strong>potius,</strong></span> 
     </span>
    </p>
   </div>
   <div class='ocr_carea' id='block_1_7' title="bbox 106 362 894 396">
    <p class='ocr_par' dir='ltr' id='par_1_7' title="bbox 106 362 894 396">
     <span class='ocr_line' id='line_1_7' title="bbox 106 362 894 396; baseline -0.003 -6"><span class='ocrx_word' id='word_1_42' title='bbox 106 364 209 396; x_wconf 85' lang='lat' dir='ltr'><strong>inquit,</strong></span> <span class='ocrx_word' id='word_1_43' title='bbox 221 363 321 390; x_wconf 83' lang='lat' dir='ltr'><strong>mansit</strong></span> <span class='ocrx_word' id='word_1_44' title='bbox 337 362 362 389; x_wconf 86' lang='lat' dir='ltr'><strong>in</strong></span> <span class='ocrx_word' id='word_1_45' title='bbox 381 362 494 392; x_wconf 79' lang='lat' dir='ltr'><strong>unitate.</strong></span> <span class='ocrx_word' id='word_1_46' title='bbox 511 366 539 389; x_wconf 93' lang='lat' dir='ltr'><strong>et</strong></span> <span class='ocrx_word' id='word_1_47' title='bbox 558 362 585 389; x_wconf 92' lang='lat' dir='ltr'><strong>in</strong></span> <span class='ocrx_word' id='word_1_48' title='bbox 603 369 634 389; x_wconf 85' lang='lat' dir='ltr'><strong>ea</strong></span> <span class='ocrx_word' id='word_1_49' title='bbox 656 369 779 394; x_wconf 88' lang='lat' dir='ltr'><strong>manens,</strong></span> <span class='ocrx_word' id='word_1_50' title='bbox 791 362 894 396; x_wconf 84' lang='lat' dir='ltr'><strong>impar-</strong></span> 
     </span>
    </p>
   </div>
   <div class='ocr_carea' id='block_1_8' title="bbox 107 405 895 441">
    <p class='ocr_par' dir='ltr' id='par_1_8' title="bbox 107 405 895 441">
     <span class='ocr_line' id='line_1_8' title="bbox 107 405 895 441; baseline -0.004 -7"><span class='ocrx_word' id='word_1_51' title='bbox 107 409 119 434; x_wconf 85' lang='lat' dir='ltr'><strong>t</strong></span> <span class='ocrx_word' id='word_1_52' title='bbox 135 408 227 434; x_wconf 86' lang='lat' dir='ltr'><strong>biliter</strong></span> <span class='ocrx_word' id='word_1_53' title='bbox 243 411 334 434; x_wconf 83' lang='lat' dir='ltr'><strong>etnon</strong></span> <span class='ocrx_word' id='word_1_54' title='bbox 349 406 471 441; x_wconf 80' lang='lat' dir='ltr'><strong>disperse</strong></span> <span class='ocrx_word' id='word_1_55' title='bbox 489 405 617 440; x_wconf 83' lang='lat' dir='ltr'><strong>produxit</strong></span> <span class='ocrx_word' id='word_1_56' title='bbox 643 410 671 433; x_wconf 92' lang='lat' dir='ltr'><strong>et</strong></span> <span class='ocrx_word' id='word_1_57' title='bbox 691 406 812 440; x_wconf 90' lang='lat' dir='ltr'><strong>producit</strong></span> <span class='ocrx_word' id='word_1_58' title='bbox 837 413 895 431; x_wconf 83' lang='lat' dir='ltr'><strong>om—</strong></span> 
     </span>
    </p>
   </div>
   <div class='ocr_carea' id='block_1_9' title="bbox 107 450 894 485">
    <p class='ocr_par' dir='ltr' id='par_1_9' title="bbox 107 450 894 485">
     <span class='ocr_line' id='line_1_9' title="bbox 107 450 894 485; baseline -0.001 -6"><span class='ocrx_word' id='word_1_59' title='bbox 107 453 155 479; x_wconf 88' lang='lat' dir='ltr'><strong>nia</strong></span> <span class='ocrx_word' id='word_1_60' title='bbox 167 453 194 478; x_wconf 92' lang='lat' dir='ltr'><strong>in</strong></span> <span class='ocrx_word' id='word_1_61' title='bbox 207 456 332 479; x_wconf 73' lang='lat' dir='ltr'><strong>creatura</strong></span> <span class='ocrx_word' id='word_1_62' title='bbox 349 451 453 478; x_wconf 85' lang='lat' dir='ltr'><strong>mundi.</strong></span> <span class='ocrx_word' id='word_1_63' title='bbox 470 451 502 477; x_wconf 85' lang='lat' dir='ltr'><strong>Et</strong></span> <span class='ocrx_word' id='word_1_64' title='bbox 516 458 610 478; x_wconf 88' lang='lat' dir='ltr'><strong>rursus</strong></span> <span class='ocrx_word' id='word_1_65' title='bbox 624 451 732 478; x_wconf 87' lang='lat' dir='ltr'><strong>divinus</strong></span> <span class='ocrx_word' id='word_1_66' title='bbox 749 450 894 485; x_wconf 71' lang='lat' dir='ltr'><strong>Dionysius</strong></span> 
     </span>
    </p>
   </div>
   <div class='ocr_carea' id='block_1_10' title="bbox 109 497 894 533">
    <p class='ocr_par' dir='ltr' id='par_1_10' title="bbox 109 497 894 533">
     <span class='ocr_line' id='line_1_10' title="bbox 109 497 894 533; baseline -0.001 -9"><span class='ocrx_word' id='word_1_67' title='bbox 109 502 137 525; x_wconf 83' lang='lat' dir='ltr'><strong>tn</strong></span> <span class='ocrx_word' id='word_1_68' title='bbox 156 499 274 533; x_wconf 86' lang='lat' dir='ltr'><strong>septimo</strong></span> <span class='ocrx_word' id='word_1_69' title='bbox 299 498 388 532; x_wconf 80' lang='lat' dir='ltr'><strong>capite</strong></span> <span class='ocrx_word' id='word_1_70' title='bbox 412 497 446 524; x_wconf 87' lang='lat' dir='ltr'><strong>de</strong></span> <span class='ocrx_word' id='word_1_71' title='bbox 474 497 576 524; x_wconf 83' lang='lat' dir='ltr'><strong>eisdem</strong></span> <span class='ocrx_word' id='word_1_72' title='bbox 599 497 696 523; x_wconf 82' lang='lat' dir='ltr'><strong>divinis</strong></span> <span class='ocrx_word' id='word_1_73' title='bbox 722 497 894 524; x_wconf 79' lang='lat' dir='ltr'><strong>nominibus:</strong></span> 
     </span>
    </p>
   </div>
   <div class='ocr_carea' id='block_1_11' title="bbox 108 541 893 576">
    <p class='ocr_par' dir='ltr' id='par_1_11' title="bbox 108 541 893 576">
     <span class='ocr_line' id='line_1_11' title="bbox 108 541 893 576; baseline -0.003 -6"><span class='ocrx_word' id='word_1_74' title='bbox 108 542 190 571; x_wconf 76' lang='lat' dir='ltr'><strong>Ratio</strong></span> <span class='ocrx_word' id='word_1_75' title='bbox 206 549 296 570; x_wconf 87' lang='lat' dir='ltr'><strong>autem</strong></span> <span class='ocrx_word' id='word_1_76' title='bbox 324 542 437 570; x_wconf 86' lang='lat' dir='ltr'><strong>Densin</strong></span> <span class='ocrx_word' id='word_1_77' title='bbox 470 542 557 569; x_wconf 86' lang='lat' dir='ltr'><strong>sacris</strong></span> <span class='ocrx_word' id='word_1_78' title='bbox 586 541 735 576; x_wconf 86' lang='lat' dir='ltr'><strong>Scripturis</strong></span> <span class='ocrx_word' id='word_1_79' title='bbox 764 541 893 568; x_wconf 83' lang='lat' dir='ltr'><strong>laudandi</strong></span> 
     </span>
    </p>
   </div>
   <div class='ocr_carea' id='block_1_12' title="bbox 108 587 895 623">
    <p class='ocr_par' dir='ltr' id='par_1_12' title="bbox 108 587 895 623">
     <span class='ocr_line' id='line_1_12' title="bbox 108 587 895 623; baseline -0.005 -5"><span class='ocrx_word' id='word_1_80' title='bbox 108 591 198 623; x_wconf 78' lang='lat' dir='ltr'><strong>gratia</strong></span> <span class='ocrx_word' id='word_1_81' title='bbox 214 590 379 620; x_wconf 91' lang='lat' dir='ltr'><strong>nominatur,</strong></span> <span class='ocrx_word' id='word_1_82' title='bbox 395 595 448 615; x_wconf 89' lang='lat' dir='ltr'><strong>non</strong></span> <span class='ocrx_word' id='word_1_83' title='bbox 469 588 557 615; x_wconf 84' lang='lat' dir='ltr'><strong>solum</strong></span> <span class='ocrx_word' id='word_1_84' title='bbox 569 589 633 622; x_wconf 89' lang='lat' dir='ltr'><strong>quia</strong></span> <span class='ocrx_word' id='word_1_85' title='bbox 657 587 768 614; x_wconf 75' lang='lat' dir='ltr'><strong>rationis</strong></span> <span class='ocrx_word' id='word_1_86' title='bbox 779 593 806 614; x_wconf 84' lang='lat' dir='ltr'><strong>et</strong></span> <span class='ocrx_word' id='word_1_87' title='bbox 820 595 895 614; x_wconf 89' lang='lat' dir='ltr'><strong>mcu-</strong></span> 
     </span>
    </p>
   </div>
   <div class='ocr_carea' id='block_1_13' title="bbox 110 633 895 668">
    <p class='ocr_par' dir='ltr' id='par_1_13' title="bbox 110 633 895 668">
     <span class='ocr_line' id='line_1_13' title="bbox 110 633 895 668; baseline -0.004 -7"><span class='ocrx_word' id='word_1_88' title='bbox 110 635 147 661; x_wconf 80' lang='lat' dir='ltr'><strong>tis</strong></span> <span class='ocrx_word' id='word_1_89' title='bbox 167 640 194 661; x_wconf 91' lang='lat' dir='ltr'><strong>et</strong></span> <span class='ocrx_word' id='word_1_90' title='bbox 214 635 354 668; x_wconf 64' lang='lat' dir='ltr'><strong>sapientiae</strong></span> <span class='ocrx_word' id='word_1_91' title='bbox 363 640 404 661; x_wconf 89' lang='lat' dir='ltr'><strong>est</strong></span> <span class='ocrx_word' id='word_1_92' title='bbox 418 634 539 668; x_wconf 74' lang='lat' dir='ltr'><strong>largitor,</strong></span> <span class='ocrx_word' id='word_1_93' title='bbox 563 634 610 661; x_wconf 86' lang='lat' dir='ltr'><strong>sed</strong></span> <span class='ocrx_word' id='word_1_94' title='bbox 622 633 685 667; x_wconf 84' lang='lat' dir='ltr'><strong>quia</strong></span> <span class='ocrx_word' id='word_1_95' title='bbox 714 640 812 660; x_wconf 84' lang='lat' dir='ltr'><strong>causas</strong></span> <span class='ocrx_word' id='word_1_96' title='bbox 836 636 895 659; x_wconf 77' lang='lat' dir='ltr'><strong>omi-</strong></span> 
     </span>
    </p>
   </div>
   <div class='ocr_carea' id='block_1_14' title="bbox 108 679 895 714">
    <p class='ocr_par' dir='ltr' id='par_1_14' title="bbox 108 679 895 714">
     <span class='ocr_line' id='line_1_14' title="bbox 108 679 895 714; baseline -0.003 -8"><span class='ocrx_word' id='word_1_97' title='bbox 108 680 187 706; x_wconf 87' lang='lat' dir='ltr'><strong>ninm</strong></span> <span class='ocrx_word' id='word_1_98' title='bbox 206 679 248 714; x_wconf 83' lang='lat' dir='ltr'><strong>(l)</strong></span> <span class='ocrx_word' id='word_1_99' title='bbox 266 680 438 707; x_wconf 73' lang='lat' dir='ltr'><strong>unil&#39;oruniter</strong></span> <span class='ocrx_word' id='word_1_100' title='bbox 452 679 622 714; x_wconf 84' lang='lat' dir='ltr'><strong>anticipavit.</strong></span> <span class='ocrx_word' id='word_1_101' title='bbox 638 679 734 705; x_wconf 78' lang='lat' dir='ltr'><strong>Adhuc</strong></span> <span class='ocrx_word' id='word_1_102' title='bbox 753 679 778 704; x_wconf 91' lang='lat' dir='ltr'><strong>in</strong></span> <span class='ocrx_word' id='word_1_103' title='bbox 801 679 895 705; x_wconf 87' lang='lat' dir='ltr'><strong>eodem</strong></span> 
     </span>
    </p>
   </div>
   <div class='ocr_carea' id='block_1_15' title="bbox 108 724 894 759">
    <p class='ocr_par' dir='ltr' id='par_1_15' title="bbox 108 724 894 759">
     <span class='ocr_line' id='line_1_15' title="bbox 108 724 894 759; baseline -0.004 -7"><span class='ocrx_word' id='word_1_104' title='bbox 108 726 201 759; x_wconf 85' lang='lat' dir='ltr'><strong>capite</strong></span> <span class='ocrx_word' id='word_1_105' title='bbox 216 736 221 753; x_wconf 76' lang='grc' dir='ltr'>ε</span> <span class='ocrx_word' id='word_1_106' title='bbox 238 725 328 758; x_wconf 85' lang='lat' dir='ltr'><strong>Quare</strong></span> <span class='ocrx_word' id='word_1_107' title='bbox 339 726 429 752; x_wconf 86' lang='lat' dir='ltr'><strong>divina</strong></span> <span class='ocrx_word' id='word_1_108' title='bbox 445 732 521 753; x_wconf 88' lang='lat' dir='ltr'><strong>meus</strong></span> <span class='ocrx_word' id='word_1_109' title='bbox 536 724 626 753; x_wconf 86' lang='lat' dir='ltr'><strong>omnia</strong></span> <span class='ocrx_word' id='word_1_110' title='bbox 655 724 778 751; x_wconf 87' lang='lat' dir='ltr'><strong>continet</strong></span> <span class='ocrx_word' id='word_1_111' title='bbox 801 725 894 758; x_wconf 81' lang='lat' dir='ltr'><strong>cegni-</strong></span> 
     </span>
    </p>
   </div>
   <div class='ocr_carea' id='block_1_16' title="bbox 110 771 896 805">
    <p class='ocr_par' dir='ltr' id='par_1_16' title="bbox 110 771 896 805">
     <span class='ocr_line' id='line_1_16' title="bbox 110 771 896 805; baseline -0.001 -8"><span class='ocrx_word' id='word_1_112' title='bbox 110 771 186 798; x_wconf 89' lang='lat' dir='ltr'><strong>tione</strong></span> <span class='ocrx_word' id='word_1_113' title='bbox 198 772 232 799; x_wconf 89' lang='lat' dir='ltr'><strong>ab</strong></span> <span class='ocrx_word' id='word_1_114' title='bbox 248 772 374 799; x_wconf 86' lang='lat' dir='ltr'><strong>omnibus</strong></span> <span class='ocrx_word' id='word_1_115' title='bbox 392 776 515 805; x_wconf 85' lang='lat' dir='ltr'><strong>exempta</strong></span> <span class='ocrx_word' id='word_1_116' title='bbox 541 771 591 805; x_wconf 74' lang='grc'><strong>(2).</strong></span> <span class='ocrx_word' id='word_1_117' title='bbox 616 771 672 805; x_wconf 79' lang='lat' dir='ltr'><strong>qui</strong></span> <span class='ocrx_word' id='word_1_118' title='bbox 692 775 829 804; x_wconf 79' lang='lat' dir='ltr'><strong>quatenus</strong></span> <span class='ocrx_word' id='word_1_119' title='bbox 855 775 896 797; x_wconf 88' lang='lat' dir='ltr'><strong>est</strong></span> 
     </span>
    </p>
   </div>
   <div class='ocr_carea' id='block_1_17' title="bbox 109 815 896 850">
    <p class='ocr_par' dir='ltr' id='par_1_17' title="bbox 109 815 896 850">
     <span class='ocr_line' id='line_1_17' title="bbox 109 815 896 850; baseline -0.003 -6"><span class='ocrx_word' id='word_1_120' title='bbox 109 824 196 844; x_wconf 82' lang='lat' dir='ltr'><strong>causa</strong></span> <span class='ocrx_word' id='word_1_121' title='bbox 210 817 411 849; x_wconf 81' lang='lat' dir='ltr'><strong>universorum,</strong></span> <span class='ocrx_word' id='word_1_122' title='bbox 428 817 567 844; x_wconf 92' lang='lat' dir='ltr'><strong>scientiam</strong></span> <span class='ocrx_word' id='word_1_123' title='bbox 595 817 715 843; x_wconf 85' lang='lat' dir='ltr'><strong>omnium</strong></span> <span class='ocrx_word' id='word_1_124' title='bbox 727 816 753 843; x_wconf 91' lang='lat' dir='ltr'><strong>in</strong></span> <span class='ocrx_word' id='word_1_125' title='bbox 780 823 809 842; x_wconf 83' lang='lat' dir='ltr'><strong>se</strong></span> <span class='ocrx_word' id='word_1_126' title='bbox 838 815 896 850; x_wconf 83' lang='lat' dir='ltr'><strong>ipso</strong></span> 
     </span>
    </p>
   </div>
   <div class='ocr_carea' id='block_1_18' title="bbox 109 862 895 896">
    <p class='ocr_par' dir='ltr' id='par_1_18' title="bbox 109 862 895 896">
     <span class='ocr_line' id='line_1_18' title="bbox 109 862 895 896; baseline 0 -7"><span class='ocrx_word' id='word_1_127' title='bbox 109 862 274 896; x_wconf 84' lang='lat' dir='ltr'><strong>anticipavit</strong></span> <span class='ocrx_word' id='word_1_128' title='bbox 290 871 296 889; x_wconf 89' lang='lat'>:</span> <span class='ocrx_word' id='word_1_129' title='bbox 313 863 359 896; x_wconf 91' lang='lat' dir='ltr'><strong>qui</strong></span> <span class='ocrx_word' id='word_1_130' title='bbox 373 867 519 896; x_wconf 82' lang='lat' dir='ltr'><strong>antequam</strong></span> <span class='ocrx_word' id='word_1_131' title='bbox 540 862 646 893; x_wconf 84' lang='lat' dir='ltr'><strong>tierent,</strong></span> <span class='ocrx_word' id='word_1_132' title='bbox 675 863 753 889; x_wconf 89' lang='lat' dir='ltr'><strong>novit</strong></span> <span class='ocrx_word' id='word_1_133' title='bbox 783 863 895 896; x_wconf 77' lang='lat' dir='ltr'><strong>angelos</strong></span> 
     </span>
    </p>
   </div>
   <div class='ocr_carea' id='block_1_19' title="bbox 109 893 934 942">
    <p class='ocr_par' dir='ltr' id='par_1_19' title="bbox 109 893 934 942">
     <span class='ocr_line' id='line_1_19' title="bbox 109 893 934 942; baseline 0.001 -8"><span class='ocrx_word' id='word_1_134' title='bbox 109 913 139 936; x_wconf 91' lang='lat' dir='ltr'><strong>et</strong></span> <span class='ocrx_word' id='word_1_135' title='bbox 155 907 283 942; x_wconf 86' lang='lat' dir='ltr'><strong>produxit</strong></span> <span class='ocrx_word' id='word_1_136' title='bbox 301 907 423 942; x_wconf 80' lang='lat' dir='ltr'><strong>angelos,</strong></span> <span class='ocrx_word' id='word_1_137' title='bbox 441 911 469 934; x_wconf 88' lang='lat' dir='ltr'><strong>et</strong></span> <span class='ocrx_word' id='word_1_138' title='bbox 498 907 550 934; x_wconf 85' lang='lat' dir='ltr'><strong>alia</strong></span> <span class='ocrx_word' id='word_1_139' title='bbox 579 907 670 935; x_wconf 83' lang='lat' dir='ltr'><strong>omnia</strong></span> <span class='ocrx_word' id='word_1_140' title='bbox 706 908 787 940; x_wconf 87' lang='lat' dir='ltr'><strong>intus,</strong></span> <span class='ocrx_word' id='word_1_141' title='bbox 811 913 836 936; x_wconf 89' lang='lat' dir='ltr'><strong>et</strong></span> <span class='ocrx_word' id='word_1_142' title='bbox 862 910 895 935; x_wconf 89' lang='lat' dir='ltr'><strong>ab</strong></span> <span class='ocrx_word' id='word_1_143' title='bbox 910 893 934 922; x_wconf 74' lang='grc' dir='ltr'>Β</span> 
     </span>
    </p>
   </div>
   <div class='ocr_carea' id='block_1_20' title="bbox 110 953 898 989">
    <p class='ocr_par' dir='ltr' id='par_1_20' title="bbox 110 953 898 989">
     <span class='ocr_line' id='line_1_20' title="bbox 110 953 898 989; baseline 0.001 -8"><span class='ocrx_word' id='word_1_144' title='bbox 110 955 184 988; x_wconf 85' lang='lat' dir='ltr'><strong>ipso,</strong></span> <span class='ocrx_word' id='word_1_145' title='bbox 200 959 228 981; x_wconf 93' lang='lat' dir='ltr'><strong>ut</strong></span> <span class='ocrx_word' id='word_1_146' title='bbox 242 955 278 981; x_wconf 84' lang='lat' dir='ltr'><strong>ita</strong></span> <span class='ocrx_word' id='word_1_147' title='bbox 293 954 393 985; x_wconf 84' lang='lat' dir='ltr'><strong>dicam,</strong></span> <span class='ocrx_word' id='word_1_148' title='bbox 411 953 542 988; x_wconf 87' lang='lat' dir='ltr'><strong>principio</strong></span> <span class='ocrx_word' id='word_1_149' title='bbox 555 954 628 980; x_wconf 91' lang='lat' dir='ltr'><strong>novit</strong></span> <span class='ocrx_word' id='word_1_150' title='bbox 642 954 691 989; x_wconf 77' lang='lat'><strong>(5),</strong></span> <span class='ocrx_word' id='word_1_151' title='bbox 709 959 736 981; x_wconf 91' lang='lat' dir='ltr'><strong>et</strong></span> <span class='ocrx_word' id='word_1_152' title='bbox 750 955 782 982; x_wconf 86' lang='lat' dir='ltr'><strong>ad</strong></span> <span class='ocrx_word' id='word_1_153' title='bbox 806 962 898 987; x_wconf 49' lang='lat' dir='ltr'><strong>essen:</strong></span> 
     </span>
    </p>
   </div>
   <div class='ocr_carea' id='block_1_21' title="bbox 114 1000 898 1035">
    <p class='ocr_par' dir='ltr' id='par_1_21' title="bbox 114 1000 898 1035">
     <span class='ocr_line' id='line_1_21' title="bbox 114 1000 898 1035; baseline 0.001 -9"><span class='ocrx_word' id='word_1_154' title='bbox 114 1000 182 1027; x_wconf 84' lang='lat' dir='ltr'><strong>tiam</strong></span> <span class='ocrx_word' id='word_1_155' title='bbox 200 1001 332 1032; x_wconf 81' lang='lat' dir='ltr'><strong>adduxit;</strong></span> <span class='ocrx_word' id='word_1_156' title='bbox 349 1005 434 1034; x_wconf 87' lang='lat' dir='ltr'><strong>atque</strong></span> <span class='ocrx_word' id='word_1_157' title='bbox 456 1000 507 1027; x_wconf 88' lang='lat' dir='ltr'><strong>boc</strong></span> <span class='ocrx_word' id='word_1_158' title='bbox 521 1001 640 1028; x_wconf 83' lang='lat' dir='ltr'><strong>arbitror</strong></span> <span class='ocrx_word' id='word_1_159' title='bbox 656 1001 823 1035; x_wconf 83' lang='lat' dir='ltr'><strong>Scripturam</strong></span> <span class='ocrx_word' id='word_1_160' title='bbox 841 1005 898 1028; x_wconf 89' lang='lat' dir='ltr'><strong>tra-</strong></span> 
     </span>
    </p>
   </div>
   <div class='ocr_carea' id='block_1_22' title="bbox 111 1045 897 1081">
    <p class='ocr_par' dir='ltr' id='par_1_22' title="bbox 111 1045 897 1081">
     <span class='ocr_line' id='line_1_22' title="bbox 111 1045 897 1081; baseline 0.001 -9"><span class='ocrx_word' id='word_1_161' title='bbox 111 1047 187 1077; x_wconf 83' lang='lat' dir='ltr'><strong>dere,</strong></span> <span class='ocrx_word' id='word_1_162' title='bbox 199 1053 260 1072; x_wconf 89' lang='lat' dir='ltr'><strong>cum</strong></span> <span class='ocrx_word' id='word_1_163' title='bbox 276 1046 314 1072; x_wconf 89' lang='lat' dir='ltr'><strong>ait</strong></span> <span class='ocrx_word' id='word_1_164' title='bbox 329 1054 336 1072; x_wconf 90' lang='lat'><strong>:</strong></span> <span class='ocrx_word' id='word_1_165' title='bbox 352 1045 404 1078; x_wconf 81' lang='lat' dir='ltr'><strong>Qui</strong></span> <span class='ocrx_word' id='word_1_166' title='bbox 421 1047 490 1073; x_wconf 79' lang='lat' dir='ltr'><strong>novit</strong></span> <span class='ocrx_word' id='word_1_167' title='bbox 502 1047 588 1073; x_wconf 84' lang='lat' dir='ltr'><strong>omnia</strong></span> <span class='ocrx_word' id='word_1_168' title='bbox 604 1052 744 1081; x_wconf 77' lang='lat' dir='ltr'><strong>antequam</strong></span> <span class='ocrx_word' id='word_1_169' title='bbox 759 1046 850 1080; x_wconf 74' lang='lat' dir='ltr'><strong>ﬁerent</strong></span> <span class='ocrx_word' id='word_1_170' title='bbox 864 1047 897 1079; x_wconf 85' lang='lat'><strong>&quot;&#39;;</strong></span> 
     </span>
    </p>
   </div>
   <div class='ocr_carea' id='block_1_23' title="bbox 111 1091 899 1127">
    <p class='ocr_par' dir='ltr' id='par_1_23' title="bbox 111 1091 899 1127">
     <span class='ocr_line' id='line_1_23' title="bbox 111 1091 899 1127; baseline 0.001 -9"><span class='ocrx_word' id='word_1_171' title='bbox 111 1099 166 1118; x_wconf 92' lang='lat' dir='ltr'><strong>non</strong></span> <span class='ocrx_word' id='word_1_172' title='bbox 183 1092 255 1119; x_wconf 84' lang='lat' dir='ltr'><strong>enim</strong></span> <span class='ocrx_word' id='word_1_173' title='bbox 275 1091 367 1119; x_wconf 78' lang='lat' dir='ltr'><strong>divina</strong></span> <span class='ocrx_word' id='word_1_174' title='bbox 384 1099 460 1119; x_wconf 80' lang='lat' dir='ltr'><strong>metis</strong></span> <span class='ocrx_word' id='word_1_175' title='bbox 476 1092 602 1126; x_wconf 77' lang='lat' dir='ltr'><strong>cognovit</strong></span> <span class='ocrx_word' id='word_1_176' title='bbox 615 1100 646 1119; x_wconf 87' lang='lat' dir='ltr'><strong>ea</strong></span> <span class='ocrx_word' id='word_1_177' title='bbox 666 1100 727 1127; x_wconf 80' lang='lat' dir='ltr'><strong>qurc</strong></span> <span class='ocrx_word' id='word_1_178' title='bbox 747 1097 820 1124; x_wconf 87' lang='lat' dir='ltr'><strong>sunt,</strong></span> <span class='ocrx_word' id='word_1_179' title='bbox 836 1100 899 1127; x_wconf 81' lang='lat' dir='ltr'><strong>per-</strong></span> 
     </span>
    </p>
   </div>
   <div class='ocr_carea' id='block_1_24' title="bbox 111 1137 899 1172">
    <p class='ocr_par' dir='ltr' id='par_1_24' title="bbox 111 1137 899 1172">
     <span class='ocr_line' id='line_1_24' title="bbox 111 1137 899 1172; baseline 0 -8"><span class='ocrx_word' id='word_1_180' title='bbox 111 1137 219 1171; x_wconf 83' lang='lat' dir='ltr'><strong>cipiens</strong></span> <span class='ocrx_word' id='word_1_181' title='bbox 231 1137 410 1171; x_wconf 73' lang='lat' dir='ltr'><strong>cognitionem</strong></span> <span class='ocrx_word' id='word_1_182' title='bbox 427 1144 522 1164; x_wconf 90' lang='lat' dir='ltr'><strong>eorum</strong></span> <span class='ocrx_word' id='word_1_183' title='bbox 535 1144 568 1164; x_wconf 85' lang='lat' dir='ltr'><strong>ex</strong></span> <span class='ocrx_word' id='word_1_184' title='bbox 584 1137 617 1164; x_wconf 91' lang='lat' dir='ltr'><strong>iis</strong></span> <span class='ocrx_word' id='word_1_185' title='bbox 634 1144 693 1172; x_wconf 77' lang='lat' dir='ltr'><strong>qua:</strong></span> <span class='ocrx_word' id='word_1_186' title='bbox 704 1142 776 1170; x_wconf 88' lang='lat' dir='ltr'><strong>sunt,</strong></span> <span class='ocrx_word' id='word_1_187' title='bbox 805 1139 850 1165; x_wconf 90' lang='lat' dir='ltr'><strong>sed</strong></span> <span class='ocrx_word' id='word_1_188' title='bbox 865 1144 899 1164; x_wconf 84' lang='lat' dir='ltr'><strong>ex</strong></span> 
     </span>
    </p>
   </div>
   <div class='ocr_carea' id='block_1_25' title="bbox 113 1182 899 1217">
    <p class='ocr_par' dir='ltr' id='par_1_25' title="bbox 113 1182 899 1217">
     <span class='ocr_line' id='line_1_25' title="bbox 113 1182 899 1217; baseline 0 -7"><span class='ocrx_word' id='word_1_189' title='bbox 113 1191 144 1210; x_wconf 86' lang='lat' dir='ltr'><strong>se</strong></span> <span class='ocrx_word' id='word_1_190' title='bbox 158 1183 216 1216; x_wconf 88' lang='lat' dir='ltr'><strong>ipso</strong></span> <span class='ocrx_word' id='word_1_191' title='bbox 246 1186 276 1209; x_wconf 80' lang='lat' dir='ltr'><strong>et</strong></span> <span class='ocrx_word' id='word_1_192' title='bbox 300 1183 325 1209; x_wconf 91' lang='lat' dir='ltr'><strong>in</strong></span> <span class='ocrx_word' id='word_1_193' title='bbox 356 1190 386 1210; x_wconf 78' lang='lat' dir='ltr'><strong>Ie</strong></span> <span class='ocrx_word' id='word_1_194' title='bbox 412 1182 471 1217; x_wconf 83' lang='lat' dir='ltr'><strong>ipso</strong></span> <span class='ocrx_word' id='word_1_195' title='bbox 494 1183 642 1210; x_wconf 83' lang='lat' dir='ltr'><strong>secundum</strong></span> <span class='ocrx_word' id='word_1_196' title='bbox 667 1189 785 1215; x_wconf 85' lang='lat' dir='ltr'><strong>causam,</strong></span> <span class='ocrx_word' id='word_1_197' title='bbox 811 1183 899 1210; x_wconf 79' lang='lat' dir='ltr'><strong>scien-</strong></span> 
     </span>
    </p>
   </div>
   <div class='ocr_carea' id='block_1_26' title="bbox 113 1228 898 1263">
    <p class='ocr_par' dir='ltr' id='par_1_26' title="bbox 113 1228 898 1263">
     <span class='ocr_line' id='line_1_26' title="bbox 113 1228 898 1263; baseline -0.001 -7"><span class='ocrx_word' id='word_1_198' title='bbox 113 1230 181 1256; x_wconf 72' lang='lat' dir='ltr'><strong>‘tiam</strong></span> <span class='ocrx_word' id='word_1_199' title='bbox 192 1229 315 1256; x_wconf 83' lang='lat' dir='ltr'><strong>omnium</strong></span> <span class='ocrx_word' id='word_1_200' title='bbox 325 1233 352 1256; x_wconf 88' lang='lat' dir='ltr'><strong>et</strong></span> <span class='ocrx_word' id='word_1_201' title='bbox 361 1229 540 1263; x_wconf 82' lang='lat' dir='ltr'><strong>cognitionem</strong></span> <span class='ocrx_word' id='word_1_202' title='bbox 557 1229 736 1256; x_wconf 87' lang='lat' dir='ltr'><strong>etessentiam</strong></span> <span class='ocrx_word' id='word_1_203' title='bbox 752 1228 898 1263; x_wconf 76' lang='lat' dir='ltr'><strong>prazhabet,</strong></span> 
     </span>
    </p>
   </div>
   <div class='ocr_carea' id='block_1_27' title="bbox 112 1274 901 1310">
    <p class='ocr_par' dir='ltr' id='par_1_27' title="bbox 112 1274 901 1310">
     <span class='ocr_line' id='line_1_27' title="bbox 112 1274 901 1310; baseline -0.001 -9"><span class='ocrx_word' id='word_1_204' title='bbox 112 1280 142 1301; x_wconf 87' lang='lat' dir='ltr'><strong>et</strong></span> <span class='ocrx_word' id='word_1_205' title='bbox 160 1275 242 1302; x_wconf 81' lang='lat' dir='ltr'><strong>simul</strong></span> <span class='ocrx_word' id='word_1_206' title='bbox 253 1275 418 1310; x_wconf 83' lang='lat' dir='ltr'><strong>anticipavit.</strong></span> <span class='ocrx_word' id='word_1_207' title='bbox 434 1282 486 1302; x_wconf 91' lang='lat' dir='ltr'><strong>non</strong></span> <span class='ocrx_word' id='word_1_208' title='bbox 502 1274 682 1302; x_wconf 82' lang='lat' dir='ltr'><strong>intendensad</strong></span> <span class='ocrx_word' id='word_1_209' title='bbox 693 1275 796 1309; x_wconf 87' lang='lat' dir='ltr'><strong>singula</strong></span> <span class='ocrx_word' id='word_1_210' title='bbox 813 1276 901 1308; x_wconf 83' lang='lat' dir='ltr'><strong>perci-</strong></span> 
     </span>
    </p>
   </div>
   <div class='ocr_carea' id='block_1_28' title="bbox 114 1319 898 1353">
    <p class='ocr_par' dir='ltr' id='par_1_28' title="bbox 114 1319 898 1353">
     <span class='ocr_line' id='line_1_28' title="bbox 114 1319 898 1353; baseline 0.003 -8"><span class='ocrx_word' id='word_1_211' title='bbox 114 1320 213 1353; x_wconf 80' lang='lat' dir='ltr'><strong>pienda</strong></span> <span class='ocrx_word' id='word_1_212' title='bbox 223 1321 472 1347; x_wconf 82' lang='lat' dir='ltr'><strong>secundumeornm</strong></span> <span class='ocrx_word' id='word_1_213' title='bbox 483 1319 594 1351; x_wconf 79' lang='lat' dir='ltr'><strong>formas,</strong></span> <span class='ocrx_word' id='word_1_214' title='bbox 606 1321 652 1348; x_wconf 86' lang='lat' dir='ltr'><strong>sed</strong></span> <span class='ocrx_word' id='word_1_215' title='bbox 662 1321 898 1348; x_wconf 84' lang='lat' dir='ltr'><strong>secundumunnm</strong></span> 
     </span>
    </p>
   </div>
   <div class='ocr_carea' id='block_1_29' title="bbox 114 1365 899 1399">
    <p class='ocr_par' dir='ltr' id='par_1_29' title="bbox 114 1365 899 1399">
     <span class='ocr_line' id='line_1_29' title="bbox 114 1365 899 1399; baseline 0.003 -7"><span class='ocrx_word' id='word_1_216' title='bbox 114 1371 206 1392; x_wconf 60' lang='lat' dir='ltr'><strong>causae</strong></span> <span class='ocrx_word' id='word_1_217' title='bbox 217 1365 386 1399; x_wconf 86' lang='lat' dir='ltr'><strong>complexum</strong></span> <span class='ocrx_word' id='word_1_218' title='bbox 397 1366 488 1392; x_wconf 83' lang='lat' dir='ltr'><strong>omnia</strong></span> <span class='ocrx_word' id='word_1_219' title='bbox 500 1367 590 1393; x_wconf 83' lang='lat' dir='ltr'><strong>sciens</strong></span> <span class='ocrx_word' id='word_1_220' title='bbox 604 1373 631 1394; x_wconf 76' lang='lat' dir='ltr'><strong>et</strong></span> <span class='ocrx_word' id='word_1_221' title='bbox 646 1367 788 1394; x_wconf 86' lang='lat' dir='ltr'><strong>continens</strong></span> <span class='ocrx_word' id='word_1_222' title='bbox 801 1375 808 1393; x_wconf 85' lang='lat'><strong>:</strong></span> <span class='ocrx_word' id='word_1_223' title='bbox 826 1368 899 1394; x_wconf 85' lang='lat' dir='ltr'><strong>sicut</strong></span> 
     </span>
    </p>
   </div>
   <div class='ocr_carea' id='block_1_30' title="bbox 116 1411 898 1446">
    <p class='ocr_par' dir='ltr' id='par_1_30' title="bbox 116 1411 898 1446">
     <span class='ocr_line' id='line_1_30' title="bbox 116 1411 898 1446; baseline 0.001 -9"><span class='ocrx_word' id='word_1_224' title='bbox 116 1411 207 1438; x_wconf 83' lang='lat' dir='ltr'><strong>lumen</strong></span> <span class='ocrx_word' id='word_1_225' title='bbox 218 1411 256 1445; x_wconf 69' lang='grc' dir='ltr'><strong>(ι)</strong></span> <span class='ocrx_word' id='word_1_226' title='bbox 270 1412 295 1437; x_wconf 90' lang='lat' dir='ltr'><strong>in</strong></span> <span class='ocrx_word' id='word_1_227' title='bbox 309 1418 338 1438; x_wconf 84' lang='lat' dir='ltr'><strong>se</strong></span> <span class='ocrx_word' id='word_1_228' title='bbox 349 1411 410 1446; x_wconf 88' lang='lat' dir='ltr'><strong>ipso</strong></span> <span class='ocrx_word' id='word_1_229' title='bbox 422 1412 572 1438; x_wconf 85' lang='lat' dir='ltr'><strong>secundum</strong></span> <span class='ocrx_word' id='word_1_230' title='bbox 596 1419 704 1439; x_wconf 84' lang='lat' dir='ltr'><strong>causam</strong></span> <span class='ocrx_word' id='word_1_231' title='bbox 717 1413 898 1446; x_wconf 71' lang='lat' dir='ltr'><strong>cognitionem</strong></span> 
     </span>
    </p>
   </div>
   <div class='ocr_carea' id='block_1_31' title="bbox 117 1456 898 1491">
    <p class='ocr_par' dir='ltr' id='par_1_31' title="bbox 117 1456 898 1491">
     <span class='ocr_line' id='line_1_31' title="bbox 117 1456 898 1491; baseline 0.003 -10"><span class='ocrx_word' id='word_1_232' title='bbox 117 1457 289 1482; x_wconf 74' lang='lat' dir='ltr'><strong>tenebrarum</strong></span> <span class='ocrx_word' id='word_1_233' title='bbox 307 1456 475 1490; x_wconf 86' lang='lat' dir='ltr'><strong>auticipavit,</strong></span> <span class='ocrx_word' id='word_1_234' title='bbox 490 1463 542 1483; x_wconf 90' lang='lat' dir='ltr'><strong>non</strong></span> <span class='ocrx_word' id='word_1_235' title='bbox 562 1456 669 1484; x_wconf 87' lang='lat' dir='ltr'><strong>aliunde</strong></span> <span class='ocrx_word' id='word_1_236' title='bbox 682 1457 807 1484; x_wconf 76' lang='lat' dir='ltr'><strong>tenebras</strong></span> <span class='ocrx_word' id='word_1_237' title='bbox 817 1465 898 1491; x_wconf 80' lang='lat' dir='ltr'><strong>quant</strong></span> 
     </span>
    </p>
   </div>
   <div class='ocr_carea' id='block_1_32' title="bbox 114 1501 898 1537">
    <p class='ocr_par' dir='ltr' id='par_1_32' title="bbox 114 1501 898 1537">
     <span class='ocr_line' id='line_1_32' title="bbox 114 1501 898 1537; baseline 0.004 -10"><span class='ocrx_word' id='word_1_238' title='bbox 114 1507 149 1527; x_wconf 82' lang='lat' dir='ltr'><strong>ex</strong></span> <span class='ocrx_word' id='word_1_239' title='bbox 166 1501 266 1527; x_wconf 74' lang='lat' dir='ltr'><strong>lumine</strong></span> <span class='ocrx_word' id='word_1_240' title='bbox 280 1508 459 1536; x_wconf 81' lang='lat' dir='ltr'><strong>cognoscens.</strong></span> <span class='ocrx_word' id='word_1_241' title='bbox 498 1501 592 1528; x_wconf 81' lang='lat' dir='ltr'><strong>Divina</strong></span> <span class='ocrx_word' id='word_1_242' title='bbox 606 1502 687 1537; x_wconf 82' lang='lat' dir='ltr'><strong>igitur</strong></span> <span class='ocrx_word' id='word_1_243' title='bbox 706 1502 839 1536; x_wconf 76' lang='lat' dir='ltr'><strong>sapientia</strong></span> <span class='ocrx_word' id='word_1_244' title='bbox 870 1510 898 1530; x_wconf 84' lang='lat' dir='ltr'><strong>se</strong></span> 
     </span>
    </p>
   </div>
   <div class='ocr_carea' id='block_1_33' title="bbox 116 1547 933 1586">
    <p class='ocr_par' dir='ltr' id='par_1_33' title="bbox 116 1547 933 1586">
     <span class='ocr_line' id='line_1_33' title="bbox 116 1547 933 1586; baseline 0.001 -13"><span class='ocrx_word' id='word_1_245' title='bbox 116 1547 204 1580; x_wconf 85' lang='lat' dir='ltr'><strong>ipsam</strong></span> <span class='ocrx_word' id='word_1_246' title='bbox 228 1554 408 1581; x_wconf 84' lang='lat' dir='ltr'><strong>cognoscens,</strong></span> <span class='ocrx_word' id='word_1_247' title='bbox 438 1548 577 1582; x_wconf 73' lang='lat' dir='ltr'><strong>Cognoscit</strong></span> <span class='ocrx_word' id='word_1_248' title='bbox 613 1548 723 1579; x_wconf 72' lang='lat' dir='ltr'><strong>omnia;</strong></span> <span class='ocrx_word' id='word_1_249' title='bbox 757 1548 933 1586; x_wconf 72' lang='lat' dir='ltr'><strong>materiamc</strong></span> 
     </span>
    </p>
   </div>
   <div class='ocr_carea' id='block_1_34' title="bbox 116 1591 898 1626">
    <p class='ocr_par' dir='ltr' id='par_1_34' title="bbox 116 1591 898 1626">
     <span class='ocr_line' id='line_1_34' title="bbox 116 1591 898 1626; baseline 0.003 -8"><span class='ocrx_word' id='word_1_250' title='bbox 116 1591 245 1618; x_wconf 82' lang='lat' dir='ltr'><strong>habentia</strong></span> <span class='ocrx_word' id='word_1_251' title='bbox 261 1592 319 1618; x_wconf 80' lang='lat' dir='ltr'><strong>sine</strong></span> <span class='ocrx_word' id='word_1_252' title='bbox 334 1591 458 1624; x_wconf 86' lang='lat' dir='ltr'><strong>materia,</strong></span> <span class='ocrx_word' id='word_1_253' title='bbox 474 1593 608 1624; x_wconf 86' lang='lat' dir='ltr'><strong>partibilia</strong></span> <span class='ocrx_word' id='word_1_254' title='bbox 636 1593 845 1626; x_wconf 88' lang='lat' dir='ltr'><strong>impartibiliter,</strong></span> <span class='ocrx_word' id='word_1_255' title='bbox 869 1597 898 1620; x_wconf 81' lang='lat' dir='ltr'><strong>et</strong></span> 
     </span>
    </p>
   </div>
   <div class='ocr_carea' id='block_1_35' title="bbox 118 1637 896 1673">
    <p class='ocr_par' dir='ltr' id='par_1_35' title="bbox 118 1637 896 1673">
     <span class='ocr_line' id='line_1_35' title="bbox 118 1637 896 1673; baseline 0.003 -10"><span class='ocrx_word' id='word_1_256' title='bbox 118 1637 202 1664; x_wconf 86' lang='lat' dir='ltr'><strong>multa</strong></span> <span class='ocrx_word' id='word_1_257' title='bbox 214 1637 386 1672; x_wconf 72' lang='lat' dir='ltr'><strong>singulariter</strong></span> <span class='ocrx_word' id='word_1_258' title='bbox 400 1645 415 1664; x_wconf 87' lang='lat' dir='ltr'><strong>e</strong></span> <span class='ocrx_word' id='word_1_259' title='bbox 443 1645 472 1664; x_wconf 85' lang='lat' dir='ltr'><strong>se</strong></span> <span class='ocrx_word' id='word_1_260' title='bbox 489 1637 548 1672; x_wconf 89' lang='lat' dir='ltr'><strong>ipso</strong></span> <span class='ocrx_word' id='word_1_261' title='bbox 565 1645 628 1670; x_wconf 77' lang='lat' dir='ltr'><strong>uno,</strong></span> <span class='ocrx_word' id='word_1_262' title='bbox 643 1643 738 1665; x_wconf 85' lang='lat' dir='ltr'><strong>cuncta</strong></span> <span class='ocrx_word' id='word_1_263' title='bbox 759 1644 787 1666; x_wconf 90' lang='lat' dir='ltr'><strong>et</strong></span> <span class='ocrx_word' id='word_1_264' title='bbox 797 1647 896 1673; x_wconf 78' lang='lat' dir='ltr'><strong>cogno-</strong></span> 
     </span>
    </p>
   </div>
   <div class='ocr_carea' id='block_1_36' title="bbox 114 1682 897 1717">
    <p class='ocr_par' dir='ltr' id='par_1_36' title="bbox 114 1682 897 1717">
     <span class='ocr_line' id='line_1_36' title="bbox 114 1682 897 1717; baseline 0.004 -8"><span class='ocrx_word' id='word_1_265' title='bbox 114 1690 206 1714; x_wconf 80' lang='lat' dir='ltr'><strong>scens,</strong></span> <span class='ocrx_word' id='word_1_266' title='bbox 218 1687 245 1709; x_wconf 89' lang='lat' dir='ltr'><strong>et</strong></span> <span class='ocrx_word' id='word_1_267' title='bbox 259 1682 418 1717; x_wconf 70' lang='lat' dir='ltr'><strong>produmns.</strong></span> <span class='ocrx_word' id='word_1_268' title='bbox 429 1682 534 1710; x_wconf 78' lang='lat' dir='ltr'><strong>Etenim</strong></span> <span class='ocrx_word' id='word_1_269' title='bbox 546 1684 567 1710; x_wconf 81' lang='lat' dir='ltr'><strong>si</strong></span> <span class='ocrx_word' id='word_1_270' title='bbox 578 1683 648 1711; x_wconf 82' lang='lat' dir='ltr'><strong>Dens</strong></span> <span class='ocrx_word' id='word_1_271' title='bbox 657 1685 805 1711; x_wconf 75' lang='lat' dir='ltr'><strong>secundum</strong></span> <span class='ocrx_word' id='word_1_272' title='bbox 817 1693 897 1712; x_wconf 88' lang='lat' dir='ltr'><strong>uuam</strong></span> 
     </span>
    </p>
   </div>
   <div class='ocr_carea' id='block_1_37' title="bbox 115 1727 897 1762">
    <p class='ocr_par' dir='ltr' id='par_1_37' title="bbox 115 1727 897 1762">
     <span class='ocr_line' id='line_1_37' title="bbox 115 1727 897 1762; baseline 0.006 -10"><span class='ocrx_word' id='word_1_273' title='bbox 115 1734 225 1753; x_wconf 87' lang='lat' dir='ltr'><strong>causam</strong></span> <span class='ocrx_word' id='word_1_274' title='bbox 239 1727 365 1754; x_wconf 84' lang='lat' dir='ltr'><strong>omnibus</strong></span> <span class='ocrx_word' id='word_1_275' title='bbox 380 1735 440 1762; x_wconf 63' lang='lat' dir='ltr'><strong>quae</strong></span> <span class='ocrx_word' id='word_1_276' title='bbox 453 1728 655 1762; x_wconf 85' lang='lat' dir='ltr'><strong>sunt,imperlit</strong></span> <span class='ocrx_word' id='word_1_277' title='bbox 669 1736 739 1761; x_wconf 88' lang='lat' dir='ltr'><strong>esse,</strong></span> <span class='ocrx_word' id='word_1_278' title='bbox 751 1730 897 1757; x_wconf 85' lang='lat' dir='ltr'><strong>secundum</strong></span> 
     </span>
    </p>
   </div>
   <div class='ocr_carea' id='block_1_38' title="bbox 115 1772 898 1811">
    <p class='ocr_par' dir='ltr' id='par_1_38' title="bbox 115 1772 898 1811">
     <span class='ocr_line' id='line_1_38' title="bbox 115 1772 898 1811; baseline 0.004 -11"><span class='ocrx_word' id='word_1_279' title='bbox 115 1772 240 1800; x_wconf 84' lang='lat' dir='ltr'><strong>eamdem</strong></span> <span class='ocrx_word' id='word_1_280' title='bbox 255 1781 365 1800; x_wconf 84' lang='lat' dir='ltr'><strong>causam</strong></span> <span class='ocrx_word' id='word_1_281' title='bbox 381 1774 546 1807; x_wconf 83' lang='lat' dir='ltr'><strong>singularem</strong></span> <span class='ocrx_word' id='word_1_282' title='bbox 560 1780 709 1809; x_wconf 75' lang='lat' dir='ltr'><strong>cognoscet</strong></span> <span class='ocrx_word' id='word_1_283' title='bbox 724 1776 827 1804; x_wconf 78' lang='lat' dir='ltr'><strong>omnia.</strong></span> <span class='ocrx_word' id='word_1_284' title='bbox 838 1783 898 1811; x_wconf 81' lang='lat' dir='ltr'><strong>qmc</strong></span> 
     </span>
    </p>
   </div>
   <div class='ocr_carea' id='block_1_39' title="bbox 115 1819 899 1854">
    <p class='ocr_par' dir='ltr' id='par_1_39' title="bbox 115 1819 899 1854">
     <span class='ocr_line' id='line_1_39' title="bbox 115 1819 899 1854; baseline 0.001 -7"><span class='ocrx_word' id='word_1_285' title='bbox 115 1825 144 1848; x_wconf 84' lang='lat' dir='ltr'><strong>et</strong></span> <span class='ocrx_word' id='word_1_286' title='bbox 160 1827 195 1846; x_wconf 85' lang='lat' dir='ltr'><strong>ex</strong></span> <span class='ocrx_word' id='word_1_287' title='bbox 212 1819 270 1853; x_wconf 79' lang='lat' dir='ltr'><strong>ipso</strong></span> <span class='ocrx_word' id='word_1_288' title='bbox 299 1824 372 1850; x_wconf 84' lang='lat' dir='ltr'><strong>sunt.</strong></span> <span class='ocrx_word' id='word_1_289' title='bbox 388 1825 416 1846; x_wconf 86' lang='lat' dir='ltr'><strong>et</strong></span> <span class='ocrx_word' id='word_1_290' title='bbox 432 1821 458 1847; x_wconf 90' lang='lat' dir='ltr'><strong>in</strong></span> <span class='ocrx_word' id='word_1_291' title='bbox 484 1820 544 1854; x_wconf 87' lang='lat' dir='ltr'><strong>ipso</strong></span> <span class='ocrx_word' id='word_1_292' title='bbox 573 1821 648 1854; x_wconf 87' lang='lat' dir='ltr'><strong>prius</strong></span> <span class='ocrx_word' id='word_1_293' title='bbox 666 1821 842 1853; x_wconf 83' lang='lat' dir='ltr'><strong>exstiterunt,</strong></span> <span class='ocrx_word' id='word_1_294' title='bbox 872 1827 899 1848; x_wconf 90' lang='lat' dir='ltr'><strong>et</strong></span> 
     </span>
    </p>
   </div>
   <div class='ocr_carea' id='block_1_40' title="bbox 117 1865 898 1901">
    <p class='ocr_par' dir='ltr' id='par_1_40' title="bbox 117 1865 898 1901">
     <span class='ocr_line' id='line_1_40' title="bbox 117 1865 898 1901; baseline 0.003 -9"><span class='ocrx_word' id='word_1_295' title='bbox 117 1872 171 1893; x_wconf 78' lang='lat' dir='ltr'><strong>nun</strong></span> <span class='ocrx_word' id='word_1_296' title='bbox 187 1873 220 1892; x_wconf 86' lang='lat' dir='ltr'><strong>ex</strong></span> <span class='ocrx_word' id='word_1_297' title='bbox 238 1865 270 1893; x_wconf 88' lang='lat' dir='ltr'><strong>iis</strong></span> <span class='ocrx_word' id='word_1_298' title='bbox 285 1873 345 1900; x_wconf 75' lang='lat' dir='ltr'><strong>quae</strong></span> <span class='ocrx_word' id='word_1_299' title='bbox 357 1871 430 1897; x_wconf 82' lang='lat' dir='ltr'><strong>sunt,</strong></span> <span class='ocrx_word' id='word_1_300' title='bbox 443 1867 564 1901; x_wconf 88' lang='lat' dir='ltr'><strong>ipsorum</strong></span> <span class='ocrx_word' id='word_1_301' title='bbox 586 1867 769 1901; x_wconf 80' lang='lat' dir='ltr'><strong>cognitionem</strong></span> <span class='ocrx_word' id='word_1_302' title='bbox 789 1871 898 1894; x_wconf 78' lang='lat' dir='ltr'><strong>Sumet:</strong></span> 
     </span>
    </p>
   </div>
   <div class='ocr_carea' id='block_1_41' title="bbox 116 1911 899 1947">
    <p class='ocr_par' dir='ltr' id='par_1_41' title="bbox 116 1911 899 1947">
     <span class='ocr_line' id='line_1_41' title="bbox 116 1911 899 1947; baseline 0.004 -10"><span class='ocrx_word' id='word_1_303' title='bbox 116 1911 183 1945; x_wconf 88' lang='lat' dir='ltr'><strong>quin</strong></span> <span class='ocrx_word' id='word_1_304' title='bbox 197 1912 285 1946; x_wconf 79' lang='lat' dir='ltr'><strong>potius</strong></span> <span class='ocrx_word' id='word_1_305' title='bbox 297 1912 363 1946; x_wconf 60' lang='lat' dir='ltr'><strong>ipsis</strong></span> <span class='ocrx_word' id='word_1_306' title='bbox 377 1912 492 1947; x_wconf 78' lang='lat' dir='ltr'><strong>singulis</strong></span> <span class='ocrx_word' id='word_1_307' title='bbox 504 1912 685 1946; x_wconf 74' lang='lat' dir='ltr'><strong>cognitionem</strong></span> <span class='ocrx_word' id='word_1_308' title='bbox 711 1913 842 1947; x_wconf 87' lang='lat' dir='ltr'><strong>ipsorum,</strong></span> <span class='ocrx_word' id='word_1_309' title='bbox 871 1918 899 1940; x_wconf 89' lang='lat' dir='ltr'><strong>et</strong></span> 
     </span>
    </p>
   </div>
   <div class='ocr_carea' id='block_1_42' title="bbox 117 1957 900 1995">
    <p class='ocr_par' dir='ltr' id='par_1_42' title="bbox 117 1957 900 1995">
     <span class='ocr_line' id='line_1_42' title="bbox 117 1957 900 1995; baseline 0.004 -12"><span class='ocrx_word' id='word_1_310' title='bbox 117 1958 179 1984; x_wconf 88' lang='lat' dir='ltr'><strong>aliis</strong></span> <span class='ocrx_word' id='word_1_311' title='bbox 193 1957 272 1984; x_wconf 86' lang='lat' dir='ltr'><strong>aliam</strong></span> <span class='ocrx_word' id='word_1_312' title='bbox 287 1958 468 1992; x_wconf 76' lang='lat' dir='ltr'><strong>cognitionem</strong></span> <span class='ocrx_word' id='word_1_313' title='bbox 485 1959 650 1992; x_wconf 75' lang='lat' dir='ltr'><strong>suppeditat.</strong></span> <span class='ocrx_word' id='word_1_314' title='bbox 663 1959 720 1986; x_wconf 81' lang='lat' dir='ltr'><strong>Non</strong></span> <span class='ocrx_word' id='word_1_315' title='bbox 734 1960 817 1995; x_wconf 80' lang='lat' dir='ltr'><strong>igitur</strong></span> <span class='ocrx_word' id='word_1_316' title='bbox 830 1959 900 1987; x_wconf 90' lang='lat' dir='ltr'><strong>Deus</strong></span> 
     </span>
    </p>
   </div>
   <div class='ocr_carea' id='block_1_43' title="bbox 117 2003 898 2039">
    <p class='ocr_par' dir='ltr' id='par_1_43' title="bbox 117 2003 898 2039">
     <span class='ocr_line' id='line_1_43' title="bbox 117 2003 898 2039; baseline 0 -9"><span class='ocrx_word' id='word_1_317' title='bbox 117 2004 199 2030; x_wconf 83' lang='lat' dir='ltr'><strong>aliam</strong></span> <span class='ocrx_word' id='word_1_318' title='bbox 212 2003 252 2030; x_wconf 89' lang='lat' dir='ltr'><strong>sui</strong></span> <span class='ocrx_word' id='word_1_319' title='bbox 263 2004 443 2037; x_wconf 79' lang='lat' dir='ltr'><strong>cognitionem</strong></span> <span class='ocrx_word' id='word_1_320' title='bbox 460 2004 551 2035; x_wconf 73' lang='lat' dir='ltr'><strong>habet,</strong></span> <span class='ocrx_word' id='word_1_321' title='bbox 562 2003 641 2030; x_wconf 85' lang='lat' dir='ltr'><strong>aliato</strong></span> <span class='ocrx_word' id='word_1_322' title='bbox 658 2012 732 2037; x_wconf 84' lang='lat' dir='ltr'><strong>vero,</strong></span> <span class='ocrx_word' id='word_1_323' title='bbox 762 2013 814 2039; x_wconf 87' lang='lat' dir='ltr'><strong>qua</strong></span> <span class='ocrx_word' id='word_1_324' title='bbox 838 2013 898 2032; x_wconf 89' lang='lat' dir='ltr'><strong>om-</strong></span> 
     </span>
    </p>
   </div>
   <div class='ocr_carea' id='block_1_44' title="bbox 118 2049 898 2085">
    <p class='ocr_par' dir='ltr' id='par_1_44' title="bbox 118 2049 898 2085">
     <span class='ocr_line' id='line_1_44' title="bbox 118 2049 898 2085; baseline 0.001 -9"><span class='ocrx_word' id='word_1_325' title='bbox 118 2050 162 2076; x_wconf 88' lang='lat' dir='ltr'><strong>nia</strong></span> <span class='ocrx_word' id='word_1_326' title='bbox 174 2049 224 2076; x_wconf 89' lang='lat' dir='ltr'><strong>alia</strong></span> <span class='ocrx_word' id='word_1_327' title='bbox 241 2051 420 2076; x_wconf 87' lang='lat' dir='ltr'><strong>communiter</strong></span> <span class='ocrx_word' id='word_1_328' title='bbox 435 2050 639 2085; x_wconf 88' lang='lat' dir='ltr'><strong>comprcltendit</strong></span> <span class='ocrx_word' id='word_1_329' title='bbox 652 2058 660 2083; x_wconf 85' lang='lat'><strong>;</strong></span> <span class='ocrx_word' id='word_1_330' title='bbox 675 2051 731 2084; x_wconf 82' lang='lat' dir='ltr'><strong>ipsa</strong></span> <span class='ocrx_word' id='word_1_331' title='bbox 747 2051 819 2077; x_wconf 77' lang='lat' dir='ltr'><strong>enim</strong></span> <span class='ocrx_word' id='word_1_332' title='bbox 834 2059 898 2078; x_wconf 70' lang='lat' dir='ltr'><strong>cau~</strong></span> 
     </span>
    </p>
   </div>
   <div class='ocr_carea' id='block_1_45' title="bbox 117 2096 901 2131">
    <p class='ocr_par' dir='ltr' id='par_1_45' title="bbox 117 2096 901 2131">
     <span class='ocr_line' id='line_1_45' title="bbox 117 2096 901 2131; baseline 0.001 -8"><span class='ocrx_word' id='word_1_333' title='bbox 117 2104 147 2123; x_wconf 83' lang='lat' dir='ltr'><strong>sa</strong></span> <span class='ocrx_word' id='word_1_334' title='bbox 163 2096 282 2123; x_wconf 85' lang='lat' dir='ltr'><strong>omnium</strong></span> <span class='ocrx_word' id='word_1_335' title='bbox 293 2105 353 2122; x_wconf 79' lang='lat' dir='ltr'><strong>cuni</strong></span> <span class='ocrx_word' id='word_1_336' title='bbox 368 2104 398 2123; x_wconf 88' lang='lat' dir='ltr'><strong>se</strong></span> <span class='ocrx_word' id='word_1_337' title='bbox 409 2097 463 2130; x_wconf 86' lang='lat' dir='ltr'><strong>ipsa</strong></span> <span class='ocrx_word' id='word_1_338' title='bbox 477 2101 631 2131; x_wconf 84' lang='lat' dir='ltr'><strong>cognoscat,</strong></span> <span class='ocrx_word' id='word_1_339' title='bbox 645 2104 815 2131; x_wconf 85' lang='lat' dir='ltr'><strong>nequaquam</strong></span> <span class='ocrx_word' id='word_1_340' title='bbox 841 2105 901 2131; x_wconf 74' lang='lat' dir='ltr'><strong>qua:</strong></span> 
     </span>
    </p>
   </div>
   <div class='ocr_carea' id='block_1_46' title="bbox 118 2143 898 2178">
    <p class='ocr_par' dir='ltr' id='par_1_46' title="bbox 118 2143 898 2178">
     <span class='ocr_line' id='line_1_46' title="bbox 118 2143 898 2178; baseline 0 -8"><span class='ocrx_word' id='word_1_341' title='bbox 118 2145 152 2170; x_wconf 84' lang='lat' dir='ltr'><strong>ab</strong></span> <span class='ocrx_word' id='word_1_342' title='bbox 167 2144 224 2178; x_wconf 84' lang='lat' dir='ltr'><strong>ipsa</strong></span> <span class='ocrx_word' id='word_1_343' title='bbox 243 2148 364 2174; x_wconf 83' lang='lat' dir='ltr'><strong>manant,</strong></span> <span class='ocrx_word' id='word_1_344' title='bbox 379 2147 406 2170; x_wconf 87' lang='lat' dir='ltr'><strong>ct</strong></span> <span class='ocrx_word' id='word_1_345' title='bbox 421 2151 536 2176; x_wconf 85' lang='lat' dir='ltr'><strong>quorum</strong></span> <span class='ocrx_word' id='word_1_346' title='bbox 549 2151 631 2170; x_wconf 71' lang='lat' dir='ltr'><strong>causa</strong></span> <span class='ocrx_word' id='word_1_347' title='bbox 641 2143 759 2174; x_wconf 78' lang='lat' dir='ltr'><strong>exsistit,</strong></span> <span class='ocrx_word' id='word_1_348' title='bbox 789 2143 898 2176; x_wconf 78' lang='lat' dir='ltr'><strong>ignora-</strong></span> 
     </span>
    </p>
   </div>
   <div class='ocr_carea' id='block_1_47' title="bbox 945 270 1727 307">
    <p class='ocr_par' dir='ltr' id='par_1_47' title="bbox 945 270 1727 307">
     <span class='ocr_line' id='line_1_47' title="bbox 945 270 1727 307; baseline 0.005 -10"><span class='ocrx_word' id='word_1_349' title='bbox 945 270 985 297; x_wconf 91' lang='lat' dir='ltr'><strong>los</strong></span> <span class='ocrx_word' id='word_1_350' title='bbox 999 271 1072 298; x_wconf 84' lang='lat' dir='ltr'><strong>aiunt</strong></span> <span class='ocrx_word' id='word_1_351' title='bbox 1093 270 1242 305; x_wconf 70' lang='lat' dir='ltr'><strong>Scriptura:</strong></span> <span class='ocrx_word' id='word_1_352' title='bbox 1255 278 1420 306; x_wconf 77' lang='lat' dir='ltr'><strong>cognoscere</strong></span> <span class='ocrx_word' id='word_1_353' title='bbox 1429 279 1490 307; x_wconf 71' lang='lat' dir='ltr'><strong>qua:</strong></span> <span class='ocrx_word' id='word_1_354' title='bbox 1508 273 1534 299; x_wconf 94' lang='lat' dir='ltr'><strong>in</strong></span> <span class='ocrx_word' id='word_1_355' title='bbox 1550 277 1621 300; x_wconf 81' lang='lat' dir='ltr'><strong>terra</strong></span> <span class='ocrx_word' id='word_1_356' title='bbox 1651 279 1727 305; x_wconf 89' lang='lat' dir='ltr'><strong>sunt,</strong></span> 
     </span>
    </p>
   </div>
   <div class='ocr_carea' id='block_1_48' title="bbox 944 316 1726 352">
    <p class='ocr_par' dir='ltr' id='par_1_48' title="bbox 944 316 1726 352">
     <span class='ocr_line' id='line_1_48' title="bbox 944 316 1726 352; baseline 0.004 -10"><span class='ocrx_word' id='word_1_357' title='bbox 944 323 999 343; x_wconf 88' lang='lat' dir='ltr'><strong>non</strong></span> <span class='ocrx_word' id='word_1_358' title='bbox 1024 316 1068 343; x_wconf 89' lang='lat' dir='ltr'><strong>illa</strong></span> <span class='ocrx_word' id='word_1_359' title='bbox 1096 317 1204 350; x_wconf 82' lang='lat' dir='ltr'><strong>quidem</strong></span> <span class='ocrx_word' id='word_1_360' title='bbox 1237 324 1319 344; x_wconf 80' lang='lat' dir='ltr'><strong>sensu</strong></span> <span class='ocrx_word' id='word_1_361' title='bbox 1339 325 1515 352; x_wconf 85' lang='lat' dir='ltr'><strong>cognoscere,</strong></span> <span class='ocrx_word' id='word_1_362' title='bbox 1538 319 1590 346; x_wconf 79' lang='lat' dir='ltr'><strong>sub</strong></span> <span class='ocrx_word' id='word_1_363' title='bbox 1617 327 1726 346; x_wconf 75' lang='lat' dir='ltr'><strong>sensum</strong></span> 
     </span>
    </p>
   </div>
   <div class='ocr_carea' id='block_1_49' title="bbox 944 361 1726 398">
    <p class='ocr_par' dir='ltr' id='par_1_49' title="bbox 944 361 1726 398">
     <span class='ocr_line' id='line_1_49' title="bbox 944 361 1726 398; baseline 0.006 -11"><span class='ocrx_word' id='word_1_364' title='bbox 944 361 1044 396; x_wconf 87' lang='lat' dir='ltr'><strong>alioqui</strong></span> <span class='ocrx_word' id='word_1_365' title='bbox 1060 361 1195 395; x_wconf 84' lang='lat' dir='ltr'><strong>cadentia,</strong></span> <span class='ocrx_word' id='word_1_366' title='bbox 1219 362 1265 390; x_wconf 86' lang='lat' dir='ltr'><strong>sed</strong></span> <span class='ocrx_word' id='word_1_367' title='bbox 1279 364 1388 398; x_wconf 87' lang='lat' dir='ltr'><strong>propria</strong></span> <span class='ocrx_word' id='word_1_368' title='bbox 1407 364 1504 391; x_wconf 82' lang='lat' dir='ltr'><strong>mentis</strong></span> <span class='ocrx_word' id='word_1_369' title='bbox 1523 365 1726 392; x_wconf 86' lang='lat' dir='ltr'><strong>similitudinem</strong></span> 
     </span>
    </p>
   </div>
   <div class='ocr_carea' id='block_1_50' title="bbox 945 407 1729 441">
    <p class='ocr_par' dir='ltr' id='par_1_50' title="bbox 945 407 1729 441">
     <span class='ocr_line' id='line_1_50' title="bbox 945 407 1729 441; baseline 0.003 -7"><span class='ocrx_word' id='word_1_370' title='bbox 945 407 991 434; x_wconf 87' lang='lat' dir='ltr'><strong>Dei</strong></span> <span class='ocrx_word' id='word_1_371' title='bbox 1003 408 1121 441; x_wconf 76' lang='lat' dir='ltr'><strong>gerentis</strong></span> <span class='ocrx_word' id='word_1_372' title='bbox 1136 408 1236 435; x_wconf 85' lang='lat' dir='ltr'><strong>virtute</strong></span> <span class='ocrx_word' id='word_1_373' title='bbox 1249 413 1276 436; x_wconf 91' lang='lat' dir='ltr'><strong>et</strong></span> <span class='ocrx_word' id='word_1_374' title='bbox 1291 415 1397 436; x_wconf 86' lang='lat' dir='ltr'><strong>natura.</strong></span> <span class='ocrx_word' id='word_1_375' title='bbox 1423 409 1486 437; x_wconf 66' lang='lat' dir='ltr'><strong>&quot;me</strong></span> <span class='ocrx_word' id='word_1_376' title='bbox 1498 410 1652 437; x_wconf 82' lang='lat' dir='ltr'><strong>edisserens</strong></span> <span class='ocrx_word' id='word_1_377' title='bbox 1665 418 1729 438; x_wconf 87' lang='lat' dir='ltr'><strong>san-</strong></span> 
     </span>
    </p>
   </div>
   <div class='ocr_carea' id='block_1_51' title="bbox 943 452 1727 489">
    <p class='ocr_par' dir='ltr' id='par_1_51' title="bbox 943 452 1727 489">
     <span class='ocr_line' id='line_1_51' title="bbox 943 452 1727 489; baseline 0.004 -10"><span class='ocrx_word' id='word_1_378' title='bbox 943 457 1004 479; x_wconf 89' lang='lat' dir='ltr'><strong>ctus</strong></span> <span class='ocrx_word' id='word_1_379' title='bbox 1021 452 1165 486; x_wconf 74' lang='lat' dir='ltr'><strong>Maximus,</strong></span> <span class='ocrx_word' id='word_1_380' title='bbox 1183 453 1249 484; x_wconf 80' lang='lat' dir='ltr'><strong>Hoc,</strong></span> <span class='ocrx_word' id='word_1_381' title='bbox 1264 454 1365 489; x_wconf 84' lang='lat' dir='ltr'><strong>inquit,</strong></span> <span class='ocrx_word' id='word_1_382' title='bbox 1381 455 1540 487; x_wconf 85' lang='lat' dir='ltr'><strong>declaravit,</strong></span> <span class='ocrx_word' id='word_1_383' title='bbox 1561 463 1622 482; x_wconf 88' lang='lat' dir='ltr'><strong>cum</strong></span> <span class='ocrx_word' id='word_1_384' title='bbox 1648 455 1727 488; x_wconf 69' lang='lat' dir='ltr'><strong>dixit,</strong></span> 
     </span>
    </p>
   </div>
   <div class='ocr_carea' id='block_1_52' title="bbox 945 498 1729 534">
    <p class='ocr_par' dir='ltr' id='par_1_52' title="bbox 945 498 1729 534">
     <span class='ocr_line' id='line_1_52' title="bbox 945 498 1729 534; baseline 0.004 -11"><span class='ocrx_word' id='word_1_385' title='bbox 945 505 997 524; x_wconf 86' lang='lat' dir='ltr'><strong>non</strong></span> <span class='ocrx_word' id='word_1_386' title='bbox 1009 504 1173 532; x_wconf 86' lang='lat' dir='ltr'><strong>cognoscere</strong></span> <span class='ocrx_word' id='word_1_387' title='bbox 1192 498 1275 525; x_wconf 87' lang='lat' dir='ltr'><strong>Deum</strong></span> <span class='ocrx_word' id='word_1_388' title='bbox 1291 506 1352 532; x_wconf 54' lang='lat' dir='ltr'><strong>quae.</strong></span> <span class='ocrx_word' id='word_1_389' title='bbox 1372 503 1478 526; x_wconf 88' lang='lat' dir='ltr'><strong>suntex</strong></span> <span class='ocrx_word' id='word_1_390' title='bbox 1509 500 1543 526; x_wconf 86' lang='lat' dir='ltr'><strong>iis</strong></span> <span class='ocrx_word' id='word_1_391' title='bbox 1573 499 1640 534; x_wconf 86' lang='lat' dir='ltr'><strong>ipsis</strong></span> <span class='ocrx_word' id='word_1_392' title='bbox 1669 507 1729 533; x_wconf 74' lang='lat' dir='ltr'><strong>qua:</strong></span> 
     </span>
    </p>
   </div>
   <div class='ocr_carea' id='block_1_53' title="bbox 945 542 1729 577">
    <p class='ocr_par' dir='ltr' id='par_1_53' title="bbox 945 542 1729 577">
     <span class='ocr_line' id='line_1_53' title="bbox 945 542 1729 577; baseline 0 -9"><span class='ocrx_word' id='word_1_393' title='bbox 945 546 1027 568; x_wconf 85' lang='lat' dir='ltr'><strong>sunt:</strong></span> <span class='ocrx_word' id='word_1_394' title='bbox 1043 546 1070 568; x_wconf 88' lang='lat' dir='ltr'><strong>et</strong></span> <span class='ocrx_word' id='word_1_395' title='bbox 1085 548 1145 568; x_wconf 91' lang='lat' dir='ltr'><strong>cum</strong></span> <span class='ocrx_word' id='word_1_396' title='bbox 1164 542 1243 573; x_wconf 82' lang='lat' dir='ltr'><strong>dixit.</strong></span> <span class='ocrx_word' id='word_1_397' title='bbox 1261 548 1313 569; x_wconf 89' lang='lat' dir='ltr'><strong>non</strong></span> <span class='ocrx_word' id='word_1_398' title='bbox 1341 542 1478 569; x_wconf 70' lang='lat' dir='ltr'><strong>intendere</strong></span> <span class='ocrx_word' id='word_1_399' title='bbox 1495 543 1526 569; x_wconf 85' lang='lat' dir='ltr'><strong>ad</strong></span> <span class='ocrx_word' id='word_1_400' title='bbox 1557 544 1729 577; x_wconf 76' lang='lat' dir='ltr'><strong>unumquod-</strong></span> 
     </span>
    </p>
   </div>
   <div class='ocr_carea' id='block_1_54' title="bbox 945 588 1726 623">
    <p class='ocr_par' dir='ltr' id='par_1_54' title="bbox 945 588 1726 623">
     <span class='ocr_line' id='line_1_54' title="bbox 945 588 1726 623; baseline 0 -9"><span class='ocrx_word' id='word_1_401' title='bbox 945 594 999 622; x_wconf 87' lang='lat' dir='ltr'><strong>que</strong></span> <span class='ocrx_word' id='word_1_402' title='bbox 1015 588 1214 622; x_wconf 81' lang='lat' dir='ltr'><strong>percipienrlum</strong></span> <span class='ocrx_word' id='word_1_403' title='bbox 1231 589 1378 615; x_wconf 81' lang='lat' dir='ltr'><strong>secundum</strong></span> <span class='ocrx_word' id='word_1_404' title='bbox 1392 588 1504 615; x_wconf 75' lang='lat' dir='ltr'><strong>formam</strong></span> <span class='ocrx_word' id='word_1_405' title='bbox 1515 588 1583 623; x_wconf 84' lang='lat' dir='ltr'><strong>ejus,</strong></span> <span class='ocrx_word' id='word_1_406' title='bbox 1600 590 1726 622; x_wconf 85' lang='lat' dir='ltr'><strong>quoniam</strong></span> 
     </span>
    </p>
   </div>
   <div class='ocr_carea' id='block_1_55' title="bbox 946 633 1726 668">
    <p class='ocr_par' dir='ltr' id='par_1_55' title="bbox 946 633 1726 668">
     <span class='ocr_line' id='line_1_55' title="bbox 946 633 1726 668; baseline 0 -9"><span class='ocrx_word' id='word_1_407' title='bbox 946 637 1074 667; x_wconf 84' lang='lat' dir='ltr'><strong>tanquam</strong></span> <span class='ocrx_word' id='word_1_408' title='bbox 1091 633 1187 660; x_wconf 89' lang='lat' dir='ltr'><strong>horum</strong></span> <span class='ocrx_word' id='word_1_409' title='bbox 1197 639 1292 660; x_wconf 88' lang='lat' dir='ltr'><strong>auctor</strong></span> <span class='ocrx_word' id='word_1_410' title='bbox 1300 634 1480 668; x_wconf 77' lang='lat' dir='ltr'><strong>cognitionem</strong></span> <span class='ocrx_word' id='word_1_411' title='bbox 1494 641 1604 660; x_wconf 85' lang='lat' dir='ltr'><strong>suorum</strong></span> <span class='ocrx_word' id='word_1_412' title='bbox 1615 641 1726 667; x_wconf 88' lang='lat' dir='ltr'><strong>operum</strong></span> 
     </span>
    </p>
   </div>
   <div class='ocr_carea' id='block_1_56' title="bbox 945 679 1729 714">
    <p class='ocr_par' dir='ltr' id='par_1_56' title="bbox 945 679 1729 714">
     <span class='ocr_line' id='line_1_56' title="bbox 945 679 1729 714; baseline 0 -8"><span class='ocrx_word' id='word_1_413' title='bbox 945 679 1121 712; x_wconf 72' lang='lat' dir='ltr'><strong>anticipatam</strong></span> <span class='ocrx_word' id='word_1_414' title='bbox 1137 679 1232 711; x_wconf 82' lang='lat' dir='ltr'><strong>habet,</strong></span> <span class='ocrx_word' id='word_1_415' title='bbox 1250 679 1339 707; x_wconf 86' lang='lat' dir='ltr'><strong>sciens</strong></span> <span class='ocrx_word' id='word_1_416' title='bbox 1351 685 1487 714; x_wconf 77' lang='lat' dir='ltr'><strong>quomodo</strong></span> <span class='ocrx_word' id='word_1_417' title='bbox 1502 680 1570 714; x_wconf 86' lang='lat' dir='ltr'><strong>ipsa,</strong></span> <span class='ocrx_word' id='word_1_418' title='bbox 1585 684 1610 706; x_wconf 90' lang='lat' dir='ltr'><strong>ct</strong></span> <span class='ocrx_word' id='word_1_419' title='bbox 1624 679 1652 706; x_wconf 89' lang='lat' dir='ltr'><strong>in</strong></span> <span class='ocrx_word' id='word_1_420' title='bbox 1665 680 1729 714; x_wconf 54' lang='lat' dir='ltr'><strong>quin</strong></span> 
     </span>
    </p>
   </div>
   <div class='ocr_carea' id='block_1_57' title="bbox 946 725 1728 760">
    <p class='ocr_par' dir='ltr' id='par_1_57' title="bbox 946 725 1728 760">
     <span class='ocr_line' id='line_1_57' title="bbox 946 725 1728 760; baseline 0 -8"><span class='ocrx_word' id='word_1_421' title='bbox 946 725 998 752; x_wconf 85' lang='lat' dir='ltr'><strong>bus</strong></span> <span class='ocrx_word' id='word_1_422' title='bbox 1032 725 1064 752; x_wconf 87' lang='lat' dir='ltr'><strong>ad</strong></span> <span class='ocrx_word' id='word_1_423' title='bbox 1076 730 1167 752; x_wconf 87' lang='lat' dir='ltr'><strong>ortum</strong></span> <span class='ocrx_word' id='word_1_424' title='bbox 1180 733 1211 752; x_wconf 87' lang='lat' dir='ltr'><strong>ac</strong></span> <span class='ocrx_word' id='word_1_425' title='bbox 1221 726 1424 760; x_wconf 74' lang='lat' dir='ltr'><strong>generatiOnem</strong></span> <span class='ocrx_word' id='word_1_426' title='bbox 1435 726 1579 753; x_wconf 87' lang='lat' dir='ltr'><strong>adduceret</strong></span> <span class='ocrx_word' id='word_1_427' title='bbox 1597 733 1728 760; x_wconf 86' lang='lat' dir='ltr'><strong>:quorum</strong></span> 
     </span>
    </p>
   </div>
   <div class='ocr_carea' id='block_1_58' title="bbox 946 771 1730 804">
    <p class='ocr_par' dir='ltr' id='par_1_58' title="bbox 946 771 1730 804">
     <span class='ocr_line' id='line_1_58' title="bbox 946 771 1730 804; baseline -0.001 -6"><span class='ocrx_word' id='word_1_428' title='bbox 946 771 1114 804; x_wconf 85' lang='lat' dir='ltr'><strong>depravatio,</strong></span> <span class='ocrx_word' id='word_1_429' title='bbox 1127 776 1154 798; x_wconf 89' lang='lat' dir='ltr'><strong>et</strong></span> <span class='ocrx_word' id='word_1_430' title='bbox 1167 771 1294 801; x_wconf 80' lang='lat' dir='ltr'><strong>defectio.</strong></span> <span class='ocrx_word' id='word_1_431' title='bbox 1306 772 1331 798; x_wconf 87' lang='lat' dir='ltr'><strong>id</strong></span> <span class='ocrx_word' id='word_1_432' title='bbox 1343 777 1394 803; x_wconf 82' lang='lat' dir='ltr'><strong>est,</strong></span> <span class='ocrx_word' id='word_1_433' title='bbox 1407 771 1547 798; x_wconf 79' lang='lat' dir='ltr'><strong>frustratio</strong></span> <span class='ocrx_word' id='word_1_434' title='bbox 1563 776 1589 799; x_wconf 86' lang='lat' dir='ltr'><strong>et</strong></span> <span class='ocrx_word' id='word_1_435' title='bbox 1615 771 1730 798; x_wconf 73' lang='lat' dir='ltr'><strong>infirmi-</strong></span> 
     </span>
    </p>
   </div>
   <div class='ocr_carea' id='block_1_59' title="bbox 947 817 1730 852">
    <p class='ocr_par' dir='ltr' id='par_1_59' title="bbox 947 817 1730 852">
     <span class='ocr_line' id='line_1_59' title="bbox 947 817 1730 852; baseline 0.001 -9"><span class='ocrx_word' id='word_1_436' title='bbox 947 821 989 843; x_wconf 85' lang='lat' dir='ltr'><strong>tas</strong></span> <span class='ocrx_word' id='word_1_437' title='bbox 1015 817 1115 843; x_wconf 84' lang='lat' dir='ltr'><strong>malum</strong></span> <span class='ocrx_word' id='word_1_438' title='bbox 1143 817 1300 847; x_wconf 87' lang='lat' dir='ltr'><strong>introducit.</strong></span> <span class='ocrx_word' id='word_1_439' title='bbox 1329 818 1393 844; x_wconf 82' lang='lat' dir='ltr'><strong>dum</strong></span> <span class='ocrx_word' id='word_1_440' title='bbox 1417 818 1562 845; x_wconf 76' lang='lat' dir='ltr'><strong>deﬁciente</strong></span> <span class='ocrx_word' id='word_1_441' title='bbox 1587 817 1659 852; x_wconf 85' lang='lat' dir='ltr'><strong>quod</strong></span> <span class='ocrx_word' id='word_1_442' title='bbox 1687 821 1730 844; x_wconf 71' lang='lat' dir='ltr'><strong>est</strong></span> 
     </span>
    </p>
   </div>
   <div class='ocr_carea' id='block_1_60' title="bbox 946 858 1728 898">
    <p class='ocr_par' dir='ltr' id='par_1_60' title="bbox 946 858 1728 898">
     <span class='ocr_line' id='line_1_60' title="bbox 946 858 1728 898; baseline -0.001 -9"><span class='ocrx_word' id='word_1_443' title='bbox 946 863 1094 890; x_wconf 89' lang='lat' dir='ltr'><strong>secundum</strong></span> <span class='ocrx_word' id='word_1_444' title='bbox 1113 868 1251 896; x_wconf 85' lang='lat' dir='ltr'><strong>naturam,</strong></span> <span class='ocrx_word' id='word_1_445' title='bbox 1267 863 1382 891; x_wconf 80' lang='lat' dir='ltr'><strong>emcitur</strong></span> <span class='ocrx_word' id='word_1_446' title='bbox 1391 864 1462 898; x_wconf 89' lang='lat' dir='ltr'><strong>quod</strong></span> <span class='ocrx_word' id='word_1_447' title='bbox 1477 858 1518 890; x_wconf 78' lang='lat' dir='ltr'><strong>est</strong></span> <span class='ocrx_word' id='word_1_448' title='bbox 1539 869 1637 896; x_wconf 57' lang='lat' dir='ltr'><strong>praeter</strong></span> <span class='ocrx_word' id='word_1_449' title='bbox 1651 867 1728 889; x_wconf 84' lang='lat' dir='ltr'><strong>natu-</strong></span> 
     </span>
    </p>
   </div>
   <div class='ocr_carea' id='block_1_61' title="bbox 950 907 1727 943">
    <p class='ocr_par' dir='ltr' id='par_1_61' title="bbox 950 907 1727 943">
     <span class='ocr_line' id='line_1_61' title="bbox 950 907 1727 943; baseline 0.003 -9"><span class='ocrx_word' id='word_1_450' title='bbox 950 915 1017 935; x_wconf 88' lang='lat' dir='ltr'><strong>ram.</strong></span> <span class='ocrx_word' id='word_1_451' title='bbox 1033 907 1165 942; x_wconf 84' lang='lat' dir='ltr'><strong>Superius</strong></span> <span class='ocrx_word' id='word_1_452' title='bbox 1176 909 1248 935; x_wconf 89' lang='lat' dir='ltr'><strong>enim</strong></span> <span class='ocrx_word' id='word_1_453' title='bbox 1265 909 1388 936; x_wconf 83' lang='lat' dir='ltr'><strong>adhibuit</strong></span> <span class='ocrx_word' id='word_1_454' title='bbox 1413 909 1566 943; x_wconf 79' lang='lat' dir='ltr'><strong>exemplum</strong></span> <span class='ocrx_word' id='word_1_455' title='bbox 1597 909 1727 941; x_wconf 74' lang='lat' dir='ltr'><strong>luminis;</strong></span> 
     </span>
    </p>
   </div>
   <div class='ocr_carea' id='block_1_62' title="bbox 949 951 1732 988">
    <p class='ocr_par' dir='ltr' id='par_1_62' title="bbox 949 951 1732 988">
     <span class='ocr_line' id='line_1_62' title="bbox 949 951 1732 988; baseline 0.003 -9"><span class='ocrx_word' id='word_1_456' title='bbox 949 951 1029 988; x_wconf 74' lang='lat' dir='ltr'><strong>hujus</strong></span> <span class='ocrx_word' id='word_1_457' title='bbox 1054 955 1126 980; x_wconf 91' lang='lat' dir='ltr'><strong>enim</strong></span> <span class='ocrx_word' id='word_1_458' title='bbox 1152 953 1305 987; x_wconf 82' lang='lat' dir='ltr'><strong>privatione</strong></span> <span class='ocrx_word' id='word_1_459' title='bbox 1333 954 1522 981; x_wconf 77' lang='lat' dir='ltr'><strong>suhexsistunt</strong></span> <span class='ocrx_word' id='word_1_460' title='bbox 1550 955 1679 986; x_wconf 66' lang='lat' dir='ltr'><strong>tenebrm,</strong></span> <span class='ocrx_word' id='word_1_461' title='bbox 1704 959 1732 981; x_wconf 81' lang='lat' dir='ltr'><strong>et</strong></span> 
     </span>
    </p>
   </div>
   <div class='ocr_carea' id='block_1_63' title="bbox 949 999 1730 1032">
    <p class='ocr_par' dir='ltr' id='par_1_63' title="bbox 949 999 1730 1032">
     <span class='ocr_line' id='line_1_63' title="bbox 949 999 1730 1032; baseline 0.003 -8"><span class='ocrx_word' id='word_1_462' title='bbox 949 1005 1059 1025; x_wconf 85' lang='lat' dir='ltr'><strong>causam</strong></span> <span class='ocrx_word' id='word_1_463' title='bbox 1075 999 1174 1025; x_wconf 84' lang='lat' dir='ltr'><strong>habent</strong></span> <span class='ocrx_word' id='word_1_464' title='bbox 1205 999 1357 1026; x_wconf 79' lang='lat' dir='ltr'><strong>absentiam</strong></span> <span class='ocrx_word' id='word_1_465' title='bbox 1380 1003 1483 1026; x_wconf 73' lang='lat' dir='ltr'><strong>natura:</strong></span> <span class='ocrx_word' id='word_1_466' title='bbox 1507 1000 1626 1032; x_wconf 78' lang='lat' dir='ltr'><strong>luminis,</strong></span> <span class='ocrx_word' id='word_1_467' title='bbox 1650 1000 1730 1027; x_wconf 87' lang='lat' dir='ltr'><strong>sicuti</strong></span> 
     </span>
    </p>
   </div>
   <div class='ocr_carea' id='block_1_64' title="bbox 950 1044 1731 1080">
    <p class='ocr_par' dir='ltr' id='par_1_64' title="bbox 950 1044 1731 1080">
     <span class='ocr_line' id='line_1_64' title="bbox 950 1044 1731 1080; baseline 0.001 -10"><span class='ocrx_word' id='word_1_468' title='bbox 950 1044 1060 1071; x_wconf 85' lang='lat' dir='ltr'><strong>habitus</strong></span> <span class='ocrx_word' id='word_1_469' title='bbox 1076 1045 1179 1079; x_wconf 86' lang='lat' dir='ltr'><strong>priores</strong></span> <span class='ocrx_word' id='word_1_470' title='bbox 1190 1048 1254 1071; x_wconf 83' lang='lat' dir='ltr'><strong>sunt</strong></span> <span class='ocrx_word' id='word_1_471' title='bbox 1263 1045 1468 1079; x_wconf 86' lang='lat' dir='ltr'><strong>privationibns,</strong></span> <span class='ocrx_word' id='word_1_472' title='bbox 1481 1051 1507 1072; x_wconf 88' lang='lat' dir='ltr'><strong>et</strong></span> <span class='ocrx_word' id='word_1_473' title='bbox 1519 1050 1547 1073; x_wconf 87' lang='lat' dir='ltr'><strong>ut</strong></span> <span class='ocrx_word' id='word_1_474' title='bbox 1561 1046 1614 1072; x_wconf 85' lang='lat' dir='ltr'><strong>diei</strong></span> <span class='ocrx_word' id='word_1_475' title='bbox 1631 1050 1731 1080; x_wconf 69' lang='lat' dir='ltr'><strong>potest,</strong></span> 
     </span>
    </p>
   </div>
   <div class='ocr_carea' id='block_1_65' title="bbox 949 1091 1730 1125">
    <p class='ocr_par' dir='ltr' id='par_1_65' title="bbox 949 1091 1730 1125">
     <span class='ocr_line' id='line_1_65' title="bbox 949 1091 1730 1125; baseline 0.003 -8"><span class='ocrx_word' id='word_1_476' title='bbox 949 1098 1040 1117; x_wconf 64' lang='lat' dir='ltr'><strong>cauare</strong></span> <span class='ocrx_word' id='word_1_477' title='bbox 1064 1096 1128 1118; x_wconf 90' lang='lat' dir='ltr'><strong>sunt</strong></span> <span class='ocrx_word' id='word_1_478' title='bbox 1156 1091 1352 1123; x_wconf 82' lang='lat' dir='ltr'><strong>privationum.</strong></span> <span class='ocrx_word' id='word_1_479' title='bbox 1385 1091 1441 1118; x_wconf 90' lang='lat' dir='ltr'><strong>lloc</strong></span> <span class='ocrx_word' id='word_1_480' title='bbox 1464 1092 1545 1124; x_wconf 72' lang='lat' dir='ltr'><strong>igitur</strong></span> <span class='ocrx_word' id='word_1_481' title='bbox 1565 1092 1625 1119; x_wconf 81' lang='lat' dir='ltr'><strong>loco</strong></span> <span class='ocrx_word' id='word_1_482' title='bbox 1654 1097 1730 1125; x_wconf 83' lang='lat' dir='ltr'><strong>pater</strong></span> 
     </span>
    </p>
   </div>
   <div class='ocr_carea' id='block_1_66' title="bbox 951 1135 1730 1172">
    <p class='ocr_par' dir='ltr' id='par_1_66' title="bbox 951 1135 1730 1172">
     <span class='ocr_line' id='line_1_66' title="bbox 951 1135 1730 1172; baseline 0.004 -10"><span class='ocrx_word' id='word_1_483' title='bbox 951 1135 1094 1172; x_wconf 78' lang='lat' dir='ltr'><strong>Dionysius</strong></span> <span class='ocrx_word' id='word_1_484' title='bbox 1112 1136 1145 1163; x_wconf 86' lang='lat' dir='ltr'><strong>de</strong></span> <span class='ocrx_word' id='word_1_485' title='bbox 1161 1137 1194 1163; x_wconf 86' lang='lat' dir='ltr'><strong>iis</strong></span> <span class='ocrx_word' id='word_1_486' title='bbox 1203 1144 1263 1171; x_wconf 73' lang='lat' dir='ltr'><strong>quae</strong></span> <span class='ocrx_word' id='word_1_487' title='bbox 1277 1136 1347 1164; x_wconf 86' lang='lat' dir='ltr'><strong>Dens</strong></span> <span class='ocrx_word' id='word_1_488' title='bbox 1362 1137 1497 1170; x_wconf 73' lang='lat' dir='ltr'><strong>produxit,</strong></span> <span class='ocrx_word' id='word_1_489' title='bbox 1523 1141 1551 1163; x_wconf 88' lang='lat' dir='ltr'><strong>et</strong></span> <span class='ocrx_word' id='word_1_490' title='bbox 1577 1137 1610 1164; x_wconf 87' lang='lat' dir='ltr'><strong>de</strong></span> <span class='ocrx_word' id='word_1_491' title='bbox 1637 1137 1730 1171; x_wconf 82' lang='lat' dir='ltr'><strong>cujus-</strong></span> 
     </span>
    </p>
   </div>
   <div class='ocr_carea' id='block_1_67' title="bbox 949 1183 1732 1219">
    <p class='ocr_par' dir='ltr' id='par_1_67' title="bbox 949 1183 1732 1219">
     <span class='ocr_line' id='line_1_67' title="bbox 949 1183 1732 1219; baseline 0.001 -10"><span class='ocrx_word' id='word_1_492' title='bbox 949 1191 1003 1218; x_wconf 87' lang='lat' dir='ltr'><strong>que</strong></span> <span class='ocrx_word' id='word_1_493' title='bbox 1021 1190 1114 1210; x_wconf 86' lang='lat' dir='ltr'><strong>eorum</strong></span> <span class='ocrx_word' id='word_1_494' title='bbox 1125 1188 1219 1210; x_wconf 84' lang='lat' dir='ltr'><strong>natura</strong></span> <span class='ocrx_word' id='word_1_495' title='bbox 1231 1183 1360 1217; x_wconf 84' lang='lat' dir='ltr'><strong>loquitur,</strong></span> <span class='ocrx_word' id='word_1_496' title='bbox 1374 1190 1434 1217; x_wconf 75' lang='lat' dir='ltr'><strong>qua:</strong></span> <span class='ocrx_word' id='word_1_497' title='bbox 1444 1183 1553 1218; x_wconf 73' lang='lat' dir='ltr'><strong>quidem</strong></span> <span class='ocrx_word' id='word_1_498' title='bbox 1570 1183 1640 1210; x_wconf 81' lang='lat' dir='ltr'><strong>dixit</strong></span> <span class='ocrx_word' id='word_1_499' title='bbox 1655 1184 1732 1219; x_wconf 82' lang='lat' dir='ltr'><strong>prius</strong></span> 
     </span>
    </p>
   </div>
   <div class='ocr_carea' id='block_1_68' title="bbox 949 1227 1760 1262">
    <p class='ocr_par' dir='ltr' id='par_1_68' title="bbox 949 1227 1760 1262">
     <span class='ocr_line' id='line_1_68' title="bbox 949 1227 1760 1262; baseline 0.001 -8"><span class='ocrx_word' id='word_1_500' title='bbox 949 1227 1087 1254; x_wconf 87' lang='lat' dir='ltr'><strong>exstitisse</strong></span> <span class='ocrx_word' id='word_1_501' title='bbox 1123 1227 1152 1254; x_wconf 87' lang='lat' dir='ltr'><strong>in</strong></span> <span class='ocrx_word' id='word_1_502' title='bbox 1178 1227 1232 1254; x_wconf 86' lang='lat' dir='ltr'><strong>Deo</strong></span> <span class='ocrx_word' id='word_1_503' title='bbox 1255 1228 1404 1254; x_wconf 88' lang='lat' dir='ltr'><strong>secundum</strong></span> <span class='ocrx_word' id='word_1_504' title='bbox 1436 1228 1676 1262; x_wconf 66' lang='lat' dir='ltr'><strong>prmcognitionem</strong></span> <span class='ocrx_word' id='word_1_505' title='bbox 1705 1233 1733 1255; x_wconf 70' lang='lat' dir='ltr'><strong>et.</strong></span> <span class='ocrx_word' id='word_1_506' title='bbox 1756 1231 1760 1233; x_wconf 85' lang='lat'>&#39;</span> 
     </span>
    </p>
   </div>
   <div class='ocr_carea' id='block_1_69' title="bbox 950 1272 1734 1307">
    <p class='ocr_par' dir='ltr' id='par_1_69' title="bbox 950 1272 1734 1307">
     <span class='ocr_line' id='line_1_69' title="bbox 950 1272 1734 1307; baseline 0.003 -9"><span class='ocrx_word' id='word_1_507' title='bbox 950 1272 1200 1306; x_wconf 67' lang='lat' dir='ltr'><strong>praeuletinitioncm.</strong></span> <span class='ocrx_word' id='word_1_508' title='bbox 1234 1272 1366 1299; x_wconf 66' lang='lat' dir='ltr'><strong>Praeterea</strong></span> <span class='ocrx_word' id='word_1_509' title='bbox 1406 1273 1478 1304; x_wconf 87' lang='lat' dir='ltr'><strong>vide,</strong></span> <span class='ocrx_word' id='word_1_510' title='bbox 1506 1274 1644 1307; x_wconf 86' lang='lat' dir='ltr'><strong>quomodo</strong></span> <span class='ocrx_word' id='word_1_511' title='bbox 1668 1274 1734 1300; x_wconf 87' lang='lat' dir='ltr'><strong>dicit.</strong></span> 
     </span>
    </p>
   </div>
   <div class='ocr_carea' id='block_1_70' title="bbox 951 1318 1730 1354">
    <p class='ocr_par' dir='ltr' id='par_1_70' title="bbox 951 1318 1730 1354">
     <span class='ocr_line' id='line_1_70' title="bbox 951 1318 1730 1354; baseline 0.003 -10"><span class='ocrx_word' id='word_1_512' title='bbox 951 1318 1034 1344; x_wconf 81' lang='lat' dir='ltr'><strong>Dento</strong></span> <span class='ocrx_word' id='word_1_513' title='bbox 1046 1318 1136 1345; x_wconf 86' lang='lat' dir='ltr'><strong>omnia</strong></span> <span class='ocrx_word' id='word_1_514' title='bbox 1149 1324 1310 1352; x_wconf 76' lang='lat' dir='ltr'><strong>cognoscere</strong></span> <span class='ocrx_word' id='word_1_515' title='bbox 1320 1326 1371 1344; x_wconf 89' lang='lat' dir='ltr'><strong>non</strong></span> <span class='ocrx_word' id='word_1_516' title='bbox 1385 1325 1416 1345; x_wconf 88' lang='lat' dir='ltr'><strong>ex</strong></span> <span class='ocrx_word' id='word_1_517' title='bbox 1435 1318 1589 1354; x_wconf 81' lang='lat' dir='ltr'><strong>cognitione</strong></span> <span class='ocrx_word' id='word_1_518' title='bbox 1598 1320 1730 1352; x_wconf 81' lang='lat' dir='ltr'><strong>omnium,</strong></span> 
     </span>
    </p>
   </div>
   <div class='ocr_carea' id='block_1_71' title="bbox 949 1363 1733 1399">
    <p class='ocr_par' dir='ltr' id='par_1_71' title="bbox 949 1363 1733 1399">
     <span class='ocr_line' id='line_1_71' title="bbox 949 1363 1733 1399; baseline 0.004 -9"><span class='ocrx_word' id='word_1_519' title='bbox 949 1363 995 1390; x_wconf 88' lang='lat' dir='ltr'><strong>sed</strong></span> <span class='ocrx_word' id='word_1_520' title='bbox 1007 1370 1039 1390; x_wconf 83' lang='lat' dir='ltr'><strong>ex</strong></span> <span class='ocrx_word' id='word_1_521' title='bbox 1052 1363 1204 1397; x_wconf 85' lang='lat' dir='ltr'><strong>cognitione</strong></span> <span class='ocrx_word' id='word_1_522' title='bbox 1219 1363 1272 1394; x_wconf 82' lang='lat' dir='ltr'><strong>sui,</strong></span> <span class='ocrx_word' id='word_1_523' title='bbox 1289 1363 1358 1390; x_wconf 89' lang='lat' dir='ltr'><strong>sicut</strong></span> <span class='ocrx_word' id='word_1_524' title='bbox 1370 1363 1458 1390; x_wconf 85' lang='lat' dir='ltr'><strong>lumen</strong></span> <span class='ocrx_word' id='word_1_525' title='bbox 1490 1365 1627 1399; x_wconf 80' lang='lat' dir='ltr'><strong>cognoscit</strong></span> <span class='ocrx_word' id='word_1_526' title='bbox 1657 1369 1733 1392; x_wconf 57' lang='lat' dir='ltr'><strong>teni--</strong></span> 
     </span>
    </p>
   </div>
   <div class='ocr_carea' id='block_1_72' title="bbox 951 1409 1732 1442">
    <p class='ocr_par' dir='ltr' id='par_1_72' title="bbox 951 1409 1732 1442">
     <span class='ocr_line' id='line_1_72' title="bbox 951 1409 1732 1442; baseline 0.004 -7"><span class='ocrx_word' id='word_1_527' title='bbox 951 1409 1012 1435; x_wconf 87' lang='lat' dir='ltr'><strong>bras</strong></span> <span class='ocrx_word' id='word_1_528' title='bbox 1022 1409 1139 1442; x_wconf 83' lang='lat' dir='ltr'><strong>alioqui,</strong></span> <span class='ocrx_word' id='word_1_529' title='bbox 1159 1409 1224 1436; x_wconf 88' lang='lat' dir='ltr'><strong>nihil</strong></span> <span class='ocrx_word' id='word_1_530' title='bbox 1253 1409 1424 1436; x_wconf 78' lang='lat' dir='ltr'><strong>tenebrarum</strong></span> <span class='ocrx_word' id='word_1_531' title='bbox 1446 1410 1471 1436; x_wconf 88' lang='lat' dir='ltr'><strong>in</strong></span> <span class='ocrx_word' id='word_1_532' title='bbox 1491 1417 1520 1437; x_wconf 86' lang='lat' dir='ltr'><strong>se</strong></span> <span class='ocrx_word' id='word_1_533' title='bbox 1552 1411 1664 1438; x_wconf 82' lang='lat' dir='ltr'><strong>habens.</strong></span> <span class='ocrx_word' id='word_1_534' title='bbox 1694 1413 1732 1438; x_wconf 81' lang='lat' dir='ltr'><strong>Ac</strong></span> 
     </span>
    </p>
   </div>
   <div class='ocr_carea' id='block_1_73' title="bbox 950 1455 1728 1491">
    <p class='ocr_par' dir='ltr' id='par_1_73' title="bbox 950 1455 1728 1491">
     <span class='ocr_line' id='line_1_73' title="bbox 950 1455 1728 1491; baseline 0.005 -11"><span class='ocrx_word' id='word_1_535' title='bbox 950 1461 1044 1481; x_wconf 86' lang='lat' dir='ltr'><strong>rursus</strong></span> <span class='ocrx_word' id='word_1_536' title='bbox 1057 1455 1126 1482; x_wconf 87' lang='lat' dir='ltr'><strong>idem</strong></span> <span class='ocrx_word' id='word_1_537' title='bbox 1144 1456 1170 1481; x_wconf 89' lang='lat' dir='ltr'><strong>in</strong></span> <span class='ocrx_word' id='word_1_538' title='bbox 1184 1455 1306 1482; x_wconf 82' lang='lat' dir='ltr'><strong>centuria</strong></span> <span class='ocrx_word' id='word_1_539' title='bbox 1320 1462 1348 1482; x_wconf 90' lang='lat' dir='ltr'><strong>tn</strong></span> <span class='ocrx_word' id='word_1_540' title='bbox 1365 1456 1397 1481; x_wconf 90' lang='lat' dir='ltr'><strong>de</strong></span> <span class='ocrx_word' id='word_1_541' title='bbox 1409 1455 1553 1487; x_wconf 81' lang='lat' dir='ltr'><strong>charitatc,</strong></span> <span class='ocrx_word' id='word_1_542' title='bbox 1570 1457 1660 1491; x_wconf 83' lang='lat' dir='ltr'><strong>capite</strong></span> <span class='ocrx_word' id='word_1_543' title='bbox 1671 1457 1702 1484; x_wconf 76' lang='lat'><strong>2|</strong></span> <span class='ocrx_word' id='word_1_544' title='bbox 1721 1466 1728 1484; x_wconf 90' lang='lat'><strong>:</strong></span> 
     </span>
    </p>
   </div>
   <div class='ocr_carea' id='block_1_74' title="bbox 948 1499 1732 1535">
    <p class='ocr_par' dir='ltr' id='par_1_74' title="bbox 948 1499 1732 1535">
     <span class='ocr_line' id='line_1_74' title="bbox 948 1499 1732 1535; baseline 0.003 -9"><span class='ocrx_word' id='word_1_545' title='bbox 948 1499 1094 1534; x_wconf 82' lang='lat' dir='ltr'><strong>Cognoscit</strong></span> <span class='ocrx_word' id='word_1_546' title='bbox 1106 1499 1175 1526; x_wconf 77' lang='lat' dir='ltr'><strong>Deus</strong></span> <span class='ocrx_word' id='word_1_547' title='bbox 1189 1507 1220 1527; x_wconf 81' lang='lat' dir='ltr'><strong>se</strong></span> <span class='ocrx_word' id='word_1_548' title='bbox 1234 1500 1300 1534; x_wconf 75' lang='lat' dir='ltr'><strong>ipse.</strong></span> <span class='ocrx_word' id='word_1_549' title='bbox 1313 1502 1451 1534; x_wconf 73' lang='lat' dir='ltr'><strong>Cognoscit</strong></span> <span class='ocrx_word' id='word_1_550' title='bbox 1466 1501 1530 1527; x_wconf 82' lang='lat' dir='ltr'><strong>item</strong></span> <span class='ocrx_word' id='word_1_551' title='bbox 1547 1509 1561 1527; x_wconf 81' lang='lat' dir='ltr'><strong>a</strong></span> <span class='ocrx_word' id='word_1_552' title='bbox 1574 1509 1603 1528; x_wconf 82' lang='lat' dir='ltr'><strong>se</strong></span> <span class='ocrx_word' id='word_1_553' title='bbox 1619 1501 1732 1535; x_wconf 68' lang='lat' dir='ltr'><strong>effecta;</strong></span> 
     </span>
    </p>
   </div>
   <div class='ocr_carea' id='block_1_75' title="bbox 950 1545 1730 1582">
    <p class='ocr_par' dir='ltr' id='par_1_75' title="bbox 950 1545 1730 1582">
     <span class='ocr_line' id='line_1_75' title="bbox 950 1545 1730 1582; baseline 0.005 -11"><span class='ocrx_word' id='word_1_554' title='bbox 950 1550 1117 1579; x_wconf 83' lang='lat' dir='ltr'><strong>cognoscunt</strong></span> <span class='ocrx_word' id='word_1_555' title='bbox 1131 1545 1213 1571; x_wconf 83' lang='lat' dir='ltr'><strong>etiam</strong></span> <span class='ocrx_word' id='word_1_556' title='bbox 1229 1550 1331 1572; x_wconf 66' lang='lat' dir='ltr'><strong>sancta:</strong></span> <span class='ocrx_word' id='word_1_557' title='bbox 1344 1550 1494 1579; x_wconf 82' lang='lat' dir='ltr'><strong>potestates</strong></span> <span class='ocrx_word' id='word_1_558' title='bbox 1517 1547 1611 1579; x_wconf 83' lang='lat' dir='ltr'><strong>Deum,</strong></span> <span class='ocrx_word' id='word_1_559' title='bbox 1628 1555 1730 1582; x_wconf 73' lang='lat' dir='ltr'><strong>cogno-</strong></span> 
     </span>
    </p>
   </div>
   <div class='ocr_carea' id='block_1_76' title="bbox 949 1591 1732 1626">
    <p class='ocr_par' dir='ltr' id='par_1_76' title="bbox 949 1591 1732 1626">
     <span class='ocr_line' id='line_1_76' title="bbox 949 1591 1732 1626; baseline 0.005 -9"><span class='ocrx_word' id='word_1_560' title='bbox 949 1595 1028 1618; x_wconf 85' lang='lat' dir='ltr'><strong>scunt</strong></span> <span class='ocrx_word' id='word_1_561' title='bbox 1036 1591 1117 1617; x_wconf 82' lang='lat' dir='ltr'><strong>etiam</strong></span> <span class='ocrx_word' id='word_1_562' title='bbox 1130 1599 1189 1626; x_wconf 53' lang='lat' dir='ltr'><strong>quae.</strong></span> <span class='ocrx_word' id='word_1_563' title='bbox 1200 1599 1214 1617; x_wconf 87' lang='lat' dir='ltr'><strong>a</strong></span> <span class='ocrx_word' id='word_1_564' title='bbox 1227 1591 1281 1618; x_wconf 86' lang='lat' dir='ltr'><strong>Deo</strong></span> <span class='ocrx_word' id='word_1_565' title='bbox 1291 1591 1385 1618; x_wconf 79' lang='lat' dir='ltr'><strong>ctl‘ecla</strong></span> <span class='ocrx_word' id='word_1_566' title='bbox 1398 1597 1462 1619; x_wconf 76' lang='lat' dir='ltr'><strong>sunt</strong></span> <span class='ocrx_word' id='word_1_567' title='bbox 1476 1601 1483 1618; x_wconf 71' lang='grc' dir='ltr'>ε</span> <span class='ocrx_word' id='word_1_568' title='bbox 1499 1600 1550 1619; x_wconf 90' lang='lat' dir='ltr'><strong>non</strong></span> <span class='ocrx_word' id='word_1_569' title='bbox 1563 1599 1651 1620; x_wconf 81' lang='lat' dir='ltr'><strong>tamen</strong></span> <span class='ocrx_word' id='word_1_570' title='bbox 1661 1595 1732 1622; x_wconf 88' lang='lat' dir='ltr'><strong>sicut</strong></span> 
     </span>
    </p>
   </div>
   <div class='ocr_carea' id='block_1_77' title="bbox 949 1637 1735 1672">
    <p class='ocr_par' dir='ltr' id='par_1_77' title="bbox 949 1637 1735 1672">
     <span class='ocr_line' id='line_1_77' title="bbox 949 1637 1735 1672; baseline 0.004 -8"><span class='ocrx_word' id='word_1_571' title='bbox 949 1637 1019 1664; x_wconf 86' lang='lat' dir='ltr'><strong>Deus</strong></span> <span class='ocrx_word' id='word_1_572' title='bbox 1027 1639 1165 1672; x_wconf 82' lang='lat' dir='ltr'><strong>cognoscit</strong></span> <span class='ocrx_word' id='word_1_573' title='bbox 1172 1645 1201 1665; x_wconf 88' lang='lat' dir='ltr'><strong>se</strong></span> <span class='ocrx_word' id='word_1_574' title='bbox 1211 1638 1278 1672; x_wconf 80' lang='lat' dir='ltr'><strong>ipse.</strong></span> <span class='ocrx_word' id='word_1_575' title='bbox 1290 1641 1317 1665; x_wconf 88' lang='lat' dir='ltr'><strong>et</strong></span> <span class='ocrx_word' id='word_1_576' title='bbox 1327 1644 1386 1672; x_wconf 65' lang='lat' dir='ltr'><strong>qua</strong></span> <span class='ocrx_word' id='word_1_577' title='bbox 1397 1647 1410 1665; x_wconf 88' lang='lat' dir='ltr'><strong>a</strong></span> <span class='ocrx_word' id='word_1_578' title='bbox 1422 1647 1451 1666; x_wconf 85' lang='lat' dir='ltr'><strong>se</strong></span> <span class='ocrx_word' id='word_1_579' title='bbox 1460 1639 1529 1666; x_wconf 78' lang='lat' dir='ltr'><strong>facta</strong></span> <span class='ocrx_word' id='word_1_580' title='bbox 1538 1645 1612 1672; x_wconf 82' lang='lat' dir='ltr'><strong>sunt,</strong></span> <span class='ocrx_word' id='word_1_581' title='bbox 1621 1641 1661 1667; x_wconf 86' lang='lat' dir='ltr'><strong>s&#39;c</strong></span> <span class='ocrx_word' id='word_1_582' title='bbox 1669 1647 1718 1667; x_wconf 87' lang='lat' dir='ltr'><strong>san</strong></span> <span class='ocrx_word' id='word_1_583' title='bbox 1725 1656 1735 1662; x_wconf 86' lang='lat'><strong>-</strong></span> 
     </span>
    </p>
   </div>
   <div class='ocr_carea' id='block_1_78' title="bbox 948 1684 1734 1719">
    <p class='ocr_par' dir='ltr' id='par_1_78' title="bbox 948 1684 1734 1719">
     <span class='ocr_line' id='line_1_78' title="bbox 948 1684 1734 1719; baseline 0.005 -10"><span class='ocrx_word' id='word_1_584' title='bbox 948 1688 998 1710; x_wconf 73' lang='lat' dir='ltr'><strong>me</strong></span> <span class='ocrx_word' id='word_1_585' title='bbox 1012 1688 1158 1717; x_wconf 84' lang='lat' dir='ltr'><strong>potestates</strong></span> <span class='ocrx_word' id='word_1_586' title='bbox 1170 1688 1336 1718; x_wconf 83' lang='lat' dir='ltr'><strong>cognoscunt</strong></span> <span class='ocrx_word' id='word_1_587' title='bbox 1352 1684 1444 1717; x_wconf 87' lang='lat' dir='ltr'><strong>Deum,</strong></span> <span class='ocrx_word' id='word_1_588' title='bbox 1457 1690 1485 1712; x_wconf 87' lang='lat' dir='ltr'><strong>et</strong></span> <span class='ocrx_word' id='word_1_589' title='bbox 1495 1693 1555 1719; x_wconf 71' lang='lat' dir='ltr'><strong>quae</strong></span> <span class='ocrx_word' id='word_1_590' title='bbox 1564 1685 1734 1718; x_wconf 73' lang='lat' dir='ltr'><strong>altipsoelle-</strong></span> 
     </span>
    </p>
   </div>
   <div class='ocr_carea' id='block_1_79' title="bbox 948 1731 1736 1767">
    <p class='ocr_par' dir='ltr' id='par_1_79' title="bbox 948 1731 1736 1767">
     <span class='ocr_line' id='line_1_79' title="bbox 948 1731 1736 1767; baseline 0.001 -8"><span class='ocrx_word' id='word_1_591' title='bbox 948 1737 990 1759; x_wconf 87' lang='lat' dir='ltr'><strong>cta</strong></span> <span class='ocrx_word' id='word_1_592' title='bbox 1003 1731 1116 1759; x_wconf 86' lang='lat' dir='ltr'><strong>sunI.Et</strong></span> <span class='ocrx_word' id='word_1_593' title='bbox 1127 1732 1215 1767; x_wconf 87' lang='lat' dir='ltr'><strong>capite</strong></span> <span class='ocrx_word' id='word_1_594' title='bbox 1223 1732 1269 1759; x_wconf 74' lang='lat'><strong>22:</strong></span> <span class='ocrx_word' id='word_1_595' title='bbox 1279 1732 1348 1759; x_wconf 87' lang='lat' dir='ltr'><strong>Deus</strong></span> <span class='ocrx_word' id='word_1_596' title='bbox 1363 1740 1391 1759; x_wconf 86' lang='lat' dir='ltr'><strong>se</strong></span> <span class='ocrx_word' id='word_1_597' title='bbox 1403 1732 1459 1766; x_wconf 82' lang='lat' dir='ltr'><strong>ipso</strong></span> <span class='ocrx_word' id='word_1_598' title='bbox 1469 1734 1605 1766; x_wconf 85' lang='lat' dir='ltr'><strong>cognoscit</strong></span> <span class='ocrx_word' id='word_1_599' title='bbox 1614 1740 1645 1760; x_wconf 85' lang='lat' dir='ltr'><strong>ex</strong></span> <span class='ocrx_word' id='word_1_600' title='bbox 1657 1732 1736 1760; x_wconf 84' lang='lat' dir='ltr'><strong>beata</strong></span> 
     </span>
    </p>
   </div>
   <div class='ocr_carea' id='block_1_80' title="bbox 949 1777 1736 1815">
    <p class='ocr_par' dir='ltr' id='par_1_80' title="bbox 949 1777 1736 1815">
     <span class='ocr_line' id='line_1_80' title="bbox 949 1777 1736 1815; baseline 0.006 -12"><span class='ocrx_word' id='word_1_601' title='bbox 949 1777 1102 1804; x_wconf 84' lang='lat' dir='ltr'><strong>substantia</strong></span> <span class='ocrx_word' id='word_1_602' title='bbox 1110 1784 1158 1805; x_wconf 85' lang='lat' dir='ltr'><strong>sua</strong></span> <span class='ocrx_word' id='word_1_603' title='bbox 1173 1786 1180 1805; x_wconf 88' lang='lat'><strong>:</strong></span> <span class='ocrx_word' id='word_1_604' title='bbox 1194 1785 1254 1812; x_wconf 69' lang='lat' dir='ltr'><strong>qua:</strong></span> <span class='ocrx_word' id='word_1_605' title='bbox 1268 1786 1331 1805; x_wconf 81' lang='lat' dir='ltr'><strong>vero</strong></span> <span class='ocrx_word' id='word_1_606' title='bbox 1342 1779 1412 1805; x_wconf 87' lang='lat' dir='ltr'><strong>idem</strong></span> <span class='ocrx_word' id='word_1_607' title='bbox 1422 1779 1520 1811; x_wconf 81' lang='lat' dir='ltr'><strong>ell‘ecit,</strong></span> <span class='ocrx_word' id='word_1_608' title='bbox 1549 1781 1686 1815; x_wconf 83' lang='lat' dir='ltr'><strong>cognoscit</strong></span> <span class='ocrx_word' id='word_1_609' title='bbox 1699 1788 1736 1808; x_wconf 84' lang='lat' dir='ltr'><strong>ex</strong></span> 
     </span>
    </p>
   </div>
   <div class='ocr_carea' id='block_1_81' title="bbox 949 1823 1736 1857">
    <p class='ocr_par' dir='ltr' id='par_1_81' title="bbox 949 1823 1736 1857">
     <span class='ocr_line' id='line_1_81' title="bbox 949 1823 1736 1857; baseline 0.008 -10"><span class='ocrx_word' id='word_1_610' title='bbox 949 1823 1079 1855; x_wconf 69' lang='lat' dir='ltr'><strong>sapientia</strong></span> <span class='ocrx_word' id='word_1_611' title='bbox 1087 1829 1145 1854; x_wconf 87' lang='lat' dir='ltr'><strong>sua,</strong></span> <span class='ocrx_word' id='word_1_612' title='bbox 1159 1830 1204 1856; x_wconf 92' lang='lat' dir='ltr'><strong>per</strong></span> <span class='ocrx_word' id='word_1_613' title='bbox 1211 1830 1304 1857; x_wconf 87' lang='lat' dir='ltr'><strong>quam,</strong></span> <span class='ocrx_word' id='word_1_614' title='bbox 1316 1828 1342 1850; x_wconf 90' lang='lat' dir='ltr'><strong>et</strong></span> <span class='ocrx_word' id='word_1_615' title='bbox 1357 1823 1382 1850; x_wconf 93' lang='lat' dir='ltr'><strong>in</strong></span> <span class='ocrx_word' id='word_1_616' title='bbox 1397 1831 1449 1856; x_wconf 79' lang='lat' dir='ltr'><strong>qua</strong></span> <span class='ocrx_word' id='word_1_617' title='bbox 1465 1829 1561 1851; x_wconf 84' lang='lat' dir='ltr'><strong>cuncta</strong></span> <span class='ocrx_word' id='word_1_618' title='bbox 1574 1825 1648 1852; x_wconf 85' lang='lat' dir='ltr'><strong>iecit.</strong></span> <span class='ocrx_word' id='word_1_619' title='bbox 1664 1826 1736 1853; x_wconf 87' lang='lat' dir='ltr'><strong>San-</strong></span> 
     </span>
    </p>
   </div>
   <div class='ocr_carea' id='block_1_82' title="bbox 950 1868 1749 1904">
    <p class='ocr_par' dir='ltr' id='par_1_82' title="bbox 950 1868 1749 1904">
     <span class='ocr_line' id='line_1_82' title="bbox 950 1868 1749 1904; baseline 0.004 -9"><span class='ocrx_word' id='word_1_620' title='bbox 950 1874 998 1895; x_wconf 67' lang='lat' dir='ltr'><strong>itac</strong></span> <span class='ocrx_word' id='word_1_621' title='bbox 1007 1869 1227 1903; x_wconf 71' lang='lat' dir='ltr'><strong>vcrolpotestates</strong></span> <span class='ocrx_word' id='word_1_622' title='bbox 1239 1868 1443 1903; x_wconf 72' lang='lat' dir='ltr'><strong>participatione</strong></span> <span class='ocrx_word' id='word_1_623' title='bbox 1459 1875 1629 1904; x_wconf 88' lang='lat' dir='ltr'><strong>cognoscunt</strong></span> <span class='ocrx_word' id='word_1_624' title='bbox 1639 1870 1749 1901; x_wconf 41' lang='lat' dir='ltr'><strong>Dettmr</strong></span> 
     </span>
    </p>
   </div>
   <div class='ocr_carea' id='block_1_83' title="bbox 949 1915 1736 1950">
    <p class='ocr_par' dir='ltr' id='par_1_83' title="bbox 949 1915 1736 1950">
     <span class='ocr_line' id='line_1_83' title="bbox 949 1915 1736 1950; baseline 0.004 -10"><span class='ocrx_word' id='word_1_625' title='bbox 949 1915 995 1949; x_wconf 85' lang='lat' dir='ltr'><strong>qui</strong></span> <span class='ocrx_word' id='word_1_626' title='bbox 1025 1921 1066 1941; x_wconf 87' lang='lat' dir='ltr'><strong>est</strong></span> <span class='ocrx_word' id='word_1_627' title='bbox 1094 1921 1175 1949; x_wconf 81' lang='lat' dir='ltr'><strong>supra</strong></span> <span class='ocrx_word' id='word_1_628' title='bbox 1199 1915 1443 1948; x_wconf 79' lang='lat' dir='ltr'><strong>participationem,</strong></span> <span class='ocrx_word' id='word_1_629' title='bbox 1461 1923 1521 1947; x_wconf 64' lang='lat' dir='ltr'><strong>ortae</strong></span> <span class='ocrx_word' id='word_1_630' title='bbox 1548 1923 1611 1943; x_wconf 87' lang='lat' dir='ltr'><strong>vero</strong></span> <span class='ocrx_word' id='word_1_631' title='bbox 1624 1917 1667 1943; x_wconf 83' lang='lat' dir='ltr'><strong>abi</strong></span> <span class='ocrx_word' id='word_1_632' title='bbox 1688 1924 1736 1950; x_wconf 74' lang='lat' dir='ltr'><strong>pso</strong></span> 
     </span>
    </p>
   </div>
   <div class='ocr_carea' id='block_1_84' title="bbox 951 1960 1737 1995">
    <p class='ocr_par' dir='ltr' id='par_1_84' title="bbox 951 1960 1737 1995">
     <span class='ocr_line' id='line_1_84' title="bbox 951 1960 1737 1995; baseline 0.001 -9"><span class='ocrx_word' id='word_1_633' title='bbox 951 1962 1020 1987; x_wconf 74' lang='lat' dir='ltr'><strong>facta</strong></span> <span class='ocrx_word' id='word_1_634' title='bbox 1037 1964 1107 1990; x_wconf 80' lang='lat' dir='ltr'><strong>sinit,</strong></span> <span class='ocrx_word' id='word_1_635' title='bbox 1119 1964 1284 1994; x_wconf 84' lang='lat' dir='ltr'><strong>cognoscunt</strong></span> <span class='ocrx_word' id='word_1_636' title='bbox 1296 1960 1444 1994; x_wconf 83' lang='lat' dir='ltr'><strong>colligendo</strong></span> <span class='ocrx_word' id='word_1_637' title='bbox 1456 1960 1482 1986; x_wconf 89' lang='lat' dir='ltr'><strong>in</strong></span> <span class='ocrx_word' id='word_1_638' title='bbox 1493 1961 1558 1994; x_wconf 73' lang='lat' dir='ltr'><strong>ip~is</strong></span> <span class='ocrx_word' id='word_1_639' title='bbox 1570 1961 1737 1995; x_wconf 81' lang='lat' dir='ltr'><strong>contempla-</strong></span> 
     </span>
    </p>
   </div>
   <div class='ocr_carea' id='block_1_85' title="bbox 951 2005 1737 2040">
    <p class='ocr_par' dir='ltr' id='par_1_85' title="bbox 951 2005 1737 2040">
     <span class='ocr_line' id='line_1_85' title="bbox 951 2005 1737 2040; baseline 0.001 -8"><span class='ocrx_word' id='word_1_640' title='bbox 951 2006 1050 2033; x_wconf 88' lang='lat' dir='ltr'><strong>tiones.</strong></span> <span class='ocrx_word' id='word_1_641' title='bbox 1067 2006 1164 2033; x_wconf 79' lang='lat' dir='ltr'><strong>Adhuc</strong></span> <span class='ocrx_word' id='word_1_642' title='bbox 1176 2013 1236 2039; x_wconf 82' lang='lat' dir='ltr'><strong>cap.</strong></span> <span class='ocrx_word' id='word_1_643' title='bbox 1249 2005 1284 2032; x_wconf 68' lang='grc'><strong>24</strong></span> <span class='ocrx_word' id='word_1_644' title='bbox 1301 2014 1308 2032; x_wconf 84' lang='lat'><strong>:</strong></span> <span class='ocrx_word' id='word_1_645' title='bbox 1325 2005 1483 2033; x_wconf 85' lang='lat' dir='ltr'><strong>Substantia</strong></span> <span class='ocrx_word' id='word_1_646' title='bbox 1501 2006 1612 2033; x_wconf 81' lang='lat' dir='ltr'><strong>rationis</strong></span> <span class='ocrx_word' id='word_1_647' title='bbox 1642 2007 1737 2040; x_wconf 85' lang='lat' dir='ltr'><strong>parti—</strong></span> 
     </span>
    </p>
   </div>
   <div class='ocr_carea' id='block_1_86' title="bbox 950 2050 1738 2086">
    <p class='ocr_par' dir='ltr' id='par_1_86' title="bbox 950 2050 1738 2086">
     <span class='ocr_line' id='line_1_86' title="bbox 950 2050 1738 2086; baseline -0.001 -8"><span class='ocrx_word' id='word_1_648' title='bbox 950 2059 1024 2085; x_wconf 73' lang='lat' dir='ltr'><strong>Ccps,</strong></span> <span class='ocrx_word' id='word_1_649' title='bbox 1048 2057 1075 2078; x_wconf 88' lang='lat' dir='ltr'><strong>et</strong></span> <span class='ocrx_word' id='word_1_650' title='bbox 1090 2051 1239 2078; x_wconf 85' lang='lat' dir='ltr'><strong>substantia</strong></span> <span class='ocrx_word' id='word_1_651' title='bbox 1256 2050 1416 2085; x_wconf 80' lang='lat' dir='ltr'><strong>intelligens,</strong></span> <span class='ocrx_word' id='word_1_652' title='bbox 1435 2050 1480 2077; x_wconf 86' lang='lat' dir='ltr'><strong>Dei</strong></span> <span class='ocrx_word' id='word_1_653' title='bbox 1502 2052 1589 2078; x_wconf 86' lang='lat' dir='ltr'><strong>sancti</strong></span> <span class='ocrx_word' id='word_1_654' title='bbox 1603 2052 1738 2086; x_wconf 81' lang='lat' dir='ltr'><strong>particeps</strong></span> 
     </span>
    </p>
   </div>
   <div class='ocr_carea' id='block_1_87' title="bbox 951 2095 1738 2131">
    <p class='ocr_par' dir='ltr' id='par_1_87' title="bbox 951 2095 1738 2131">
     <span class='ocr_line' id='line_1_87' title="bbox 951 2095 1738 2131; baseline 0.003 -9"><span class='ocrx_word' id='word_1_655' title='bbox 951 2097 1034 2122; x_wconf 80' lang='lat' dir='ltr'><strong>Deinn</strong></span> <span class='ocrx_word' id='word_1_656' title='bbox 1049 2098 1186 2130; x_wconf 73' lang='lat' dir='ltr'><strong>cognoscit</strong></span> <span class='ocrx_word' id='word_1_657' title='bbox 1211 2100 1266 2121; x_wconf 91' lang='lat' dir='ltr'><strong>tum</strong></span> <span class='ocrx_word' id='word_1_658' title='bbox 1285 2096 1341 2130; x_wconf 87' lang='lat' dir='ltr'><strong>ipsa</strong></span> <span class='ocrx_word' id='word_1_659' title='bbox 1358 2095 1528 2128; x_wconf 63' lang='lat' dir='ltr'><strong>assistendo,</strong></span> <span class='ocrx_word' id='word_1_660' title='bbox 1541 2100 1598 2123; x_wconf 89' lang='lat' dir='ltr'><strong>tum</strong></span> <span class='ocrx_word' id='word_1_661' title='bbox 1627 2096 1738 2131; x_wconf 89' lang='lat' dir='ltr'><strong>insuper</strong></span> 
     </span>
    </p>
   </div>
   <div class='ocr_carea' id='block_1_88' title="bbox 952 2141 1740 2175">
    <p class='ocr_par' dir='ltr' id='par_1_88' title="bbox 952 2141 1740 2175">
     <span class='ocr_line' id='line_1_88' title="bbox 952 2141 1740 2175; baseline -0.003 -6"><span class='ocrx_word' id='word_1_662' title='bbox 952 2142 1088 2169; x_wconf 84' lang='lat' dir='ltr'><strong>habilitate</strong></span> <span class='ocrx_word' id='word_1_663' title='bbox 1125 2141 1261 2173; x_wconf 85' lang='lat' dir='ltr'><strong>bonitatis,</strong></span> <span class='ocrx_word' id='word_1_664' title='bbox 1299 2141 1420 2175; x_wconf 88' lang='lat' dir='ltr'><strong>inquam,</strong></span> <span class='ocrx_word' id='word_1_665' title='bbox 1461 2146 1489 2168; x_wconf 92' lang='lat' dir='ltr'><strong>ct</strong></span> <span class='ocrx_word' id='word_1_666' title='bbox 1526 2143 1664 2175; x_wconf 68' lang='lat' dir='ltr'><strong>sapientia:</strong></span> <span class='ocrx_word' id='word_1_667' title='bbox 1712 2146 1740 2169; x_wconf 82' lang='lat' dir='ltr'><strong>et.</strong></span> 
     </span>
    </p>
   </div>
   <div class='ocr_carea' id='block_1_89' title="bbox 118 2187 899 2224">
    <p class='ocr_par' dir='ltr' id='par_1_89' title="bbox 118 2189 897 2224">
     <span class='ocr_line' id='line_1_89' title="bbox 118 2189 897 2224; baseline 0 -7"><span class='ocrx_word' id='word_1_668' title='bbox 118 2191 168 2217; x_wconf 87' lang='lat' dir='ltr'><strong>bit.</strong></span> <span class='ocrx_word' id='word_1_669' title='bbox 178 2189 223 2218; x_wconf 89' lang='lat' dir='ltr'><strong>Sic</strong></span> <span class='ocrx_word' id='word_1_670' title='bbox 232 2189 314 2224; x_wconf 78' lang='lat' dir='ltr'><strong>igitur</strong></span> <span class='ocrx_word' id='word_1_671' title='bbox 335 2189 404 2216; x_wconf 87' lang='lat' dir='ltr'><strong>Dens</strong></span> <span class='ocrx_word' id='word_1_672' title='bbox 418 2197 477 2223; x_wconf 81' lang='lat' dir='ltr'><strong>qua:</strong></span> <span class='ocrx_word' id='word_1_673' title='bbox 489 2194 552 2216; x_wconf 78' lang='lat' dir='ltr'><strong>sunt</strong></span> <span class='ocrx_word' id='word_1_674' title='bbox 563 2189 704 2224; x_wconf 82' lang='lat' dir='ltr'><strong>cognoscit</strong></span> <span class='ocrx_word' id='word_1_675' title='bbox 720 2197 771 2216; x_wconf 83' lang='lat' dir='ltr'><strong>non</strong></span> <span class='ocrx_word' id='word_1_676' title='bbox 799 2190 897 2217; x_wconf 84' lang='lat' dir='ltr'><strong>notitia</strong></span> 
     </span>
    </p>
   </div>
   <div class='ocr_carea' id='block_1_90' title="bbox 951 2187 1738 2224">
    <p class='ocr_par' dir='ltr' id='par_1_90' title="bbox 952 2187 1738 2224">
     <span class='ocr_line' id='line_1_90' title="bbox 952 2187 1738 2224; baseline 0.003 -10"><span class='ocrx_word' id='word_1_677' title='bbox 952 2193 1047 2215; x_wconf 59' lang='lat' dir='ltr'><strong>ornetcr</strong></span> <span class='ocrx_word' id='word_1_678' title='bbox 1073 2187 1255 2215; x_wconf 52' lang='lat' dir='ltr'><strong>exsistentiam</strong></span> <span class='ocrx_word' id='word_1_679' title='bbox 1290 2187 1444 2221; x_wconf 63' lang='lat' dir='ltr'><strong>perustuam</strong></span> <span class='ocrx_word' id='word_1_680' title='bbox 1468 2188 1566 2222; x_wconf 84' lang='lat' dir='ltr'><strong>gratia.</strong></span> <span class='ocrx_word' id='word_1_681' title='bbox 1597 2187 1642 2215; x_wconf 86' lang='lat' dir='ltr'><strong>Sic</strong></span> <span class='ocrx_word' id='word_1_682' title='bbox 1657 2188 1738 2224; x_wconf 80' lang='lat' dir='ltr'><strong>igitur</strong></span> 
     </span>
    </p>
   </div>
   <div class='ocr_carea' id='block_1_91' title="bbox 171 2277 403 2310">
    <p class='ocr_par' dir='ltr' id='par_1_91' title="bbox 171 2277 403 2310">
     <span class='ocr_line' id='line_1_91' title="bbox 171 2277 403 2310; baseline 0 -5"><span class='ocrx_word' id='word_1_683' title='bbox 171 2277 194 2294; x_wconf 81' lang='grc'><strong><em>⁵⁸</em></strong></span> <span class='ocrx_word' id='word_1_684' title='bbox 210 2277 278 2307; x_wconf 82' lang='lat' dir='ltr'><strong>Dan.</strong></span> <span class='ocrx_word' id='word_1_685' title='bbox 291 2286 348 2310; x_wconf 84' lang='lat' dir='ltr'><strong>xtu,</strong></span> <span class='ocrx_word' id='word_1_686' title='bbox 358 2278 403 2305; x_wconf 69' lang='grc' dir='ltr'><strong>η.</strong></span> 
     </span>
    </p>
   </div>
   <div class='ocr_carea' id='block_1_92' title="bbox 853 2333 988 2367">
    <p class='ocr_par' dir='ltr' id='par_1_92' title="bbox 853 2333 988 2367">
     <span class='ocr_line' id='line_1_92' title="bbox 853 2333 988 2367; baseline 0 -1"><span class='ocrx_word' id='word_1_687' title='bbox 853 2333 988 2367; x_wconf 80' lang='lat' dir='ltr'><strong>Scholia.</strong></span> 
     </span>
    </p>
   </div>
   <div class='ocr_carea' id='block_1_93' title="bbox 156 2411 909 2449">
    <p class='ocr_par' dir='ltr' id='par_1_93' title="bbox 156 2411 909 2449">
     <span class='ocr_line' id='line_1_93' title="bbox 156 2411 909 2449; baseline -0.003 -8"><span class='ocrx_word' id='word_1_688' title='bbox 156 2414 195 2449; x_wconf 76' lang='lat' dir='ltr'><strong>(li</strong></span> <span class='ocrx_word' id='word_1_689' title='bbox 216 2413 318 2441; x_wconf 73' lang='lat' dir='ltr'><strong>Causas</strong></span> <span class='ocrx_word' id='word_1_690' title='bbox 333 2414 448 2440; x_wconf 87' lang='lat' dir='ltr'><strong>onmium</strong></span> <span class='ocrx_word' id='word_1_691' title='bbox 466 2412 634 2447; x_wconf 82' lang='lat' dir='ltr'><strong>uniformiler</strong></span> <span class='ocrx_word' id='word_1_692' title='bbox 649 2411 829 2449; x_wconf 49' lang='lat' dir='ltr'><strong>partiripaeit,</strong></span> <span class='ocrx_word' id='word_1_693' title='bbox 840 2411 909 2444; x_wconf 84' lang='lat' dir='ltr'><strong>Quia</strong></span> 
     </span>
    </p>
   </div>
   <div class='ocr_carea' id='block_1_94' title="bbox 123 2448 908 2482">
    <p class='ocr_par' dir='ltr' id='par_1_94' title="bbox 123 2448 908 2482">
     <span class='ocr_line' id='line_1_94' title="bbox 123 2448 908 2482; baseline -0.006 -5"><span class='ocrx_word' id='word_1_694' title='bbox 123 2448 292 2478; x_wconf 80' lang='lat' dir='ltr'><strong>nonrccedit</strong></span> <span class='ocrx_word' id='word_1_695' title='bbox 320 2457 333 2475; x_wconf 89' lang='lat' dir='ltr'><strong>a</strong></span> <span class='ocrx_word' id='word_1_696' title='bbox 361 2457 408 2474; x_wconf 80' lang='lat' dir='ltr'><strong>sua</strong></span> <span class='ocrx_word' id='word_1_697' title='bbox 435 2449 624 2482; x_wconf 74' lang='lat' dir='ltr'><strong>simplicitate;</strong></span> <span class='ocrx_word' id='word_1_698' title='bbox 643 2456 691 2475; x_wconf 83' lang='lat' dir='ltr'><strong>nec</strong></span> <span class='ocrx_word' id='word_1_699' title='bbox 717 2448 797 2474; x_wconf 84' lang='lat' dir='ltr'><strong>ullam</strong></span> <span class='ocrx_word' id='word_1_700' title='bbox 825 2448 850 2473; x_wconf 91' lang='lat' dir='ltr'><strong>iu</strong></span> <span class='ocrx_word' id='word_1_701' title='bbox 875 2454 908 2473; x_wconf 90' lang='lat' dir='ltr'><strong>eo</strong></span> 
     </span>
    </p>
   </div>
   <div class='ocr_carea' id='block_1_95' title="bbox 121 2483 473 2517">
    <p class='ocr_par' dir='ltr' id='par_1_95' title="bbox 121 2483 473 2517">
     <span class='ocr_line' id='line_1_95' title="bbox 121 2483 473 2517; baseline -0.006 -6"><span class='ocrx_word' id='word_1_702' title='bbox 121 2484 344 2517; x_wconf 71' lang='lat' dir='ltr'><strong>compositionem</strong></span> <span class='ocrx_word' id='word_1_703' title='bbox 361 2483 473 2510; x_wconf 78' lang='lat' dir='ltr'><strong>faciunt.</strong></span> 
     </span>
    </p>
   </div>
   <div class='ocr_carea' id='block_1_96' title="bbox 161 2517 906 2553">
    <p class='ocr_par' dir='ltr' id='par_1_96' title="bbox 161 2517 906 2553">
     <span class='ocr_line' id='line_1_96' title="bbox 161 2517 906 2553; baseline -0.005 -9"><span class='ocrx_word' id='word_1_704' title='bbox 161 2519 199 2553; x_wconf 72' lang='grc'><strong>(2)</strong></span> <span class='ocrx_word' id='word_1_705' title='bbox 210 2519 364 2552; x_wconf 83' lang='lat' dir='ltr'><strong>Cognitione</strong></span> <span class='ocrx_word' id='word_1_706' title='bbox 375 2519 406 2544; x_wconf 80' lang='lat' dir='ltr'><strong>ub</strong></span> <span class='ocrx_word' id='word_1_707' title='bbox 424 2518 542 2544; x_wconf 79' lang='lat' dir='ltr'><strong>omnibus</strong></span> <span class='ocrx_word' id='word_1_708' title='bbox 555 2522 674 2551; x_wconf 64' lang='lat' dir='ltr'><strong>exempla</strong></span> <span class='ocrx_word' id='word_1_709' title='bbox 683 2525 693 2544; x_wconf 92' lang='lat'><em>:</em></span> <span class='ocrx_word' id='word_1_710' title='bbox 708 2517 769 2551; x_wconf 84' lang='lat' dir='ltr'><strong>quia</strong></span> <span class='ocrx_word' id='word_1_711' title='bbox 778 2520 818 2543; x_wconf 85' lang='lat' dir='ltr'><strong>est</strong></span> <span class='ocrx_word' id='word_1_712' title='bbox 828 2523 906 2550; x_wconf 76' lang='lat' dir='ltr'><strong>supra</strong></span> 
     </span>
    </p>
   </div>
   <div class='ocr_carea' id='block_1_97' title="bbox 121 2553 908 2586">
    <p class='ocr_par' dir='ltr' id='par_1_97' title="bbox 121 2553 908 2586">
     <span class='ocr_line' id='line_1_97' title="bbox 121 2553 908 2586; baseline -0.006 -5"><span class='ocrx_word' id='word_1_713' title='bbox 121 2555 304 2585; x_wconf 64' lang='lat' dir='ltr'><strong>cognitionem</strong></span> <span class='ocrx_word' id='word_1_714' title='bbox 330 2554 498 2583; x_wconf 87' lang='lat' dir='ltr'><strong>iutcllcctus,</strong></span> <span class='ocrx_word' id='word_1_715' title='bbox 516 2557 543 2578; x_wconf 84' lang='lat' dir='ltr'><strong>et</strong></span> <span class='ocrx_word' id='word_1_716' title='bbox 556 2560 635 2586; x_wconf 82' lang='lat' dir='ltr'><strong>supra</strong></span> <span class='ocrx_word' id='word_1_717' title='bbox 654 2553 832 2585; x_wconf 75' lang='lat' dir='ltr'><strong>cognitionem</strong></span> <span class='ocrx_word' id='word_1_718' title='bbox 844 2559 908 2577; x_wconf 71' lang='lat' dir='ltr'><strong>seu-</strong></span> 
     </span>
    </p>
   </div>
   <div class='ocr_carea' id='block_1_98' title="bbox 124 2585 907 2622">
    <p class='ocr_par' dir='ltr' id='par_1_98' title="bbox 124 2585 907 2622">
     <span class='ocr_line' id='line_1_98' title="bbox 124 2585 907 2622; baseline -0.006 -7"><span class='ocrx_word' id='word_1_719' title='bbox 124 2598 181 2617; x_wconf 76' lang='lat' dir='ltr'><strong>sus.</strong></span> <span class='ocrx_word' id='word_1_720' title='bbox 210 2593 341 2622; x_wconf 69' lang='lat' dir='ltr'><strong>quatenus</strong></span> <span class='ocrx_word' id='word_1_721' title='bbox 355 2596 402 2621; x_wconf 86' lang='lat' dir='ltr'><strong>pcr</strong></span> <span class='ocrx_word' id='word_1_722' title='bbox 426 2588 510 2622; x_wconf 66' lang='lat' dir='ltr'><strong>ipsam</strong></span> <span class='ocrx_word' id='word_1_723' title='bbox 533 2587 646 2620; x_wconf 84' lang='lat' dir='ltr'><strong>primam</strong></span> <span class='ocrx_word' id='word_1_724' title='bbox 662 2594 769 2613; x_wconf 85' lang='lat' dir='ltr'><strong>causam</strong></span> <span class='ocrx_word' id='word_1_725' title='bbox 786 2585 907 2612; x_wconf 88' lang='lat' dir='ltr'><strong>otnnium</strong></span> 
     </span>
    </p>
   </div>
   <div class='ocr_carea' id='block_1_99' title="bbox 124 2621 540 2656">
    <p class='ocr_par' dir='ltr' id='par_1_99' title="bbox 124 2621 540 2656">
     <span class='ocr_line' id='line_1_99' title="bbox 124 2621 540 2656; baseline -0.005 -8"><span class='ocrx_word' id='word_1_726' title='bbox 124 2623 213 2650; x_wconf 82' lang='lat' dir='ltr'><strong>oumia</strong></span> <span class='ocrx_word' id='word_1_727' title='bbox 229 2630 336 2656; x_wconf 72' lang='lat' dir='ltr'><strong>cognosi</strong></span> <span class='ocrx_word' id='word_1_728' title='bbox 347 2623 376 2648; x_wconf 87' lang='lat' dir='ltr'><strong>it.</strong></span> <span class='ocrx_word' id='word_1_729' title='bbox 397 2622 426 2648; x_wconf 85' lang='lat' dir='ltr'><strong>S.</strong></span> <span class='ocrx_word' id='word_1_730' title='bbox 441 2621 540 2647; x_wconf 84' lang='lat' dir='ltr'><strong>Thom.</strong></span> 
     </span>
    </p>
   </div>
   <div class='ocr_carea' id='block_1_100' title="bbox 161 2653 908 2690">
    <p class='ocr_par' dir='ltr' id='par_1_100' title="bbox 161 2653 908 2690">
     <span class='ocr_line' id='line_1_100' title="bbox 161 2653 908 2690; baseline -0.005 -7"><span class='ocrx_word' id='word_1_731' title='bbox 161 2659 200 2690; x_wconf 76' lang='grc'><strong>(7))</strong></span> <span class='ocrx_word' id='word_1_732' title='bbox 219 2653 349 2690; x_wconf 33' lang='grc' dir='ltr'><strong>Αὺνὶριη,</strong></span> <span class='ocrx_word' id='word_1_733' title='bbox 365 2662 392 2682; x_wconf 89' lang='lat' dir='ltr'><strong>ut</strong></span> <span class='ocrx_word' id='word_1_734' title='bbox 415 2658 452 2682; x_wconf 82' lang='lat' dir='ltr'><strong>ita</strong></span> <span class='ocrx_word' id='word_1_735' title='bbox 475 2657 571 2685; x_wconf 74' lang='lat' dir='ltr'><strong>rlicarn,</strong></span> <span class='ocrx_word' id='word_1_736' title='bbox 593 2655 729 2689; x_wconf 81' lang='lat' dir='ltr'><strong>principio.</strong></span> <span class='ocrx_word' id='word_1_737' title='bbox 750 2654 817 2686; x_wconf 78' lang='lat' dir='ltr'><strong>Quia</strong></span> <span class='ocrx_word' id='word_1_738' title='bbox 840 2653 908 2680; x_wconf 87' lang='lat' dir='ltr'><strong>Dcus</strong></span> 
     </span>
    </p>
   </div>
   <div class='ocr_carea' id='block_1_101' title="bbox 126 2690 908 2724">
    <p class='ocr_par' dir='ltr' id='par_1_101' title="bbox 126 2690 908 2724">
     <span class='ocr_line' id='line_1_101' title="bbox 126 2690 908 2724; baseline -0.006 -5"><span class='ocrx_word' id='word_1_739' title='bbox 126 2700 200 2719; x_wconf 79' lang='lat' dir='ltr'><strong>caret</strong></span> <span class='ocrx_word' id='word_1_740' title='bbox 222 2692 366 2724; x_wconf 83' lang='lat' dir='ltr'><strong>principio,</strong></span> <span class='ocrx_word' id='word_1_741' title='bbox 382 2692 482 2717; x_wconf 86' lang='lat' dir='ltr'><strong>idcirco</strong></span> <span class='ocrx_word' id='word_1_742' title='bbox 499 2693 617 2717; x_wconf 72' lang='lat' dir='ltr'><strong>Correxit</strong></span> <span class='ocrx_word' id='word_1_743' title='bbox 642 2691 712 2723; x_wconf 73' lang='lat' dir='ltr'><strong>quin]</strong></span> <span class='ocrx_word' id='word_1_744' title='bbox 729 2691 846 2719; x_wconf 81' lang='lat' dir='ltr'><strong>dixerat,</strong></span> <span class='ocrx_word' id='word_1_745' title='bbox 868 2690 908 2714; x_wconf 95' lang='lat' dir='ltr'><strong>in-</strong></span> 
     </span>
    </p>
   </div>
   <div class='ocr_carea' id='block_1_102' title="bbox 126 2725 906 2762">
    <p class='ocr_par' dir='ltr' id='par_1_102' title="bbox 126 2725 906 2762">
     <span class='ocr_line' id='line_1_102' title="bbox 126 2725 906 2762; baseline -0.006 -9"><span class='ocrx_word' id='word_1_746' title='bbox 126 2729 240 2760; x_wconf 63' lang='lat' dir='ltr'><strong>quii-ns:</strong></span> <span class='ocrx_word' id='word_1_747' title='bbox 257 2726 291 2753; x_wconf 90' lang='lat' dir='ltr'><strong>Ut</strong></span> <span class='ocrx_word' id='word_1_748' title='bbox 307 2733 341 2752; x_wconf 81' lang='lat' dir='ltr'><strong>ita</strong></span> <span class='ocrx_word' id='word_1_749' title='bbox 358 2727 456 2752; x_wconf 75' lang='lat' dir='ltr'><strong>dzcam.</strong></span> <span class='ocrx_word' id='word_1_750' title='bbox 471 2725 507 2751; x_wconf 78' lang='lat' dir='ltr'><strong>Ex</strong></span> <span class='ocrx_word' id='word_1_751' title='bbox 520 2726 669 2751; x_wconf 61' lang='lat' dir='ltr'><strong>aeternitate</strong></span> <span class='ocrx_word' id='word_1_752' title='bbox 687 2725 764 2758; x_wconf 83' lang='lat' dir='ltr'><strong>igitur</strong></span> <span class='ocrx_word' id='word_1_753' title='bbox 779 2728 906 2762; x_wconf 73' lang='lat' dir='ltr'><strong>tauquam</strong></span> 
     </span>
    </p>
   </div>
   <div class='ocr_carea' id='block_1_103' title="bbox 128 2759 909 2792">
    <p class='ocr_par' dir='ltr' id='par_1_103' title="bbox 128 2759 909 2792">
     <span class='ocr_line' id='line_1_103' title="bbox 128 2759 909 2792; baseline -0.006 -4"><span class='ocrx_word' id='word_1_754' title='bbox 128 2759 222 2788; x_wconf 80' lang='lat' dir='ltr'><strong>auctor</strong></span> <span class='ocrx_word' id='word_1_755' title='bbox 246 2769 366 2787; x_wconf 81' lang='lat' dir='ltr'><strong>omnium</strong></span> <span class='ocrx_word' id='word_1_756' title='bbox 392 2762 484 2787; x_wconf 84' lang='lat' dir='ltr'><strong>habuit.</strong></span> <span class='ocrx_word' id='word_1_757' title='bbox 509 2768 618 2785; x_wconf 86' lang='lat' dir='ltr'><strong>snorutu</strong></span> <span class='ocrx_word' id='word_1_758' title='bbox 644 2767 755 2792; x_wconf 83' lang='lat' dir='ltr'><strong>operum</strong></span> <span class='ocrx_word' id='word_1_759' title='bbox 773 2759 909 2791; x_wconf 83' lang='lat' dir='ltr'><strong>cognitio-</strong></span> 
     </span>
    </p>
   </div>
   <div class='ocr_carea' id='block_1_104' title="bbox 129 2792 910 2830">
    <p class='ocr_par' dir='ltr' id='par_1_104' title="bbox 129 2792 910 2830">
     <span class='ocr_line' id='line_1_104' title="bbox 129 2792 910 2830; baseline -0.005 -8"><span class='ocrx_word' id='word_1_760' title='bbox 129 2805 200 2828; x_wconf 80' lang='lat' dir='ltr'><strong>nem,</strong></span> <span class='ocrx_word' id='word_1_761' title='bbox 216 2801 242 2822; x_wconf 88' lang='lat' dir='ltr'><strong>et</strong></span> <span class='ocrx_word' id='word_1_762' title='bbox 260 2804 311 2823; x_wconf 89' lang='lat' dir='ltr'><strong>non</strong></span> <span class='ocrx_word' id='word_1_763' title='bbox 327 2803 359 2822; x_wconf 84' lang='lat' dir='ltr'><strong>ex</strong></span> <span class='ocrx_word' id='word_1_764' title='bbox 376 2796 505 2830; x_wconf 82' lang='lat' dir='ltr'><strong>operith</strong></span> <span class='ocrx_word' id='word_1_765' title='bbox 528 2795 583 2821; x_wconf 70' lang='lat' dir='ltr'><strong>suis</strong></span> <span class='ocrx_word' id='word_1_766' title='bbox 598 2801 657 2821; x_wconf 85' lang='lat' dir='ltr'><strong>eam</strong></span> <span class='ocrx_word' id='word_1_767' title='bbox 681 2792 773 2820; x_wconf 76' lang='lat' dir='ltr'><strong>tiltiitil</strong></span> <span class='ocrx_word' id='word_1_768' title='bbox 797 2797 824 2819; x_wconf 87' lang='lat' dir='ltr'><strong>et</strong></span> <span class='ocrx_word' id='word_1_769' title='bbox 849 2799 910 2826; x_wconf 87' lang='lat' dir='ltr'><strong>per-</strong></span> 
     </span>
    </p>
   </div>
   <div class='ocr_carea' id='block_1_105' title="bbox 127 2838 832 2858">
    <p class='ocr_par' dir='ltr' id='par_1_105' title="bbox 127 2838 832 2858">
     <span class='ocr_line' id='line_1_105' title="bbox 127 2838 832 2858; baseline 0 0"><span class='ocrx_word' id='word_1_770' title='bbox 127 2839 209 2858; x_wconf 83' lang='lat' dir='ltr'><strong>t‘cou.</strong></span> <span class='ocrx_word' id='word_1_771' title='bbox 830 2838 832 2841; x_wconf 58' lang='grc'><strong><em>⁷</em></strong></span> 
     </span>
    </p>
   </div>
   <div class='ocr_carea' id='block_1_106' title="bbox 162 2841 912 2900">
    <p class='ocr_par' dir='ltr' id='par_1_106' title="bbox 162 2841 912 2900">
     <span class='ocr_line' id='line_1_106' title="bbox 162 2841 912 2900; baseline -0.005 -8"><span class='ocrx_word' id='word_1_772' title='bbox 162 2841 295 2900; x_wconf 71' lang='lat' dir='ltr'><strong>Sicut</strong></span> <span class='ocrx_word' id='word_1_773' title='bbox 322 2865 420 2891; x_wconf 69' lang='lat' dir='ltr'><strong>lumen.</strong></span> <span class='ocrx_word' id='word_1_774' title='bbox 447 2863 573 2895; x_wconf 76' lang='lat' dir='ltr'><strong>Exemplo</strong></span> <span class='ocrx_word' id='word_1_775' title='bbox 597 2863 705 2890; x_wconf 86' lang='lat' dir='ltr'><strong>luminis</strong></span> <span class='ocrx_word' id='word_1_776' title='bbox 725 2862 820 2894; x_wconf 80' lang='lat' dir='ltr'><strong>docet,</strong></span> <span class='ocrx_word' id='word_1_777' title='bbox 847 2868 912 2896; x_wconf 68' lang='grc' dir='ltr'><strong>(νιο-</strong></span> 
     </span>
    </p>
   </div>
   <div class='ocr_carea' id='block_1_107' title="bbox 258 2911 592 2943">
    <p class='ocr_par' dir='ltr' id='par_1_107' title="bbox 258 2911 592 2943">
     <span class='ocr_line' id='line_1_107' title="bbox 258 2911 592 2943; baseline -0.006 0"><span class='ocrx_word' id='word_1_778' title='bbox 258 2915 393 2943; x_wconf 80' lang='grc' dir='ltr'><strong>ΙἈτιιυι..</strong></span> <span class='ocrx_word' id='word_1_779' title='bbox 413 2913 471 2941; x_wconf 76' lang='lat' dir='ltr'><strong>tiu.</strong></span> <span class='ocrx_word' id='word_1_780' title='bbox 503 2911 592 2941; x_wconf 80' lang='lat' dir='ltr'><strong>CLII.</strong></span> 
     </span>
    </p>
   </div>
   <div class='ocr_carea' id='block_1_108' title="bbox 963 2410 1741 2445">
    <p class='ocr_par' dir='ltr' id='par_1_108' title="bbox 963 2410 1741 2445">
     <span class='ocr_line' id='line_1_108' title="bbox 963 2410 1741 2445; baseline 0 -7"><span class='ocrx_word' id='word_1_781' title='bbox 963 2411 1043 2440; x_wconf 89' lang='lat' dir='ltr'><strong>modo</strong></span> <span class='ocrx_word' id='word_1_782' title='bbox 1061 2411 1130 2438; x_wconf 87' lang='lat' dir='ltr'><strong>Dens</strong></span> <span class='ocrx_word' id='word_1_783' title='bbox 1148 2415 1293 2444; x_wconf 76' lang='lat' dir='ltr'><strong>cognoscat</strong></span> <span class='ocrx_word' id='word_1_784' title='bbox 1315 2415 1463 2443; x_wconf 85' lang='lat' dir='ltr'><strong>creaturas,</strong></span> <span class='ocrx_word' id='word_1_785' title='bbox 1480 2417 1539 2445; x_wconf 70' lang='lat' dir='ltr'><strong>quae</strong></span> <span class='ocrx_word' id='word_1_786' title='bbox 1561 2410 1596 2437; x_wconf 87' lang='lat' dir='ltr'><strong>ita</strong></span> <span class='ocrx_word' id='word_1_787' title='bbox 1613 2410 1741 2438; x_wconf 78' lang='lat' dir='ltr'><strong>deficiunt</strong></span> 
     </span>
    </p>
   </div>
   <div class='ocr_carea' id='block_1_109' title="bbox 963 2445 1740 2479">
    <p class='ocr_par' dir='ltr' id='par_1_109' title="bbox 963 2445 1740 2479">
     <span class='ocr_line' id='line_1_109' title="bbox 963 2445 1740 2479; baseline -0.001 -6"><span class='ocrx_word' id='word_1_788' title='bbox 963 2455 977 2473; x_wconf 86' lang='lat' dir='ltr'><strong>a</strong></span> <span class='ocrx_word' id='word_1_789' title='bbox 998 2447 1061 2477; x_wconf 81' lang='lat' dir='ltr'><strong>Dco,</strong></span> <span class='ocrx_word' id='word_1_790' title='bbox 1078 2446 1147 2471; x_wconf 84' lang='lat' dir='ltr'><strong>sicut</strong></span> <span class='ocrx_word' id='word_1_791' title='bbox 1163 2446 1280 2472; x_wconf 74' lang='lat' dir='ltr'><strong>teucbm</strong></span> <span class='ocrx_word' id='word_1_792' title='bbox 1296 2451 1311 2471; x_wconf 90' lang='lat' dir='ltr'><strong>a</strong></span> <span class='ocrx_word' id='word_1_793' title='bbox 1326 2445 1435 2475; x_wconf 87' lang='lat' dir='ltr'><strong>iutnine,</strong></span> <span class='ocrx_word' id='word_1_794' title='bbox 1462 2446 1483 2472; x_wconf 89' lang='lat' dir='ltr'><strong>si</strong></span> <span class='ocrx_word' id='word_1_795' title='bbox 1503 2453 1632 2479; x_wconf 67' lang='lat' dir='ltr'><strong>pommus</strong></span> <span class='ocrx_word' id='word_1_796' title='bbox 1649 2446 1740 2472; x_wconf 87' lang='lat' dir='ltr'><strong>lumen</strong></span> 
     </span>
    </p>
   </div>
   <div class='ocr_carea' id='block_1_110' title="bbox 963 2479 1740 2514">
    <p class='ocr_par' dir='ltr' id='par_1_110' title="bbox 963 2479 1740 2514">
     <span class='ocr_line' id='line_1_110' title="bbox 963 2479 1740 2514; baseline -0.003 -6"><span class='ocrx_word' id='word_1_797' title='bbox 963 2482 1013 2508; x_wconf 89' lang='lat' dir='ltr'><strong>hoc</strong></span> <span class='ocrx_word' id='word_1_798' title='bbox 1028 2479 1156 2507; x_wconf 86' lang='lat' dir='ltr'><strong>sensibile</strong></span> <span class='ocrx_word' id='word_1_799' title='bbox 1170 2487 1229 2506; x_wconf 85' lang='lat' dir='ltr'><strong>esse</strong></span> <span class='ocrx_word' id='word_1_800' title='bbox 1246 2484 1335 2506; x_wconf 82' lang='lat' dir='ltr'><strong>mente</strong></span> <span class='ocrx_word' id='word_1_801' title='bbox 1360 2479 1498 2510; x_wconf 62' lang='lat' dir='ltr'><strong>praeditum</strong></span> <span class='ocrx_word' id='word_1_802' title='bbox 1510 2501 1517 2511; x_wconf 87' lang='lat'><strong>,</strong></span> <span class='ocrx_word' id='word_1_803' title='bbox 1541 2480 1564 2506; x_wconf 88' lang='lat' dir='ltr'><strong>si</strong></span> <span class='ocrx_word' id='word_1_804' title='bbox 1578 2480 1637 2514; x_wconf 82' lang='lat' dir='ltr'><strong>quis</strong></span> <span class='ocrx_word' id='word_1_805' title='bbox 1654 2485 1740 2513; x_wconf 78' lang='lat' dir='ltr'><strong>roget.</strong></span> 
     </span>
    </p>
   </div>
   <div class='ocr_carea' id='block_1_111' title="bbox 962 2514 1740 2549">
    <p class='ocr_par' dir='ltr' id='par_1_111' title="bbox 962 2514 1740 2549">
     <span class='ocr_line' id='line_1_111' title="bbox 962 2514 1740 2549; baseline -0.001 -7"><span class='ocrx_word' id='word_1_806' title='bbox 962 2524 996 2542; x_wconf 90' lang='lat' dir='ltr'><strong>an</strong></span> <span class='ocrx_word' id='word_1_807' title='bbox 1012 2519 1158 2549; x_wconf 80' lang='lat' dir='ltr'><strong>cognoscat</strong></span> <span class='ocrx_word' id='word_1_808' title='bbox 1175 2514 1299 2540; x_wconf 82' lang='lat' dir='ltr'><strong>tenebras</strong></span> <span class='ocrx_word' id='word_1_809' title='bbox 1309 2533 1316 2544; x_wconf 86' lang='lat'><strong><em>.</em></strong></span> <span class='ocrx_word' id='word_1_810' title='bbox 1332 2514 1403 2541; x_wconf 89' lang='lat' dir='ltr'><strong>dicet</strong></span> <span class='ocrx_word' id='word_1_811' title='bbox 1418 2521 1579 2547; x_wconf 78' lang='lat' dir='ltr'><strong>cognoscere</strong></span> <span class='ocrx_word' id='word_1_812' title='bbox 1595 2517 1740 2549; x_wconf 82' lang='lat' dir='ltr'><strong>authuant</strong></span> 
     </span>
    </p>
   </div>
   <div class='ocr_carea' id='block_1_112' title="bbox 962 2549 1743 2583">
    <p class='ocr_par' dir='ltr' id='par_1_112' title="bbox 962 2549 1743 2583">
     <span class='ocr_line' id='line_1_112' title="bbox 962 2549 1743 2583; baseline -0.003 -7"><span class='ocrx_word' id='word_1_813' title='bbox 962 2551 1016 2577; x_wconf 81' lang='lat' dir='ltr'><strong>siut</strong></span> <span class='ocrx_word' id='word_1_814' title='bbox 1035 2550 1167 2583; x_wconf 58' lang='lat' dir='ltr'><strong>tenebrae;</strong></span> <span class='ocrx_word' id='word_1_815' title='bbox 1183 2549 1350 2582; x_wconf 75' lang='lat' dir='ltr'><strong>experientia</strong></span> <span class='ocrx_word' id='word_1_816' title='bbox 1366 2549 1438 2575; x_wconf 89' lang='lat' dir='ltr'><strong>enim</strong></span> <span class='ocrx_word' id='word_1_817' title='bbox 1459 2557 1511 2575; x_wconf 92' lang='lat' dir='ltr'><strong>non</strong></span> <span class='ocrx_word' id='word_1_818' title='bbox 1537 2554 1625 2583; x_wconf 81' lang='lat' dir='ltr'><strong>potest</strong></span> <span class='ocrx_word' id='word_1_819' title='bbox 1641 2556 1743 2579; x_wconf 66' lang='lat' dir='ltr'><strong>cogno-</strong></span> 
     </span>
    </p>
   </div>
   <div class='ocr_carea' id='block_1_113' title="bbox 962 2580 1744 2618">
    <p class='ocr_par' dir='ltr' id='par_1_113' title="bbox 962 2580 1744 2618">
     <span class='ocr_line' id='line_1_113' title="bbox 962 2580 1744 2618; baseline -0.004 -6"><span class='ocrx_word' id='word_1_820' title='bbox 962 2592 1049 2614; x_wconf 74' lang='lat' dir='ltr'><strong>scere.</strong></span> <span class='ocrx_word' id='word_1_821' title='bbox 1063 2585 1124 2616; x_wconf 88' lang='lat' dir='ltr'><strong>quia</strong></span> <span class='ocrx_word' id='word_1_822' title='bbox 1139 2580 1160 2609; x_wconf 77' lang='lat' dir='ltr'><strong>si</strong></span> <span class='ocrx_word' id='word_1_823' title='bbox 1176 2580 1264 2609; x_wconf 83' lang='lat' dir='ltr'><strong>lumen</strong></span> <span class='ocrx_word' id='word_1_824' title='bbox 1280 2589 1332 2611; x_wconf 83' lang='lat' dir='ltr'><strong>est.</strong></span> <span class='ocrx_word' id='word_1_825' title='bbox 1345 2591 1398 2609; x_wconf 88' lang='lat' dir='ltr'><strong>non</strong></span> <span class='ocrx_word' id='word_1_826' title='bbox 1414 2589 1478 2609; x_wconf 86' lang='lat' dir='ltr'><strong>sunt</strong></span> <span class='ocrx_word' id='word_1_827' title='bbox 1493 2580 1627 2615; x_wconf 72' lang='lat' dir='ltr'><strong>teneone;</strong></span> <span class='ocrx_word' id='word_1_828' title='bbox 1644 2591 1744 2618; x_wconf 76' lang='lat' dir='ltr'><strong>cogno-</strong></span> 
     </span>
    </p>
   </div>
   <div class='ocr_carea' id='block_1_114' title="bbox 962 2618 1742 2652">
    <p class='ocr_par' dir='ltr' id='par_1_114' title="bbox 962 2618 1742 2652">
     <span class='ocr_line' id='line_1_114' title="bbox 962 2618 1742 2652; baseline -0.004 -6"><span class='ocrx_word' id='word_1_829' title='bbox 962 2621 1014 2646; x_wconf 86' lang='lat' dir='ltr'><strong>scit</strong></span> <span class='ocrx_word' id='word_1_830' title='bbox 1024 2620 1139 2652; x_wconf 81' lang='lat' dir='ltr'><strong>igiturnt</strong></span> <span class='ocrx_word' id='word_1_831' title='bbox 1149 2619 1312 2652; x_wconf 82' lang='lat' dir='ltr'><strong>lnmen.quia</strong></span> <span class='ocrx_word' id='word_1_832' title='bbox 1322 2618 1455 2652; x_wconf 87' lang='lat' dir='ltr'><strong>scit,quod</strong></span> <span class='ocrx_word' id='word_1_833' title='bbox 1465 2618 1486 2644; x_wconf 86' lang='lat' dir='ltr'><strong>si</strong></span> <span class='ocrx_word' id='word_1_834' title='bbox 1498 2618 1742 2649; x_wconf 78' lang='lat' dir='ltr'><strong>auicraturlutnen,</strong></span> 
     </span>
    </p>
   </div>
   <div class='ocr_carea' id='block_1_115' title="bbox 962 2651 1742 2680">
    <p class='ocr_par' dir='ltr' id='par_1_115' title="bbox 962 2651 1742 2680">
     <span class='ocr_line' id='line_1_115' title="bbox 962 2651 1742 2680; baseline -0.003 0"><span class='ocrx_word' id='word_1_835' title='bbox 962 2651 1045 2680; x_wconf 78' lang='lat' dir='ltr'><strong>nemo</strong></span> <span class='ocrx_word' id='word_1_836' title='bbox 1064 2652 1173 2679; x_wconf 79' lang='lat' dir='ltr'><strong>videbit.</strong></span> <span class='ocrx_word' id='word_1_837' title='bbox 1191 2652 1235 2678; x_wconf 80' lang='lat' dir='ltr'><strong>Sic</strong></span> <span class='ocrx_word' id='word_1_838' title='bbox 1254 2651 1324 2679; x_wconf 84' lang='lat' dir='ltr'><strong>Deus</strong></span> <span class='ocrx_word' id='word_1_839' title='bbox 1339 2652 1365 2679; x_wconf 91' lang='lat' dir='ltr'><strong>in</strong></span> <span class='ocrx_word' id='word_1_840' title='bbox 1388 2659 1417 2678; x_wconf 86' lang='lat' dir='ltr'><strong>se</strong></span> <span class='ocrx_word' id='word_1_841' title='bbox 1434 2659 1463 2678; x_wconf 91' lang='lat' dir='ltr'><strong>ut</strong></span> <span class='ocrx_word' id='word_1_842' title='bbox 1479 2659 1560 2679; x_wconf 83' lang='lat' dir='ltr'><strong>causa</strong></span> <span class='ocrx_word' id='word_1_843' title='bbox 1580 2653 1659 2678; x_wconf 88' lang='lat' dir='ltr'><strong>habet</strong></span> <span class='ocrx_word' id='word_1_844' title='bbox 1684 2660 1742 2678; x_wconf 88' lang='lat' dir='ltr'><strong>om-</strong></span> 
     </span>
    </p>
   </div>
   <div class='ocr_carea' id='block_1_116' title="bbox 964 2687 1743 2720">
    <p class='ocr_par' dir='ltr' id='par_1_116' title="bbox 964 2687 1743 2720">
     <span class='ocr_line' id='line_1_116' title="bbox 964 2687 1743 2720; baseline -0.004 -5"><span class='ocrx_word' id='word_1_845' title='bbox 964 2689 1036 2715; x_wconf 89' lang='lat' dir='ltr'><strong>nium</strong></span> <span class='ocrx_word' id='word_1_846' title='bbox 1058 2687 1249 2720; x_wconf 80' lang='lat' dir='ltr'><strong>cognitionem,</strong></span> <span class='ocrx_word' id='word_1_847' title='bbox 1262 2694 1341 2720; x_wconf 85' lang='lat' dir='ltr'><strong>quam</strong></span> <span class='ocrx_word' id='word_1_848' title='bbox 1359 2694 1411 2712; x_wconf 91' lang='lat' dir='ltr'><strong>non</strong></span> <span class='ocrx_word' id='word_1_849' title='bbox 1429 2694 1476 2720; x_wconf 90' lang='lat' dir='ltr'><strong>per</strong></span> <span class='ocrx_word' id='word_1_850' title='bbox 1488 2687 1682 2720; x_wconf 80' lang='lat' dir='ltr'><strong>experientiam</strong></span> <span class='ocrx_word' id='word_1_851' title='bbox 1697 2695 1743 2712; x_wconf 88' lang='lat' dir='ltr'><strong>ac-</strong></span> 
     </span>
    </p>
   </div>
   <div class='ocr_carea' id='block_1_117' title="bbox 963 2720 1744 2756">
    <p class='ocr_par' dir='ltr' id='par_1_117' title="bbox 963 2720 1744 2756">
     <span class='ocr_line' id='line_1_117' title="bbox 963 2720 1744 2756; baseline -0.005 -7"><span class='ocrx_word' id='word_1_852' title='bbox 963 2721 1085 2756; x_wconf 82' lang='lat' dir='ltr'><strong>quisivit,</strong></span> <span class='ocrx_word' id='word_1_853' title='bbox 1112 2720 1211 2754; x_wconf 89' lang='lat' dir='ltr'><strong>alioqui</strong></span> <span class='ocrx_word' id='word_1_854' title='bbox 1231 2725 1305 2748; x_wconf 84' lang='lat' dir='ltr'><strong>esset</strong></span> <span class='ocrx_word' id='word_1_855' title='bbox 1329 2721 1399 2748; x_wconf 88' lang='lat' dir='ltr'><strong>Deus</strong></span> <span class='ocrx_word' id='word_1_856' title='bbox 1419 2722 1551 2754; x_wconf 85' lang='lat' dir='ltr'><strong>posterior</strong></span> <span class='ocrx_word' id='word_1_857' title='bbox 1577 2721 1744 2755; x_wconf 72' lang='lat' dir='ltr'><strong>cognitione,</strong></span> 
     </span>
    </p>
   </div>
   <div class='ocr_carea' id='block_1_118' title="bbox 963 2756 1743 2789">
    <p class='ocr_par' dir='ltr' id='par_1_118' title="bbox 963 2756 1743 2789">
     <span class='ocr_line' id='line_1_118' title="bbox 963 2756 1743 2789; baseline -0.004 -6"><span class='ocrx_word' id='word_1_858' title='bbox 963 2763 1010 2783; x_wconf 82' lang='lat' dir='ltr'><strong>aut</strong></span> <span class='ocrx_word' id='word_1_859' title='bbox 1037 2756 1127 2789; x_wconf 80' lang='lat' dir='ltr'><strong>aliquo</strong></span> <span class='ocrx_word' id='word_1_860' title='bbox 1151 2761 1272 2788; x_wconf 82' lang='lat' dir='ltr'><strong>tempore</strong></span> <span class='ocrx_word' id='word_1_861' title='bbox 1301 2763 1352 2782; x_wconf 88' lang='lat' dir='ltr'><strong>non</strong></span> <span class='ocrx_word' id='word_1_862' title='bbox 1381 2756 1550 2788; x_wconf 74' lang='lat' dir='ltr'><strong>cognovisset</strong></span> <span class='ocrx_word' id='word_1_863' title='bbox 1567 2760 1575 2782; x_wconf 73' lang='grc' dir='ltr'><strong>ἶ</strong></span> <span class='ocrx_word' id='word_1_864' title='bbox 1595 2757 1644 2782; x_wconf 86' lang='lat' dir='ltr'><strong>hoc</strong></span> <span class='ocrx_word' id='word_1_865' title='bbox 1661 2757 1743 2781; x_wconf 74' lang='lat' dir='ltr'><strong>etiam</strong></span> 
     </span>
    </p>
   </div>
   <div class='ocr_carea' id='block_1_119' title="bbox 963 2789 1745 2824">
    <p class='ocr_par' dir='ltr' id='par_1_119' title="bbox 963 2789 1745 2824">
     <span class='ocr_line' id='line_1_119' title="bbox 963 2789 1745 2824; baseline -0.006 -6"><span class='ocrx_word' id='word_1_866' title='bbox 963 2791 1085 2824; x_wconf 80' lang='lat' dir='ltr'><strong>exemplo</strong></span> <span class='ocrx_word' id='word_1_867' title='bbox 1097 2791 1220 2821; x_wconf 82' lang='lat' dir='ltr'><strong>docetur,</strong></span> <span class='ocrx_word' id='word_1_868' title='bbox 1232 2791 1365 2822; x_wconf 79' lang='lat' dir='ltr'><strong>t|ll0lll0d0</strong></span> <span class='ocrx_word' id='word_1_869' title='bbox 1381 2797 1432 2816; x_wconf 84' lang='lat' dir='ltr'><strong>una</strong></span> <span class='ocrx_word' id='word_1_870' title='bbox 1445 2795 1471 2816; x_wconf 88' lang='lat' dir='ltr'><strong>ct</strong></span> <span class='ocrx_word' id='word_1_871' title='bbox 1488 2790 1581 2815; x_wconf 78' lang='lat' dir='ltr'><strong>eadem</strong></span> <span class='ocrx_word' id='word_1_872' title='bbox 1593 2789 1745 2824; x_wconf 70' lang='lat' dir='ltr'><strong>cognitione</strong></span> 
     </span>
    </p>
   </div>
   <div class='ocr_carea' id='block_1_120' title="bbox 966 2824 1744 2858">
    <p class='ocr_par' dir='ltr' id='par_1_120' title="bbox 966 2824 1744 2858">
     <span class='ocr_line' id='line_1_120' title="bbox 966 2824 1744 2858; baseline -0.004 -7"><span class='ocrx_word' id='word_1_873' title='bbox 966 2826 1105 2858; x_wconf 79' lang='lat' dir='ltr'><strong>cognoscit</strong></span> <span class='ocrx_word' id='word_1_874' title='bbox 1123 2824 1194 2851; x_wconf 85' lang='lat' dir='ltr'><strong>Deus</strong></span> <span class='ocrx_word' id='word_1_875' title='bbox 1209 2832 1248 2853; x_wconf 80' lang='lat' dir='ltr'><strong>se.</strong></span> <span class='ocrx_word' id='word_1_876' title='bbox 1265 2830 1290 2850; x_wconf 92' lang='lat' dir='ltr'><strong>et</strong></span> <span class='ocrx_word' id='word_1_877' title='bbox 1313 2825 1416 2856; x_wconf 75' lang='grc' dir='ltr'>(ιιιιιιίει,</span> <span class='ocrx_word' id='word_1_878' title='bbox 1441 2827 1508 2851; x_wconf 76' lang='lat' dir='ltr'><strong>sicut</strong></span> <span class='ocrx_word' id='word_1_879' title='bbox 1533 2825 1623 2851; x_wconf 88' lang='lat' dir='ltr'><strong>lumen</strong></span> <span class='ocrx_word' id='word_1_880' title='bbox 1645 2828 1744 2857; x_wconf 78' lang='lat' dir='ltr'><strong>cogno-</strong></span> 
     </span>
    </p>
   </div>
   <div class='ocr_carea' id='block_1_121' title="bbox 965 2859 1411 2893">
    <p class='ocr_par' dir='ltr' id='par_1_121' title="bbox 965 2859 1411 2893">
     <span class='ocr_line' id='line_1_121' title="bbox 965 2859 1411 2893; baseline -0.002 -6"><span class='ocrx_word' id='word_1_881' title='bbox 965 2860 1063 2888; x_wconf 78' lang='lat' dir='ltr'><strong>scendo</strong></span> <span class='ocrx_word' id='word_1_882' title='bbox 1077 2866 1106 2887; x_wconf 83' lang='lat' dir='ltr'><strong>se</strong></span> <span class='ocrx_word' id='word_1_883' title='bbox 1123 2859 1259 2893; x_wconf 72' lang='lat' dir='ltr'><strong>cognoscit</strong></span> <span class='ocrx_word' id='word_1_884' title='bbox 1278 2860 1411 2886; x_wconf 82' lang='lat' dir='ltr'><strong>tenebras.</strong></span> 
     </span>
    </p>
   </div>
   <div class='ocr_carea' id='block_1_122' title="bbox 1547 2901 1588 2932">
    <p class='ocr_par' dir='ltr' id='par_1_122' title="bbox 1547 2901 1588 2932">
     <span class='ocr_line' id='line_1_122' title="bbox 1547 2901 1588 2932; baseline 0.024 -1"><span class='ocrx_word' id='word_1_885' title='bbox 1547 2901 1588 2932; x_wconf 70' lang='lat' dir='ltr'><strong>9t)</strong></span> 
     </span>
    </p>
   </div>
  </div>
