1954 3071
244 146 297 182 907

817 150 976 182 JOANNIS
996 146 1277 182 CYPARISSIOTE

1816 152 1878 189 958

195 195 204 204 ’
245 206 327 231 Deum
342 203 495 237 cognoscit;
510 210 569 238 qua:
582 207 670 230 autem
684 203 717 230 ab
731 203 789 237 ipso
806 194 932 238 producta
949 210 1022 236 sunt,
1039 208 1058 234 Α
1074 210 1153 231 ctor:
1172 210 1197 230 et
1213 205 1238 232 in
1253 212 1282 232 sc
1295 205 1382 232 onmia
1400 205 1542 240 principia,
1559 211 1584 233 et
1599 207 1688 234 onmia
1703 215 1735 234 ex
1755 209 1875 242 ιιι-ῆιιοί-

243 253 390 285 cognoscit,
416 254 444 276 ut
459 250 561 276 dictum
576 253 627 280 est,
644 249 758 276 artiﬁcio
781 249 919 283 sapienti?
947 251 972 276 in
991 252 1024 277 iis

243 306 303 332 qua!
323 303 413 325 crcata
430 302 503 327 sunt,
515 297 646 329 collectae,
673 304 733 330 qua:
746 303 786 325 est
815 300 898 330 nuda,
921 303 948 324 et
972 306 1022 325 non

244 351 292 377 per
309 351 337 370 se
348 343 492 373 exsistcns,
509 343 535 368 in
567 348 654 369 mente
679 342 805 376 formata,
826 349 853 370 et
874 344 971 374 adhuc.
997 346 1022 371 in

243 389 314 415 nulla
331 389 512 422 duplicatione
529 388 599 415 Deus
613 389 719 423 penitus
746 389 870 423 simplet,
885 394 912 416 et
943 397 1023 422 supra

242 443 321 462 omne
334 435 458 469 simplex.
474 434 633 462 EtJoannes
660 434 854 467 Damascenus,
882 443 942 470 cap.
977 436 1020 468 Μ,

219 493 222 495 λ
244 481 280 506 De
298 481 384 507 divino
402 480 518 510 loco,ait
540 489 547 506 :
565 480 682 514 Angelus
698 481 769 506 enim
796 481 933 508 celeritate
947 487 1023 507 natu-

242 532 289 556 m,
302 525 398 559 etquia
412 529 546 558 prompte,
563 525 587 551 id
604 530 657 556 εει,
685 526 809 552 ccli-riter
826 526 934 558 transit,
957 533 1022 560 ope-

241 576 316 597 ratur
331 571 356 596 in
377 570 491 598 diversis
515 570 599 603 locis;
617 571 686 598 Deus
733 575 822 598 autem
849 572 895 606 qui
925 572 1023 606 ubique

241 622 293 648 cst,
310 622 337 642 et
350 624 429 650 supra
445 616 534 643 omnia
548 621 600 648 est,
613 617 711 650 ubique
723 618 815 643 eodem
848 623 950 651 puncto
978 625 1023 643 va-

241 663 291 694 rie,
310 669 362 688 uua
377 667 404 688 et
417 661 532 696 simplici
549 662 656 688 actione
671 663 736 696 agit.
748 661 784 688 Ex
818 663 914 696 quibus
928 662 955 688 lit
966 671 1022 689 ma-

241 707 380 738 nifestum,
406 707 476 740 quod
499 714 550 732 nou
577 707 629 732 alia
653 707 808 741 cognitione
837 707 925 741 seipse
951 707 1022 734 Deus

241 753 381 787 cogiiosrit
400 773 407 784 ,
421 752 473 778 alia
488 757 577 778 autem
595 758 625 778 ea
653 760 712 786 quae
735 760 749 778 a
775 759 804 778 se
827 752 920 779 cﬂecta
948 757 1020 784 sunt,

240 799 362 834 quiiiiuio
382 799 468 831 seipse
479 805 656 831 cognoscens,
672 805 733 823 suos
742 798 823 824 etiam
840 797 951 824 clleclus
968 806 1020 825 una

241 849 267 871 ct
280 844 381 872 inﬁnita
395 843 549 877 cognitione
567 843 722 878 cognoscit;
739 851 824 878 neque
840 844 954 871 diversis
970 851 1018 878 po-

1075 250 1125 284 piis
1139 250 1164 276 in
1180 251 1258 278 rebus
1274 251 1399 278 omnibus
1414 251 1507 278 elTecta
1524 258 1550 278 et
1563 253 1689 279 conclusa
1705 254 1875 288 anticipans

1075 300 1102 322 et
1115 296 1265 328 continens,
1278 302 1305 323 et
1319 304 1401 330 supra
1417 297 1506 324 omnia
1520 302 1572 330 est,
1588 302 1680 331 utpote
1693 303 1756 324 ante
1769 300 1875 325 onmia

1075 348 1156 375 supra
1186 341 1367 368 substantiam
1394 350 1558 377 supraquam
1581 345 1723 371 exsistens.
1746 344 1812 376 Quo
1847 345 1877 371 in

1075 385 1132 414 loco
1146 393 1255 414 sanctus
1271 388 1401 415 Maximus
1417 396 1423 413 :
1441 389 1590 422 Quomodo,
1612 390 1710 424 inquit,
1734 398 1799 417 cuin
1829 391 1878 417 di-

1074 432 1158 459 xisset
1171 433 1297 466 superius
1315 441 1322 460 :
1340 432 1366 459 ln
1385 433 1441 466 ipso
1462 441 1511 460 uec
1525 438 1577 465 est,
1594 441 1642 460 nec
1654 440 1725 466 erat,
1743 442 1795 461 nec
1813 441 1876 465 cst,

1074 485 1124 504 nec
1144 479 1213 509 erit,
1231 485 1316 511 neque
1335 478 1433 505 factum
1449 484 1491 505 cst
1504 500 1511 509 ,
1529 487 1615 513 neque
1633 479 1680 510 ﬁt,
1698 487 1788 513 neque
1810 481 1877 510 (iet,

1075 523 1117 549 hic
1131 522 1194 549 dicit
1211 521 1259 549 :Iii
1276 523 1335 557 ipso
1348 528 1446 554 etest,
1465 529 1490 549 ct
1503 525 1566 554 erit,
1581 529 1608 550 et
1624 524 1687 550 ill'ud
1705 525 1744 556 ﬁt,
1761 530 1789 551 et
1807 526 1878 557 lict,

1074 569 1179 602 proprie
1205 568 1348 596 laudatur?
1374 570 1414 596 An
1440 569 1490 596 sibi
1509 570 1672 597 contradicit
1693 571 1879 605 Dionysius?

1073 615 1173 648 Apage.
1187 614 1271 648 Supra
1285 615 1355 641 enim
1371 615 1458 649 ipsutn
1474 615 1542 642 dixit
1562 623 1622 642 esse
1642 616 1802 643 eﬂ‘eeiorein
1822 624 1880 643 ex-

1073 659 1213 691 sis=eiiti:r,
1227 660 1388 694 hypostasis,
1403 661 1571 692 substantia),
1590 666 1703 693 naturae,
1715 665 1741 687 ct
1756 666 1879 696 tenipo—

1073 706 1120 737 ris;
1135 711 1318 733 coiisentanee
1333 707 1415 741 igitur
1428 707 1454 733 iu
1469 707 1527 741 ipso
1540 706 1683 734 collocavit
1700 707 1767 734 illud
1792 713 1876 737 erat,

1072 756 1099 777 et
1112 751 1177 782 alia,
1191 757 1222 778 ut
1236 751 1369 785 intelligas
1383 759 1431 778 nec
1447 760 1460 778 a
1476 757 1606 793 tempore,
1619 759 1705 786 neque
1718 757 1782 786 post
1796 757 1878 780 tem-

1073 805 1121 831 pus
1144 797 1374 831 Dcumcmpisae;
1400 798 1466 832 quin
1493 799 1583 832 potius
1609 798 1776 831 superiorem
1805 806 1878 826 esse

1072 849 1150 876 quam
1167 843 1252 876 ipsum
1268 850 1340 873 esse,
1362 843 1495 877 siquidem
1512 843 1538 869 in
1558 843 1616 877 ipso
1630 843 1697 869 dixit
1713 851 1777 870 esse
1792 845 1877 871 exsi-

241 888 383 916 tcstatilius
410 893 436 914 et
451 888 605 914 actionibus
630 889 753 921 producit
784 893 947 920 creaturam,
973 889 1019 915 sed
1037 889 1199 926 Bstentiani
1224 888 1274 922 (4),
1295 892 1323 915 et
1349 897 1400 915 non
1426 896 1484 915 esse
1506 889 1594 921 ipsum
1610 890 1797 921 ersistcutiae;
1825 890 1877 916 hic

242 936 291 961 hac
305 933 468 967 eugiiiliotie,
481 938 506 959 et
519 941 571 958 una
583 938 663 965 atque
679 933 781 958 iuliuila
805 937 941 966 potestate
954 940 1020 960 cons

240 979 352 1011 linebat,
365 984 390 1005 et
406 978 552 1010 anticipata
572 978 685 1004 habebat
701 978 727 1004 in
742 978 832 1012 seipso
864 979 965 1010 omnia,
995 983 1022 1005 et

241 1031 332 1058 postea
342 1032 373 1051 ex
391 1032 418 1051 se
429 1025 522 1051 exiens
536 1024 679 1057 produxit;
693 1029 719 1050 et
735 1024 761 1050 in
777 1024 870 1055 nihilo,
885 1028 911 1051 et
922 1031 1020 1051 secun-

239 1072 302 1097 dum
317 1070 382 1097 nihil
394 1079 407 1096 a
421 1071 510 1103 seipse
521 1070 621 1096 divisus
632 1073 673 1096 est
685 1069 722 1103 (l)
733 1069 833 1096 habens
844 1069 899 1095 liaac
910 1070 982 1103 prius
993 1070 1021 1096 in

240 1117 339 1150 seipso,
355 1121 381 1143 et
391 1116 654 1150 producensipostea,
669 1119 695 1141 et
715 1122 810 1141 rursus
820 1115 852 1141 ad
863 1121 892 1142 se
903 1115 1020 1142 rediens.

542 1160 656 1188 CAPUT
678 1159 722 1188 Vl.

240 1219 315 1251 Quod
331 1219 473 1245 secundum
491 1226 569 1244 unum
588 1218 747 1251 singularem
767 1225 874 1243 causam
890 1218 977 1243 omnia
991 1217 1020 1251 ﬁt

276 1255 342 1280 Deus
358 1262 367 1280 :
383 1254 447 1280 lii/ii!
463 1259 546 1279 autem
561 1261 650 1279 eorum
663 1260 721 1286 quin
735 1255 765 1278 ab
785 1253 841 1286 ipso
858 1252 930 1286 facta
948 1257 1019 1284 sinit,

273 1295 310 1317 est
331 1297 380 1315 Non
401 1293 528 1314 creatum.

273 1347 384 1381 Magnus
398 1346 550 1380 Dlttllyalllﬁ,
564 1352 622 1378 cap.
640 1344 668 1376 9,
690 1344 725 1371 De
738 1345 833 1370 divinis
852 1344 1020 1371 nominibus:

238 1392 379 1422 Omnibus,
401 1392 496 1425 inquit,
520 1392 595 1417 adi-st
609 1398 726 1424 prioseus
744 1389 813 1417 Deus
834 1390 1016 1424 providenter,

237 1443 264 1465 et
283 1438 373 1464 omnia
391 1438 417 1464 in
437 1437 563 1464 omnibus
595 1437 622 1463 lit
648 1443 757 1470 propzer
783 1437 1018 1463 conservationem

238 1485 369 1516 omnium,
387 1491 497 1510 manens
512 1483 537 1509 iu
553 1490 593 1516 se,
607 1487 634 1509 et
650 1484 684 1509 ab
700 1478 793 1509 cod‘cm
814 1490 863 1509 suo
880 1487 952 1509 statu
967 1488 1019 1509 non

238 1528 392 1564 egrediens,
407 1529 432 1553 iu
449 1528 555 1553 actione
572 1534 636 1559 una,
650 1531 676 1553 et
697 1534 833 1561 nunquam
849 1532 972 1554 cessante
988 1528 1019 1553 tl-

1073 938 1163 959 autem
1175 933 1236 966 quia
1249 934 1317 960 dixit
1330 934 1501 967 multiplicari
1515 942 1575 961 eum
1589 934 1737 961 secundum
1750 942 1872 962 onmem

1072 978 1281 1013 cogitationem,
1301 979 1396 1005 merito
1422 980 1510 1006 dixit:
1529 980 1556 1006 lu
1583 980 1643 1015 ipso
1665 980 1730 1007 illud
1757 985 1814 1012 est,
1844 987 1875 1008 et

1071 1025 1133 1055 erit,
1146 1030 1172 1051 et
1185 1032 1245 1059 quae
1259 1030 1420 1059 sequuntur,
1436 1027 1497 1060 quia
1519 1027 1563 1053 ubi
1586 1031 1705 1061 tempus,
1728 1033 1776 1054 aut
1793 1032 1874 1055 tem-

1071 1071 1242 1104 pestivitates
1258 1071 1397 1105 cogitabis,
1414 1072 1468 1099 illic
1485 1072 1568 1099 Deum
1584 1073 1717 1106 reperies,
1731 1077 1759 1099 et
1776 1081 1869 1107 supra

1071 1116 1174 1148 omnia,
1192 1121 1219 1144 et
1242 1123 1305 1144 ante
1326 1118 1418 1145 omnia
1440 1125 1511 1150 esse,
1529 1124 1556 1145 et
1574 1126 1668 1146 eorum
1689 1127 1749 1153 quae
1772 1127 1841 1147 sunt
1862 1140 1870 1150 ,

1071 1168 1182 1188 causam
1199 1166 1225 1188 et
1240 1162 1396 1190 eﬂ‘ectorem
1420 1171 1489 1196 esse,
1506 1169 1532 1190 et
1553 1164 1621 1191 nihil
1637 1165 1758 1200 ipsorum
1771 1173 1840 1192 esse
1864 1174 1872 1191 :

1072 1207 1144 1234 sicut
1159 1207 1326 1240 dicebamus,
1342 1208 1412 1236 Nihil
1429 1216 1469 1236 est
1482 1217 1575 1237 eorum
1593 1218 1653 1245 qum
1676 1215 1749 1242 sunt,
1765 1217 1792 1237 et
1809 1212 1874 1244 ἱρέα

1072 1255 1113 1278 est
1133 1251 1159 1278 iu
1176 1253 1313 1279 omnibus.
1339 1253 1455 1281 Sanctus
1470 1254 1617 1289 Gregorius
1637 1255 1789 1290 Nyssenus,
1806 1257 1868 1282 Ad-

1072 1305 1160 1324 versus
1179 1298 1339 1325 Ennomium
1354 1307 1362 1325 .'
1382 1299 1519 1331 Bilariam,
1536 1300 1633 1334 inquit,
1654 1302 1735 1328 rebus
1750 1302 1869 1335 partitis

1072 1343 1099 1369 in
1125 1343 1245 1375 faciens,
1261 1349 1289 1371 et
1303 1344 1402 1371 factum
1413 1366 1419 1377 ,
1438 1350 1581 1380 utrumque
1605 1347 1639 1374 ab
1662 1347 1747 1374 altero
1764 1354 1869 1374 natura

1072 1387 1173 1420 dilIert,
1188 1392 1218 1415 ut
1234 1395 1322 1423 neque
1341 1390 1412 1424 quod
1437 1390 1537 1417 factum
1552 1396 1592 1418 est
1606 1399 1659 1419 non
1674 1397 1798 1419 creatum
1817 1395 1866 1424 sit.

1072 1440 1159 1467 neque
1173 1439 1294 1461 creatum
1309 1436 1379 1469 quod
1396 1440 1517 1462 naturam
1532 1443 1624 1464 corum
1638 1445 1698 1472 qua:
1713 1438 1794 1472 fiunt,
1810 1439 1871 1466 elﬁ-

1073 1479 1118 1506 cit.
1141 1479 1213 1506 Idem
1232 1481 1256 1506 in
1271 1481 1370 1508 eisdem
1387 1481 1464 1509 libris
1479 1491 1486 1509 :
1500 1482 1566 1518 Ego,
1588 1484 1684 1518 inquit.
1707 1487 1756 1512 etsi
1772 1493 1868 1513 sermo

1073 1530 1146 1552 esset
1175 1526 1246 1554 illius
1271 1526 1380 1562 Moysis,
1405 1528 1451 1562 qui
1479 1529 1505 1555 in
1533 1529 1768 1557 administratione
1796 1531 1869 1566 legis

237 1583 297 1602 xus.
317 1575 347 1601 Et
362 1582 456 1601 rursus
476 1574 545 1601 idem
563 1575 588 1601 in
611 1574 726 1608 quinto:
743 1574 793 1607 Qui
806 1582 870 1601 vere
891 1574 1017 1608 prroxsi-
1035 1573 1057 1604 C
1072 1570 1216 1604 splenduit,
1233 1580 1319 1606 neque
1336 1574 1375 1600 sic
1390 1575 1541 1608 hujusmodi
1554 1583 1705 1603 sermonem
1725 1578 1867 1609 tulissem.

238 1621 284 1647 stit
303 1621 351 1654 (‘2),
367 1621 514 1647 sccttndutii
531 1628 636 1647 onmem
654 1627 748 1647 eorum
763 1628 824 1655 qua:
837 1626 899 1647 sunt
919 1621 1025 1655 cogita-

239 1667 337 1693 tionem
355 1666 593 1700 multiplicatur,et
605 1666 676 1693 ineo
686 1668 791 1700 proprLe
804 1667 957 1694 celebratur
969 1667 1020 1702 (ὅ),

238 1718 305 1743 erat.
322 1717 349 1739 et
361 1718 411 1744 est,
426 1718 453 1740 et
468 1714 519 1739 erit
537 1722 543 1740 :
560 1714 621 1740 item
636 1713 736 1740 factum
753 1719 806 1746 est,
823 1719 849 1740 et
864 1715 902 1746 fit,
917 1719 943 1740 et
961 1715 1022 1746 tiet;

239 1758 301 1784 llcc
316 1758 385 1784 enim
404 1758 492 1784 onmia
507 1758 660 1792 signiﬁcant
676 1758 707 1784 iis
727 1759 772 1792 qui
791 1765 818 1784 ut
835 1758 917 1785 Deum
935 1761 1022 1790 decet,

227 1804 401 1838 intelligunt,
413 1811 470 1831 essi-
481 1812 540 1831 etim
554 1804 698 1831 secundum
712 1812 819 1831 omnem
834 1805 1021 1838 cogitationem

238 1856 318 1883 supra
334 1849 515 1876 substantiam
530 1854 574 1876 :Cl
586 1856 648 1876 esse
663 1857 771 1876 causam
786 1857 879 1877 eorum
894 1858 953 1884 (Illic
966 1859 1022 1876 lllU'

238 1897 279 1922 dis
296 1896 421 1922 omnibus
435 1903 511 1928 sunt;
530 1897 627 1922 etenim
641 1903 692 1922 nou
706 1896 756 1922 hoc
768 1896 874 1930 quidem
889 1901 940 1929 est,
956 1897 1019 1924 illud

238 1949 302 1968 vero
320 1948 371 1968 n0ii
388 1946 443 1974 est;
461 1949 510 1969 nec.
526 1942 616 1975 aliquo
633 1941 740 1975 quidem
763 1943 841 1969 modo
863 1948 913 1974 est,
931 1943 1020 1977 aliquo

238 1993 302 2013 vero
320 1994 372 2014 non
388 1992 447 2019 est;
461 1987 506 2014 sed
523 1987 611 2022 potius
623 1987 712 2014 omnia
726 1992 777 2019 est,
793 1993 820 2013 ut
834 1987 952 2014 omnium
970 1995 1019 2014 au-

272 2077 296 2093 “
323 2076 402 2104 Joau.
418 2084 437 2109 t,
457 2076 482 2103 1.

1078 1616 1126 1651 (5),
1144 1618 1193 1644 etsi
1218 1626 1278 1644 eum
1302 1618 1402 1645 uullnin
1420 1620 1518 1653 alioqui
1536 1628 1551 1646 e
1575 1628 1604 1647 se
1629 1622 1803 1655 splendorem
1822 1624 1868 1650 ille

1079 1663 1200 1695 haberet,
1224 1672 1333 1691 munere
1348 1665 1440 1692 divino
1455 1666 1612 1700 splendidus
1629 1673 1737 1700 repente
1754 1667 1868 1697 lsraelis

1078 1709 1112 1735 tis
1126 1711 1250 1744 apparuit
1264 1719 1270 1741 ;
1290 1711 1311 1736 is
1327 1711 1398 1737 enim
1419 1711 1545 1744 splendor
1560 1712 1585 1738 in
1602 1712 1756 1747 legis-latore
1773 1719 1864 1745 ortus,

1077 1762 1130 1781 non
1150 1755 1198 1781 fuit
1215 1756 1352 1789 cujusdam
1368 1758 1490 1790 alterius,
1509 1759 1555 1785 sed
1578 1759 1661 1792 ipsius
1680 1759 1737 1786 Dei.
1752 1761 1783 1786 Et
1801 1761 1867 1787 be:-

1077 1804 1121 1828 tits
1139 1801 1371 1836 Chrysostoums,
1397 1804 1423 1829 in
1449 1805 1571 1831 oratione
1594 1806 1619 1830 in
1647 1805 1753 1832 latnlem
1776 1808 1865 1833 sancti

1075 1845 1187 1873 Joannis
1201 1847 1340 1882 Tlicologi,
1352 1848 1430 1882 cujus
1444 1850 1604 1884 priuripium
1622 1855 1662 1876 est
1675 1858 1680 1875 :
1697 1850 1865 1884 Principium

1075 1893 1148 1919 nobis
1167 1901 1257 1919 rursus
1275 1902 1288 1920 ε
1303 1895 1366 1920 rte/0
1386 1895 1500 1931 advenit,
1517 1895 1556 1921 sic
1580 1896 1618 1922 ait
1643 1904 1649 1921 :
1676 1894 1708 1922 In
1732 1897 1867 1931 principio

1074 1946 1128 1966 erat
1151 1939 1272 1971 Verbum,
1290 1944 1313 1965 et
1330 1939 1438 1966 Verbum
1459 1946 1514 1966 erat
1539 1942 1609 1974 apud
1634 1940 1729 1973 Deum,
1747 1946 1771 1968 et
1796 1943 1867 1969 Deus

1073 1991 1130 2013 erat
1149 1986 1257 2013 Verbum
1274 1985 1303 2012 ³¹.
1324 1985 1460 2021 Nusquam
1475 1991 1524 2020 est,
1542 1994 1593 2013 non
1611 1993 1681 2019 erat,
1696 1989 1742 2016 scd
1762 1989 1867 2024 tibique

972 2135 1108 2166 Scholia.

274 2200 312 2234 (l)
327 2199 407 2225 Exire
430 2205 443 2223 a
467 2205 506 2229 se,
529 2202 565 2234 et
583 2206 635 2225 non
655 2197 750 2229 dividi,
773 2198 823 2224 lio'c
845 2202 886 2224 est
911 2197 1020 2229 inﬁniti.
1036 2199 1062 2228 D
1075 2200 1245 2226 cxsislentiw.
1263 2200 1307 2227 Sic
1319 2199 1383 2227 dicit
1396 2201 1464 2227 idem
1482 2199 1625 2234 Dionysius
1639 2207 1699 2233 cap.
1712 2199 1728 2226 5
1746 2209 1753 2225 :
1769 2195 1862 2233 ipsum

239 2234 310 2269 quod
327 2233 415 2260 omnia
435 2233 584 2260 substantia
602 2241 648 2259 sua
667 2238 695 2259 et
713 2233 811 2260 virtute
826 2240 858 2260 ac
879 2234 1019 2267 pra-scutis

239 2270 340 2297 implet.

287 2278 340 2296 net.

274 2278 311 2338 ἐξ)
332 2305 384 2336 Qui
403 2311 459 2330 vere
471 2302 637 2338 pra’exsislit,
653 2303 793 2338 secundum
808 2309 909 2338 omnem
931 2310 1020 2329 eorum

240 2336 297 2373 quo:
317 2345 387 2370 sunt,
404 2336 589 2372 cogitationem
614 2336 815 2369 multiplicatur.
832 2336 858 2362 Id
872 2343 923 2368 est.
941 2340 1019 2371 quid-

239 2374 302 2408 quid
320 2374 463 2407 cogitetur,
481 2376 507 2399 et
532 2373 563 2408 ad
589 2379 776 2408 quamcunque
793 2379 848 2398 rem
866 2373 926 2405 quis
941 2381 1016 2400 tuen-

239 2407 292 2434 tein
319 2408 449 2439 intendat,
468 2407 585 2433 iuvcuiet
605 2407 630 2431 iu
656 2414 685 2431 ea
715 2407 849 2432 notionem
875 2415 973 2440 causa‘,
993 2410 1017 2436 id

237 2449 289 2474 est,
308 2444 425 2469 auctoris
443 2442 488 2469 Dei
502 2449 510 2474 ;
524 2442 573 2467 huc
588 2440 668 2474 igitur
684 2446 723 2466 est
739 2440 922 2474 multiplicari,
945 2445 1018 2471 cerui

237 2486 298 2504 cum
317 2479 349 2512 in?
361 2479 451 2504 multis
462 2484 583 2505 causam,
600 2484 631 2512 ei;
644 2475 673 2501 S.
690 2476 795 2502 Maxiui.
811 2480 837 2502 et
855 2475 983 2512 Pachyin.

275 2512 311 2547 (ὅ)
337 2511 369 2539 1η
391 2521 420 2539 eo
444 2512 547 2547 proprie
570 2511 725 2547 celebratur,
751 2516 817 2541 erat,
835 2515 859 2547 et
880 2511 1018 2540 εδιζωιειιι

237 2545 379 2583 Diuiiysius
397 2545 596 2580 interpretatur,
608 2545 741 2583 quonion
757 2546 863 2579 proprie
879 2549 1020 2583 celefireu-

237 2589 280 2610 tur
298 2580 365 2613 lia‘c,
385 2583 486 2609 scilicet
499 2584 633 2615 quatenus
659 2580 853 2615 intelliguntur,
881 2586 909 2607 ut
936 2582 1018 2609 Deum

236 2620 321 2650 decet,
337 2618 443 2652 proprie
459 2614 585 2642 dicuntur
603 2616 628 2641 iu
642 2615 718 2652 Deo;
733 2620 759 2652 et
780 2615 806 2652 in
829 2614 881 2642 Deo
897 2625 970 2649 sum,
993 2618 1018 2643 id

236 2659 290 2686 est,
306 2650 440 2687 quatenus
455 2655 592 2683 cst,'erat,
608 2650 680 2687 erit,_
692 2650 853 2687 participant
866 2659 941 2687 esse;
958 2661 1018 2677 oin-

236 2684 364 2714 tiiaieniut
381 2687 527 2714 secundum
542 2693 650 2712 causam
665 2684 793 2711 dicuntur
814 2686 846 2711 de
868 2685 933 2717 Deo,
950 2692 976 2713 et
992 2688 1018 2713 in

237 2731 269 2750 eo
283 2729 356 2752 Stllll.
371 2727 398 2749 ct
414 2722 601 2754 intelliguntur
619 2720 926 2754 suprasubstantialiter,
951 2730 1018 2755 qua-

237 2765 314 2785 ta-nus
340 2765 404 2784 vero
430 2757 470 2783 sic
485 2756 663 2788 a‘ccipiuutur,
683 2759 711 2780 ut
724 2762 784 2781 cuiu
803 2754 902 2781 dicitur
921 2765 927 2782 :
948 2754 1017 2783 Deus

234 2799 286 2822 est,
302 2797 369 2824 erat,
394 2792 445 2818 erit
460 2811 468 2821 ,
483 2790 649 2824 signiﬁcetur
664 2789 747 2816 Deum
766 2789 930 2824 participare
945 2799 1016 2823 esse,

235 2831 328 2856 aliena:
342 2832 403 2854 sunt
417 2835 430 2852 a
448 2823 558 2858 lleo,’cx
576 2823 704 2858 Pachyni.

271 2864 308 2898 il)
325 2863 355 2889 In
374 2864 428 2897 ipso
444 2869 497 2888 (sae
512 2859 704 2892 ixsistetiti’am,
728 2864 752 2886 et
777 2867 827 2886 non
854 2868 909 2887 esse
933 2861 1017 2895 ipsum

1079 2235 1157 2260 habet
1178 2236 1350 2265 exsisteniia.
1365 2241 1391 2262 vt
1404 2243 1458 2262 non
1477 2240 1518 2261 est
1536 2234 1593 2269 ipse
1612 2235 1787 2269 easistentim.
1810 2234 1865 2262 Ex-

1076 2270 1198 2296 sisteniia
1218 2270 1296 2296 haliel
1314 2269 1408 2303 Deum,
1421 2276 1451 2298 ut
1467 2271 1598 2297 consistat
1614 2271 1669 2302 ipsa
1689 2270 1863 2302 exsistentia,

1077 2305 1148 2330 sieut
1168 2305 1229 2338 quis
1250 2305 1329 2331 habet
1352 2305 1434 2331 vitam
1454 2306 1486 2331 ad
1508 2305 1548 2331 sui
1577 2305 1789 2336 exsistentiam;
1810 2313 1862 2331 non

1076 2344 1165 2365 autem
1185 2342 1223 2365 sic
1244 2341 1324 2366 habet
1341 2340 1409 2367 Deus
1423 2339 1609 2367 cxsistentiaiu
1626 2359 1633 2369 ,
1658 2345 1685 2366 ιιι
1714 2347 1762 2373 per
1786 2341 1858 2366 exsi-

1076 2374 1201 2400 steuiiain
1225 2375 1268 2401 sit.
1296 2374 1372 2401 Sicut
1388 2375 1468 2407 igitur
1485 2374 1641 2402 exsisteutia
1666 2375 1746 2400 habet
1764 2374 1859 2405 Deum,

1077 2409 1117 2444 sic
1135 2409 1290 2435 exsislentia
1316 2417 1356 2436 est
1376 2408 1433 2441 Dei,
1451 2410 1512 2444 quia
1531 2411 1564 2435 ab
1581 2410 1638 2444 ipso
1661 2414 1773 2441 manat;
1793 2414 1819 2435 ct
1836 2416 1865 2435 ut

1076 2443 1146 2470 Deus
1160 2450 1212 2470 nou
1225 2445 1304 2470 liabet
1316 2446 1354 2471 sic
1368 2445 1563 2476 exsisteutiain,
1574 2451 1601 2470 ut
1615 2452 1661 2477 per
1673 2444 1861 2470 exsistentiam

1076 2480 1128 2510 sit;
1147 2480 1186 2505 sic
1206 2487 1294 2513 neque
1312 2479 1380 2506 Deus
1396 2484 1438 2506 cst
1454 2479 1537 2514 ipsius
1559 2479 1725 2506 exsisteiitite
1737 2498 1745 2510 ,
1762 2483 1790 2505 ut
1815 2485 1863 2512 per

1075 2519 1133 2539 eant
1152 2519 1196 2539 HI.

1111 2549 1149 2582 (ὅ)
1166 2548 1317 2576 Sermonem
1341 2549 1469 2576 tulissent.
1490 2548 1601 2575 Volebat
1626 2548 1774 2574 Euiiomius
1799 2555 1861 2575 cuni

1075 2583 1183 2610 Ariaiiis
1200 2583 1367 2616 splrmloreui
1386 2585 1430 2618 qui
1447 2584 1571 2618 apparuit
1587 2584 1611 2609 in
1629 2583 1697 2610 lat-ie
1711 2582 1822 2618 Moysis,
1835 2589 1861 2609 et

1075 2619 1161 2645 oculis
1179 2620 1316 2652 eoiporeis
1341 2619 1414 2645 risus
1430 2625 1482 2650 cst,
1497 2619 1579 2645 fuisse
1595 2619 1711 2645 divinam
1732 2621 1861 2645 substan-

1075 2655 1138 2679 tiam
1164 2654 1222 2680 Filii
1240 2654 1284 2679 Uei
1298 2674 1305 2685 ,
1324 2662 1356 2680 ex
1375 2662 1428 2688 quo
1444 2659 1599 2681 creaturam
1616 2660 1676 2679 esse
1691 2652 1797 2680 ellirere
1813 2661 1859 2678 ro-

1075 2688 1182 2720 leliani;
1201 2690 1270 2721 quod
1287 2687 1390 2715 falsum
1410 2694 1436 2714 et
1452 2689 1607 2715 limreticum
1621 2692 1689 2714 erat.
1707 2688 1770 2714 Erat
1786 2689 1857 2714 enim

1076 2724 1120 2748 ille
1132 2724 1258 2757 spli-imOr
1273 2730 1324 2749 non
1340 2724 1449 2750 alterius
1464 2731 1545 2756 quam
1564 2722 1609 2749 Dei
1625 2727 1761 2754 creatura,
1774 2731 1787 2748 a
1807 2730 1859 2756 quo

1076 2758 1101 2784 iii
1123 2758 1190 2784 facie
1206 2758 1309 2792 Moysi:
1334 2763 1442 2790 creatus
1463 2759 1522 2790 luit,
1539 2763 1569 2784 ut
1591 2758 1617 2783 in
1632 2765 1664 2784 eo
1679 2758 1801 2784 divinum
1818 2759 1860 2783 lti-

1076 2799 1136 2819 men
1153 2794 1299 2819 secundum
1319 2800 1349 2820 se
1363 2793 1555 2827 iiiaspectabile
1569 2796 1698 2827 tanquam
1710 2793 1736 2819 in
1750 2793 1861 2826 speculo

1075 2828 1108 2854 ad
1123 2829 1172 2856 huc
1187 2827 1258 2855 facto
1269 2827 1398 2855 lsraelitis
1415 2828 1577 2855 ostenderet.
