  <div class='ocr_page' id='page_1' title='image "/cluster/home/n/w/nwhite01/storage/ocr_20150623/152/njp.32101077773206/478.png"; bbox 0 0 1954 3071; ppageno 0'>
   <div class='ocr_carea' id='block_1_1' title="bbox 90 173 146 206">
    <p class='ocr_par' dir='ltr' id='par_1_1' title="bbox 90 173 146 206">
     <span class='ocr_line' id='line_1_1' title="bbox 90 173 146 206; baseline 0 0"><span class='ocrx_word' id='word_1_1' title='bbox 90 173 146 206; x_wconf 81' lang='lat'><strong>909</strong></span> 
     </span>
    </p>
   </div>
   <div class='ocr_carea' id='block_1_2' title="bbox 429 159 1403 201">
    <p class='ocr_par' dir='ltr' id='par_1_2' title="bbox 429 159 1403 201">
     <span class='ocr_line' id='line_1_2' title="bbox 429 159 1403 201; baseline -0.003 -1"><span class='ocrx_word' id='word_1_2' title='bbox 429 159 547 201; x_wconf 65' lang='lat' dir='ltr'><strong>oecis</strong></span> <span class='ocrx_word' id='word_1_3' title='bbox 568 171 649 201; x_wconf 86' lang='lat' dir='ltr'><strong>vm.</strong></span> <span class='ocrx_word' id='word_1_4' title='bbox 663 182 698 189; x_wconf 79' lang='lat'><strong>—-</strong></span> <span class='ocrx_word' id='word_1_5' title='bbox 716 159 766 200; x_wconf 85' lang='lat' dir='ltr'><strong>DE</strong></span> <span class='ocrx_word' id='word_1_6' title='bbox 786 168 1009 200; x_wconf 71' lang='lat' dir='ltr'><strong>INFINITATE</strong></span> <span class='ocrx_word' id='word_1_7' title='bbox 1028 169 1092 200; x_wconf 86' lang='lat' dir='ltr'><strong>DEI</strong></span> <span class='ocrx_word' id='word_1_8' title='bbox 1112 169 1152 199; x_wconf 82' lang='lat' dir='ltr'><strong>IN</strong></span> <span class='ocrx_word' id='word_1_9' title='bbox 1174 159 1403 199; x_wconf 80' lang='lat' dir='ltr'><strong>CREATURlS.</strong></span> 
     </span>
    </p>
   </div>
   <div class='ocr_carea' id='block_1_3' title="bbox 1669 163 1722 198">
    <p class='ocr_par' dir='ltr' id='par_1_3' title="bbox 1669 163 1722 198">
     <span class='ocr_line' id='line_1_3' title="bbox 1669 163 1722 198; baseline -0.038 0"><span class='ocrx_word' id='word_1_10' title='bbox 1669 163 1722 198; x_wconf 85' lang='lat'><strong>910</strong></span> 
     </span>
    </p>
   </div>
   <div class='ocr_carea' id='block_1_4' title="bbox 89 221 1724 260">
    <p class='ocr_par' dir='ltr' id='par_1_4' title="bbox 89 221 1724 260">
     <span class='ocr_line' id='line_1_4' title="bbox 89 221 1724 260; baseline -0.003 -7"><span class='ocrx_word' id='word_1_11' title='bbox 89 232 153 255; x_wconf 81' lang='lat' dir='ltr'><strong>erat</strong></span> <span class='ocrx_word' id='word_1_12' title='bbox 170 226 305 260; x_wconf 84' lang='lat' dir='ltr'><strong>husquam</strong></span> <span class='ocrx_word' id='word_1_13' title='bbox 320 229 380 258; x_wconf 85' lang='lat' dir='ltr'><strong>cst;</strong></span> <span class='ocrx_word' id='word_1_14' title='bbox 400 224 472 254; x_wconf 78' lang='lat' dir='ltr'><strong>fecit.</strong></span> <span class='ocrx_word' id='word_1_15' title='bbox 487 226 532 252; x_wconf 84' lang='lat' dir='ltr'><strong>sed</strong></span> <span class='ocrx_word' id='word_1_16' title='bbox 545 226 644 260; x_wconf 83' lang='lat' dir='ltr'><strong>ubique</strong></span> <span class='ocrx_word' id='word_1_17' title='bbox 657 226 721 259; x_wconf 78' lang='lat' dir='ltr'><strong>quia</strong></span> <span class='ocrx_word' id='word_1_18' title='bbox 736 229 804 255; x_wconf 81' lang='lat' dir='ltr'><strong>erat,</strong></span> <span class='ocrx_word' id='word_1_19' title='bbox 817 229 877 259; x_wconf 83' lang='lat' dir='ltr'><strong>post</strong></span> <span class='ocrx_word' id='word_1_20' title='bbox 892 226 913 253; x_wconf 74' lang='grc' dir='ltr'><strong>Δ</strong></span> <span class='ocrx_word' id='word_1_21' title='bbox 928 223 1036 258; x_wconf 85' lang='lat' dir='ltr'><strong>quidem</strong></span> <span class='ocrx_word' id='word_1_22' title='bbox 1055 225 1154 257; x_wconf 76' lang='lat' dir='ltr'><strong>agitur,</strong></span> <span class='ocrx_word' id='word_1_23' title='bbox 1173 223 1235 258; x_wconf 89' lang='lat' dir='ltr'><strong>quia</strong></span> <span class='ocrx_word' id='word_1_24' title='bbox 1251 223 1350 256; x_wconf 74' lang='lat' dir='ltr'><strong>prtehet</strong></span> <span class='ocrx_word' id='word_1_25' title='bbox 1373 223 1397 248; x_wconf 83' lang='lat' dir='ltr'><strong>ci</strong></span> <span class='ocrx_word' id='word_1_26' title='bbox 1428 221 1551 248; x_wconf 79' lang='lat' dir='ltr'><strong>ﬁduciam</strong></span> <span class='ocrx_word' id='word_1_27' title='bbox 1577 227 1639 255; x_wconf 78' lang='lat' dir='ltr'><strong>erga</strong></span> <span class='ocrx_word' id='word_1_28' title='bbox 1662 229 1724 248; x_wconf 92' lang='lat' dir='ltr'><strong>enm</strong></span> 
     </span>
    </p>
   </div>
   <div class='ocr_carea' id='block_1_5' title="bbox 90 268 882 303">
    <p class='ocr_par' dir='ltr' id='par_1_5' title="bbox 90 268 882 303">
     <span class='ocr_line' id='line_1_5' title="bbox 90 268 882 303; baseline -0.008 -5"><span class='ocrx_word' id='word_1_29' title='bbox 90 276 164 303; x_wconf 85' lang='lat' dir='ltr'><strong>erat,</strong></span> <span class='ocrx_word' id='word_1_30' title='bbox 185 270 258 302; x_wconf 81' lang='lat' dir='ltr'><strong>fecit,</strong></span> <span class='ocrx_word' id='word_1_31' title='bbox 276 277 328 296; x_wconf 92' lang='lat' dir='ltr'><strong>non</strong></span> <span class='ocrx_word' id='word_1_32' title='bbox 348 270 379 296; x_wconf 87' lang='lat' dir='ltr'><strong>de</strong></span> <span class='ocrx_word' id='word_1_33' title='bbox 395 273 518 298; x_wconf 76' lang='lat' dir='ltr'><strong>auctore.</strong></span> <span class='ocrx_word' id='word_1_34' title='bbox 536 270 582 295; x_wconf 83' lang='lat' dir='ltr'><strong>sed</strong></span> <span class='ocrx_word' id='word_1_35' title='bbox 599 269 631 296; x_wconf 85' lang='lat' dir='ltr'><strong>de</strong></span> <span class='ocrx_word' id='word_1_36' title='bbox 649 268 793 298; x_wconf 75' lang='lat' dir='ltr'><strong>creaturis.</strong></span> <span class='ocrx_word' id='word_1_37' title='bbox 811 272 838 294; x_wconf 86' lang='lat' dir='ltr'><strong>et</strong></span> <span class='ocrx_word' id='word_1_38' title='bbox 853 269 882 292; x_wconf 84' lang='grc' dir='ltr'><strong>ιιι</strong></span> 
     </span>
    </p>
   </div>
   <div class='ocr_carea' id='block_1_6' title="bbox 91 314 883 350">
    <p class='ocr_par' dir='ltr' id='par_1_6' title="bbox 91 314 883 350">
     <span class='ocr_line' id='line_1_6' title="bbox 91 314 883 350; baseline -0.006 -6"><span class='ocrx_word' id='word_1_39' title='bbox 91 317 165 344; x_wconf 87' lang='lat' dir='ltr'><strong>sciat</strong></span> <span class='ocrx_word' id='word_1_40' title='bbox 177 316 313 350; x_wconf 86' lang='lat' dir='ltr'><strong>quomodo</strong></span> <span class='ocrx_word' id='word_1_41' title='bbox 327 321 405 346; x_wconf 86' lang='lat' dir='ltr'><strong>erat;</strong></span> <span class='ocrx_word' id='word_1_42' title='bbox 419 320 446 342; x_wconf 87' lang='lat' dir='ltr'><strong>et</strong></span> <span class='ocrx_word' id='word_1_43' title='bbox 460 314 596 349; x_wconf 89' lang='lat' dir='ltr'><strong>quomodo</strong></span> <span class='ocrx_word' id='word_1_44' title='bbox 608 314 672 341; x_wconf 78' lang='lat' dir='ltr'><strong>fecit</strong></span> <span class='ocrx_word' id='word_1_45' title='bbox 687 321 736 349; x_wconf 82' lang='lat' dir='ltr'><strong>ego</strong></span> <span class='ocrx_word' id='word_1_46' title='bbox 752 314 821 344; x_wconf 83' lang='lat' dir='ltr'><strong>dico,</strong></span> <span class='ocrx_word' id='word_1_47' title='bbox 835 320 883 339; x_wconf 89' lang='lat' dir='ltr'><strong>vos</strong></span> 
     </span>
    </p>
   </div>
   <div class='ocr_carea' id='block_1_7' title="bbox 91 356 883 392">
    <p class='ocr_par' dir='ltr' id='par_1_7' title="bbox 91 356 883 392">
     <span class='ocr_line' id='line_1_7' title="bbox 91 356 883 392; baseline -0.008 -4"><span class='ocrx_word' id='word_1_48' title='bbox 91 365 237 388; x_wconf 86' lang='lat' dir='ltr'><strong>numerate</strong></span> <span class='ocrx_word' id='word_1_49' title='bbox 254 369 261 387; x_wconf 89' lang='lat'><strong>:</strong></span> <span class='ocrx_word' id='word_1_50' title='bbox 283 359 316 386; x_wconf 79' lang='lat' dir='ltr'><strong>In</strong></span> <span class='ocrx_word' id='word_1_51' title='bbox 341 360 469 392; x_wconf 75' lang='lat' dir='ltr'><strong>principio</strong></span> <span class='ocrx_word' id='word_1_52' title='bbox 492 363 550 385; x_wconf 82' lang='lat' dir='ltr'><strong>erat</strong></span> <span class='ocrx_word' id='word_1_53' title='bbox 571 358 697 389; x_wconf 81' lang='lat' dir='ltr'><strong>Verbum,</strong></span> <span class='ocrx_word' id='word_1_54' title='bbox 718 363 742 384; x_wconf 89' lang='lat' dir='ltr'><strong>et</strong></span> <span class='ocrx_word' id='word_1_55' title='bbox 774 356 883 383; x_wconf 72' lang='lat' dir='ltr'><strong>Verbum</strong></span> 
     </span>
    </p>
   </div>
   <div class='ocr_carea' id='block_1_8' title="bbox 91 403 884 441">
    <p class='ocr_par' dir='ltr' id='par_1_8' title="bbox 91 403 884 441">
     <span class='ocr_line' id='line_1_8' title="bbox 91 403 884 441; baseline -0.006 -8"><span class='ocrx_word' id='word_1_56' title='bbox 91 411 152 434; x_wconf 81' lang='lat' dir='ltr'><strong>erat</strong></span> <span class='ocrx_word' id='word_1_57' title='bbox 171 407 242 441; x_wconf 82' lang='lat' dir='ltr'><strong>apud</strong></span> <span class='ocrx_word' id='word_1_58' title='bbox 258 407 350 438; x_wconf 85' lang='lat' dir='ltr'><strong>Deum,</strong></span> <span class='ocrx_word' id='word_1_59' title='bbox 367 411 390 432; x_wconf 87' lang='lat' dir='ltr'><strong>et</strong></span> <span class='ocrx_word' id='word_1_60' title='bbox 406 406 475 432; x_wconf 82' lang='lat' dir='ltr'><strong>Deus</strong></span> <span class='ocrx_word' id='word_1_61' title='bbox 488 409 544 431; x_wconf 77' lang='lat' dir='ltr'><strong>erat</strong></span> <span class='ocrx_word' id='word_1_62' title='bbox 561 404 694 436; x_wconf 82' lang='lat' dir='ltr'><strong>Verbum;</strong></span> <span class='ocrx_word' id='word_1_63' title='bbox 711 405 758 430; x_wconf 81' lang='lat' dir='ltr'><strong>hor:</strong></span> <span class='ocrx_word' id='word_1_64' title='bbox 780 406 837 429; x_wconf 83' lang='lat' dir='ltr'><strong>erat</strong></span> <span class='ocrx_word' id='word_1_65' title='bbox 856 403 884 429; x_wconf 87' lang='lat' dir='ltr'><strong>in</strong></span> 
     </span>
    </p>
   </div>
   <div class='ocr_carea' id='block_1_9' title="bbox 92 449 885 486">
    <p class='ocr_par' dir='ltr' id='par_1_9' title="bbox 92 449 885 486">
     <span class='ocr_line' id='line_1_9' title="bbox 92 449 885 486; baseline -0.003 -9"><span class='ocrx_word' id='word_1_66' title='bbox 92 454 227 486; x_wconf 79' lang='lat' dir='ltr'><strong>principio</strong></span> <span class='ocrx_word' id='word_1_67' title='bbox 243 453 312 486; x_wconf 82' lang='lat' dir='ltr'><strong>apud</strong></span> <span class='ocrx_word' id='word_1_68' title='bbox 335 452 428 478; x_wconf 88' lang='lat' dir='ltr'><strong>Deum.</strong></span> <span class='ocrx_word' id='word_1_69' title='bbox 442 451 510 478; x_wconf 85' lang='lat' dir='ltr'><strong>Ecce</strong></span> <span class='ocrx_word' id='word_1_70' title='bbox 526 455 623 484; x_wconf 90' lang='lat' dir='ltr'><strong>quarto</strong></span> <span class='ocrx_word' id='word_1_71' title='bbox 640 449 772 479; x_wconf 83' lang='lat' dir='ltr'><strong>meminit.</strong></span> <span class='ocrx_word' id='word_1_72' title='bbox 789 454 816 475; x_wconf 88' lang='lat' dir='ltr'><strong>et</strong></span> <span class='ocrx_word' id='word_1_73' title='bbox 839 456 885 475; x_wconf 89' lang='lat' dir='ltr'><strong>ne-</strong></span> 
     </span>
    </p>
   </div>
   <div class='ocr_carea' id='block_1_10' title="bbox 93 494 885 532">
    <p class='ocr_par' dir='ltr' id='par_1_10' title="bbox 93 494 885 532">
     <span class='ocr_line' id='line_1_10' title="bbox 93 494 885 532; baseline -0.005 -8"><span class='ocrx_word' id='word_1_74' title='bbox 93 507 149 532; x_wconf 89' lang='lat' dir='ltr'><strong>que</strong></span> <span class='ocrx_word' id='word_1_75' title='bbox 165 499 248 526; x_wconf 79' lang='lat' dir='ltr'><strong>semel</strong></span> <span class='ocrx_word' id='word_1_76' title='bbox 264 498 343 529; x_wconf 80' lang='lat' dir='ltr'><strong>dixit,</strong></span> <span class='ocrx_word' id='word_1_77' title='bbox 359 497 473 523; x_wconf 80' lang='lat' dir='ltr'><strong>Factum</strong></span> <span class='ocrx_word' id='word_1_78' title='bbox 489 501 535 524; x_wconf 74' lang='lat' dir='ltr'><strong>est.</strong></span> <span class='ocrx_word' id='word_1_79' title='bbox 552 496 619 529; x_wconf 85' lang='lat' dir='ltr'><strong>Quid</strong></span> <span class='ocrx_word' id='word_1_80' title='bbox 638 496 720 529; x_wconf 73' lang='lat' dir='ltr'><strong>igitur</strong></span> <span class='ocrx_word' id='word_1_81' title='bbox 736 500 796 529; x_wconf 85' lang='lat' dir='ltr'><strong>post</strong></span> <span class='ocrx_word' id='word_1_82' title='bbox 810 494 885 521; x_wconf 80' lang='lat' dir='ltr'><strong>haec?</strong></span> 
     </span>
    </p>
   </div>
   <div class='ocr_carea' id='block_1_11' title="bbox 94 539 885 578">
    <p class='ocr_par' dir='ltr' id='par_1_11' title="bbox 94 539 885 578">
     <span class='ocr_line' id='line_1_11' title="bbox 94 539 885 578; baseline -0.008 -6"><span class='ocrx_word' id='word_1_83' title='bbox 94 545 194 572; x_wconf 83' lang='lat' dir='ltr'><strong><em>Omnia</em></strong></span> <span class='ocrx_word' id='word_1_84' title='bbox 215 552 261 578; x_wconf 84' lang='lat' dir='ltr'><strong>per</strong></span> <span class='ocrx_word' id='word_1_85' title='bbox 276 546 360 578; x_wconf 83' lang='lat' dir='ltr'><strong>ipsum</strong></span> <span class='ocrx_word' id='word_1_86' title='bbox 381 545 452 578; x_wconf 78' lang='lat' dir='ltr'><strong>facta</strong></span> <span class='ocrx_word' id='word_1_87' title='bbox 469 549 540 574; x_wconf 82' lang='lat' dir='ltr'><strong>sunt;</strong></span> <span class='ocrx_word' id='word_1_88' title='bbox 562 549 614 568; x_wconf 92' lang='lat' dir='ltr'><strong>non</strong></span> <span class='ocrx_word' id='word_1_89' title='bbox 631 541 698 568; x_wconf 68' lang='lat' dir='ltr'><strong>dixit</strong></span> <span class='ocrx_word' id='word_1_90' title='bbox 724 541 777 572; x_wconf 90' lang='lat' dir='ltr'><strong>hic,</strong></span> <span class='ocrx_word' id='word_1_91' title='bbox 807 539 885 573; x_wconf 84' lang='lat' dir='ltr'><strong>Erat,</strong></span> 
     </span>
    </p>
   </div>
   <div class='ocr_carea' id='block_1_12' title="bbox 94 587 883 626">
    <p class='ocr_par' dir='ltr' id='par_1_12' title="bbox 94 587 883 626">
     <span class='ocr_line' id='line_1_12' title="bbox 94 587 883 626; baseline -0.006 -9"><span class='ocrx_word' id='word_1_92' title='bbox 94 592 161 626; x_wconf 84' lang='lat' dir='ltr'><strong>quia</strong></span> <span class='ocrx_word' id='word_1_93' title='bbox 175 591 209 617; x_wconf 87' lang='lat' dir='ltr'><strong>de</strong></span> <span class='ocrx_word' id='word_1_94' title='bbox 225 590 359 617; x_wconf 75' lang='lat' dir='ltr'><strong>creaturis</strong></span> <span class='ocrx_word' id='word_1_95' title='bbox 373 595 432 616; x_wconf 88' lang='lat' dir='ltr'><strong>erat</strong></span> <span class='ocrx_word' id='word_1_96' title='bbox 447 597 548 615; x_wconf 88' lang='lat' dir='ltr'><strong>sermo.</strong></span> <span class='ocrx_word' id='word_1_97' title='bbox 571 588 665 614; x_wconf 84' lang='lat' dir='ltr'><strong>Omnia</strong></span> <span class='ocrx_word' id='word_1_98' title='bbox 679 596 724 622; x_wconf 79' lang='lat' dir='ltr'><strong>per</strong></span> <span class='ocrx_word' id='word_1_99' title='bbox 736 587 822 618; x_wconf 80' lang='lat' dir='ltr'><strong>ipsum</strong></span> <span class='ocrx_word' id='word_1_100' title='bbox 842 590 883 620; x_wconf 70' lang='lat' dir='ltr'><strong>[a-</strong></span> 
     </span>
    </p>
   </div>
   <div class='ocr_carea' id='block_1_13' title="bbox 94 633 885 667">
    <p class='ocr_par' dir='ltr' id='par_1_13' title="bbox 94 633 885 667">
     <span class='ocr_line' id='line_1_13' title="bbox 94 633 885 667; baseline -0.006 -4"><span class='ocrx_word' id='word_1_101' title='bbox 94 641 140 663; x_wconf 82' lang='lat' dir='ltr'><strong>cta</strong></span> <span class='ocrx_word' id='word_1_102' title='bbox 152 640 229 667; x_wconf 83' lang='lat' dir='ltr'><strong>sunt;</strong></span> <span class='ocrx_word' id='word_1_103' title='bbox 244 643 294 663; x_wconf 88' lang='lat' dir='ltr'><strong>non</strong></span> <span class='ocrx_word' id='word_1_104' title='bbox 311 635 391 667; x_wconf 78' lang='lat' dir='ltr'><strong>dixit,</strong></span> <span class='ocrx_word' id='word_1_105' title='bbox 410 635 505 666; x_wconf 78' lang='lat' dir='ltr'><strong>Erant,</strong></span> <span class='ocrx_word' id='word_1_106' title='bbox 531 635 577 661; x_wconf 84' lang='lat' dir='ltr'><strong>sed</strong></span> <span class='ocrx_word' id='word_1_107' title='bbox 603 633 690 660; x_wconf 79' lang='lat' dir='ltr'><strong>Facta</strong></span> <span class='ocrx_word' id='word_1_108' title='bbox 711 637 771 659; x_wconf 78' lang='lat' dir='ltr'><strong>sunt</strong></span> <span class='ocrx_word' id='word_1_109' title='bbox 798 633 885 659; x_wconf 83' lang='lat' dir='ltr'><strong>omnia</strong></span> 
     </span>
    </p>
   </div>
   <div class='ocr_carea' id='block_1_14' title="bbox 94 677 886 716">
    <p class='ocr_par' dir='ltr' id='par_1_14' title="bbox 94 677 886 716">
     <span class='ocr_line' id='line_1_14' title="bbox 94 677 886 716; baseline -0.006 -8"><span class='ocrx_word' id='word_1_110' title='bbox 94 690 143 716; x_wconf 75' lang='lat' dir='ltr'><strong>per</strong></span> <span class='ocrx_word' id='word_1_111' title='bbox 162 682 248 715; x_wconf 80' lang='lat' dir='ltr'><strong>ipsum</strong></span> <span class='ocrx_word' id='word_1_112' title='bbox 264 689 274 707; x_wconf 85' lang='lat'><strong><em>:</em></strong></span> <span class='ocrx_word' id='word_1_113' title='bbox 289 687 312 707; x_wconf 84' lang='lat' dir='ltr'><strong>et</strong></span> <span class='ocrx_word' id='word_1_114' title='bbox 337 681 391 707; x_wconf 71' lang='lat' dir='ltr'><strong>sine</strong></span> <span class='ocrx_word' id='word_1_115' title='bbox 414 681 469 713; x_wconf 78' lang='lat' dir='ltr'><strong>ipso</strong></span> <span class='ocrx_word' id='word_1_116' title='bbox 493 681 593 712; x_wconf 78' lang='lat' dir='ltr'><strong>factum</strong></span> <span class='ocrx_word' id='word_1_117' title='bbox 616 683 654 705; x_wconf 76' lang='lat' dir='ltr'><strong>est</strong></span> <span class='ocrx_word' id='word_1_118' title='bbox 671 679 736 705; x_wconf 82' lang='lat' dir='ltr'><strong>nihil</strong></span> <span class='ocrx_word' id='word_1_119' title='bbox 752 677 822 713; x_wconf 79' lang='lat' dir='ltr'><strong>quod</strong></span> <span class='ocrx_word' id='word_1_120' title='bbox 843 677 886 712; x_wconf 80' lang='lat' dir='ltr'><strong>fa-</strong></span> 
     </span>
    </p>
   </div>
   <div class='ocr_carea' id='block_1_15' title="bbox 94 723 885 758">
    <p class='ocr_par' dir='ltr' id='par_1_15' title="bbox 94 723 885 758">
     <span class='ocr_line' id='line_1_15' title="bbox 94 723 885 758; baseline -0.006 -4"><span class='ocrx_word' id='word_1_121' title='bbox 94 732 169 754; x_wconf 74' lang='lat' dir='ltr'><strong>ctum</strong></span> <span class='ocrx_word' id='word_1_122' title='bbox 182 731 238 758; x_wconf 73' lang='lat' dir='ltr'><strong>est;</strong></span> <span class='ocrx_word' id='word_1_123' title='bbox 257 734 350 753; x_wconf 85' lang='lat' dir='ltr'><strong>rursus</strong></span> <span class='ocrx_word' id='word_1_124' title='bbox 361 725 474 752; x_wconf 81' lang='lat' dir='ltr'><strong>Factum</strong></span> <span class='ocrx_word' id='word_1_125' title='bbox 486 730 545 752; x_wconf 79' lang='lat' dir='ltr'><strong>est:</strong></span> <span class='ocrx_word' id='word_1_126' title='bbox 560 725 604 752; x_wconf 86' lang='lat' dir='ltr'><strong>ubi</strong></span> <span class='ocrx_word' id='word_1_127' title='bbox 621 725 653 752; x_wconf 89' lang='lat' dir='ltr'><strong>de</strong></span> <span class='ocrx_word' id='word_1_128' title='bbox 669 725 732 756; x_wconf 87' lang='lat' dir='ltr'><strong>Deo,</strong></span> <span class='ocrx_word' id='word_1_129' title='bbox 749 729 822 752; x_wconf 86' lang='lat' dir='ltr'><strong>erat.</strong></span> <span class='ocrx_word' id='word_1_130' title='bbox 841 723 885 749; x_wconf 86' lang='lat' dir='ltr'><strong>ubi</strong></span> 
     </span>
    </p>
   </div>
   <div class='ocr_carea' id='block_1_16' title="bbox 95 769 886 805">
    <p class='ocr_par' dir='ltr' id='par_1_16' title="bbox 95 769 886 805">
     <span class='ocr_line' id='line_1_16' title="bbox 95 769 886 805; baseline -0.005 -6"><span class='ocrx_word' id='word_1_131' title='bbox 95 774 130 799; x_wconf 87' lang='lat' dir='ltr'><strong>de</strong></span> <span class='ocrx_word' id='word_1_132' title='bbox 142 773 279 800; x_wconf 71' lang='lat' dir='ltr'><strong>creaturis</strong></span> <span class='ocrx_word' id='word_1_133' title='bbox 295 771 409 798; x_wconf 80' lang='lat' dir='ltr'><strong>Factum</strong></span> <span class='ocrx_word' id='word_1_134' title='bbox 423 776 472 798; x_wconf 84' lang='lat' dir='ltr'><strong>est.</strong></span> <span class='ocrx_word' id='word_1_135' title='bbox 489 771 517 798; x_wconf 90' lang='lat' dir='ltr'><strong>lu</strong></span> <span class='ocrx_word' id='word_1_136' title='bbox 533 771 665 805; x_wconf 86' lang='lat' dir='ltr'><strong>principio</strong></span> <span class='ocrx_word' id='word_1_137' title='bbox 674 770 802 797; x_wconf 85' lang='lat' dir='ltr'><strong>Verbum.</strong></span> <span class='ocrx_word' id='word_1_138' title='bbox 819 769 886 796; x_wconf 90' lang='lat' dir='ltr'><strong>Hinc</strong></span> 
     </span>
    </p>
   </div>
   <div class='ocr_carea' id='block_1_17' title="bbox 95 816 884 846">
    <p class='ocr_par' dir='ltr' id='par_1_17' title="bbox 95 816 884 846">
     <span class='ocr_line' id='line_1_17' title="bbox 95 816 884 846; baseline -0.008 0"><span class='ocrx_word' id='word_1_139' title='bbox 95 819 179 846; x_wconf 81' lang='lat' dir='ltr'><strong>etiam</strong></span> <span class='ocrx_word' id='word_1_140' title='bbox 205 819 275 845; x_wconf 77' lang='lat' dir='ltr'><strong>Deus</strong></span> <span class='ocrx_word' id='word_1_141' title='bbox 300 817 379 844; x_wconf 77' lang='lat' dir='ltr'><strong>Pater</strong></span> <span class='ocrx_word' id='word_1_142' title='bbox 403 817 551 844; x_wconf 82' lang='lat' dir='ltr'><strong>secundum</strong></span> <span class='ocrx_word' id='word_1_143' title='bbox 577 817 660 843; x_wconf 86' lang='lat' dir='ltr'><strong>Vetus</strong></span> <span class='ocrx_word' id='word_1_144' title='bbox 683 816 884 842; x_wconf 86' lang='lat' dir='ltr'><strong>Testamentum</strong></span> 
     </span>
    </p>
   </div>
   <div class='ocr_carea' id='block_1_18' title="bbox 97 860 885 899">
    <p class='ocr_par' dir='ltr' id='par_1_18' title="bbox 97 860 885 899">
     <span class='ocr_line' id='line_1_18' title="bbox 97 860 885 899; baseline -0.008 -8"><span class='ocrx_word' id='word_1_145' title='bbox 97 864 245 899; x_wconf 82' lang='lat' dir='ltr'><strong>pateﬁebat</strong></span> <span class='ocrx_word' id='word_1_146' title='bbox 259 871 267 895; x_wconf 89' lang='lat'><strong>;</strong></span> <span class='ocrx_word' id='word_1_147' title='bbox 284 871 344 890; x_wconf 86' lang='lat' dir='ltr'><strong>cum</strong></span> <span class='ocrx_word' id='word_1_148' title='bbox 360 864 432 890; x_wconf 81' lang='lat' dir='ltr'><strong>enim</strong></span> <span class='ocrx_word' id='word_1_149' title='bbox 456 863 524 890; x_wconf 82' lang='lat' dir='ltr'><strong>dixit</strong></span> <span class='ocrx_word' id='word_1_150' title='bbox 539 863 563 889; x_wconf 89' lang='lat' dir='ltr'><strong>ei</strong></span> <span class='ocrx_word' id='word_1_151' title='bbox 580 861 685 896; x_wconf 78' lang='lat' dir='ltr'><strong>Moyses</strong></span> <span class='ocrx_word' id='word_1_152' title='bbox 703 870 709 888; x_wconf 93' lang='lat'><strong>:</strong></span> <span class='ocrx_word' id='word_1_153' title='bbox 725 860 755 888; x_wconf 89' lang='lat' dir='ltr'><strong>Si</strong></span> <span class='ocrx_word' id='word_1_154' title='bbox 771 861 885 887; x_wconf 69' lang='lat' dir='ltr'><strong>dixerint</strong></span> 
     </span>
    </p>
   </div>
   <div class='ocr_carea' id='block_1_19' title="bbox 938 266 1724 303">
    <p class='ocr_par' dir='ltr' id='par_1_19' title="bbox 938 266 1724 303">
     <span class='ocr_line' id='line_1_19' title="bbox 938 266 1724 303; baseline -0.004 -8"><span class='ocrx_word' id='word_1_155' title='bbox 938 269 983 303; x_wconf 90' lang='lat' dir='ltr'><strong>qui</strong></span> <span class='ocrx_word' id='word_1_156' title='bbox 1003 273 1091 303; x_wconf 84' lang='lat' dir='ltr'><strong>potest</strong></span> <span class='ocrx_word' id='word_1_157' title='bbox 1114 266 1205 303; x_wconf 70' lang='lat' dir='ltr'><strong>largiri</strong></span> <span class='ocrx_word' id='word_1_158' title='bbox 1225 275 1284 302; x_wconf 77' lang='lat' dir='ltr'><strong>quae</strong></span> <span class='ocrx_word' id='word_1_159' title='bbox 1302 267 1365 300; x_wconf 81' lang='lat' dir='ltr'><strong>justi</strong></span> <span class='ocrx_word' id='word_1_160' title='bbox 1385 271 1494 300; x_wconf 86' lang='lat' dir='ltr'><strong>petunt;</strong></span> <span class='ocrx_word' id='word_1_161' title='bbox 1516 267 1550 293; x_wconf 86' lang='lat' dir='ltr'><strong>ab</strong></span> <span class='ocrx_word' id='word_1_162' title='bbox 1573 273 1605 293; x_wconf 88' lang='lat' dir='ltr'><strong>eo</strong></span> <span class='ocrx_word' id='word_1_163' title='bbox 1633 272 1724 293; x_wconf 86' lang='lat' dir='ltr'><strong>autem</strong></span> 
     </span>
    </p>
   </div>
   <div class='ocr_carea' id='block_1_20' title="bbox 938 313 1725 349">
    <p class='ocr_par' dir='ltr' id='par_1_20' title="bbox 938 313 1725 349">
     <span class='ocr_line' id='line_1_20' title="bbox 938 313 1725 349; baseline -0.003 -9"><span class='ocrx_word' id='word_1_164' title='bbox 938 315 983 349; x_wconf 88' lang='lat' dir='ltr'><strong>qui</strong></span> <span class='ocrx_word' id='word_1_165' title='bbox 996 315 1144 342; x_wconf 82' lang='lat' dir='ltr'><strong>oralionem</strong></span> <span class='ocrx_word' id='word_1_166' title='bbox 1157 314 1253 347; x_wconf 78' lang='lat' dir='ltr'><strong>ajusto</strong></span> <span class='ocrx_word' id='word_1_167' title='bbox 1269 315 1344 348; x_wconf 86' lang='lat' dir='ltr'><strong>petit,</strong></span> <span class='ocrx_word' id='word_1_168' title='bbox 1356 315 1445 348; x_wconf 79' lang='lat' dir='ltr'><strong>agitur</strong></span> <span class='ocrx_word' id='word_1_169' title='bbox 1457 321 1518 340; x_wconf 86' lang='lat' dir='ltr'><strong>cum</strong></span> <span class='ocrx_word' id='word_1_170' title='bbox 1532 316 1594 340; x_wconf 90' lang='lat' dir='ltr'><strong>&#39;eum</strong></span> <span class='ocrx_word' id='word_1_171' title='bbox 1607 321 1620 338; x_wconf 88' lang='lat' dir='ltr'><strong>a</strong></span> <span class='ocrx_word' id='word_1_172' title='bbox 1634 313 1725 347; x_wconf 78' lang='lat' dir='ltr'><strong>priore</strong></span> 
     </span>
    </p>
   </div>
   <div class='ocr_carea' id='block_1_21' title="bbox 938 359 1724 395">
    <p class='ocr_par' dir='ltr' id='par_1_21' title="bbox 938 359 1724 395">
     <span class='ocr_line' id='line_1_21' title="bbox 938 359 1724 395; baseline -0.005 -7"><span class='ocrx_word' id='word_1_173' title='bbox 938 361 1057 395; x_wconf 76' lang='lat' dir='ltr'><strong>nequitia</strong></span> <span class='ocrx_word' id='word_1_174' title='bbox 1074 361 1204 393; x_wconf 86' lang='lat' dir='ltr'><strong>abducit,</strong></span> <span class='ocrx_word' id='word_1_175' title='bbox 1222 361 1249 386; x_wconf 83' lang='lat' dir='ltr'><strong>et</strong></span> <span class='ocrx_word' id='word_1_176' title='bbox 1269 361 1301 386; x_wconf 87' lang='lat' dir='ltr'><strong>ad</strong></span> <span class='ocrx_word' id='word_1_177' title='bbox 1318 361 1445 386; x_wconf 81' lang='lat' dir='ltr'><strong>virtutem</strong></span> <span class='ocrx_word' id='word_1_178' title='bbox 1468 359 1640 386; x_wconf 74' lang='lat' dir='ltr'><strong>all&#39;ectiouem</strong></span> <span class='ocrx_word' id='word_1_179' title='bbox 1666 359 1724 392; x_wconf 80' lang='lat' dir='ltr'><strong>eius</strong></span> 
     </span>
    </p>
   </div>
   <div class='ocr_carea' id='block_1_22' title="bbox 940 403 1726 440">
    <p class='ocr_par' dir='ltr' id='par_1_22' title="bbox 940 403 1726 440">
     <span class='ocr_line' id='line_1_22' title="bbox 940 403 1726 440; baseline -0.001 -8"><span class='ocrx_word' id='word_1_180' title='bbox 940 406 1078 432; x_wconf 77' lang='lat' dir='ltr'><strong>transfert.</strong></span> <span class='ocrx_word' id='word_1_181' title='bbox 1098 405 1209 439; x_wconf 75' lang='lat' dir='ltr'><strong>Magnus</strong></span> <span class='ocrx_word' id='word_1_182' title='bbox 1236 405 1390 440; x_wconf 81' lang='lat' dir='ltr'><strong>Dionysius,</strong></span> <span class='ocrx_word' id='word_1_183' title='bbox 1412 411 1471 438; x_wconf 88' lang='lat' dir='ltr'><strong>cap.</strong></span> <span class='ocrx_word' id='word_1_184' title='bbox 1490 404 1506 431; x_wconf 83' lang='lat'><strong>6</strong></span> <span class='ocrx_word' id='word_1_185' title='bbox 1532 403 1726 431; x_wconf 74' lang='lat' dir='ltr'><strong>Ecclesiastira:</strong></span> 
     </span>
    </p>
   </div>
   <div class='ocr_carea' id='block_1_23' title="bbox 942 449 1725 480">
    <p class='ocr_par' dir='ltr' id='par_1_23' title="bbox 942 449 1725 480">
     <span class='ocr_line' id='line_1_23' title="bbox 942 449 1725 480; baseline -0.006 -1"><span class='ocrx_word' id='word_1_186' title='bbox 942 452 1105 480; x_wconf 71' lang='lat' dir='ltr'><strong>Hieran/tia:</strong></span> <span class='ocrx_word' id='word_1_187' title='bbox 1128 460 1136 478; x_wconf 94' lang='lat'><em>:</em></span> <span class='ocrx_word' id='word_1_188' title='bbox 1158 451 1333 479; x_wconf 70' lang='lat' dir='ltr'><strong>“enuntiatio</strong></span> <span class='ocrx_word' id='word_1_189' title='bbox 1350 458 1403 478; x_wconf 88' lang='lat' dir='ltr'><strong>non</strong></span> <span class='ocrx_word' id='word_1_190' title='bbox 1428 449 1515 477; x_wconf 76' lang='lat' dir='ltr'><strong>solum</strong></span> <span class='ocrx_word' id='word_1_191' title='bbox 1540 450 1599 476; x_wconf 68' lang='lat' dir='ltr'><strong>vitae</strong></span> <span class='ocrx_word' id='word_1_192' title='bbox 1619 450 1702 475; x_wconf 81' lang='lat' dir='ltr'><strong>divise</strong></span> <span class='ocrx_word' id='word_1_193' title='bbox 1718 468 1725 477; x_wconf 88' lang='lat'>.</span> 
     </span>
    </p>
   </div>
   <div class='ocr_carea' id='block_1_24' title="bbox 940 494 1727 531">
    <p class='ocr_par' dir='ltr' id='par_1_24' title="bbox 940 494 1727 531">
     <span class='ocr_line' id='line_1_24' title="bbox 940 494 1727 531; baseline -0.005 -7"><span class='ocrx_word' id='word_1_194' title='bbox 940 499 986 524; x_wconf 83' lang='lat' dir='ltr'><strong>sed</strong></span> <span class='ocrx_word' id='word_1_195' title='bbox 1005 499 1087 525; x_wconf 87' lang='lat' dir='ltr'><strong>etiam</strong></span> <span class='ocrx_word' id='word_1_196' title='bbox 1114 497 1318 531; x_wconf 68' lang='lat' dir='ltr'><strong>cogitationum,</strong></span> <span class='ocrx_word' id='word_1_197' title='bbox 1337 496 1363 521; x_wconf 92' lang='lat' dir='ltr'><strong>iu</strong></span> <span class='ocrx_word' id='word_1_198' title='bbox 1380 495 1512 522; x_wconf 86' lang='lat' dir='ltr'><strong>mandatis</strong></span> <span class='ocrx_word' id='word_1_199' title='bbox 1540 494 1597 526; x_wconf 75' lang='lat' dir='ltr'><strong>Dei,</strong></span> <span class='ocrx_word' id='word_1_200' title='bbox 1624 502 1684 528; x_wconf 69' lang='lat' dir='ltr'><strong>qua:</strong></span> <span class='ocrx_word' id='word_1_201' title='bbox 1701 495 1727 520; x_wconf 93' lang='lat' dir='ltr'><strong>in</strong></span> 
     </span>
    </p>
   </div>
   <div class='ocr_carea' id='block_1_25' title="bbox 939 540 1725 574">
    <p class='ocr_par' dir='ltr' id='par_1_25' title="bbox 939 540 1725 574">
     <span class='ocr_line' id='line_1_25' title="bbox 939 540 1725 574; baseline -0.005 -5"><span class='ocrx_word' id='word_1_202' title='bbox 939 550 1021 569; x_wconf 89' lang='lat' dir='ltr'><strong>unum</strong></span> <span class='ocrx_word' id='word_1_203' title='bbox 1050 543 1215 574; x_wconf 79' lang='lat' dir='ltr'><strong>conciliant,</strong></span> <span class='ocrx_word' id='word_1_204' title='bbox 1247 542 1364 568; x_wconf 81' lang='lat' dir='ltr'><strong>scienter</strong></span> <span class='ocrx_word' id='word_1_205' title='bbox 1395 547 1470 570; x_wconf 84' lang='lat' dir='ltr'><strong>acta.</strong></span> <span class='ocrx_word' id='word_1_206' title='bbox 1497 540 1725 567; x_wconf 75' lang='lat' dir='ltr'><strong>absolutissimum</strong></span> 
     </span>
    </p>
   </div>
   <div class='ocr_carea' id='block_1_26' title="bbox 943 587 1729 621">
    <p class='ocr_par' dir='ltr' id='par_1_26' title="bbox 943 587 1729 621">
     <span class='ocr_line' id='line_1_26' title="bbox 943 587 1729 621; baseline -0.005 -5"><span class='ocrx_word' id='word_1_207' title='bbox 943 590 1137 616; x_wconf 83' lang='lat' dir='ltr'><strong>monachorum</strong></span> <span class='ocrx_word' id='word_1_208' title='bbox 1158 589 1285 615; x_wconf 80' lang='lat' dir='ltr'><strong>virtutem</strong></span> <span class='ocrx_word' id='word_1_209' title='bbox 1298 593 1324 614; x_wconf 85' lang='lat' dir='ltr'><strong>et</strong></span> <span class='ocrx_word' id='word_1_210' title='bbox 1342 588 1513 621; x_wconf 76' lang='lat' dir='ltr'><strong>disciplinam</strong></span> <span class='ocrx_word' id='word_1_211' title='bbox 1531 587 1668 616; x_wconf 78' lang='lat' dir='ltr'><strong>declarat;</strong></span> <span class='ocrx_word' id='word_1_212' title='bbox 1686 591 1729 612; x_wconf 82' lang='lat' dir='ltr'><strong>cst</strong></span> 
     </span>
    </p>
   </div>
   <div class='ocr_carea' id='block_1_27' title="bbox 942 633 1726 668">
    <p class='ocr_par' dir='ltr' id='par_1_27' title="bbox 942 633 1726 668">
     <span class='ocr_line' id='line_1_27' title="bbox 942 633 1726 668; baseline -0.005 -6"><span class='ocrx_word' id='word_1_213' title='bbox 942 636 1025 667; x_wconf 79' lang='lat' dir='ltr'><strong>enim,</strong></span> <span class='ocrx_word' id='word_1_214' title='bbox 1044 640 1072 661; x_wconf 92' lang='grc' dir='ltr'><strong>ιιι</strong></span> <span class='ocrx_word' id='word_1_215' title='bbox 1089 635 1155 665; x_wconf 74' lang='lat' dir='ltr'><strong>disi,</strong></span> <span class='ocrx_word' id='word_1_216' title='bbox 1169 642 1222 661; x_wconf 89' lang='lat' dir='ltr'><strong>non</strong></span> <span class='ocrx_word' id='word_1_217' title='bbox 1240 634 1319 660; x_wconf 80' lang='lat' dir='ltr'><strong>medii</strong></span> <span class='ocrx_word' id='word_1_218' title='bbox 1333 634 1436 661; x_wconf 87' lang='lat' dir='ltr'><strong>ordinis</strong></span> <span class='ocrx_word' id='word_1_219' title='bbox 1456 633 1493 668; x_wconf 84' lang='grc'><strong>(1)</strong></span> <span class='ocrx_word' id='word_1_220' title='bbox 1507 641 1600 660; x_wconf 90' lang='lat' dir='ltr'><strong>eorttm</strong></span> <span class='ocrx_word' id='word_1_221' title='bbox 1617 633 1661 666; x_wconf 89' lang='lat' dir='ltr'><strong>qui</strong></span> <span class='ocrx_word' id='word_1_222' title='bbox 1675 633 1726 658; x_wconf 89' lang='lat' dir='ltr'><strong>ini-</strong></span> 
     </span>
    </p>
   </div>
   <div class='ocr_carea' id='block_1_28' title="bbox 943 677 1729 715">
    <p class='ocr_par' dir='ltr' id='par_1_28' title="bbox 943 677 1729 715">
     <span class='ocr_line' id='line_1_28' title="bbox 943 677 1729 715; baseline -0.003 -8"><span class='ocrx_word' id='word_1_223' title='bbox 943 681 1001 708; x_wconf 87' lang='lat' dir='ltr'><strong>tiati</strong></span> <span class='ocrx_word' id='word_1_224' title='bbox 1019 686 1084 708; x_wconf 87' lang='lat' dir='ltr'><strong>sunt</strong></span> <span class='ocrx_word' id='word_1_225' title='bbox 1102 677 1235 715; x_wconf 79' lang='lat' dir='ltr'><strong>baptismo</strong></span> <span class='ocrx_word' id='word_1_226' title='bbox 1250 700 1257 712; x_wconf 90' lang='lat'><strong>,</strong></span> <span class='ocrx_word' id='word_1_227' title='bbox 1273 681 1319 708; x_wconf 73' lang='lat' dir='ltr'><strong>Sed</strong></span> <span class='ocrx_word' id='word_1_228' title='bbox 1336 680 1459 707; x_wconf 79' lang='lat' dir='ltr'><strong>celsioris</strong></span> <span class='ocrx_word' id='word_1_229' title='bbox 1476 680 1600 706; x_wconf 82' lang='lat' dir='ltr'><strong>onmibus</strong></span> <span class='ocrx_word' id='word_1_230' title='bbox 1624 679 1729 707; x_wconf 83' lang='lat' dir='ltr'><strong>ordini—</strong></span> 
     </span>
    </p>
   </div>
   <div class='ocr_carea' id='block_1_29' title="bbox 942 726 1731 760">
    <p class='ocr_par' dir='ltr' id='par_1_29' title="bbox 942 726 1731 760">
     <span class='ocr_line' id='line_1_29' title="bbox 942 726 1731 760; baseline -0.001 -7"><span class='ocrx_word' id='word_1_231' title='bbox 942 726 1011 757; x_wconf 85' lang='lat' dir='ltr'><strong>bus;</strong></span> <span class='ocrx_word' id='word_1_232' title='bbox 1027 727 1202 760; x_wconf 79' lang='lat' dir='ltr'><strong>quamobrem</strong></span> <span class='ocrx_word' id='word_1_233' title='bbox 1221 727 1303 753; x_wconf 77' lang='lat' dir='ltr'><strong>multa</strong></span> <span class='ocrx_word' id='word_1_234' title='bbox 1322 735 1354 754; x_wconf 81' lang='lat' dir='ltr'><strong>ex</strong></span> <span class='ocrx_word' id='word_1_235' title='bbox 1371 728 1402 753; x_wconf 88' lang='lat' dir='ltr'><strong>iis</strong></span> <span class='ocrx_word' id='word_1_236' title='bbox 1422 734 1480 760; x_wconf 77' lang='lat' dir='ltr'><strong>quae</strong></span> <span class='ocrx_word' id='word_1_237' title='bbox 1496 734 1510 752; x_wconf 88' lang='lat' dir='ltr'><strong>a</strong></span> <span class='ocrx_word' id='word_1_238' title='bbox 1529 726 1614 753; x_wconf 71' lang='lat' dir='ltr'><strong>nzedio</strong></span> <span class='ocrx_word' id='word_1_239' title='bbox 1635 726 1731 752; x_wconf 88' lang='lat' dir='ltr'><strong>ordine</strong></span> 
     </span>
    </p>
   </div>
   <div class='ocr_carea' id='block_1_30' title="bbox 942 772 1732 806">
    <p class='ocr_par' dir='ltr' id='par_1_30' title="bbox 942 772 1732 806">
     <span class='ocr_line' id='line_1_30' title="bbox 942 772 1732 806; baseline -0.001 -8"><span class='ocrx_word' id='word_1_240' title='bbox 942 773 1002 799; x_wconf 88' lang='lat' dir='ltr'><strong>sine</strong></span> <span class='ocrx_word' id='word_1_241' title='bbox 1015 772 1226 806; x_wconf 84' lang='lat' dir='ltr'><strong>reprehensione</strong></span> <span class='ocrx_word' id='word_1_242' title='bbox 1242 773 1320 804; x_wconf 81' lang='grc' dir='ltr'>ιὶιιιιι,</span> <span class='ocrx_word' id='word_1_243' title='bbox 1337 773 1476 799; x_wconf 78' lang='lat' dir='ltr'><strong>monachis</strong></span> <span class='ocrx_word' id='word_1_244' title='bbox 1495 772 1565 804; x_wconf 75' lang='lat' dir='ltr'><strong>nnis,</strong></span> <span class='ocrx_word' id='word_1_245' title='bbox 1580 777 1606 799; x_wconf 91' lang='lat' dir='ltr'><strong>et</strong></span> <span class='ocrx_word' id='word_1_246' title='bbox 1628 779 1641 797; x_wconf 87' lang='lat' dir='ltr'><strong>a</strong></span> <span class='ocrx_word' id='word_1_247' title='bbox 1664 773 1732 798; x_wconf 83' lang='lat' dir='ltr'><strong>divi-</strong></span> 
     </span>
    </p>
   </div>
   <div class='ocr_carea' id='block_1_31' title="bbox 942 816 1730 851">
    <p class='ocr_par' dir='ltr' id='par_1_31' title="bbox 942 816 1730 851">
     <span class='ocr_line' id='line_1_31' title="bbox 942 816 1730 851; baseline -0.001 -8"><span class='ocrx_word' id='word_1_248' title='bbox 942 817 1021 844; x_wconf 86' lang='lat' dir='ltr'><strong>sione</strong></span> <span class='ocrx_word' id='word_1_249' title='bbox 1037 817 1134 844; x_wconf 87' lang='lat' dir='ltr'><strong>alienis</strong></span> <span class='ocrx_word' id='word_1_250' title='bbox 1153 818 1264 844; x_wconf 87' lang='lat' dir='ltr'><strong>omnino</strong></span> <span class='ocrx_word' id='word_1_251' title='bbox 1280 817 1424 844; x_wconf 84' lang='lat' dir='ltr'><strong>interdicta</strong></span> <span class='ocrx_word' id='word_1_252' title='bbox 1441 822 1513 844; x_wconf 86' lang='lat' dir='ltr'><strong>sunt.</strong></span> <span class='ocrx_word' id='word_1_253' title='bbox 1530 816 1562 843; x_wconf 87' lang='lat' dir='ltr'><strong>Et</strong></span> <span class='ocrx_word' id='word_1_254' title='bbox 1578 817 1604 843; x_wconf 89' lang='lat' dir='ltr'><strong>iu</strong></span> <span class='ocrx_word' id='word_1_255' title='bbox 1618 817 1730 851; x_wconf 60' lang='lat' dir='ltr'><strong>cpistola</strong></span> 
     </span>
    </p>
   </div>
   <div class='ocr_carea' id='block_1_32' title="bbox 941 861 1733 890">
    <p class='ocr_par' dir='ltr' id='par_1_32' title="bbox 941 861 1733 890">
     <span class='ocr_line' id='line_1_32' title="bbox 941 861 1733 890; baseline 0 -2"><span class='ocrx_word' id='word_1_256' title='bbox 941 862 974 888; x_wconf 81' lang='lat' dir='ltr'><strong>ad</strong></span> <span class='ocrx_word' id='word_1_257' title='bbox 991 861 1168 889; x_wconf 75' lang='lat' dir='ltr'><strong>ColoSsenses</strong></span> <span class='ocrx_word' id='word_1_258' title='bbox 1184 863 1283 890; x_wconf 83' lang='lat' dir='ltr'><strong>Paulus</strong></span> <span class='ocrx_word' id='word_1_259' title='bbox 1300 864 1336 889; x_wconf 91' lang='lat' dir='ltr'><strong>ait</strong></span> <span class='ocrx_word' id='word_1_260' title='bbox 1354 872 1360 889; x_wconf 67' lang='grc' dir='ltr'><strong>τ</strong></span> <span class='ocrx_word' id='word_1_261' title='bbox 1380 863 1504 890; x_wconf 70' lang='grc' dir='ltr'><strong>Ποερηιεε</strong></span> <span class='ocrx_word' id='word_1_262' title='bbox 1531 871 1634 890; x_wconf 86' lang='lat' dir='ltr'><strong>omnem</strong></span> <span class='ocrx_word' id='word_1_263' title='bbox 1649 863 1733 889; x_wconf 78' lang='lat' dir='ltr'><strong>homi-</strong></span> 
     </span>
    </p>
   </div>
   <div class='ocr_carea' id='block_1_33' title="bbox 96 906 1733 944">
    <p class='ocr_par' dir='ltr' id='par_1_33' title="bbox 96 906 1733 944">
     <span class='ocr_line' id='line_1_33' title="bbox 96 906 1733 944; baseline 0 -8"><span class='ocrx_word' id='word_1_264' title='bbox 96 911 164 937; x_wconf 84' lang='lat' dir='ltr'><strong>mihi</strong></span> <span class='ocrx_word' id='word_1_265' title='bbox 180 910 230 944; x_wconf 80' lang='lat' dir='ltr'><strong>ﬁlii</strong></span> <span class='ocrx_word' id='word_1_266' title='bbox 245 909 331 936; x_wconf 78' lang='lat' dir='ltr'><strong>Israel</strong></span> <span class='ocrx_word' id='word_1_267' title='bbox 343 917 351 936; x_wconf 92' lang='lat'><strong><em>:</em></strong></span> <span class='ocrx_word' id='word_1_268' title='bbox 363 909 428 941; x_wconf 81' lang='lat' dir='ltr'><strong>Quis</strong></span> <span class='ocrx_word' id='word_1_269' title='bbox 442 915 479 935; x_wconf 79' lang='lat' dir='ltr'><strong>est</strong></span> <span class='ocrx_word' id='word_1_270' title='bbox 503 909 548 942; x_wconf 91' lang='lat' dir='ltr'><strong>qui</strong></span> <span class='ocrx_word' id='word_1_271' title='bbox 572 912 596 934; x_wconf 81' lang='lat' dir='ltr'><strong>te</strong></span> <span class='ocrx_word' id='word_1_272' title='bbox 617 908 690 934; x_wconf 86' lang='lat' dir='ltr'><strong>misit</strong></span> <span class='ocrx_word' id='word_1_273' title='bbox 708 908 742 933; x_wconf 83' lang='lat' dir='ltr'><strong>ad</strong></span> <span class='ocrx_word' id='word_1_274' title='bbox 755 914 812 937; x_wconf 83' lang='lat' dir='ltr'><strong>nos,</strong></span> <span class='ocrx_word' id='word_1_275' title='bbox 828 906 891 941; x_wconf 80' lang='lat' dir='ltr'><strong>quid</strong></span> <span class='ocrx_word' id='word_1_276' title='bbox 909 906 929 934; x_wconf 87' lang='grc' dir='ltr'><strong><em>Β</em></strong></span> <span class='ocrx_word' id='word_1_277' title='bbox 944 915 1000 934; x_wconf 89' lang='lat' dir='ltr'><strong>nem</strong></span> <span class='ocrx_word' id='word_1_278' title='bbox 1015 908 1042 934; x_wconf 84' lang='lat' dir='ltr'><strong>in</strong></span> <span class='ocrx_word' id='word_1_279' title='bbox 1055 909 1125 934; x_wconf 82' lang='lat' dir='ltr'><strong>omni</strong></span> <span class='ocrx_word' id='word_1_280' title='bbox 1142 909 1283 940; x_wconf 78' lang='lat' dir='ltr'><strong>sapientia,</strong></span> <span class='ocrx_word' id='word_1_281' title='bbox 1301 915 1326 934; x_wconf 88' lang='lat' dir='ltr'><strong>ut</strong></span> <span class='ocrx_word' id='word_1_282' title='bbox 1340 909 1509 936; x_wconf 75' lang='lat' dir='ltr'><strong>exhibeamus</strong></span> <span class='ocrx_word' id='word_1_283' title='bbox 1532 918 1632 936; x_wconf 80' lang='lat' dir='ltr'><strong>onlnem</strong></span> <span class='ocrx_word' id='word_1_284' title='bbox 1647 911 1733 936; x_wconf 80' lang='lat' dir='ltr'><strong>homi~</strong></span> 
     </span>
    </p>
   </div>
   <div class='ocr_carea' id='block_1_34' title="bbox 101 952 891 989">
    <p class='ocr_par' dir='ltr' id='par_1_34' title="bbox 101 952 891 989">
     <span class='ocr_line' id='line_1_34' title="bbox 101 952 891 989; baseline -0.006 -7"><span class='ocrx_word' id='word_1_285' title='bbox 101 956 265 989; x_wconf 73' lang='lat' dir='ltr'><strong>respondebo</strong></span> <span class='ocrx_word' id='word_1_286' title='bbox 279 955 334 982; x_wconf 82' lang='lat' dir='ltr'><strong>eis?</strong></span> <span class='ocrx_word' id='word_1_287' title='bbox 356 955 388 982; x_wconf 87' lang='lat' dir='ltr'><strong>Et</strong></span> <span class='ocrx_word' id='word_1_288' title='bbox 404 955 469 981; x_wconf 79' lang='lat' dir='ltr'><strong>dixit</strong></span> <span class='ocrx_word' id='word_1_289' title='bbox 493 954 561 980; x_wconf 89' lang='lat' dir='ltr'><strong>Deus</strong></span> <span class='ocrx_word' id='word_1_290' title='bbox 574 962 580 979; x_wconf 91' lang='lat'>:</span> <span class='ocrx_word' id='word_1_291' title='bbox 598 952 652 988; x_wconf 84' lang='lat' dir='ltr'><strong>Ego</strong></span> <span class='ocrx_word' id='word_1_292' title='bbox 665 961 732 983; x_wconf 76' lang='lat' dir='ltr'><strong>sum,</strong></span> <span class='ocrx_word' id='word_1_293' title='bbox 757 954 800 986; x_wconf 85' lang='lat' dir='ltr'><strong>qui</strong></span> <span class='ocrx_word' id='word_1_294' title='bbox 814 960 891 984; x_wconf 80' lang='lat' dir='ltr'><strong>sum;</strong></span> 
     </span>
    </p>
   </div>
   <div class='ocr_carea' id='block_1_35' title="bbox 96 999 890 1035">
    <p class='ocr_par' dir='ltr' id='par_1_35' title="bbox 96 999 890 1035">
     <span class='ocr_line' id='line_1_35' title="bbox 96 999 890 1035; baseline -0.005 -7"><span class='ocrx_word' id='word_1_295' title='bbox 96 1003 145 1035; x_wconf 88' lang='lat' dir='ltr'><strong>qui</strong></span> <span class='ocrx_word' id='word_1_296' title='bbox 157 1007 196 1028; x_wconf 72' lang='lat' dir='ltr'><strong>est</strong></span> <span class='ocrx_word' id='word_1_297' title='bbox 207 1002 278 1028; x_wconf 80' lang='lat' dir='ltr'><strong>misit</strong></span> <span class='ocrx_word' id='word_1_298' title='bbox 292 1010 330 1028; x_wconf 86' lang='lat' dir='ltr'><strong>me</strong></span> <span class='ocrx_word' id='word_1_299' title='bbox 345 1002 379 1027; x_wconf 83' lang='lat' dir='ltr'><strong>ad</strong></span> <span class='ocrx_word' id='word_1_300' title='bbox 400 1008 442 1027; x_wconf 78' lang='lat' dir='ltr'><strong>vos</strong></span> <span class='ocrx_word' id='word_1_301' title='bbox 458 1000 501 1032; x_wconf 66' lang='lat'><strong>5&quot;,</strong></span> <span class='ocrx_word' id='word_1_302' title='bbox 516 1000 607 1028; x_wconf 80' lang='lat' dir='ltr'><strong>Pater.</strong></span> <span class='ocrx_word' id='word_1_303' title='bbox 622 999 666 1032; x_wconf 88' lang='lat' dir='ltr'><strong>qui</strong></span> <span class='ocrx_word' id='word_1_304' title='bbox 684 1004 744 1031; x_wconf 87' lang='lat' dir='ltr'><strong>est;</strong></span> <span class='ocrx_word' id='word_1_305' title='bbox 762 999 845 1026; x_wconf 85' lang='lat' dir='ltr'><strong>Filius</strong></span> <span class='ocrx_word' id='word_1_306' title='bbox 865 999 890 1025; x_wconf 93' lang='lat' dir='ltr'><strong>in</strong></span> 
     </span>
    </p>
   </div>
   <div class='ocr_carea' id='block_1_36' title="bbox 100 1044 891 1082">
    <p class='ocr_par' dir='ltr' id='par_1_36' title="bbox 100 1044 891 1082">
     <span class='ocr_line' id='line_1_36' title="bbox 100 1044 891 1082; baseline -0.006 -8"><span class='ocrx_word' id='word_1_307' title='bbox 100 1048 238 1082; x_wconf 83' lang='lat' dir='ltr'><strong>principio</strong></span> <span class='ocrx_word' id='word_1_308' title='bbox 253 1051 323 1074; x_wconf 87' lang='lat' dir='ltr'><strong>erat.</strong></span> <span class='ocrx_word' id='word_1_309' title='bbox 341 1046 368 1073; x_wconf 87' lang='lat' dir='ltr'><strong>Si</strong></span> <span class='ocrx_word' id='word_1_310' title='bbox 390 1045 451 1080; x_wconf 84' lang='lat' dir='ltr'><strong>quis</strong></span> <span class='ocrx_word' id='word_1_311' title='bbox 466 1044 609 1072; x_wconf 88' lang='lat' dir='ltr'><strong>contendit</strong></span> <span class='ocrx_word' id='word_1_312' title='bbox 624 1045 716 1071; x_wconf 88' lang='lat' dir='ltr'><strong>dicens</strong></span> <span class='ocrx_word' id='word_1_313' title='bbox 728 1064 734 1075; x_wconf 86' lang='lat'><strong>,</strong></span> <span class='ocrx_word' id='word_1_314' title='bbox 752 1050 803 1070; x_wconf 82' lang='lat' dir='ltr'><strong>nou</strong></span> <span class='ocrx_word' id='word_1_315' title='bbox 823 1045 891 1070; x_wconf 77' lang='lat' dir='ltr'><strong>idem</strong></span> 
     </span>
    </p>
   </div>
   <div class='ocr_carea' id='block_1_37' title="bbox 98 1089 892 1124">
    <p class='ocr_par' dir='ltr' id='par_1_37' title="bbox 98 1089 892 1124">
     <span class='ocr_line' id='line_1_37' title="bbox 98 1089 892 1124; baseline -0.004 -5"><span class='ocrx_word' id='word_1_316' title='bbox 98 1093 153 1120; x_wconf 84' lang='lat' dir='ltr'><strong>dici</strong></span> <span class='ocrx_word' id='word_1_317' title='bbox 174 1093 200 1118; x_wconf 92' lang='lat' dir='ltr'><strong>in</strong></span> <span class='ocrx_word' id='word_1_318' title='bbox 227 1092 306 1118; x_wconf 82' lang='lat' dir='ltr'><strong>Patre</strong></span> <span class='ocrx_word' id='word_1_319' title='bbox 323 1095 350 1118; x_wconf 87' lang='lat' dir='ltr'><strong>et</strong></span> <span class='ocrx_word' id='word_1_320' title='bbox 367 1090 451 1123; x_wconf 77' lang='lat' dir='ltr'><strong>Filio;</strong></span> <span class='ocrx_word' id='word_1_321' title='bbox 468 1090 494 1116; x_wconf 95' lang='lat' dir='ltr'><strong>in</strong></span> <span class='ocrx_word' id='word_1_322' title='bbox 508 1089 587 1116; x_wconf 84' lang='lat' dir='ltr'><strong>Patre</strong></span> <span class='ocrx_word' id='word_1_323' title='bbox 604 1090 688 1121; x_wconf 78' lang='lat' dir='ltr'><strong>enim,</strong></span> <span class='ocrx_word' id='word_1_324' title='bbox 705 1089 759 1124; x_wconf 80' lang='lat' dir='ltr'><strong>Ego</strong></span> <span class='ocrx_word' id='word_1_325' title='bbox 774 1097 830 1116; x_wconf 80' lang='lat' dir='ltr'><strong>sum</strong></span> <span class='ocrx_word' id='word_1_326' title='bbox 847 1089 892 1123; x_wconf 77' lang='lat' dir='ltr'><strong>qui</strong></span> 
     </span>
    </p>
   </div>
   <div class='ocr_carea' id='block_1_38' title="bbox 99 1135 892 1169">
    <p class='ocr_par' dir='ltr' id='par_1_38' title="bbox 99 1135 892 1169">
     <span class='ocr_line' id='line_1_38' title="bbox 99 1135 892 1169; baseline -0.006 -5"><span class='ocrx_word' id='word_1_327' title='bbox 99 1145 178 1169; x_wconf 79' lang='lat' dir='ltr'><strong>sum;</strong></span> <span class='ocrx_word' id='word_1_328' title='bbox 193 1137 218 1163; x_wconf 92' lang='lat' dir='ltr'><strong>in</strong></span> <span class='ocrx_word' id='word_1_329' title='bbox 236 1136 305 1163; x_wconf 79' lang='lat' dir='ltr'><strong>Filio</strong></span> <span class='ocrx_word' id='word_1_330' title='bbox 318 1140 419 1167; x_wconf 87' lang='lat' dir='ltr'><strong>autem,</strong></span> <span class='ocrx_word' id='word_1_331' title='bbox 438 1135 469 1162; x_wconf 88' lang='lat' dir='ltr'><strong>In</strong></span> <span class='ocrx_word' id='word_1_332' title='bbox 486 1135 614 1169; x_wconf 79' lang='lat' dir='ltr'><strong>principio</strong></span> <span class='ocrx_word' id='word_1_333' title='bbox 627 1139 683 1161; x_wconf 86' lang='lat' dir='ltr'><strong>erat</strong></span> <span class='ocrx_word' id='word_1_334' title='bbox 700 1143 709 1161; x_wconf 88' lang='lat'><strong><em>:</em></strong></span> <span class='ocrx_word' id='word_1_335' title='bbox 727 1142 778 1161; x_wconf 91' lang='lat' dir='ltr'><strong>nou</strong></span> <span class='ocrx_word' id='word_1_336' title='bbox 792 1140 833 1161; x_wconf 81' lang='lat' dir='ltr'><strong>est</strong></span> <span class='ocrx_word' id='word_1_337' title='bbox 845 1142 892 1161; x_wconf 89' lang='lat' dir='ltr'><strong>au-</strong></span> 
     </span>
    </p>
   </div>
   <div class='ocr_carea' id='block_1_39' title="bbox 99 1180 890 1214">
    <p class='ocr_par' dir='ltr' id='par_1_39' title="bbox 99 1180 890 1214">
     <span class='ocr_line' id='line_1_39' title="bbox 99 1180 890 1214; baseline -0.004 -5"><span class='ocrx_word' id='word_1_338' title='bbox 99 1187 157 1209; x_wconf 89' lang='lat' dir='ltr'><strong>tem</strong></span> <span class='ocrx_word' id='word_1_339' title='bbox 172 1182 253 1213; x_wconf 78' lang='lat' dir='ltr'><strong>idem,</strong></span> <span class='ocrx_word' id='word_1_340' title='bbox 267 1186 317 1213; x_wconf 79' lang='lat' dir='ltr'><strong>est,</strong></span> <span class='ocrx_word' id='word_1_341' title='bbox 335 1187 362 1208; x_wconf 88' lang='lat' dir='ltr'><strong>et</strong></span> <span class='ocrx_word' id='word_1_342' title='bbox 375 1186 442 1211; x_wconf 79' lang='lat' dir='ltr'><strong>erat,</strong></span> <span class='ocrx_word' id='word_1_343' title='bbox 461 1181 618 1208; x_wconf 88' lang='lat' dir='ltr'><strong>demonstro</strong></span> <span class='ocrx_word' id='word_1_344' title='bbox 636 1180 842 1214; x_wconf 63' lang='lat' dir='ltr'><strong>appellationem</strong></span> <span class='ocrx_word' id='word_1_345' title='bbox 865 1180 890 1206; x_wconf 93' lang='lat' dir='ltr'><strong>in</strong></span> 
     </span>
    </p>
   </div>
   <div class='ocr_carea' id='block_1_40' title="bbox 99 1227 892 1262">
    <p class='ocr_par' dir='ltr' id='par_1_40' title="bbox 99 1227 892 1262">
     <span class='ocr_line' id='line_1_40' title="bbox 99 1227 892 1262; baseline -0.003 -8"><span class='ocrx_word' id='word_1_346' title='bbox 99 1227 191 1259; x_wconf 79' lang='lat' dir='ltr'><strong>Filio;</strong></span> <span class='ocrx_word' id='word_1_347' title='bbox 207 1228 300 1254; x_wconf 80' lang='lat' dir='ltr'><strong>audiat</strong></span> <span class='ocrx_word' id='word_1_348' title='bbox 324 1228 520 1262; x_wconf 77' lang='lat' dir='ltr'><strong>Evangelistam</strong></span> <span class='ocrx_word' id='word_1_349' title='bbox 543 1227 676 1253; x_wconf 86' lang='lat' dir='ltr'><strong>dicentem</strong></span> <span class='ocrx_word' id='word_1_350' title='bbox 703 1235 710 1253; x_wconf 93' lang='lat'>:</span> <span class='ocrx_word' id='word_1_351' title='bbox 740 1227 892 1261; x_wconf 81' lang='lat' dir='ltr'><strong>Uniyenitus</strong></span> 
     </span>
    </p>
   </div>
   <div class='ocr_carea' id='block_1_41' title="bbox 100 1267 887 1308">
    <p class='ocr_par' dir='ltr' id='par_1_41' title="bbox 100 1267 887 1308">
     <span class='ocr_line' id='line_1_41' title="bbox 100 1267 887 1308; baseline -0.003 -7"><span class='ocrx_word' id='word_1_352' title='bbox 100 1273 203 1305; x_wconf 76' lang='lat' dir='ltr'><strong>Filius,</strong></span> <span class='ocrx_word' id='word_1_353' title='bbox 219 1275 313 1308; x_wconf 77' lang='lat' dir='ltr'><strong>quiest</strong></span> <span class='ocrx_word' id='word_1_354' title='bbox 333 1275 359 1300; x_wconf 86' lang='lat' dir='ltr'><strong>in</strong></span> <span class='ocrx_word' id='word_1_355' title='bbox 374 1274 433 1300; x_wconf 80' lang='lat' dir='ltr'><strong>sinu</strong></span> <span class='ocrx_word' id='word_1_356' title='bbox 449 1274 537 1300; x_wconf 73' lang='lat' dir='ltr'><strong>Patris</strong></span> <span class='ocrx_word' id='word_1_357' title='bbox 550 1267 593 1305; x_wconf 66' lang='grc' dir='ltr'><strong>ἰ’²;</strong></span> <span class='ocrx_word' id='word_1_358' title='bbox 615 1281 677 1300; x_wconf 89' lang='lat' dir='ltr'><strong>ecce</strong></span> <span class='ocrx_word' id='word_1_359' title='bbox 692 1280 772 1299; x_wconf 81' lang='lat' dir='ltr'><strong>unam</strong></span> <span class='ocrx_word' id='word_1_360' title='bbox 796 1280 887 1299; x_wconf 77' lang='lat' dir='ltr'><strong>vocem</strong></span> 
     </span>
    </p>
   </div>
   <div class='ocr_carea' id='block_1_42' title="bbox 101 1319 891 1354">
    <p class='ocr_par' dir='ltr' id='par_1_42' title="bbox 101 1319 891 1354">
     <span class='ocr_line' id='line_1_42' title="bbox 101 1319 891 1354; baseline -0.004 -7"><span class='ocrx_word' id='word_1_361' title='bbox 101 1321 188 1347; x_wconf 75' lang='lat' dir='ltr'><strong>hach</strong></span> <span class='ocrx_word' id='word_1_362' title='bbox 211 1320 382 1354; x_wconf 66' lang='lat' dir='ltr'><strong>evangelista:</strong></span> <span class='ocrx_word' id='word_1_363' title='bbox 407 1320 435 1352; x_wconf 80' lang='lat' dir='ltr'><strong>in</strong></span> <span class='ocrx_word' id='word_1_364' title='bbox 460 1320 519 1353; x_wconf 70' lang='lat' dir='ltr'><strong>estf;</strong></span> <span class='ocrx_word' id='word_1_365' title='bbox 545 1323 572 1346; x_wconf 88' lang='lat' dir='ltr'><strong>et</strong></span> <span class='ocrx_word' id='word_1_366' title='bbox 596 1320 693 1346; x_wconf 87' lang='lat' dir='ltr'><strong>iterum</strong></span> <span class='ocrx_word' id='word_1_367' title='bbox 721 1319 865 1353; x_wconf 80' lang='lat' dir='ltr'><strong>Apostolus</strong></span> <span class='ocrx_word' id='word_1_368' title='bbox 885 1327 891 1344; x_wconf 94' lang='lat'>:</span> 
     </span>
    </p>
   </div>
   <div class='ocr_carea' id='block_1_43' title="bbox 102 1364 895 1399">
    <p class='ocr_par' dir='ltr' id='par_1_43' title="bbox 102 1364 895 1399">
     <span class='ocr_line' id='line_1_43' title="bbox 102 1364 895 1399; baseline -0.003 -7"><span class='ocrx_word' id='word_1_369' title='bbox 102 1365 226 1398; x_wconf 82' lang='lat' dir='ltr'><strong>Quorum</strong></span> <span class='ocrx_word' id='word_1_370' title='bbox 241 1370 347 1398; x_wconf 83' lang='lat' dir='ltr'><strong>patres,</strong></span> <span class='ocrx_word' id='word_1_371' title='bbox 365 1373 397 1392; x_wconf 79' lang='lat' dir='ltr'><strong>e1:</strong></span> <span class='ocrx_word' id='word_1_372' title='bbox 413 1366 506 1399; x_wconf 77' lang='lat' dir='ltr'><strong>quibus</strong></span> <span class='ocrx_word' id='word_1_373' title='bbox 532 1364 652 1391; x_wconf 77' lang='lat' dir='ltr'><strong>Christus</strong></span> <span class='ocrx_word' id='word_1_374' title='bbox 678 1365 819 1391; x_wconf 78' lang='lat' dir='ltr'><strong>secundum</strong></span> <span class='ocrx_word' id='word_1_375' title='bbox 836 1372 895 1390; x_wconf 83' lang='lat' dir='ltr'><strong>cur-</strong></span> 
     </span>
    </p>
   </div>
   <div class='ocr_carea' id='block_1_44' title="bbox 103 1408 893 1444">
    <p class='ocr_par' dir='ltr' id='par_1_44' title="bbox 103 1408 893 1444">
     <span class='ocr_line' id='line_1_44' title="bbox 103 1408 893 1444; baseline -0.003 -7"><span class='ocrx_word' id='word_1_376' title='bbox 103 1418 173 1440; x_wconf 86' lang='lat' dir='ltr'><strong>nent.</strong></span> <span class='ocrx_word' id='word_1_377' title='bbox 186 1411 230 1444; x_wconf 88' lang='lat' dir='ltr'><strong>qui</strong></span> <span class='ocrx_word' id='word_1_378' title='bbox 251 1416 288 1436; x_wconf 82' lang='lat' dir='ltr'><strong>est</strong></span> <span class='ocrx_word' id='word_1_379' title='bbox 303 1418 383 1444; x_wconf 88' lang='lat' dir='ltr'><strong>supra</strong></span> <span class='ocrx_word' id='word_1_380' title='bbox 399 1410 489 1436; x_wconf 82' lang='lat' dir='ltr'><strong>omnia</strong></span> <span class='ocrx_word' id='word_1_381' title='bbox 509 1409 576 1436; x_wconf 84' lang='lat' dir='ltr'><strong>Deus</strong></span> <span class='ocrx_word' id='word_1_382' title='bbox 590 1409 740 1436; x_wconf 71' lang='lat' dir='ltr'><strong>benedictus</strong></span> <span class='ocrx_word' id='word_1_383' title='bbox 752 1409 785 1435; x_wconf 75' lang='grc'><strong>⁸⁵.</strong></span> <span class='ocrx_word' id='word_1_384' title='bbox 798 1408 893 1435; x_wconf 84' lang='lat' dir='ltr'><strong>Vidisti</strong></span> 
     </span>
    </p>
   </div>
   <div class='ocr_carea' id='block_1_45' title="bbox 103 1455 894 1489">
    <p class='ocr_par' dir='ltr' id='par_1_45' title="bbox 103 1455 894 1489">
     <span class='ocr_line' id='line_1_45' title="bbox 103 1455 894 1489; baseline -0.003 -7"><span class='ocrx_word' id='word_1_385' title='bbox 103 1457 242 1489; x_wconf 84' lang='lat' dir='ltr'><strong>quomodo</strong></span> <span class='ocrx_word' id='word_1_386' title='bbox 259 1461 282 1482; x_wconf 91' lang='lat' dir='ltr'><strong>te</strong></span> <span class='ocrx_word' id='word_1_387' title='bbox 300 1456 385 1482; x_wconf 84' lang='lat' dir='ltr'><strong>munit</strong></span> <span class='ocrx_word' id='word_1_388' title='bbox 398 1455 526 1487; x_wconf 82' lang='lat' dir='ltr'><strong>Joannes,</strong></span> <span class='ocrx_word' id='word_1_389' title='bbox 538 1456 583 1489; x_wconf 91' lang='lat' dir='ltr'><strong>qui</strong></span> <span class='ocrx_word' id='word_1_390' title='bbox 600 1457 625 1481; x_wconf 89' lang='lat' dir='ltr'><strong>in</strong></span> <span class='ocrx_word' id='word_1_391' title='bbox 637 1455 690 1482; x_wconf 90' lang='lat' dir='ltr'><strong>Deo</strong></span> <span class='ocrx_word' id='word_1_392' title='bbox 707 1455 805 1489; x_wconf 88' lang='lat' dir='ltr'><strong>posuit,</strong></span> <span class='ocrx_word' id='word_1_393' title='bbox 817 1455 894 1486; x_wconf 84' lang='lat' dir='ltr'><strong>Erat;</strong></span> 
     </span>
    </p>
   </div>
   <div class='ocr_carea' id='block_1_46' title="bbox 102 1499 891 1533">
    <p class='ocr_par' dir='ltr' id='par_1_46' title="bbox 102 1499 891 1533">
     <span class='ocr_line' id='line_1_46' title="bbox 102 1499 891 1533; baseline 0.001 -6"><span class='ocrx_word' id='word_1_394' title='bbox 102 1507 130 1527; x_wconf 83' lang='lat' dir='ltr'><strong>ct</strong></span> <span class='ocrx_word' id='word_1_395' title='bbox 144 1502 168 1526; x_wconf 91' lang='lat' dir='ltr'><strong>iu</strong></span> <span class='ocrx_word' id='word_1_396' title='bbox 190 1501 335 1531; x_wconf 78' lang='lat' dir='ltr'><strong>creaturis.</strong></span> <span class='ocrx_word' id='word_1_397' title='bbox 355 1499 440 1527; x_wconf 82' lang='lat' dir='ltr'><strong>Facta</strong></span> <span class='ocrx_word' id='word_1_398' title='bbox 457 1505 527 1527; x_wconf 84' lang='lat' dir='ltr'><strong>sunt.</strong></span> <span class='ocrx_word' id='word_1_399' title='bbox 547 1500 602 1526; x_wconf 81' lang='lat' dir='ltr'><strong>Nec</strong></span> <span class='ocrx_word' id='word_1_400' title='bbox 620 1501 691 1527; x_wconf 91' lang='lat' dir='ltr'><strong>enim</strong></span> <span class='ocrx_word' id='word_1_401' title='bbox 710 1501 791 1527; x_wconf 58' lang='lat' dir='ltr'><strong>Deum</strong></span> <span class='ocrx_word' id='word_1_402' title='bbox 805 1501 891 1533; x_wconf 69' lang='lat' dir='ltr'><strong>decet,</strong></span> 
     </span>
    </p>
   </div>
   <div class='ocr_carea' id='block_1_47' title="bbox 103 1545 893 1580">
    <p class='ocr_par' dir='ltr' id='par_1_47' title="bbox 103 1545 893 1580">
     <span class='ocr_line' id='line_1_47' title="bbox 103 1545 893 1580; baseline -0.001 -7"><span class='ocrx_word' id='word_1_403' title='bbox 103 1547 216 1573; x_wconf 77' lang='lat' dir='ltr'><strong>Factum</strong></span> <span class='ocrx_word' id='word_1_404' title='bbox 235 1551 283 1578; x_wconf 82' lang='lat' dir='ltr'><strong>est,</strong></span> <span class='ocrx_word' id='word_1_405' title='bbox 301 1553 388 1580; x_wconf 89' lang='lat' dir='ltr'><strong>neque</strong></span> <span class='ocrx_word' id='word_1_406' title='bbox 402 1550 552 1576; x_wconf 86' lang='lat' dir='ltr'><strong>creaturas,</strong></span> <span class='ocrx_word' id='word_1_407' title='bbox 570 1545 646 1572; x_wconf 78' lang='lat' dir='ltr'><strong>Erat.</strong></span> <span class='ocrx_word' id='word_1_408' title='bbox 667 1561 700 1566; x_wconf 89' lang='lat'>—</span> <span class='ocrx_word' id='word_1_409' title='bbox 718 1546 749 1573; x_wconf 88' lang='lat' dir='ltr'><strong>In</strong></span> <span class='ocrx_word' id='word_1_410' title='bbox 765 1546 893 1580; x_wconf 76' lang='lat' dir='ltr'><strong>principio</strong></span> 
     </span>
    </p>
   </div>
   <div class='ocr_carea' id='block_1_48' title="bbox 943 953 1734 988">
    <p class='ocr_par' dir='ltr' id='par_1_48' title="bbox 943 953 1734 988">
     <span class='ocr_line' id='line_1_48' title="bbox 943 953 1734 988; baseline 0.005 -10"><span class='ocrx_word' id='word_1_411' title='bbox 943 960 1001 978; x_wconf 83' lang='lat' dir='ltr'><strong>nent</strong></span> <span class='ocrx_word' id='word_1_412' title='bbox 1014 953 1155 987; x_wconf 77' lang='lat' dir='ltr'><strong>perfectum</strong></span> <span class='ocrx_word' id='word_1_413' title='bbox 1171 954 1198 980; x_wconf 88' lang='lat' dir='ltr'><strong>in</strong></span> <span class='ocrx_word' id='word_1_414' title='bbox 1219 953 1322 981; x_wconf 79' lang='lat' dir='ltr'><strong>Christo</strong></span> <span class='ocrx_word' id='word_1_415' title='bbox 1336 954 1410 986; x_wconf 80' lang='lat' dir='ltr'><strong>Jesu;</strong></span> <span class='ocrx_word' id='word_1_416' title='bbox 1423 955 1448 981; x_wconf 89' lang='lat' dir='ltr'><strong>in</strong></span> <span class='ocrx_word' id='word_1_417' title='bbox 1467 963 1516 988; x_wconf 83' lang='lat' dir='ltr'><strong>quo</strong></span> <span class='ocrx_word' id='word_1_418' title='bbox 1534 960 1558 982; x_wconf 80' lang='lat' dir='ltr'><strong>et</strong></span> <span class='ocrx_word' id='word_1_419' title='bbox 1576 955 1665 982; x_wconf 86' lang='lat' dir='ltr'><strong>laboro</strong></span> <span class='ocrx_word' id='word_1_420' title='bbox 1678 963 1734 982; x_wconf 72' lang='lat' dir='ltr'><strong>rer-</strong></span> 
     </span>
    </p>
   </div>
   <div class='ocr_carea' id='block_1_49' title="bbox 943 1000 1733 1034">
    <p class='ocr_par' dir='ltr' id='par_1_49' title="bbox 943 1000 1733 1034">
     <span class='ocr_line' id='line_1_49' title="bbox 943 1000 1733 1034; baseline 0.003 -10"><span class='ocrx_word' id='word_1_421' title='bbox 943 1000 1023 1024; x_wconf 85' lang='lat' dir='ltr'><strong>tando</strong></span> <span class='ocrx_word' id='word_1_422' title='bbox 1046 1000 1189 1025; x_wconf 83' lang='lat' dir='ltr'><strong>secundum</strong></span> <span class='ocrx_word' id='word_1_423' title='bbox 1211 1001 1389 1031; x_wconf 83' lang='lat' dir='ltr'><strong>operationem</strong></span> <span class='ocrx_word' id='word_1_424' title='bbox 1413 1000 1482 1033; x_wconf 84' lang='lat' dir='ltr'><strong>ejus,</strong></span> <span class='ocrx_word' id='word_1_425' title='bbox 1506 1009 1584 1032; x_wconf 83' lang='lat' dir='ltr'><strong>quant</strong></span> <span class='ocrx_word' id='word_1_426' title='bbox 1611 1006 1733 1034; x_wconf 81' lang='lat' dir='ltr'><strong>operatur</strong></span> 
     </span>
    </p>
   </div>
   <div class='ocr_carea' id='block_1_50' title="bbox 943 1044 1733 1080">
    <p class='ocr_par' dir='ltr' id='par_1_50' title="bbox 943 1044 1733 1080">
     <span class='ocr_line' id='line_1_50' title="bbox 943 1044 1733 1080; baseline 0.004 -11"><span class='ocrx_word' id='word_1_427' title='bbox 943 1044 970 1069; x_wconf 80' lang='lat' dir='ltr'><strong>in</strong></span> <span class='ocrx_word' id='word_1_428' title='bbox 985 1052 1024 1070; x_wconf 86' lang='lat' dir='ltr'><strong>me</strong></span> <span class='ocrx_word' id='word_1_429' title='bbox 1038 1044 1065 1069; x_wconf 86' lang='lat' dir='ltr'><strong>in</strong></span> <span class='ocrx_word' id='word_1_430' title='bbox 1078 1045 1174 1071; x_wconf 78' lang='lat' dir='ltr'><strong>virtute</strong></span> <span class='ocrx_word' id='word_1_431' title='bbox 1188 1044 1222 1072; x_wconf 80' lang='lat'><strong>&quot;.</strong></span> <span class='ocrx_word' id='word_1_432' title='bbox 1244 1045 1282 1071; x_wconf 74' lang='lat' dir='ltr'><strong>Ex</strong></span> <span class='ocrx_word' id='word_1_433' title='bbox 1302 1046 1343 1071; x_wconf 87' lang='lat' dir='ltr'><strong>itis</strong></span> <span class='ocrx_word' id='word_1_434' title='bbox 1367 1046 1422 1079; x_wconf 86' lang='lat' dir='ltr'><strong>jam</strong></span> <span class='ocrx_word' id='word_1_435' title='bbox 1451 1046 1551 1080; x_wconf 86' lang='lat' dir='ltr'><strong>liquet,</strong></span> <span class='ocrx_word' id='word_1_436' title='bbox 1569 1048 1638 1080; x_wconf 91' lang='lat' dir='ltr'><strong>quod</strong></span> <span class='ocrx_word' id='word_1_437' title='bbox 1661 1046 1733 1072; x_wconf 70' lang='lat' dir='ltr'><strong>Deus</strong></span> 
     </span>
    </p>
   </div>
   <div class='ocr_carea' id='block_1_51' title="bbox 943 1090 1734 1124">
    <p class='ocr_par' dir='ltr' id='par_1_51' title="bbox 943 1090 1734 1124">
     <span class='ocr_line' id='line_1_51' title="bbox 943 1090 1734 1124; baseline 0.004 -9"><span class='ocrx_word' id='word_1_438' title='bbox 943 1090 1090 1116; x_wconf 85' lang='lat' dir='ltr'><strong>secundum</strong></span> <span class='ocrx_word' id='word_1_439' title='bbox 1109 1092 1198 1121; x_wconf 79' lang='lat' dir='ltr'><strong>suam.</strong></span> <span class='ocrx_word' id='word_1_440' title='bbox 1217 1098 1277 1124; x_wconf 75' lang='lat' dir='ltr'><strong>qua:</strong></span> <span class='ocrx_word' id='word_1_441' title='bbox 1297 1098 1347 1117; x_wconf 87' lang='lat' dir='ltr'><strong>una</strong></span> <span class='ocrx_word' id='word_1_442' title='bbox 1365 1096 1417 1122; x_wconf 81' lang='lat' dir='ltr'><strong>est.</strong></span> <span class='ocrx_word' id='word_1_443' title='bbox 1434 1099 1555 1123; x_wconf 82' lang='lat' dir='ltr'><strong>causam,</strong></span> <span class='ocrx_word' id='word_1_444' title='bbox 1573 1092 1663 1119; x_wconf 83' lang='lat' dir='ltr'><strong>omnia</strong></span> <span class='ocrx_word' id='word_1_445' title='bbox 1677 1091 1734 1118; x_wconf 81' lang='lat' dir='ltr'><strong>eiii-</strong></span> 
     </span>
    </p>
   </div>
   <div class='ocr_carea' id='block_1_52' title="bbox 943 1136 1733 1168">
    <p class='ocr_par' dir='ltr' id='par_1_52' title="bbox 943 1136 1733 1168">
     <span class='ocr_line' id='line_1_52' title="bbox 943 1136 1733 1168; baseline 0.003 -5"><span class='ocrx_word' id='word_1_446' title='bbox 943 1137 1015 1163; x_wconf 86' lang='lat' dir='ltr'><strong>citnr</strong></span> <span class='ocrx_word' id='word_1_447' title='bbox 1037 1143 1089 1162; x_wconf 89' lang='lat' dir='ltr'><strong>non</strong></span> <span class='ocrx_word' id='word_1_448' title='bbox 1115 1136 1242 1163; x_wconf 86' lang='lat' dir='ltr'><strong>recedens</strong></span> <span class='ocrx_word' id='word_1_449' title='bbox 1265 1144 1278 1162; x_wconf 85' lang='lat' dir='ltr'><strong>a</strong></span> <span class='ocrx_word' id='word_1_450' title='bbox 1305 1144 1349 1168; x_wconf 85' lang='lat' dir='ltr'><strong>se;</strong></span> <span class='ocrx_word' id='word_1_451' title='bbox 1366 1137 1579 1164; x_wconf 87' lang='lat' dir='ltr'><strong>demonstratum</strong></span> <span class='ocrx_word' id='word_1_452' title='bbox 1598 1138 1669 1165; x_wconf 86' lang='lat' dir='ltr'><strong>enim</strong></span> <span class='ocrx_word' id='word_1_453' title='bbox 1692 1144 1733 1165; x_wconf 86' lang='lat' dir='ltr'><strong>est</strong></span> 
     </span>
    </p>
   </div>
   <div class='ocr_carea' id='block_1_53' title="bbox 945 1182 1730 1216">
    <p class='ocr_par' dir='ltr' id='par_1_53' title="bbox 945 1182 1730 1216">
     <span class='ocr_line' id='line_1_53' title="bbox 945 1182 1730 1216; baseline 0.008 -9"><span class='ocrx_word' id='word_1_454' title='bbox 945 1189 996 1208; x_wconf 90' lang='lat' dir='ltr'><strong>non</strong></span> <span class='ocrx_word' id='word_1_455' title='bbox 1015 1182 1153 1216; x_wconf 77' lang='lat' dir='ltr'><strong>migrando</strong></span> <span class='ocrx_word' id='word_1_456' title='bbox 1164 1182 1247 1213; x_wconf 82' lang='lat' dir='ltr'><strong>exire,</strong></span> <span class='ocrx_word' id='word_1_457' title='bbox 1263 1187 1290 1208; x_wconf 86' lang='lat' dir='ltr'><strong>et</strong></span> <span class='ocrx_word' id='word_1_458' title='bbox 1303 1182 1397 1209; x_wconf 80' lang='lat' dir='ltr'><strong>eodem</strong></span> <span class='ocrx_word' id='word_1_459' title='bbox 1414 1185 1522 1216; x_wconf 87' lang='lat' dir='ltr'><strong>reverti,</strong></span> <span class='ocrx_word' id='word_1_460' title='bbox 1536 1192 1588 1211; x_wconf 91' lang='lat' dir='ltr'><strong>non</strong></span> <span class='ocrx_word' id='word_1_461' title='bbox 1604 1193 1617 1211; x_wconf 89' lang='lat' dir='ltr'><strong>a</strong></span> <span class='ocrx_word' id='word_1_462' title='bbox 1630 1193 1658 1212; x_wconf 92' lang='lat' dir='ltr'><strong>se</strong></span> <span class='ocrx_word' id='word_1_463' title='bbox 1673 1186 1730 1213; x_wconf 86' lang='lat' dir='ltr'><strong>dis-</strong></span> 
     </span>
    </p>
   </div>
   <div class='ocr_carea' id='block_1_54' title="bbox 949 1227 1733 1262">
    <p class='ocr_par' dir='ltr' id='par_1_54' title="bbox 949 1227 1733 1262">
     <span class='ocr_line' id='line_1_54' title="bbox 949 1227 1733 1262; baseline 0.006 -9"><span class='ocrx_word' id='word_1_464' title='bbox 949 1230 1063 1254; x_wconf 88' lang='lat' dir='ltr'><strong>tractum</strong></span> <span class='ocrx_word' id='word_1_465' title='bbox 1087 1227 1112 1253; x_wconf 91' lang='lat' dir='ltr'><strong>in</strong></span> <span class='ocrx_word' id='word_1_466' title='bbox 1144 1229 1315 1262; x_wconf 84' lang='lat' dir='ltr'><strong>producenda</strong></span> <span class='ocrx_word' id='word_1_467' title='bbox 1341 1233 1486 1260; x_wconf 79' lang='lat' dir='ltr'><strong>creatura.</strong></span> <span class='ocrx_word' id='word_1_468' title='bbox 1511 1231 1557 1257; x_wconf 88' lang='lat' dir='ltr'><strong>sed</strong></span> <span class='ocrx_word' id='word_1_469' title='bbox 1583 1232 1733 1258; x_wconf 84' lang='lat' dir='ltr'><strong>scctntdum</strong></span> 
     </span>
    </p>
   </div>
   <div class='ocr_carea' id='block_1_55' title="bbox 944 1274 1733 1310">
    <p class='ocr_par' dir='ltr' id='par_1_55' title="bbox 944 1274 1733 1310">
     <span class='ocr_line' id='line_1_55' title="bbox 944 1274 1733 1310; baseline 0.004 -10"><span class='ocrx_word' id='word_1_470' title='bbox 944 1280 1055 1300; x_wconf 84' lang='lat' dir='ltr'><strong>causam</strong></span> <span class='ocrx_word' id='word_1_471' title='bbox 1072 1280 1152 1300; x_wconf 83' lang='lat' dir='ltr'><strong>unam</strong></span> <span class='ocrx_word' id='word_1_472' title='bbox 1172 1274 1349 1308; x_wconf 77' lang='lat' dir='ltr'><strong>singularem,</strong></span> <span class='ocrx_word' id='word_1_473' title='bbox 1368 1282 1426 1309; x_wconf 69' lang='lat' dir='ltr'><strong>qua:</strong></span> <span class='ocrx_word' id='word_1_474' title='bbox 1438 1281 1480 1302; x_wconf 82' lang='lat' dir='ltr'><strong>est</strong></span> <span class='ocrx_word' id='word_1_475' title='bbox 1498 1276 1666 1310; x_wconf 74' lang='lat' dir='ltr'><strong>ipse,omnia</strong></span> <span class='ocrx_word' id='word_1_476' title='bbox 1685 1278 1733 1305; x_wconf 82' lang='lat' dir='ltr'><strong>tit:</strong></span> 
     </span>
    </p>
   </div>
   <div class='ocr_carea' id='block_1_56' title="bbox 944 1319 1732 1355">
    <p class='ocr_par' dir='ltr' id='par_1_56' title="bbox 944 1319 1732 1355">
     <span class='ocr_line' id='line_1_56' title="bbox 944 1319 1732 1355; baseline 0.004 -9"><span class='ocrx_word' id='word_1_477' title='bbox 944 1325 970 1346; x_wconf 86' lang='lat' dir='ltr'><strong>et</strong></span> <span class='ocrx_word' id='word_1_478' title='bbox 987 1319 1053 1346; x_wconf 87' lang='lat' dir='ltr'><strong>nihil</strong></span> <span class='ocrx_word' id='word_1_479' title='bbox 1071 1319 1142 1352; x_wconf 86' lang='lat' dir='ltr'><strong>quod</strong></span> <span class='ocrx_word' id='word_1_480' title='bbox 1163 1320 1197 1346; x_wconf 85' lang='lat' dir='ltr'><strong>ab</strong></span> <span class='ocrx_word' id='word_1_481' title='bbox 1219 1320 1277 1353; x_wconf 78' lang='lat' dir='ltr'><strong>ipso</strong></span> <span class='ocrx_word' id='word_1_482' title='bbox 1292 1320 1320 1346; x_wconf 86' lang='lat' dir='ltr'><strong>ﬁt</strong></span> <span class='ocrx_word' id='word_1_483' title='bbox 1339 1325 1366 1346; x_wconf 90' lang='lat' dir='ltr'><strong>et</strong></span> <span class='ocrx_word' id='word_1_484' title='bbox 1390 1321 1489 1355; x_wconf 77' lang='lat' dir='ltr'><strong>agitur,</strong></span> <span class='ocrx_word' id='word_1_485' title='bbox 1506 1327 1546 1348; x_wconf 88' lang='lat' dir='ltr'><strong>est</strong></span> <span class='ocrx_word' id='word_1_486' title='bbox 1571 1323 1628 1348; x_wconf 85' lang='lat' dir='ltr'><strong>sine</strong></span> <span class='ocrx_word' id='word_1_487' title='bbox 1654 1331 1732 1350; x_wconf 69' lang='lat' dir='ltr'><strong>crea-</strong></span> 
     </span>
    </p>
   </div>
   <div class='ocr_carea' id='block_1_57' title="bbox 946 1364 1735 1402">
    <p class='ocr_par' dir='ltr' id='par_1_57' title="bbox 946 1364 1735 1402">
     <span class='ocr_line' id='line_1_57' title="bbox 946 1364 1735 1402; baseline 0.004 -11"><span class='ocrx_word' id='word_1_488' title='bbox 946 1365 1027 1393; x_wconf 83' lang='lat' dir='ltr'><strong>tione.</strong></span> <span class='ocrx_word' id='word_1_489' title='bbox 1045 1364 1138 1392; x_wconf 69' lang='lat' dir='ltr'><strong>Dicere</strong></span> <span class='ocrx_word' id='word_1_490' title='bbox 1157 1365 1228 1393; x_wconf 89' lang='lat' dir='ltr'><strong>enim</strong></span> <span class='ocrx_word' id='word_1_491' title='bbox 1253 1373 1307 1393; x_wconf 89' lang='grc' dir='ltr'>ιιοιι</span> <span class='ocrx_word' id='word_1_492' title='bbox 1325 1373 1384 1392; x_wconf 86' lang='lat' dir='ltr'><strong>esse</strong></span> <span class='ocrx_word' id='word_1_493' title='bbox 1404 1370 1527 1392; x_wconf 88' lang='lat' dir='ltr'><strong>creatmn</strong></span> <span class='ocrx_word' id='word_1_494' title='bbox 1542 1369 1614 1402; x_wconf 89' lang='lat' dir='ltr'><strong>quod</strong></span> <span class='ocrx_word' id='word_1_495' title='bbox 1634 1369 1735 1402; x_wconf 75' lang='lat' dir='ltr'><strong>agitur,</strong></span> 
     </span>
    </p>
   </div>
   <div class='ocr_carea' id='block_1_58' title="bbox 945 1410 1737 1444">
    <p class='ocr_par' dir='ltr' id='par_1_58' title="bbox 945 1410 1737 1444">
     <span class='ocr_line' id='line_1_58' title="bbox 945 1410 1737 1444; baseline 0.005 -8"><span class='ocrx_word' id='word_1_496' title='bbox 945 1410 1057 1444; x_wconf 80' lang='lat' dir='ltr'><strong>perinde</strong></span> <span class='ocrx_word' id='word_1_497' title='bbox 1071 1410 1150 1444; x_wconf 89' lang='lat' dir='ltr'><strong>plane</strong></span> <span class='ocrx_word' id='word_1_498' title='bbox 1168 1415 1210 1438; x_wconf 88' lang='lat' dir='ltr'><strong>est</strong></span> <span class='ocrx_word' id='word_1_499' title='bbox 1226 1416 1256 1437; x_wconf 93' lang='lat' dir='ltr'><strong>ut</strong></span> <span class='ocrx_word' id='word_1_500' title='bbox 1271 1411 1292 1437; x_wconf 85' lang='lat' dir='ltr'><strong>si</strong></span> <span class='ocrx_word' id='word_1_501' title='bbox 1309 1411 1431 1439; x_wconf 82' lang='lat' dir='ltr'><strong>dicamus</strong></span> <span class='ocrx_word' id='word_1_502' title='bbox 1445 1417 1596 1439; x_wconf 77' lang='lat' dir='ltr'><strong>creaturam</strong></span> <span class='ocrx_word' id='word_1_503' title='bbox 1611 1421 1664 1440; x_wconf 90' lang='lat' dir='ltr'><strong>non</strong></span> <span class='ocrx_word' id='word_1_504' title='bbox 1677 1422 1737 1440; x_wconf 70' lang='lat' dir='ltr'><strong>esse</strong></span> 
     </span>
    </p>
   </div>
   <div class='ocr_carea' id='block_1_59' title="bbox 945 1457 1735 1493">
    <p class='ocr_par' dir='ltr' id='par_1_59' title="bbox 945 1457 1735 1493">
     <span class='ocr_line' id='line_1_59' title="bbox 945 1457 1735 1493; baseline 0.005 -12"><span class='ocrx_word' id='word_1_505' title='bbox 945 1460 1116 1488; x_wconf 84' lang='lat' dir='ltr'><strong>creaturam;</strong></span> <span class='ocrx_word' id='word_1_506' title='bbox 1130 1457 1200 1490; x_wconf 91' lang='lat' dir='ltr'><strong>quod</strong></span> <span class='ocrx_word' id='word_1_507' title='bbox 1213 1457 1284 1482; x_wconf 88' lang='lat' dir='ltr'><strong>enim</strong></span> <span class='ocrx_word' id='word_1_508' title='bbox 1299 1457 1397 1491; x_wconf 80' lang='lat' dir='ltr'><strong>agitur,</strong></span> <span class='ocrx_word' id='word_1_509' title='bbox 1411 1457 1480 1484; x_wconf 89' lang='lat' dir='ltr'><strong>idem</strong></span> <span class='ocrx_word' id='word_1_510' title='bbox 1498 1463 1537 1484; x_wconf 84' lang='lat' dir='ltr'><strong>est</strong></span> <span class='ocrx_word' id='word_1_511' title='bbox 1549 1467 1608 1485; x_wconf 87' lang='lat' dir='ltr'><strong>cum</strong></span> <span class='ocrx_word' id='word_1_512' title='bbox 1622 1467 1653 1486; x_wconf 89' lang='lat' dir='ltr'><strong>eo</strong></span> <span class='ocrx_word' id='word_1_513' title='bbox 1666 1462 1735 1493; x_wconf 76' lang='lat' dir='ltr'><strong>quml</strong></span> 
     </span>
    </p>
   </div>
   <div class='ocr_carea' id='block_1_60' title="bbox 945 1499 1735 1536">
    <p class='ocr_par' dir='ltr' id='par_1_60' title="bbox 945 1499 1735 1536">
     <span class='ocr_line' id='line_1_60' title="bbox 945 1499 1735 1536; baseline 0.005 -10"><span class='ocrx_word' id='word_1_514' title='bbox 945 1499 983 1531; x_wconf 84' lang='lat' dir='ltr'><strong>ﬁt,</strong></span> <span class='ocrx_word' id='word_1_515' title='bbox 1003 1501 1063 1534; x_wconf 82' lang='lat' dir='ltr'><strong>quia</strong></span> <span class='ocrx_word' id='word_1_516' title='bbox 1082 1502 1152 1534; x_wconf 90' lang='lat' dir='ltr'><strong>quod</strong></span> <span class='ocrx_word' id='word_1_517' title='bbox 1167 1501 1255 1536; x_wconf 79' lang='lat' dir='ltr'><strong>agitur</strong></span> <span class='ocrx_word' id='word_1_518' title='bbox 1268 1502 1306 1534; x_wconf 83' lang='lat' dir='ltr'><strong>lit,</strong></span> <span class='ocrx_word' id='word_1_519' title='bbox 1321 1509 1346 1528; x_wconf 89' lang='lat' dir='ltr'><strong>et</strong></span> <span class='ocrx_word' id='word_1_520' title='bbox 1363 1502 1432 1536; x_wconf 90' lang='lat' dir='ltr'><strong>quod</strong></span> <span class='ocrx_word' id='word_1_521' title='bbox 1446 1502 1474 1529; x_wconf 84' lang='lat' dir='ltr'><strong>ﬁt</strong></span> <span class='ocrx_word' id='word_1_522' title='bbox 1490 1503 1595 1536; x_wconf 68' lang='lat' dir='ltr'><strong>agitur;</strong></span> <span class='ocrx_word' id='word_1_523' title='bbox 1609 1504 1629 1530; x_wconf 91' lang='lat' dir='ltr'><strong>si</strong></span> <span class='ocrx_word' id='word_1_524' title='bbox 1646 1508 1735 1530; x_wconf 73' lang='lat' dir='ltr'><strong>autem</strong></span> 
     </span>
    </p>
   </div>
   <div class='ocr_carea' id='block_1_61' title="bbox 945 1546 1731 1583">
    <p class='ocr_par' dir='ltr' id='par_1_61' title="bbox 945 1546 1731 1583">
     <span class='ocr_line' id='line_1_61' title="bbox 945 1546 1731 1583; baseline 0.006 -12"><span class='ocrx_word' id='word_1_525' title='bbox 945 1546 1016 1578; x_wconf 89' lang='lat' dir='ltr'><strong>quod</strong></span> <span class='ocrx_word' id='word_1_526' title='bbox 1035 1547 1063 1572; x_wconf 90' lang='lat' dir='ltr'><strong>tit</strong></span> <span class='ocrx_word' id='word_1_527' title='bbox 1078 1553 1129 1572; x_wconf 89' lang='lat' dir='ltr'><strong>non</strong></span> <span class='ocrx_word' id='word_1_528' title='bbox 1149 1552 1189 1573; x_wconf 86' lang='lat' dir='ltr'><strong>est</strong></span> <span class='ocrx_word' id='word_1_529' title='bbox 1205 1547 1263 1573; x_wconf 88' lang='lat' dir='ltr'><strong>sine</strong></span> <span class='ocrx_word' id='word_1_530' title='bbox 1278 1547 1426 1578; x_wconf 85' lang='lat' dir='ltr'><strong>ereatione.</strong></span> <span class='ocrx_word' id='word_1_531' title='bbox 1445 1552 1473 1574; x_wconf 79' lang='lat' dir='ltr'><strong>et</strong></span> <span class='ocrx_word' id='word_1_532' title='bbox 1488 1549 1557 1583; x_wconf 90' lang='lat' dir='ltr'><strong>quod</strong></span> <span class='ocrx_word' id='word_1_533' title='bbox 1572 1549 1663 1583; x_wconf 80' lang='lat' dir='ltr'><strong>agitur</strong></span> <span class='ocrx_word' id='word_1_534' title='bbox 1677 1558 1731 1577; x_wconf 88' lang='lat' dir='ltr'><strong>non</strong></span> 
     </span>
    </p>
   </div>
   <div class='ocr_carea' id='block_1_62' title="bbox 102 1584 1738 1628">
    <p class='ocr_par' dir='ltr' id='par_1_62' title="bbox 102 1584 1738 1628">
     <span class='ocr_line' id='line_1_62' title="bbox 102 1584 1738 1628; baseline 0.001 -11"><span class='ocrx_word' id='word_1_535' title='bbox 102 1598 160 1618; x_wconf 80' lang='lat' dir='ltr'><strong>erat</strong></span> <span class='ocrx_word' id='word_1_536' title='bbox 179 1590 301 1623; x_wconf 85' lang='lat' dir='ltr'><strong>Verbum,</strong></span> <span class='ocrx_word' id='word_1_537' title='bbox 321 1596 344 1617; x_wconf 81' lang='lat' dir='ltr'><strong>et</strong></span> <span class='ocrx_word' id='word_1_538' title='bbox 364 1590 476 1618; x_wconf 83' lang='lat' dir='ltr'><strong>Verbum</strong></span> <span class='ocrx_word' id='word_1_539' title='bbox 490 1596 547 1618; x_wconf 84' lang='lat' dir='ltr'><strong>erat</strong></span> <span class='ocrx_word' id='word_1_540' title='bbox 569 1591 638 1625; x_wconf 82' lang='lat' dir='ltr'><strong>apud</strong></span> <span class='ocrx_word' id='word_1_541' title='bbox 657 1591 760 1624; x_wconf 86' lang='lat' dir='ltr'><strong>Deum;</strong></span> <span class='ocrx_word' id='word_1_542' title='bbox 779 1597 803 1618; x_wconf 80' lang='lat' dir='ltr'><strong>et</strong></span> <span class='ocrx_word' id='word_1_543' title='bbox 826 1592 893 1619; x_wconf 76' lang='lat' dir='ltr'><strong>Deus</strong></span> <span class='ocrx_word' id='word_1_544' title='bbox 906 1584 928 1615; x_wconf 86' lang='lat' dir='ltr'>C</span> <span class='ocrx_word' id='word_1_545' title='bbox 945 1590 1006 1617; x_wconf 91' lang='lat' dir='ltr'><strong>sine</strong></span> <span class='ocrx_word' id='word_1_546' title='bbox 1024 1591 1174 1617; x_wconf 71' lang='lat' dir='ltr'><strong>creatione.</strong></span> <span class='ocrx_word' id='word_1_547' title='bbox 1190 1590 1282 1623; x_wconf 84' lang='lat' dir='ltr'><strong>Quare</strong></span> <span class='ocrx_word' id='word_1_548' title='bbox 1307 1592 1353 1626; x_wconf 90' lang='lat' dir='ltr'><strong>qui</strong></span> <span class='ocrx_word' id='word_1_549' title='bbox 1375 1592 1442 1619; x_wconf 86' lang='lat' dir='ltr'><strong>dicit</strong></span> <span class='ocrx_word' id='word_1_550' title='bbox 1458 1593 1529 1627; x_wconf 90' lang='lat' dir='ltr'><strong>quod</strong></span> <span class='ocrx_word' id='word_1_551' title='bbox 1545 1593 1616 1627; x_wconf 77' lang='lat' dir='ltr'><strong>agito</strong></span> <span class='ocrx_word' id='word_1_552' title='bbox 1628 1602 1649 1624; x_wconf 83' lang='lat' dir='ltr'><strong>r,</strong></span> <span class='ocrx_word' id='word_1_553' title='bbox 1669 1602 1738 1628; x_wconf 83' lang='lat' dir='ltr'><strong>quo-</strong></span> 
     </span>
    </p>
   </div>
   <div class='ocr_carea' id='block_1_63' title="bbox 102 1635 895 1669">
    <p class='ocr_par' dir='ltr' id='par_1_63' title="bbox 102 1635 895 1669">
     <span class='ocr_line' id='line_1_63' title="bbox 102 1635 895 1669; baseline 0 -7"><span class='ocrx_word' id='word_1_554' title='bbox 102 1641 161 1662; x_wconf 78' lang='lat' dir='ltr'><strong>crat</strong></span> <span class='ocrx_word' id='word_1_555' title='bbox 180 1635 312 1666; x_wconf 82' lang='lat' dir='ltr'><strong>Verbum;</strong></span> <span class='ocrx_word' id='word_1_556' title='bbox 326 1636 373 1662; x_wconf 83' lang='lat' dir='ltr'><strong>hoc</strong></span> <span class='ocrx_word' id='word_1_557' title='bbox 385 1640 440 1662; x_wconf 83' lang='lat' dir='ltr'><strong>erat</strong></span> <span class='ocrx_word' id='word_1_558' title='bbox 455 1636 481 1662; x_wconf 81' lang='lat' dir='ltr'><strong>in</strong></span> <span class='ocrx_word' id='word_1_559' title='bbox 497 1636 624 1668; x_wconf 75' lang='lat' dir='ltr'><strong>principio</strong></span> <span class='ocrx_word' id='word_1_560' title='bbox 635 1637 704 1669; x_wconf 73' lang='lat' dir='ltr'><strong>aput</strong></span> <span class='ocrx_word' id='word_1_561' title='bbox 725 1636 824 1668; x_wconf 71' lang='lat' dir='ltr'><strong>Deum;</strong></span> <span class='ocrx_word' id='word_1_562' title='bbox 842 1645 895 1662; x_wconf 88' lang='lat' dir='ltr'><strong>om-</strong></span> 
     </span>
    </p>
   </div>
   <div class='ocr_carea' id='block_1_64' title="bbox 105 1681 891 1714">
    <p class='ocr_par' dir='ltr' id='par_1_64' title="bbox 105 1681 891 1714">
     <span class='ocr_line' id='line_1_64' title="bbox 105 1681 891 1714; baseline 0 -7"><span class='ocrx_word' id='word_1_563' title='bbox 105 1682 151 1707; x_wconf 89' lang='lat' dir='ltr'><strong>nia</strong></span> <span class='ocrx_word' id='word_1_564' title='bbox 169 1689 215 1714; x_wconf 85' lang='lat' dir='ltr'><strong>per</strong></span> <span class='ocrx_word' id='word_1_565' title='bbox 227 1682 310 1714; x_wconf 82' lang='lat' dir='ltr'><strong>ipsum</strong></span> <span class='ocrx_word' id='word_1_566' title='bbox 329 1681 401 1714; x_wconf 82' lang='lat' dir='ltr'><strong>facta</strong></span> <span class='ocrx_word' id='word_1_567' title='bbox 415 1685 486 1712; x_wconf 81' lang='lat' dir='ltr'><strong>sunt,</strong></span> <span class='ocrx_word' id='word_1_568' title='bbox 501 1686 524 1706; x_wconf 86' lang='lat' dir='ltr'><strong>et</strong></span> <span class='ocrx_word' id='word_1_569' title='bbox 538 1681 593 1706; x_wconf 85' lang='lat' dir='ltr'><strong>sine</strong></span> <span class='ocrx_word' id='word_1_570' title='bbox 608 1681 664 1714; x_wconf 86' lang='lat' dir='ltr'><strong>ipso</strong></span> <span class='ocrx_word' id='word_1_571' title='bbox 682 1681 782 1714; x_wconf 72' lang='lat' dir='ltr'><strong>factum</strong></span> <span class='ocrx_word' id='word_1_572' title='bbox 795 1686 832 1707; x_wconf 82' lang='lat' dir='ltr'><strong>est</strong></span> <span class='ocrx_word' id='word_1_573' title='bbox 850 1682 891 1707; x_wconf 85' lang='lat' dir='ltr'><strong>ni-</strong></span> 
     </span>
    </p>
   </div>
   <div class='ocr_carea' id='block_1_65' title="bbox 104 1724 893 1760">
    <p class='ocr_par' dir='ltr' id='par_1_65' title="bbox 104 1724 893 1760">
     <span class='ocr_line' id='line_1_65' title="bbox 104 1724 893 1760; baseline 0.001 -8"><span class='ocrx_word' id='word_1_574' title='bbox 104 1727 155 1757; x_wconf 81' lang='lat' dir='ltr'><strong>Iu&#39;l.</strong></span> <span class='ocrx_word' id='word_1_575' title='bbox 170 1727 239 1760; x_wconf 82' lang='lat' dir='ltr'><strong>quod</strong></span> <span class='ocrx_word' id='word_1_576' title='bbox 262 1725 361 1758; x_wconf 74' lang='lat' dir='ltr'><strong>factum</strong></span> <span class='ocrx_word' id='word_1_577' title='bbox 378 1730 427 1752; x_wconf 79' lang='lat' dir='ltr'><strong>est.</strong></span> <span class='ocrx_word' id='word_1_578' title='bbox 451 1724 564 1758; x_wconf 86' lang='lat' dir='ltr'><strong>Quando</strong></span> <span class='ocrx_word' id='word_1_579' title='bbox 579 1725 688 1751; x_wconf 77' lang='lat' dir='ltr'><strong>Furtum</strong></span> <span class='ocrx_word' id='word_1_580' title='bbox 709 1731 758 1757; x_wconf 85' lang='lat' dir='ltr'><strong>est,</strong></span> <span class='ocrx_word' id='word_1_581' title='bbox 776 1727 893 1760; x_wconf 88' lang='lat' dir='ltr'><strong>ponitur.</strong></span> 
     </span>
    </p>
   </div>
   <div class='ocr_carea' id='block_1_66' title="bbox 105 1770 892 1805">
    <p class='ocr_par' dir='ltr' id='par_1_66' title="bbox 105 1770 892 1805">
     <span class='ocr_line' id='line_1_66' title="bbox 105 1770 892 1805; baseline 0.001 -9"><span class='ocrx_word' id='word_1_582' title='bbox 105 1773 139 1797; x_wconf 77' lang='lat' dir='ltr'><strong>ad</strong></span> <span class='ocrx_word' id='word_1_583' title='bbox 157 1775 297 1797; x_wconf 81' lang='lat' dir='ltr'><strong>creaturas</strong></span> <span class='ocrx_word' id='word_1_584' title='bbox 309 1771 462 1802; x_wconf 80' lang='lat' dir='ltr'><strong>descendit;</strong></span> <span class='ocrx_word' id='word_1_585' title='bbox 480 1770 589 1805; x_wconf 85' lang='lat' dir='ltr'><strong>quando</strong></span> <span class='ocrx_word' id='word_1_586' title='bbox 607 1771 685 1803; x_wconf 86' lang='lat' dir='ltr'><strong>Erat,</strong></span> <span class='ocrx_word' id='word_1_587' title='bbox 702 1771 734 1797; x_wconf 90' lang='lat' dir='ltr'><strong>ad</strong></span> <span class='ocrx_word' id='word_1_588' title='bbox 752 1777 892 1798; x_wconf 84' lang='lat' dir='ltr'><strong>auctorem</strong></span> 
     </span>
    </p>
   </div>
   <div class='ocr_carea' id='block_1_67' title="bbox 105 1815 894 1849">
    <p class='ocr_par' dir='ltr' id='par_1_67' title="bbox 105 1815 894 1849">
     <span class='ocr_line' id='line_1_67' title="bbox 105 1815 894 1849; baseline 0 -6"><span class='ocrx_word' id='word_1_589' title='bbox 105 1816 247 1849; x_wconf 78' lang='lat' dir='ltr'><strong>ascendit;</strong></span> <span class='ocrx_word' id='word_1_590' title='bbox 267 1822 293 1842; x_wconf 93' lang='lat' dir='ltr'><strong>et</strong></span> <span class='ocrx_word' id='word_1_591' title='bbox 309 1823 405 1843; x_wconf 86' lang='lat' dir='ltr'><strong>rursus</strong></span> <span class='ocrx_word' id='word_1_592' title='bbox 428 1815 488 1842; x_wconf 82' lang='lat' dir='ltr'><strong>Vita</strong></span> <span class='ocrx_word' id='word_1_593' title='bbox 510 1820 580 1848; x_wconf 79' lang='lat' dir='ltr'><strong>erat,</strong></span> <span class='ocrx_word' id='word_1_594' title='bbox 606 1824 700 1843; x_wconf 81' lang='lat' dir='ltr'><strong>rursus</strong></span> <span class='ocrx_word' id='word_1_595' title='bbox 723 1817 843 1843; x_wconf 85' lang='lat' dir='ltr'><strong>ascendit</strong></span> <span class='ocrx_word' id='word_1_596' title='bbox 862 1817 894 1843; x_wconf 87' lang='lat' dir='ltr'><strong>ad</strong></span> 
     </span>
    </p>
   </div>
   <div class='ocr_carea' id='block_1_68' title="bbox 105 1862 898 1897">
    <p class='ocr_par' dir='ltr' id='par_1_68' title="bbox 105 1862 898 1897">
     <span class='ocr_line' id='line_1_68' title="bbox 105 1862 898 1897; baseline -0.001 -8"><span class='ocrx_word' id='word_1_597' title='bbox 105 1862 260 1890; x_wconf 74' lang='lat' dir='ltr'><strong>ctIectorem</strong></span> <span class='ocrx_word' id='word_1_598' title='bbox 273 1870 280 1894; x_wconf 87' lang='lat'><strong>;</strong></span> <span class='ocrx_word' id='word_1_599' title='bbox 299 1862 399 1889; x_wconf 88' lang='lat' dir='ltr'><strong>scalam</strong></span> <span class='ocrx_word' id='word_1_600' title='bbox 414 1862 494 1889; x_wconf 85' lang='lat' dir='ltr'><strong>hodie</strong></span> <span class='ocrx_word' id='word_1_601' title='bbox 510 1862 586 1888; x_wconf 65' lang='lat' dir='ltr'><strong>aliert</strong></span> <span class='ocrx_word' id='word_1_602' title='bbox 603 1863 694 1889; x_wconf 91' lang='lat' dir='ltr'><strong>multis</strong></span> <span class='ocrx_word' id='word_1_603' title='bbox 709 1862 843 1897; x_wconf 80' lang='lat' dir='ltr'><strong>mysteriis</strong></span> <span class='ocrx_word' id='word_1_604' title='bbox 857 1870 898 1888; x_wconf 84' lang='lat' dir='ltr'><strong>rc-</strong></span> 
     </span>
    </p>
   </div>
   <div class='ocr_carea' id='block_1_69' title="bbox 106 1907 896 1942">
    <p class='ocr_par' dir='ltr' id='par_1_69' title="bbox 106 1907 896 1942">
     <span class='ocr_line' id='line_1_69' title="bbox 106 1907 896 1942; baseline -0.001 -8"><span class='ocrx_word' id='word_1_605' title='bbox 106 1907 223 1934; x_wconf 83' lang='lat' dir='ltr'><strong>f-rtam:</strong></span> <span class='ocrx_word' id='word_1_606' title='bbox 239 1909 348 1942; x_wconf 85' lang='lat' dir='ltr'><strong>quando</strong></span> <span class='ocrx_word' id='word_1_607' title='bbox 362 1907 484 1934; x_wconf 85' lang='lat' dir='ltr'><strong>ascendit</strong></span> <span class='ocrx_word' id='word_1_608' title='bbox 498 1908 530 1934; x_wconf 83' lang='lat' dir='ltr'><strong>ad</strong></span> <span class='ocrx_word' id='word_1_609' title='bbox 550 1908 644 1939; x_wconf 90' lang='lat' dir='ltr'><strong>Deum,</strong></span> <span class='ocrx_word' id='word_1_610' title='bbox 660 1907 739 1939; x_wconf 86' lang='lat' dir='ltr'><strong>Erat,</strong></span> <span class='ocrx_word' id='word_1_611' title='bbox 756 1907 896 1941; x_wconf 76' lang='lat' dir='ltr'><strong>przedicat;</strong></span> 
     </span>
    </p>
   </div>
   <div class='ocr_carea' id='block_1_70' title="bbox 107 1952 898 1986">
    <p class='ocr_par' dir='ltr' id='par_1_70' title="bbox 107 1952 898 1986">
     <span class='ocr_line' id='line_1_70' title="bbox 107 1952 898 1986; baseline 0.001 -9"><span class='ocrx_word' id='word_1_612' title='bbox 107 1953 217 1986; x_wconf 78' lang='lat' dir='ltr'><strong>quando</strong></span> <span class='ocrx_word' id='word_1_613' title='bbox 232 1952 372 1979; x_wconf 75' lang='lat' dir='ltr'><strong>descendit</strong></span> <span class='ocrx_word' id='word_1_614' title='bbox 386 1953 417 1979; x_wconf 83' lang='lat' dir='ltr'><strong>ad</strong></span> <span class='ocrx_word' id='word_1_615' title='bbox 435 1958 574 1980; x_wconf 84' lang='lat' dir='ltr'><strong>creaturas</strong></span> <span class='ocrx_word' id='word_1_616' title='bbox 590 1953 830 1985; x_wconf 81' lang='lat' dir='ltr'><strong>assumit,Factum</strong></span> <span class='ocrx_word' id='word_1_617' title='bbox 847 1956 898 1984; x_wconf 83' lang='lat' dir='ltr'><strong>est;</strong></span> 
     </span>
    </p>
   </div>
   <div class='ocr_carea' id='block_1_71' title="bbox 106 1999 898 2033">
    <p class='ocr_par' dir='ltr' id='par_1_71' title="bbox 106 1999 898 2033">
     <span class='ocr_line' id='line_1_71' title="bbox 106 1999 898 2033; baseline 0 -9"><span class='ocrx_word' id='word_1_618' title='bbox 106 1999 216 2033; x_wconf 83' lang='lat' dir='ltr'><strong>quando</strong></span> <span class='ocrx_word' id='word_1_619' title='bbox 230 1999 351 2026; x_wconf 83' lang='lat' dir='ltr'><strong>ascendit</strong></span> <span class='ocrx_word' id='word_1_620' title='bbox 367 2000 399 2025; x_wconf 91' lang='lat' dir='ltr'><strong>ad</strong></span> <span class='ocrx_word' id='word_1_621' title='bbox 414 1999 507 2030; x_wconf 82' lang='lat' dir='ltr'><strong>Deum,</strong></span> <span class='ocrx_word' id='word_1_622' title='bbox 522 1999 630 2033; x_wconf 87' lang='lat' dir='ltr'><strong>deponit</strong></span> <span class='ocrx_word' id='word_1_623' title='bbox 646 1999 721 2031; x_wconf 81' lang='lat' dir='ltr'><strong>illud,</strong></span> <span class='ocrx_word' id='word_1_624' title='bbox 739 1999 823 2025; x_wconf 80' lang='lat' dir='ltr'><strong>Farta</strong></span> <span class='ocrx_word' id='word_1_625' title='bbox 837 2002 898 2026; x_wconf 82' lang='lat' dir='ltr'><strong>sunt</strong></span> 
     </span>
    </p>
   </div>
   <div class='ocr_carea' id='block_1_72' title="bbox 107 2043 894 2076">
    <p class='ocr_par' dir='ltr' id='par_1_72' title="bbox 107 2043 894 2076">
     <span class='ocr_line' id='line_1_72' title="bbox 107 2043 894 2076; baseline 0.001 -5"><span class='ocrx_word' id='word_1_626' title='bbox 107 2050 134 2071; x_wconf 84' lang='lat' dir='ltr'><strong>ct</strong></span> <span class='ocrx_word' id='word_1_627' title='bbox 150 2043 264 2070; x_wconf 83' lang='lat' dir='ltr'><strong>Factum</strong></span> <span class='ocrx_word' id='word_1_628' title='bbox 276 2050 325 2076; x_wconf 81' lang='lat' dir='ltr'><strong>est,</strong></span> <span class='ocrx_word' id='word_1_629' title='bbox 345 2051 371 2071; x_wconf 89' lang='lat' dir='ltr'><strong>et</strong></span> <span class='ocrx_word' id='word_1_630' title='bbox 391 2045 473 2072; x_wconf 83' lang='lat' dir='ltr'><strong>sumit</strong></span> <span class='ocrx_word' id='word_1_631' title='bbox 491 2045 568 2071; x_wconf 75' lang='lat' dir='ltr'><strong>Erat.</strong></span> <span class='ocrx_word' id='word_1_632' title='bbox 588 2045 703 2072; x_wconf 85' lang='lat' dir='ltr'><strong>Sanctus</strong></span> <span class='ocrx_word' id='word_1_633' title='bbox 719 2045 854 2072; x_wconf 83' lang='lat' dir='ltr'><strong>Maximus</strong></span> <span class='ocrx_word' id='word_1_634' title='bbox 867 2046 894 2072; x_wconf 94' lang='lat' dir='ltr'><strong>in</strong></span> 
     </span>
    </p>
   </div>
   <div class='ocr_carea' id='block_1_73' title="bbox 107 2090 893 2126">
    <p class='ocr_par' dir='ltr' id='par_1_73' title="bbox 107 2090 893 2126">
     <span class='ocr_line' id='line_1_73' title="bbox 107 2090 893 2126; baseline 0 -10"><span class='ocrx_word' id='word_1_635' title='bbox 107 2090 230 2116; x_wconf 76' lang='lat' dir='ltr'><strong>centuria</strong></span> <span class='ocrx_word' id='word_1_636' title='bbox 246 2090 335 2121; x_wconf 77' lang='lat' dir='ltr'><strong>sexta,</strong></span> <span class='ocrx_word' id='word_1_637' title='bbox 349 2097 410 2124; x_wconf 90' lang='lat' dir='ltr'><strong>cap.</strong></span> <span class='ocrx_word' id='word_1_638' title='bbox 422 2090 458 2116; x_wconf 71' lang='grc'>84</span> <span class='ocrx_word' id='word_1_639' title='bbox 470 2098 476 2116; x_wconf 95' lang='lat'>:</span> <span class='ocrx_word' id='word_1_640' title='bbox 490 2090 602 2116; x_wconf 86' lang='lat' dir='ltr'><strong>Multum</strong></span> <span class='ocrx_word' id='word_1_641' title='bbox 615 2090 681 2117; x_wconf 73' lang='lat' dir='ltr'><strong>ualet</strong></span> <span class='ocrx_word' id='word_1_642' title='bbox 695 2091 779 2117; x_wconf 81' lang='lat' dir='ltr'><strong>oratio</strong></span> <span class='ocrx_word' id='word_1_643' title='bbox 786 2091 893 2126; x_wconf 82' lang='lat' dir='ltr'><strong>justi&quot;,</strong></span> 
     </span>
    </p>
   </div>
   <div class='ocr_carea' id='block_1_74' title="bbox 108 2136 895 2170">
    <p class='ocr_par' dir='ltr' id='par_1_74' title="bbox 108 2136 895 2170">
     <span class='ocr_line' id='line_1_74' title="bbox 108 2136 895 2170; baseline 0.004 -10"><span class='ocrx_word' id='word_1_644' title='bbox 108 2143 170 2170; x_wconf 70' lang='lat' dir='ltr'><strong>qua!</strong></span> <span class='ocrx_word' id='word_1_645' title='bbox 186 2136 275 2170; x_wconf 82' lang='lat' dir='ltr'><strong>agitur</strong></span> <span class='ocrx_word' id='word_1_646' title='bbox 294 2137 351 2163; x_wconf 74' lang='lat' dir='ltr'><strong>sive</strong></span> <span class='ocrx_word' id='word_1_647' title='bbox 366 2144 380 2162; x_wconf 86' lang='lat' dir='ltr'><strong>a</strong></span> <span class='ocrx_word' id='word_1_648' title='bbox 395 2137 477 2169; x_wconf 83' lang='lat' dir='ltr'><strong>justo,</strong></span> <span class='ocrx_word' id='word_1_649' title='bbox 496 2137 541 2170; x_wconf 93' lang='lat' dir='ltr'><strong>qui</strong></span> <span class='ocrx_word' id='word_1_650' title='bbox 567 2144 627 2163; x_wconf 83' lang='lat' dir='ltr'><strong>eam</strong></span> <span class='ocrx_word' id='word_1_651' title='bbox 644 2137 770 2169; x_wconf 86' lang='lat' dir='ltr'><strong>adhibet,</strong></span> <span class='ocrx_word' id='word_1_652' title='bbox 788 2138 844 2165; x_wconf 83' lang='lat' dir='ltr'><strong>sive</strong></span> <span class='ocrx_word' id='word_1_653' title='bbox 861 2139 895 2165; x_wconf 87' lang='lat' dir='ltr'><strong>ab</strong></span> 
     </span>
    </p>
   </div>
   <div class='ocr_carea' id='block_1_75' title="bbox 949 1636 1737 1672">
    <p class='ocr_par' dir='ltr' id='par_1_75' title="bbox 949 1636 1737 1672">
     <span class='ocr_line' id='line_1_75' title="bbox 949 1636 1737 1672; baseline 0.005 -10"><span class='ocrx_word' id='word_1_654' title='bbox 949 1636 1134 1670; x_wconf 87' lang='lat' dir='ltr'><strong>rnodocnnque</strong></span> <span class='ocrx_word' id='word_1_655' title='bbox 1158 1642 1265 1672; x_wconf 73' lang='lat' dir='ltr'><strong>agatur,</strong></span> <span class='ocrx_word' id='word_1_656' title='bbox 1284 1645 1336 1665; x_wconf 87' lang='lat' dir='ltr'><strong>non</strong></span> <span class='ocrx_word' id='word_1_657' title='bbox 1353 1643 1474 1664; x_wconf 84' lang='lat' dir='ltr'><strong>creatum</strong></span> <span class='ocrx_word' id='word_1_658' title='bbox 1486 1646 1556 1670; x_wconf 84' lang='lat' dir='ltr'><strong>esse.</strong></span> <span class='ocrx_word' id='word_1_659' title='bbox 1570 1647 1602 1665; x_wconf 90' lang='lat' dir='ltr'><strong>eo</strong></span> <span class='ocrx_word' id='word_1_660' title='bbox 1619 1640 1692 1667; x_wconf 75' lang='lat' dir='ltr'><strong>venit</strong></span> <span class='ocrx_word' id='word_1_661' title='bbox 1707 1645 1737 1666; x_wconf 93' lang='grc' dir='ltr'>ιιι.</span> 
     </span>
    </p>
   </div>
   <div class='ocr_carea' id='block_1_76' title="bbox 948 1682 1735 1719">
    <p class='ocr_par' dir='ltr' id='par_1_76' title="bbox 948 1682 1735 1719">
     <span class='ocr_line' id='line_1_76' title="bbox 948 1682 1735 1719; baseline 0.004 -11"><span class='ocrx_word' id='word_1_662' title='bbox 948 1682 1019 1709; x_wconf 71' lang='lat' dir='ltr'><strong>dirat</strong></span> <span class='ocrx_word' id='word_1_663' title='bbox 1038 1683 1109 1716; x_wconf 90' lang='lat' dir='ltr'><strong>quod</strong></span> <span class='ocrx_word' id='word_1_664' title='bbox 1127 1687 1248 1709; x_wconf 76' lang='lat' dir='ltr'><strong>creatum</strong></span> <span class='ocrx_word' id='word_1_665' title='bbox 1258 1687 1300 1710; x_wconf 78' lang='lat' dir='ltr'><strong>est</strong></span> <span class='ocrx_word' id='word_1_666' title='bbox 1314 1689 1436 1710; x_wconf 83' lang='lat' dir='ltr'><strong>crealum</strong></span> <span class='ocrx_word' id='word_1_667' title='bbox 1454 1692 1505 1711; x_wconf 92' lang='lat' dir='ltr'><strong>non</strong></span> <span class='ocrx_word' id='word_1_668' title='bbox 1524 1690 1650 1714; x_wconf 81' lang='lat' dir='ltr'><strong>esse,aut</strong></span> <span class='ocrx_word' id='word_1_669' title='bbox 1663 1686 1735 1719; x_wconf 85' lang='lat' dir='ltr'><strong>quod</strong></span> 
     </span>
    </p>
   </div>
   <div class='ocr_carea' id='block_1_77' title="bbox 948 1729 1737 1763">
    <p class='ocr_par' dir='ltr' id='par_1_77' title="bbox 948 1729 1737 1763">
     <span class='ocr_line' id='line_1_77' title="bbox 948 1729 1737 1763; baseline 0.006 -11"><span class='ocrx_word' id='word_1_670' title='bbox 948 1732 990 1753; x_wconf 78' lang='lat' dir='ltr'><strong>est</strong></span> <span class='ocrx_word' id='word_1_671' title='bbox 1007 1735 1058 1753; x_wconf 93' lang='lat' dir='ltr'><strong>non</strong></span> <span class='ocrx_word' id='word_1_672' title='bbox 1073 1734 1150 1760; x_wconf 72' lang='lat' dir='ltr'><strong>esse;</strong></span> <span class='ocrx_word' id='word_1_673' title='bbox 1167 1732 1194 1754; x_wconf 88' lang='lat' dir='ltr'><strong>et</strong></span> <span class='ocrx_word' id='word_1_674' title='bbox 1209 1735 1379 1763; x_wconf 58' lang='lat' dir='ltr'><strong>quacunque</strong></span> <span class='ocrx_word' id='word_1_675' title='bbox 1403 1729 1456 1755; x_wconf 90' lang='lat' dir='ltr'><strong>alia</strong></span> <span class='ocrx_word' id='word_1_676' title='bbox 1473 1736 1503 1756; x_wconf 66' lang='lat' dir='ltr'><strong>ex</strong></span> <span class='ocrx_word' id='word_1_677' title='bbox 1521 1730 1737 1757; x_wconf 68' lang='lat' dir='ltr'><strong>contradictione</strong></span> 
     </span>
    </p>
   </div>
   <div class='ocr_carea' id='block_1_78' title="bbox 949 1779 1110 1808">
    <p class='ocr_par' dir='ltr' id='par_1_78' title="bbox 949 1779 1110 1808">
     <span class='ocr_line' id='line_1_78' title="bbox 949 1779 1110 1808; baseline 0.012 -8"><span class='ocrx_word' id='word_1_678' title='bbox 949 1779 1110 1808; x_wconf 83' lang='lat' dir='ltr'><strong>sequuntur.</strong></span> 
     </span>
    </p>
   </div>
   <div class='ocr_carea' id='block_1_79' title="bbox 1241 1831 1439 1859">
    <p class='ocr_par' dir='ltr' id='par_1_79' title="bbox 1241 1831 1439 1859">
     <span class='ocr_line' id='line_1_79' title="bbox 1241 1831 1439 1859; baseline 0 0"><span class='ocrx_word' id='word_1_679' title='bbox 1241 1831 1355 1859; x_wconf 74' lang='lat' dir='ltr'><strong>CAPUT</strong></span> <span class='ocrx_word' id='word_1_680' title='bbox 1383 1832 1439 1859; x_wconf 80' lang='lat' dir='ltr'><strong>Vll.</strong></span> 
     </span>
    </p>
   </div>
   <div class='ocr_carea' id='block_1_80' title="bbox 949 1885 1734 1923">
    <p class='ocr_par' dir='ltr' id='par_1_80' title="bbox 949 1885 1734 1923">
     <span class='ocr_line' id='line_1_80' title="bbox 949 1885 1734 1923; baseline 0.006 -12"><span class='ocrx_word' id='word_1_681' title='bbox 949 1885 1024 1918; x_wconf 81' lang='lat' dir='ltr'><strong>Quod</strong></span> <span class='ocrx_word' id='word_1_682' title='bbox 1039 1886 1126 1913; x_wconf 57' lang='lat' dir='ltr'><strong>nullus</strong></span> <span class='ocrx_word' id='word_1_683' title='bbox 1145 1895 1272 1923; x_wconf 71' lang='lat' dir='ltr'><strong>numerus</strong></span> <span class='ocrx_word' id='word_1_684' title='bbox 1296 1888 1418 1918; x_wconf 85' lang='lat' dir='ltr'><strong>duorum.</strong></span> <span class='ocrx_word' id='word_1_685' title='bbox 1440 1893 1486 1914; x_wconf 83' lang='lat' dir='ltr'><strong>aut</strong></span> <span class='ocrx_word' id='word_1_686' title='bbox 1509 1889 1649 1916; x_wconf 74' lang='lat' dir='ltr'><strong>multitudo</strong></span> <span class='ocrx_word' id='word_1_687' title='bbox 1674 1895 1734 1923; x_wconf 77' lang='lat' dir='ltr'><strong>post</strong></span> 
     </span>
    </p>
   </div>
   <div class='ocr_carea' id='block_1_81' title="bbox 984 1922 1735 1958">
    <p class='ocr_par' dir='ltr' id='par_1_81' title="bbox 984 1922 1735 1958">
     <span class='ocr_line' id='line_1_81' title="bbox 984 1922 1735 1958; baseline 0.005 -12"><span class='ocrx_word' id='word_1_688' title='bbox 984 1929 1120 1958; x_wconf 79' lang='lat' dir='ltr'><strong>numerum</strong></span> <span class='ocrx_word' id='word_1_689' title='bbox 1132 1922 1253 1958; x_wconf 71' lang='lat' dir='ltr'><strong>duorum,</strong></span> <span class='ocrx_word' id='word_1_690' title='bbox 1274 1928 1319 1948; x_wconf 85' lang='lat' dir='ltr'><strong>aut</strong></span> <span class='ocrx_word' id='word_1_691' title='bbox 1335 1923 1408 1948; x_wconf 84' lang='lat' dir='ltr'><strong>aliud</strong></span> <span class='ocrx_word' id='word_1_692' title='bbox 1422 1924 1484 1957; x_wconf 84' lang='lat' dir='ltr'><strong>quid</strong></span> <span class='ocrx_word' id='word_1_693' title='bbox 1501 1927 1640 1951; x_wconf 77' lang='lat' dir='ltr'><strong>secumtttm</strong></span> <span class='ocrx_word' id='word_1_694' title='bbox 1660 1934 1735 1958; x_wconf 78' lang='lat' dir='ltr'><strong>supc-</strong></span> 
     </span>
    </p>
   </div>
   <div class='ocr_carea' id='block_1_82' title="bbox 985 1956 1734 1996">
    <p class='ocr_par' dir='ltr' id='par_1_82' title="bbox 985 1956 1734 1996">
     <span class='ocr_line' id='line_1_82' title="bbox 985 1956 1734 1996; baseline 0.008 -16"><span class='ocrx_word' id='word_1_695' title='bbox 985 1956 1040 1996; x_wconf 76' lang='lat' dir='ltr'><strong>rius</strong></span> <span class='ocrx_word' id='word_1_696' title='bbox 1059 1960 1085 1982; x_wconf 86' lang='lat' dir='ltr'><strong>et</strong></span> <span class='ocrx_word' id='word_1_697' title='bbox 1102 1956 1214 1989; x_wconf 80' lang='lat' dir='ltr'><strong>inferius</strong></span> <span class='ocrx_word' id='word_1_698' title='bbox 1233 1959 1385 1991; x_wconf 77' lang='lat' dir='ltr'><strong>procedens,</strong></span> <span class='ocrx_word' id='word_1_699' title='bbox 1398 1956 1532 1991; x_wconf 74' lang='lat' dir='ltr'><strong>inﬁnitum</strong></span> <span class='ocrx_word' id='word_1_700' title='bbox 1545 1965 1567 1985; x_wconf 89' lang='lat' dir='ltr'><strong>et</strong></span> <span class='ocrx_word' id='word_1_701' title='bbox 1585 1960 1641 1986; x_wconf 90' lang='lat' dir='ltr'><strong>sine</strong></span> <span class='ocrx_word' id='word_1_702' title='bbox 1658 1956 1734 1993; x_wconf 81' lang='lat' dir='ltr'><strong>priu-</strong></span> 
     </span>
    </p>
   </div>
   <div class='ocr_carea' id='block_1_83' title="bbox 986 1996 1224 2024">
    <p class='ocr_par' dir='ltr' id='par_1_83' title="bbox 986 1996 1224 2024">
     <span class='ocr_line' id='line_1_83' title="bbox 986 1996 1224 2024; baseline 0.008 -9"><span class='ocrx_word' id='word_1_703' title='bbox 986 1998 1053 2023; x_wconf 80' lang='lat' dir='ltr'><strong>ctplo</strong></span> <span class='ocrx_word' id='word_1_704' title='bbox 1067 1998 1121 2016; x_wconf 80' lang='lat' dir='ltr'><strong>esse</strong></span> <span class='ocrx_word' id='word_1_705' title='bbox 1132 1996 1224 2024; x_wconf 80' lang='lat' dir='ltr'><strong>potest.</strong></span> 
     </span>
    </p>
   </div>
   <div class='ocr_carea' id='block_1_84' title="bbox 985 2047 1732 2082">
    <p class='ocr_par' dir='ltr' id='par_1_84' title="bbox 985 2047 1732 2082">
     <span class='ocr_line' id='line_1_84' title="bbox 985 2047 1732 2082; baseline 0.005 -8"><span class='ocrx_word' id='word_1_706' title='bbox 985 2047 1098 2081; x_wconf 82' lang='lat' dir='ltr'><strong>Magnus</strong></span> <span class='ocrx_word' id='word_1_707' title='bbox 1119 2047 1275 2082; x_wconf 77' lang='lat' dir='ltr'><strong>Dionysius.</strong></span> <span class='ocrx_word' id='word_1_708' title='bbox 1293 2049 1378 2082; x_wconf 81' lang='lat' dir='ltr'><strong>capite</strong></span> <span class='ocrx_word' id='word_1_709' title='bbox 1390 2049 1407 2075; x_wconf 71' lang='grc'><strong>4</strong></span> <span class='ocrx_word' id='word_1_710' title='bbox 1423 2049 1459 2076; x_wconf 92' lang='lat' dir='ltr'><strong>De</strong></span> <span class='ocrx_word' id='word_1_711' title='bbox 1473 2050 1567 2077; x_wconf 82' lang='lat' dir='ltr'><strong>divinis</strong></span> <span class='ocrx_word' id='word_1_712' title='bbox 1583 2052 1732 2078; x_wconf 76' lang='lat' dir='ltr'><strong>nominibus</strong></span> 
     </span>
    </p>
   </div>
   <div class='ocr_carea' id='block_1_85' title="bbox 949 2092 1731 2130">
    <p class='ocr_par' dir='ltr' id='par_1_85' title="bbox 949 2092 1731 2130">
     <span class='ocr_line' id='line_1_85' title="bbox 949 2092 1731 2130; baseline 0.004 -12"><span class='ocrx_word' id='word_1_713' title='bbox 949 2093 986 2118; x_wconf 85' lang='lat' dir='ltr'><strong>ait</strong></span> <span class='ocrx_word' id='word_1_714' title='bbox 1002 2100 1009 2118; x_wconf 90' lang='lat'><strong>:</strong></span> <span class='ocrx_word' id='word_1_715' title='bbox 1024 2092 1117 2118; x_wconf 86' lang='lat' dir='ltr'><strong>Omnis</strong></span> <span class='ocrx_word' id='word_1_716' title='bbox 1134 2100 1264 2120; x_wconf 89' lang='lat' dir='ltr'><strong>numerus</strong></span> <span class='ocrx_word' id='word_1_717' title='bbox 1281 2094 1395 2119; x_wconf 88' lang='lat' dir='ltr'><strong>duorum</strong></span> <span class='ocrx_word' id='word_1_718' title='bbox 1419 2101 1470 2120; x_wconf 91' lang='lat' dir='ltr'><strong>non</strong></span> <span class='ocrx_word' id='word_1_719' title='bbox 1491 2101 1532 2120; x_wconf 88' lang='lat' dir='ltr'><strong>est</strong></span> <span class='ocrx_word' id='word_1_720' title='bbox 1548 2095 1708 2130; x_wconf 88' lang='lat' dir='ltr'><strong>priucipintn</strong></span> <span class='ocrx_word' id='word_1_721' title='bbox 1723 2102 1731 2126; x_wconf 91' lang='lat'><strong>;</strong></span> 
     </span>
    </p>
   </div>
   <div class='ocr_carea' id='block_1_86' title="bbox 949 2139 1733 2175">
    <p class='ocr_par' dir='ltr' id='par_1_86' title="bbox 949 2139 1733 2175">
     <span class='ocr_line' id='line_1_86' title="bbox 949 2139 1733 2175; baseline 0.006 -11"><span class='ocrx_word' id='word_1_722' title='bbox 949 2139 1037 2164; x_wconf 88' lang='lat' dir='ltr'><strong>unitas</strong></span> <span class='ocrx_word' id='word_1_723' title='bbox 1053 2143 1140 2165; x_wconf 89' lang='lat' dir='ltr'><strong>autem</strong></span> <span class='ocrx_word' id='word_1_724' title='bbox 1154 2139 1206 2166; x_wconf 88' lang='lat' dir='ltr'><strong>erit</strong></span> <span class='ocrx_word' id='word_1_725' title='bbox 1224 2139 1383 2173; x_wconf 89' lang='lat' dir='ltr'><strong>principium</strong></span> <span class='ocrx_word' id='word_1_726' title='bbox 1398 2141 1517 2167; x_wconf 89' lang='lat' dir='ltr'><strong>omnium</strong></span> <span class='ocrx_word' id='word_1_727' title='bbox 1534 2141 1658 2168; x_wconf 85' lang='lat' dir='ltr'><strong>duorum.</strong></span> <span class='ocrx_word' id='word_1_728' title='bbox 1675 2143 1733 2175; x_wconf 84' lang='lat' dir='ltr'><strong>Quo</strong></span> 
     </span>
    </p>
   </div>
   <div class='ocr_carea' id='block_1_87' title="bbox 108 2178 1733 2221">
    <p class='ocr_par' dir='ltr' id='par_1_87' title="bbox 108 2178 1733 2221">
     <span class='ocr_line' id='line_1_87' title="bbox 108 2178 1733 2221; baseline 0.005 -16"><span class='ocrx_word' id='word_1_729' title='bbox 108 2178 173 2210; x_wconf 82' lang='lat' dir='ltr'><strong>alio,</strong></span> <span class='ocrx_word' id='word_1_730' title='bbox 188 2179 235 2213; x_wconf 89' lang='lat' dir='ltr'><strong>qui</strong></span> <span class='ocrx_word' id='word_1_731' title='bbox 253 2187 311 2206; x_wconf 84' lang='lat' dir='ltr'><strong>eam</strong></span> <span class='ocrx_word' id='word_1_732' title='bbox 336 2187 351 2206; x_wconf 85' lang='lat' dir='ltr'><strong>a</strong></span> <span class='ocrx_word' id='word_1_733' title='bbox 373 2180 448 2214; x_wconf 85' lang='lat' dir='ltr'><strong>justo</strong></span> <span class='ocrx_word' id='word_1_734' title='bbox 474 2179 596 2208; x_wconf 77' lang='lat' dir='ltr'><strong>adhiberi</strong></span> <span class='ocrx_word' id='word_1_735' title='bbox 624 2182 752 2215; x_wconf 79' lang='lat' dir='ltr'><strong>postulat.</strong></span> <span class='ocrx_word' id='word_1_736' title='bbox 778 2183 801 2208; x_wconf 81' lang='grc' dir='ltr'><strong>Α</strong></span> <span class='ocrx_word' id='word_1_737' title='bbox 822 2182 896 2217; x_wconf 87' lang='lat' dir='ltr'><strong>justo</strong></span> <span class='ocrx_word' id='word_1_738' title='bbox 915 2191 936 2218; x_wconf 76' lang='grc' dir='ltr'><strong>ῃ</strong></span> <span class='ocrx_word' id='word_1_739' title='bbox 949 2185 975 2210; x_wconf 93' lang='lat' dir='ltr'><strong>in</strong></span> <span class='ocrx_word' id='word_1_740' title='bbox 991 2185 1050 2211; x_wconf 87' lang='lat' dir='ltr'><strong>loco</strong></span> <span class='ocrx_word' id='word_1_741' title='bbox 1066 2189 1176 2211; x_wconf 73' lang='lat' dir='ltr'><strong>Sanctus</strong></span> <span class='ocrx_word' id='word_1_742' title='bbox 1192 2183 1325 2212; x_wconf 81' lang='lat' dir='ltr'><strong>Maximus</strong></span> <span class='ocrx_word' id='word_1_743' title='bbox 1343 2194 1350 2212; x_wconf 73' lang='grc' dir='ltr'><strong>ι</strong></span> <span class='ocrx_word' id='word_1_744' title='bbox 1369 2185 1396 2212; x_wconf 94' lang='lat' dir='ltr'><strong>ln</strong></span> <span class='ocrx_word' id='word_1_745' title='bbox 1416 2186 1546 2220; x_wconf 83' lang='lat' dir='ltr'><strong>numeris,</strong></span> <span class='ocrx_word' id='word_1_746' title='bbox 1563 2187 1660 2221; x_wconf 86' lang='lat' dir='ltr'><strong>inquit,</strong></span> <span class='ocrx_word' id='word_1_747' title='bbox 1680 2187 1733 2213; x_wconf 87' lang='lat' dir='ltr'><strong>duo</strong></span> 
     </span>
    </p>
   </div>
   <div class='ocr_carea' id='block_1_88' title="bbox 144 2268 891 2304">
    <p class='ocr_par' dir='ltr' id='par_1_88' title="bbox 144 2268 891 2304">
     <span class='ocr_line' id='line_1_88' title="bbox 144 2268 891 2304; baseline 0.004 -9"><span class='ocrx_word' id='word_1_748' title='bbox 144 2269 168 2284; x_wconf 86' lang='lat'><strong>&quot;</strong></span> <span class='ocrx_word' id='word_1_749' title='bbox 181 2269 264 2296; x_wconf 82' lang='lat' dir='ltr'><strong>Exod.</strong></span> <span class='ocrx_word' id='word_1_750' title='bbox 280 2276 320 2299; x_wconf 88' lang='lat' dir='ltr'><strong>ill,</strong></span> <span class='ocrx_word' id='word_1_751' title='bbox 343 2269 387 2296; x_wconf 70' lang='grc'><strong>14.</strong></span> <span class='ocrx_word' id='word_1_752' title='bbox 425 2269 448 2284; x_wconf 83' lang='grc'><strong>⁵³</strong></span> <span class='ocrx_word' id='word_1_753' title='bbox 462 2268 540 2296; x_wconf 86' lang='lat' dir='ltr'><strong>Joan.</strong></span> <span class='ocrx_word' id='word_1_754' title='bbox 557 2277 576 2301; x_wconf 82' lang='lat' dir='ltr'><strong>t,</strong></span> <span class='ocrx_word' id='word_1_755' title='bbox 596 2269 636 2296; x_wconf 88' lang='grc'><strong>18.</strong></span> <span class='ocrx_word' id='word_1_756' title='bbox 674 2270 697 2286; x_wconf 71' lang='grc'>⁸⁸</span> <span class='ocrx_word' id='word_1_757' title='bbox 711 2270 789 2298; x_wconf 79' lang='lat' dir='ltr'><strong>llom.</strong></span> <span class='ocrx_word' id='word_1_758' title='bbox 811 2279 848 2304; x_wconf 81' lang='lat' dir='ltr'><strong>nt,</strong></span> <span class='ocrx_word' id='word_1_759' title='bbox 865 2271 891 2298; x_wconf 83' lang='lat'><strong>5.</strong></span> 
     </span>
    </p>
   </div>
   <div class='ocr_carea' id='block_1_89' title="bbox 929 2271 1125 2305">
    <p class='ocr_par' dir='ltr' id='par_1_89' title="bbox 929 2271 1125 2305">
     <span class='ocr_line' id='line_1_89' title="bbox 929 2271 1125 2305; baseline 0.005 -7"><span class='ocrx_word' id='word_1_760' title='bbox 929 2272 952 2287; x_wconf 85' lang='lat'>&quot;</span> <span class='ocrx_word' id='word_1_761' title='bbox 977 2271 1035 2299; x_wconf 79' lang='lat' dir='ltr'><strong>Jac.</strong></span> <span class='ocrx_word' id='word_1_762' title='bbox 1054 2273 1125 2305; x_wconf 84' lang='lat' dir='ltr'><strong>v,l6.</strong></span> 
     </span>
    </p>
   </div>
   <div class='ocr_carea' id='block_1_90' title="bbox 1165 2274 1469 2306">
    <p class='ocr_par' dir='ltr' id='par_1_90' title="bbox 1165 2274 1469 2306">
     <span class='ocr_line' id='line_1_90' title="bbox 1165 2274 1469 2306; baseline 0.003 -6"><span class='ocrx_word' id='word_1_763' title='bbox 1165 2274 1186 2289; x_wconf 87' lang='lat'>&quot;</span> <span class='ocrx_word' id='word_1_764' title='bbox 1203 2274 1305 2301; x_wconf 81' lang='lat' dir='ltr'><strong>Coloss.</strong></span> <span class='ocrx_word' id='word_1_765' title='bbox 1322 2282 1340 2305; x_wconf 88' lang='lat' dir='ltr'><strong>I,</strong></span> <span class='ocrx_word' id='word_1_766' title='bbox 1364 2274 1408 2306; x_wconf 58' lang='lat' dir='ltr'><strong>i8,</strong></span> <span class='ocrx_word' id='word_1_767' title='bbox 1423 2275 1469 2302; x_wconf 61' lang='grc' dir='ltr'><strong>ΞΩ,</strong></span> 
     </span>
    </p>
   </div>
   <div class='ocr_carea' id='block_1_91' title="bbox 865 2331 1003 2361">
    <p class='ocr_par' dir='ltr' id='par_1_91' title="bbox 865 2331 1003 2361">
     <span class='ocr_line' id='line_1_91' title="bbox 865 2331 1003 2361; baseline 0 -1"><span class='ocrx_word' id='word_1_768' title='bbox 865 2331 1003 2361; x_wconf 85' lang='lat' dir='ltr'><strong>Scholia.</strong></span> 
     </span>
    </p>
   </div>
   <div class='ocr_carea' id='block_1_92' title="bbox 145 2378 896 2415">
    <p class='ocr_par' dir='ltr' id='par_1_92' title="bbox 145 2378 896 2415">
     <span class='ocr_line' id='line_1_92' title="bbox 145 2378 896 2415; baseline 0.001 -9"><span class='ocrx_word' id='word_1_769' title='bbox 145 2381 183 2415; x_wconf 87' lang='lat' dir='ltr'><strong>(l)</strong></span> <span class='ocrx_word' id='word_1_770' title='bbox 211 2379 271 2405; x_wconf 81' lang='lat' dir='ltr'><strong>Non</strong></span> <span class='ocrx_word' id='word_1_771' title='bbox 299 2379 376 2404; x_wconf 80' lang='lat' dir='ltr'><strong>medii</strong></span> <span class='ocrx_word' id='word_1_772' title='bbox 397 2378 521 2415; x_wconf 84' lang='lat' dir='ltr'><strong>ordinis._</strong></span> <span class='ocrx_word' id='word_1_773' title='bbox 539 2378 652 2405; x_wconf 83' lang='lat' dir='ltr'><strong>Medium</strong></span> <span class='ocrx_word' id='word_1_774' title='bbox 679 2379 801 2405; x_wconf 81' lang='lat' dir='ltr'><strong>ordinem</strong></span> <span class='ocrx_word' id='word_1_775' title='bbox 832 2381 896 2407; x_wconf 89' lang='lat' dir='ltr'><strong>dicit</strong></span> 
     </span>
    </p>
   </div>
   <div class='ocr_carea' id='block_1_93' title="bbox 108 2413 894 2447">
    <p class='ocr_par' dir='ltr' id='par_1_93' title="bbox 108 2413 894 2447">
     <span class='ocr_line' id='line_1_93' title="bbox 108 2413 894 2447; baseline 0 -6"><span class='ocrx_word' id='word_1_776' title='bbox 108 2413 238 2443; x_wconf 60' lang='lat' dir='ltr'><strong>luit-orum</strong></span> <span class='ocrx_word' id='word_1_777' title='bbox 253 2434 260 2444; x_wconf 84' lang='lat'><strong>,</strong></span> <span class='ocrx_word' id='word_1_778' title='bbox 289 2416 333 2447; x_wconf 88' lang='lat' dir='ltr'><strong>qui</strong></span> <span class='ocrx_word' id='word_1_779' title='bbox 361 2419 421 2438; x_wconf 84' lang='lat' dir='ltr'><strong>sunt</strong></span> <span class='ocrx_word' id='word_1_780' title='bbox 451 2413 584 2445; x_wconf 82' lang='lat' dir='ltr'><strong>baptismo</strong></span> <span class='ocrx_word' id='word_1_781' title='bbox 603 2418 705 2439; x_wconf 85' lang='lat' dir='ltr'><strong>tantum</strong></span> <span class='ocrx_word' id='word_1_782' title='bbox 726 2415 842 2444; x_wconf 80' lang='lat' dir='ltr'><strong>initiati;</strong></span> <span class='ocrx_word' id='word_1_783' title='bbox 868 2415 894 2441; x_wconf 92' lang='lat' dir='ltr'><strong>hi</strong></span> 
     </span>
    </p>
   </div>
   <div class='ocr_carea' id='block_1_94' title="bbox 109 2447 895 2482">
    <p class='ocr_par' dir='ltr' id='par_1_94' title="bbox 109 2447 895 2482">
     <span class='ocr_line' id='line_1_94' title="bbox 109 2447 895 2482; baseline -0.005 -5"><span class='ocrx_word' id='word_1_784' title='bbox 109 2451 181 2478; x_wconf 87' lang='lat' dir='ltr'><strong>cnim</strong></span> <span class='ocrx_word' id='word_1_785' title='bbox 199 2453 262 2475; x_wconf 86' lang='lat' dir='ltr'><strong>sunt</strong></span> <span class='ocrx_word' id='word_1_786' title='bbox 276 2448 354 2474; x_wconf 88' lang='lat' dir='ltr'><strong>medii</strong></span> <span class='ocrx_word' id='word_1_787' title='bbox 372 2448 441 2473; x_wconf 86' lang='lat' dir='ltr'><strong>inter</strong></span> <span class='ocrx_word' id='word_1_788' title='bbox 456 2447 674 2477; x_wconf 73' lang='lat' dir='ltr'><strong>catechumenos,</strong></span> <span class='ocrx_word' id='word_1_789' title='bbox 686 2449 730 2481; x_wconf 87' lang='lat' dir='ltr'><strong>qui</strong></span> <span class='ocrx_word' id='word_1_790' title='bbox 747 2456 895 2482; x_wconf 66' lang='lat' dir='ltr'><strong>purgantur</strong></span> 
     </span>
    </p>
   </div>
   <div class='ocr_carea' id='block_1_95' title="bbox 109 2483 895 2518">
    <p class='ocr_par' dir='ltr' id='par_1_95' title="bbox 109 2483 895 2518">
     <span class='ocr_line' id='line_1_95' title="bbox 109 2483 895 2518; baseline -0.003 -6"><span class='ocrx_word' id='word_1_791' title='bbox 109 2487 142 2512; x_wconf 84' lang='lat' dir='ltr'><strong>ad</strong></span> <span class='ocrx_word' id='word_1_792' title='bbox 168 2484 340 2514; x_wconf 81' lang='lat' dir='ltr'><strong>baptismum,</strong></span> <span class='ocrx_word' id='word_1_793' title='bbox 358 2488 384 2508; x_wconf 85' lang='lat' dir='ltr'><strong>et</strong></span> <span class='ocrx_word' id='word_1_794' title='bbox 405 2484 473 2508; x_wconf 73' lang='lat' dir='ltr'><strong>inter</strong></span> <span class='ocrx_word' id='word_1_795' title='bbox 489 2483 729 2514; x_wconf 70' lang='lat' dir='ltr'><strong>colurnunicautes,</strong></span> <span class='ocrx_word' id='word_1_796' title='bbox 745 2485 790 2517; x_wconf 91' lang='lat' dir='ltr'><strong>qui</strong></span> <span class='ocrx_word' id='word_1_797' title='bbox 815 2487 895 2518; x_wconf 74' lang='lat' dir='ltr'><strong>perli-</strong></span> 
     </span>
    </p>
   </div>
   <div class='ocr_carea' id='block_1_96' title="bbox 109 2518 893 2551">
    <p class='ocr_par' dir='ltr' id='par_1_96' title="bbox 109 2518 893 2551">
     <span class='ocr_line' id='line_1_96' title="bbox 109 2518 893 2551; baseline -0.001 -6"><span class='ocrx_word' id='word_1_798' title='bbox 109 2524 228 2547; x_wconf 89' lang='lat' dir='ltr'><strong>ctunlnr.</strong></span> <span class='ocrx_word' id='word_1_799' title='bbox 245 2518 312 2543; x_wconf 83' lang='lat' dir='ltr'><strong>Sunt</strong></span> <span class='ocrx_word' id='word_1_800' title='bbox 335 2523 423 2543; x_wconf 81' lang='lat' dir='ltr'><strong>autem</strong></span> <span class='ocrx_word' id='word_1_801' title='bbox 443 2518 578 2546; x_wconf 76' lang='lat' dir='ltr'><strong>IIIOIHCIIi.</strong></span> <span class='ocrx_word' id='word_1_802' title='bbox 596 2522 730 2549; x_wconf 79' lang='lat' dir='ltr'><strong>quatenus</strong></span> <span class='ocrx_word' id='word_1_803' title='bbox 749 2520 871 2545; x_wconf 79' lang='lat' dir='ltr'><strong>monachi</strong></span> <span class='ocrx_word' id='word_1_804' title='bbox 885 2538 893 2551; x_wconf 83' lang='grc'>,</span> 
     </span>
    </p>
   </div>
   <div class='ocr_carea' id='block_1_97' title="bbox 110 2552 891 2585">
    <p class='ocr_par' dir='ltr' id='par_1_97' title="bbox 110 2552 891 2585">
     <span class='ocr_line' id='line_1_97' title="bbox 110 2552 891 2585; baseline -0.004 -3"><span class='ocrx_word' id='word_1_805' title='bbox 110 2562 163 2582; x_wconf 83' lang='grc' dir='ltr'>ιιοιι</span> <span class='ocrx_word' id='word_1_806' title='bbox 180 2553 259 2585; x_wconf 77' lang='lat' dir='ltr'><strong>hujus</strong></span> <span class='ocrx_word' id='word_1_807' title='bbox 275 2552 353 2577; x_wconf 70' lang='lat' dir='ltr'><strong>medii</strong></span> <span class='ocrx_word' id='word_1_808' title='bbox 372 2553 475 2577; x_wconf 71' lang='lat' dir='ltr'><strong>ordinis</strong></span> <span class='ocrx_word' id='word_1_809' title='bbox 490 2552 617 2577; x_wconf 73' lang='lat' dir='ltr'><strong>[uicorum</strong></span> <span class='ocrx_word' id='word_1_810' title='bbox 631 2561 637 2583; x_wconf 85' lang='lat'><strong><em>;</em></strong></span> <span class='ocrx_word' id='word_1_811' title='bbox 660 2552 803 2584; x_wconf 67' lang='lat' dir='ltr'><strong>pet‘chIior</strong></span> <span class='ocrx_word' id='word_1_812' title='bbox 818 2555 891 2580; x_wconf 86' lang='lat' dir='ltr'><strong>enim</strong></span> 
     </span>
    </p>
   </div>
   <div class='ocr_carea' id='block_1_98' title="bbox 110 2585 896 2620">
    <p class='ocr_par' dir='ltr' id='par_1_98' title="bbox 110 2585 896 2620">
     <span class='ocr_line' id='line_1_98' title="bbox 110 2585 896 2620; baseline 0.005 -9"><span class='ocrx_word' id='word_1_813' title='bbox 110 2595 152 2616; x_wconf 72' lang='lat' dir='ltr'><strong>est,</strong></span> <span class='ocrx_word' id='word_1_814' title='bbox 164 2595 257 2613; x_wconf 81' lang='lat' dir='ltr'><strong>t&#39;UIUIll</strong></span> <span class='ocrx_word' id='word_1_815' title='bbox 275 2591 372 2617; x_wconf 84' lang='lat' dir='ltr'><strong>status,</strong></span> <span class='ocrx_word' id='word_1_816' title='bbox 385 2594 465 2620; x_wconf 86' lang='lat' dir='ltr'><strong>quam</strong></span> <span class='ocrx_word' id='word_1_817' title='bbox 482 2585 621 2613; x_wconf 81' lang='lat' dir='ltr'><strong>laicorum.</strong></span> <span class='ocrx_word' id='word_1_818' title='bbox 640 2588 665 2612; x_wconf 91' lang='lat' dir='ltr'><strong>Id</strong></span> <span class='ocrx_word' id='word_1_819' title='bbox 681 2588 751 2619; x_wconf 83' lang='lat' dir='ltr'><strong>quod</strong></span> <span class='ocrx_word' id='word_1_820' title='bbox 771 2587 843 2613; x_wconf 89' lang='lat' dir='ltr'><strong>locus</strong></span> <span class='ocrx_word' id='word_1_821' title='bbox 856 2590 896 2615; x_wconf 85' lang='lat' dir='ltr'><strong>cis</strong></span> 
     </span>
    </p>
   </div>
   <div class='ocr_carea' id='block_1_99' title="bbox 111 2621 894 2656">
    <p class='ocr_par' dir='ltr' id='par_1_99' title="bbox 111 2621 894 2656">
     <span class='ocr_line' id='line_1_99' title="bbox 111 2621 894 2656; baseline -0.003 -6"><span class='ocrx_word' id='word_1_822' title='bbox 111 2624 138 2650; x_wconf 89' lang='lat' dir='ltr'><strong>in</strong></span> <span class='ocrx_word' id='word_1_823' title='bbox 157 2622 275 2648; x_wconf 68' lang='lat' dir='ltr'><strong>Ecclesia</strong></span> <span class='ocrx_word' id='word_1_824' title='bbox 292 2623 453 2655; x_wconf 69' lang='lat' dir='ltr'><strong>aSsignutns,</strong></span> <span class='ocrx_word' id='word_1_825' title='bbox 473 2627 599 2654; x_wconf 76' lang='lat' dir='ltr'><strong>tanquam</strong></span> <span class='ocrx_word' id='word_1_826' title='bbox 624 2621 648 2646; x_wconf 96' lang='lat' dir='ltr'><strong>in</strong></span> <span class='ocrx_word' id='word_1_827' title='bbox 667 2624 790 2654; x_wconf 79' lang='lat' dir='ltr'><strong>sytuholo</strong></span> <span class='ocrx_word' id='word_1_828' title='bbox 809 2624 894 2656; x_wconf 64' lang='grc' dir='ltr'><strong>διιςιιι⁵</strong></span> 
     </span>
    </p>
   </div>
   <div class='ocr_carea' id='block_1_100' title="bbox 111 2656 895 2689">
    <p class='ocr_par' dir='ltr' id='par_1_100' title="bbox 111 2656 895 2689">
     <span class='ocr_line' id='line_1_100' title="bbox 111 2656 895 2689; baseline 0.003 -7"><span class='ocrx_word' id='word_1_829' title='bbox 111 2660 249 2688; x_wconf 76' lang='lat' dir='ltr'><strong>ticat;est</strong></span> <span class='ocrx_word' id='word_1_830' title='bbox 272 2663 344 2682; x_wconf 74' lang='lat' dir='ltr'><strong>enltn</strong></span> <span class='ocrx_word' id='word_1_831' title='bbox 370 2664 453 2689; x_wconf 75' lang='lat' dir='ltr'><strong>prope</strong></span> <span class='ocrx_word' id='word_1_832' title='bbox 475 2656 572 2687; x_wconf 78' lang='lat' dir='ltr'><strong>januus</strong></span> <span class='ocrx_word' id='word_1_833' title='bbox 599 2657 692 2689; x_wconf 81' lang='lat' dir='ltr'><strong>templi</strong></span> <span class='ocrx_word' id='word_1_834' title='bbox 719 2656 895 2689; x_wconf 81' lang='lat' dir='ltr'><strong>propinqutol’</strong></span> 
     </span>
    </p>
   </div>
   <div class='ocr_carea' id='block_1_101' title="bbox 111 2689 894 2727">
    <p class='ocr_par' dir='ltr' id='par_1_101' title="bbox 111 2689 894 2727">
     <span class='ocr_line' id='line_1_101' title="bbox 111 2689 894 2727; baseline 0 -9"><span class='ocrx_word' id='word_1_835' title='bbox 111 2693 216 2727; x_wconf 82' lang='lat' dir='ltr'><strong>populo</strong></span> <span class='ocrx_word' id='word_1_836' title='bbox 228 2696 287 2727; x_wconf 71' lang='lat' dir='ltr'><strong>post</strong></span> <span class='ocrx_word' id='word_1_837' title='bbox 309 2692 420 2727; x_wconf 20' lang='lat' dir='ltr'><strong>eosrqui</strong></span> <span class='ocrx_word' id='word_1_838' title='bbox 446 2689 838 2727; x_wconf 60' lang='lat' dir='ltr'><strong>suntet-diuisecclesiastici,</strong></span> <span class='ocrx_word' id='word_1_839' title='bbox 866 2698 894 2718; x_wconf 91' lang='lat' dir='ltr'><strong>ut</strong></span> 
     </span>
    </p>
   </div>
   <div class='ocr_carea' id='block_1_102' title="bbox 113 2724 892 2760">
    <p class='ocr_par' dir='ltr' id='par_1_102' title="bbox 113 2724 892 2760">
     <span class='ocr_line' id='line_1_102' title="bbox 113 2724 892 2760; baseline 0.001 -8"><span class='ocrx_word' id='word_1_840' title='bbox 113 2724 253 2760; x_wconf 78' lang='lat' dir='ltr'><strong>Dionysius</strong></span> <span class='ocrx_word' id='word_1_841' title='bbox 275 2726 300 2750; x_wconf 90' lang='lat' dir='ltr'><strong>in</strong></span> <span class='ocrx_word' id='word_1_842' title='bbox 325 2725 436 2759; x_wconf 74' lang='lat' dir='ltr'><strong>cpistola</strong></span> <span class='ocrx_word' id='word_1_843' title='bbox 462 2727 493 2750; x_wconf 80' lang='lat' dir='ltr'><strong>ad</strong></span> <span class='ocrx_word' id='word_1_844' title='bbox 521 2724 706 2758; x_wconf 84' lang='lat' dir='ltr'><strong>Demophilutn</strong></span> <span class='ocrx_word' id='word_1_845' title='bbox 731 2730 892 2754; x_wconf 82' lang='lat' dir='ltr'><strong>monachum</strong></span> 
     </span>
    </p>
   </div>
   <div class='ocr_carea' id='block_1_103' title="bbox 111 2760 891 2794">
    <p class='ocr_par' dir='ltr' id='par_1_103' title="bbox 111 2760 891 2794">
     <span class='ocr_line' id='line_1_103' title="bbox 111 2760 891 2794; baseline -0.004 -7"><span class='ocrx_word' id='word_1_846' title='bbox 111 2761 221 2794; x_wconf 61' lang='lat' dir='ltr'><strong>scripsit</strong></span> <span class='ocrx_word' id='word_1_847' title='bbox 242 2767 249 2785; x_wconf 84' lang='lat'><strong>:</strong></span> <span class='ocrx_word' id='word_1_848' title='bbox 268 2760 395 2786; x_wconf 78' lang='lat' dir='ltr'><strong>Ordinem</strong></span> <span class='ocrx_word' id='word_1_849' title='bbox 424 2767 487 2785; x_wconf 87' lang='lat' dir='ltr'><strong>vero</strong></span> <span class='ocrx_word' id='word_1_850' title='bbox 516 2762 709 2794; x_wconf 83' lang='lat' dir='ltr'><strong>monachorum</strong></span> <span class='ocrx_word' id='word_1_851' title='bbox 732 2761 798 2786; x_wconf 75' lang='lat' dir='ltr'><strong>dicit</strong></span> <span class='ocrx_word' id='word_1_852' title='bbox 823 2761 891 2788; x_wconf 72' lang='lat' dir='ltr'><strong>idem</strong></span> 
     </span>
    </p>
   </div>
   <div class='ocr_carea' id='block_1_104' title="bbox 113 2793 889 2829">
    <p class='ocr_par' dir='ltr' id='par_1_104' title="bbox 113 2793 889 2829">
     <span class='ocr_line' id='line_1_104' title="bbox 113 2793 889 2829; baseline 0 -8"><span class='ocrx_word' id='word_1_853' title='bbox 113 2793 256 2829; x_wconf 75' lang='lat' dir='ltr'><strong>Dionysius</strong></span> <span class='ocrx_word' id='word_1_854' title='bbox 279 2802 339 2821; x_wconf 78' lang='lat' dir='ltr'><strong>esse</strong></span> <span class='ocrx_word' id='word_1_855' title='bbox 361 2794 500 2821; x_wconf 82' lang='lat' dir='ltr'><strong>celsiorem</strong></span> <span class='ocrx_word' id='word_1_856' title='bbox 518 2794 643 2820; x_wconf 74' lang='lat' dir='ltr'><strong>omnibus</strong></span> <span class='ocrx_word' id='word_1_857' title='bbox 660 2793 812 2826; x_wconf 84' lang='lat' dir='ltr'><strong>ordinibus,</strong></span> <span class='ocrx_word' id='word_1_858' title='bbox 837 2804 889 2823; x_wconf 88' lang='lat' dir='ltr'><strong>non</strong></span> 
     </span>
    </p>
   </div>
   <div class='ocr_carea' id='block_1_105' title="bbox 111 2828 887 2864">
    <p class='ocr_par' dir='ltr' id='par_1_105' title="bbox 111 2828 887 2864">
     <span class='ocr_line' id='line_1_105' title="bbox 111 2828 887 2864; baseline -0.003 -9"><span class='ocrx_word' id='word_1_859' title='bbox 111 2828 219 2864; x_wconf 76' lang='lat' dir='ltr'><strong>quidem</strong></span> <span class='ocrx_word' id='word_1_860' title='bbox 243 2829 385 2856; x_wconf 80' lang='lat' dir='ltr'><strong>conferens</strong></span> <span class='ocrx_word' id='word_1_861' title='bbox 404 2836 465 2855; x_wconf 83' lang='lat' dir='ltr'><strong>eum</strong></span> <span class='ocrx_word' id='word_1_862' title='bbox 490 2835 550 2854; x_wconf 84' lang='lat' dir='ltr'><strong>cum</strong></span> <span class='ocrx_word' id='word_1_863' title='bbox 571 2828 713 2858; x_wconf 78' lang='lat' dir='ltr'><strong>diuconis,</strong></span> <span class='ocrx_word' id='word_1_864' title='bbox 738 2830 783 2862; x_wconf 83' lang='lat' dir='ltr'><strong>qui</strong></span> <span class='ocrx_word' id='word_1_865' title='bbox 810 2831 887 2863; x_wconf 60' lang='lat' dir='ltr'><strong>prii-ii</strong></span> 
     </span>
    </p>
   </div>
   <div class='ocr_carea' id='block_1_106' title="bbox 112 2864 888 2898">
    <p class='ocr_par' dir='ltr' id='par_1_106' title="bbox 112 2864 888 2898">
     <span class='ocr_line' id='line_1_106' title="bbox 112 2864 888 2898; baseline 0.003 -9"><span class='ocrx_word' id='word_1_866' title='bbox 112 2870 244 2898; x_wconf 78' lang='lat' dir='ltr'><strong>purgant;</strong></span> <span class='ocrx_word' id='word_1_867' title='bbox 274 2872 359 2898; x_wconf 69' lang='lat' dir='ltr'><strong>neque</strong></span> <span class='ocrx_word' id='word_1_868' title='bbox 381 2872 440 2890; x_wconf 88' lang='lat' dir='ltr'><strong>cum</strong></span> <span class='ocrx_word' id='word_1_869' title='bbox 465 2864 636 2897; x_wconf 66' lang='lat' dir='ltr'><strong>presbyteris,</strong></span> <span class='ocrx_word' id='word_1_870' title='bbox 661 2864 705 2896; x_wconf 87' lang='lat' dir='ltr'><strong>qui</strong></span> <span class='ocrx_word' id='word_1_871' title='bbox 726 2867 835 2890; x_wconf 71' lang='lat' dir='ltr'><strong>secundi</strong></span> <span class='ocrx_word' id='word_1_872' title='bbox 861 2871 888 2893; x_wconf 85' lang='lat' dir='ltr'><strong>et</strong></span> 
     </span>
    </p>
   </div>
   <div class='ocr_carea' id='block_1_107' title="bbox 953 2380 1732 2422">
    <p class='ocr_par' dir='ltr' id='par_1_107' title="bbox 953 2380 1732 2422">
     <span class='ocr_line' id='line_1_107' title="bbox 953 2380 1732 2422; baseline 0.012 -16"><span class='ocrx_word' id='word_1_873' title='bbox 953 2381 1032 2422; x_wconf 72' lang='lat' dir='ltr'><strong>medii</strong></span> <span class='ocrx_word' id='word_1_874' title='bbox 1049 2380 1219 2422; x_wconf 65' lang='lat' dir='ltr'><strong>illuminant;</strong></span> <span class='ocrx_word' id='word_1_875' title='bbox 1243 2388 1269 2422; x_wconf 77' lang='lat' dir='ltr'><strong>et</strong></span> <span class='ocrx_word' id='word_1_876' title='bbox 1296 2383 1380 2422; x_wconf 68' lang='lat' dir='ltr'><strong>multo</strong></span> <span class='ocrx_word' id='word_1_877' title='bbox 1399 2383 1567 2422; x_wconf 64' lang='lat' dir='ltr'><strong>minuscum</strong></span> <span class='ocrx_word' id='word_1_878' title='bbox 1599 2386 1732 2422; x_wconf 75' lang='lat' dir='ltr'><strong>epist-opis</strong></span> 
     </span>
    </p>
   </div>
   <div class='ocr_carea' id='block_1_108' title="bbox 951 2416 1734 2451">
    <p class='ocr_par' dir='ltr' id='par_1_108' title="bbox 951 2416 1734 2451">
     <span class='ocr_line' id='line_1_108' title="bbox 951 2416 1734 2451; baseline 0.01 -10"><span class='ocrx_word' id='word_1_879' title='bbox 951 2416 996 2449; x_wconf 87' lang='lat' dir='ltr'><strong>qui</strong></span> <span class='ocrx_word' id='word_1_880' title='bbox 1011 2416 1083 2442; x_wconf 86' lang='lat' dir='ltr'><strong>tertii</strong></span> <span class='ocrx_word' id='word_1_881' title='bbox 1108 2421 1134 2442; x_wconf 87' lang='lat' dir='ltr'><strong>et</strong></span> <span class='ocrx_word' id='word_1_882' title='bbox 1161 2417 1258 2443; x_wconf 85' lang='lat' dir='ltr'><strong>summi</strong></span> <span class='ocrx_word' id='word_1_883' title='bbox 1278 2418 1436 2451; x_wconf 82' lang='lat' dir='ltr'><strong>perﬁciunt;</strong></span> <span class='ocrx_word' id='word_1_884' title='bbox 1453 2420 1498 2445; x_wconf 86' lang='lat' dir='ltr'><strong>sed</strong></span> <span class='ocrx_word' id='word_1_885' title='bbox 1517 2426 1576 2445; x_wconf 87' lang='lat' dir='ltr'><strong>cum</strong></span> <span class='ocrx_word' id='word_1_886' title='bbox 1593 2416 1734 2449; x_wconf 73' lang='lat' dir='ltr'><strong>ordinibus</strong></span> 
     </span>
    </p>
   </div>
   <div class='ocr_carea' id='block_1_109' title="bbox 949 2451 1734 2488">
    <p class='ocr_par' dir='ltr' id='par_1_109' title="bbox 949 2451 1734 2488">
     <span class='ocr_line' id='line_1_109' title="bbox 949 2451 1734 2488; baseline 0.006 -12"><span class='ocrx_word' id='word_1_887' title='bbox 949 2458 1040 2476; x_wconf 86' lang='lat' dir='ltr'><strong>eorum</strong></span> <span class='ocrx_word' id='word_1_888' title='bbox 1057 2451 1102 2483; x_wconf 84' lang='lat' dir='ltr'><strong>qui</strong></span> <span class='ocrx_word' id='word_1_889' title='bbox 1120 2451 1383 2488; x_wconf 69' lang='lat' dir='ltr'><strong>adlmcpurgautur,</strong></span> <span class='ocrx_word' id='word_1_890' title='bbox 1399 2461 1430 2479; x_wconf 79' lang='lat' dir='ltr'><strong>ex</strong></span> <span class='ocrx_word' id='word_1_891' title='bbox 1447 2453 1544 2486; x_wconf 82' lang='lat' dir='ltr'><strong>quibus</strong></span> <span class='ocrx_word' id='word_1_892' title='bbox 1567 2457 1645 2488; x_wconf 89' lang='lat' dir='ltr'><strong>primi</strong></span> <span class='ocrx_word' id='word_1_893' title='bbox 1671 2464 1734 2484; x_wconf 83' lang='lat' dir='ltr'><strong>sum</strong></span> 
     </span>
    </p>
   </div>
   <div class='ocr_carea' id='block_1_110' title="bbox 949 2486 1735 2523">
    <p class='ocr_par' dir='ltr' id='par_1_110' title="bbox 949 2486 1735 2523">
     <span class='ocr_line' id='line_1_110' title="bbox 949 2486 1735 2523; baseline 0.008 -12"><span class='ocrx_word' id='word_1_894' title='bbox 949 2487 1148 2523; x_wconf 76' lang='lat' dir='ltr'><strong>catechumcni,</strong></span> <span class='ocrx_word' id='word_1_895' title='bbox 1172 2486 1217 2520; x_wconf 90' lang='lat' dir='ltr'><strong>qui</strong></span> <span class='ocrx_word' id='word_1_896' title='bbox 1241 2493 1389 2523; x_wconf 80' lang='lat' dir='ltr'><strong>purgantur</strong></span> <span class='ocrx_word' id='word_1_897' title='bbox 1403 2488 1435 2513; x_wconf 87' lang='lat' dir='ltr'><strong>ad</strong></span> <span class='ocrx_word' id='word_1_898' title='bbox 1452 2486 1611 2519; x_wconf 76' lang='lat' dir='ltr'><strong>baptismum</strong></span> <span class='ocrx_word' id='word_1_899' title='bbox 1628 2498 1675 2523; x_wconf 69' lang='lat' dir='ltr'><strong>per</strong></span> <span class='ocrx_word' id='word_1_900' title='bbox 1688 2502 1735 2518; x_wconf 62' lang='grc' dir='ltr'><strong>(πι-</strong></span> 
     </span>
    </p>
   </div>
   <div class='ocr_carea' id='block_1_111' title="bbox 951 2521 1734 2558">
    <p class='ocr_par' dir='ltr' id='par_1_111' title="bbox 951 2521 1734 2558">
     <span class='ocr_line' id='line_1_111' title="bbox 951 2521 1734 2558; baseline 0.003 -13"><span class='ocrx_word' id='word_1_901' title='bbox 951 2521 1095 2558; x_wconf 80' lang='lat' dir='ltr'><strong>lcchesitn;</strong></span> <span class='ocrx_word' id='word_1_902' title='bbox 1113 2522 1224 2558; x_wconf 77' lang='lat' dir='ltr'><strong>secundi</strong></span> <span class='ocrx_word' id='word_1_903' title='bbox 1236 2523 1291 2558; x_wconf 63' lang='lat' dir='ltr'><strong>qui</strong></span> <span class='ocrx_word' id='word_1_904' title='bbox 1304 2528 1366 2548; x_wconf 86' lang='lat' dir='ltr'><strong>sunt</strong></span> <span class='ocrx_word' id='word_1_905' title='bbox 1382 2522 1407 2547; x_wconf 91' lang='lat' dir='ltr'><strong>in</strong></span> <span class='ocrx_word' id='word_1_906' title='bbox 1424 2528 1543 2556; x_wconf 63' lang='lat' dir='ltr'><strong>peccato,</strong></span> <span class='ocrx_word' id='word_1_907' title='bbox 1555 2525 1600 2557; x_wconf 92' lang='lat' dir='ltr'><strong>qui</strong></span> <span class='ocrx_word' id='word_1_908' title='bbox 1618 2521 1734 2558; x_wconf 38' lang='lat' dir='ltr'><strong>pug-3...“</strong></span> 
     </span>
    </p>
   </div>
   <div class='ocr_carea' id='block_1_112' title="bbox 949 2553 1734 2588">
    <p class='ocr_par' dir='ltr' id='par_1_112' title="bbox 949 2553 1734 2588">
     <span class='ocr_line' id='line_1_112' title="bbox 949 2553 1734 2588; baseline 0.009 -8"><span class='ocrx_word' id='word_1_909' title='bbox 949 2559 992 2580; x_wconf 86' lang='lat' dir='ltr'><strong>tur</strong></span> <span class='ocrx_word' id='word_1_910' title='bbox 1006 2563 1053 2588; x_wconf 88' lang='lat' dir='ltr'><strong>per</strong></span> <span class='ocrx_word' id='word_1_911' title='bbox 1067 2555 1217 2580; x_wconf 86' lang='lat' dir='ltr'><strong>doctrinam</strong></span> <span class='ocrx_word' id='word_1_912' title='bbox 1235 2555 1380 2588; x_wconf 68' lang='lat' dir='ltr'><strong>Scriptura:</strong></span> <span class='ocrx_word' id='word_1_913' title='bbox 1395 2553 1506 2587; x_wconf 63' lang='lat' dir='ltr'><strong>sanctae.</strong></span> <span class='ocrx_word' id='word_1_914' title='bbox 1526 2553 1553 2582; x_wconf 88' lang='lat' dir='ltr'><strong>ut</strong></span> <span class='ocrx_word' id='word_1_915' title='bbox 1564 2553 1696 2586; x_wconf 39' lang='lat' dir='ltr'><strong>Iteredaiit</strong></span> 
     </span>
    </p>
   </div>
   <div class='ocr_carea' id='block_1_113' title="bbox 948 2591 1727 2628">
    <p class='ocr_par' dir='ltr' id='par_1_113' title="bbox 948 2591 1727 2628">
     <span class='ocr_line' id='line_1_113' title="bbox 948 2591 1727 2628; baseline 0.005 -13"><span class='ocrx_word' id='word_1_916' title='bbox 948 2595 1072 2628; x_wconf 71' lang='lat' dir='ltr'><strong>peccato;</strong></span> <span class='ocrx_word' id='word_1_917' title='bbox 1085 2625 1087 2627; x_wconf 80' lang='lat'><em>_</em></span> <span class='ocrx_word' id='word_1_918' title='bbox 1101 2591 1172 2615; x_wconf 87' lang='lat' dir='ltr'><strong>tertii</strong></span> <span class='ocrx_word' id='word_1_919' title='bbox 1188 2596 1250 2628; x_wconf 85' lang='lat' dir='ltr'><strong>sunt</strong></span> <span class='ocrx_word' id='word_1_920' title='bbox 1278 2591 1453 2628; x_wconf 73' lang='lat' dir='ltr'><strong>t-nctgntueni</strong></span> <span class='ocrx_word' id='word_1_921' title='bbox 1471 2611 1478 2623; x_wconf 85' lang='grc'><em>,</em></span> <span class='ocrx_word' id='word_1_922' title='bbox 1508 2593 1552 2625; x_wconf 87' lang='lat' dir='ltr'><strong>qui</strong></span> <span class='ocrx_word' id='word_1_923' title='bbox 1584 2601 1727 2628; x_wconf 76' lang='lat' dir='ltr'><strong>purgmtn.</strong></span> 
     </span>
    </p>
   </div>
   <div class='ocr_carea' id='block_1_114' title="bbox 947 2625 1733 2658">
    <p class='ocr_par' dir='ltr' id='par_1_114' title="bbox 947 2625 1733 2658">
     <span class='ocr_line' id='line_1_114' title="bbox 947 2625 1733 2658; baseline 0.006 -9"><span class='ocrx_word' id='word_1_924' title='bbox 947 2625 1114 2654; x_wconf 72' lang='lat' dir='ltr'><strong>esurcismts,</strong></span> <span class='ocrx_word' id='word_1_925' title='bbox 1127 2625 1285 2650; x_wconf 75' lang='lat' dir='ltr'><strong>utresistant</strong></span> <span class='ocrx_word' id='word_1_926' title='bbox 1299 2626 1404 2651; x_wconf 78' lang='lat' dir='ltr'><strong>fortiter</strong></span> <span class='ocrx_word' id='word_1_927' title='bbox 1419 2625 1535 2656; x_wconf 81' lang='lat' dir='ltr'><strong>diabolo,</strong></span> <span class='ocrx_word' id='word_1_928' title='bbox 1546 2631 1573 2653; x_wconf 87' lang='lat' dir='ltr'><strong>et</strong></span> <span class='ocrx_word' id='word_1_929' title='bbox 1583 2625 1733 2658; x_wconf 59' lang='lat' dir='ltr'><strong>tt-riortims</strong></span> 
     </span>
    </p>
   </div>
   <div class='ocr_carea' id='block_1_115' title="bbox 947 2659 1733 2698">
    <p class='ocr_par' dir='ltr' id='par_1_115' title="bbox 947 2659 1733 2698">
     <span class='ocr_line' id='line_1_115' title="bbox 947 2659 1733 2698; baseline 0.009 -15"><span class='ocrx_word' id='word_1_930' title='bbox 947 2659 1023 2690; x_wconf 80' lang='lat' dir='ltr'><strong>ejus;</strong></span> <span class='ocrx_word' id='word_1_931' title='bbox 1043 2659 1130 2692; x_wconf 81' lang='lat' dir='ltr'><strong>quarti</strong></span> <span class='ocrx_word' id='word_1_932' title='bbox 1156 2664 1216 2685; x_wconf 78' lang='lat' dir='ltr'><strong>sunt</strong></span> <span class='ocrx_word' id='word_1_933' title='bbox 1232 2667 1275 2692; x_wconf 89' lang='lat' dir='ltr'><strong>qm</strong></span> <span class='ocrx_word' id='word_1_934' title='bbox 1289 2665 1352 2686; x_wconf 78' lang='lat' dir='ltr'><strong>sunt</strong></span> <span class='ocrx_word' id='word_1_935' title='bbox 1368 2661 1394 2698; x_wconf 77' lang='lat' dir='ltr'><strong>in</strong></span> <span class='ocrx_word' id='word_1_936' title='bbox 1418 2663 1589 2693; x_wconf 72' lang='lat' dir='ltr'><strong>ptenitcntta,</strong></span> <span class='ocrx_word' id='word_1_937' title='bbox 1605 2666 1650 2695; x_wconf 85' lang='lat' dir='ltr'><strong>qui</strong></span> <span class='ocrx_word' id='word_1_938' title='bbox 1669 2673 1733 2698; x_wconf 81' lang='lat' dir='ltr'><strong>pur-</strong></span> 
     </span>
    </p>
   </div>
   <div class='ocr_carea' id='block_1_116' title="bbox 946 2695 1734 2728">
    <p class='ocr_par' dir='ltr' id='par_1_116' title="bbox 946 2695 1734 2728">
     <span class='ocr_line' id='line_1_116' title="bbox 946 2695 1734 2728; baseline 0.008 -10"><span class='ocrx_word' id='word_1_939' title='bbox 946 2700 1053 2726; x_wconf 70' lang='lat' dir='ltr'><strong>gantur,</strong></span> <span class='ocrx_word' id='word_1_940' title='bbox 1068 2699 1095 2718; x_wconf 88' lang='grc' dir='ltr'><strong>ιιι</strong></span> <span class='ocrx_word' id='word_1_941' title='bbox 1112 2701 1164 2719; x_wconf 89' lang='grc' dir='ltr'>ιιοη</span> <span class='ocrx_word' id='word_1_942' title='bbox 1179 2700 1348 2720; x_wconf 64' lang='lat' dir='ltr'><strong>revertantur</strong></span> <span class='ocrx_word' id='word_1_943' title='bbox 1363 2695 1394 2720; x_wconf 80' lang='lat' dir='ltr'><strong>all</strong></span> <span class='ocrx_word' id='word_1_944' title='bbox 1411 2701 1570 2728; x_wconf 81' lang='lat' dir='ltr'><strong>peccatum;</strong></span> <span class='ocrx_word' id='word_1_945' title='bbox 1585 2698 1626 2722; x_wconf 74' lang='lat' dir='ltr'><strong>Itis</strong></span> <span class='ocrx_word' id='word_1_946' title='bbox 1646 2695 1734 2724; x_wconf 72' lang='lat' dir='ltr'><strong>unthi-</strong></span> 
     </span>
    </p>
   </div>
   <div class='ocr_carea' id='block_1_117' title="bbox 948 2728 1731 2769">
    <p class='ocr_par' dir='ltr' id='par_1_117' title="bbox 948 2728 1731 2769">
     <span class='ocr_line' id='line_1_117' title="bbox 948 2728 1731 2769; baseline 0.008 -17"><span class='ocrx_word' id='word_1_947' title='bbox 948 2730 996 2767; x_wconf 71' lang='lat' dir='ltr'><strong>lius</strong></span> <span class='ocrx_word' id='word_1_948' title='bbox 1021 2728 1168 2769; x_wconf 63' lang='lat' dir='ltr'><strong>ordinibus</strong></span> <span class='ocrx_word' id='word_1_949' title='bbox 1187 2728 1346 2768; x_wconf 28' lang='lat' dir='ltr'><strong>pcrl&#39;cctior‘</strong></span> <span class='ocrx_word' id='word_1_950' title='bbox 1362 2735 1402 2754; x_wconf 56' lang='lat' dir='ltr'><strong>est</strong></span> <span class='ocrx_word' id='word_1_951' title='bbox 1425 2731 1491 2769; x_wconf 80' lang='lat' dir='ltr'><strong>ordo</strong></span> <span class='ocrx_word' id='word_1_952' title='bbox 1518 2734 1731 2769; x_wconf 67' lang='lat' dir='ltr'><strong>monachorum,</strong></span> 
     </span>
    </p>
   </div>
   <div class='ocr_carea' id='block_1_118' title="bbox 946 2763 1731 2802">
    <p class='ocr_par' dir='ltr' id='par_1_118' title="bbox 946 2763 1731 2802">
     <span class='ocr_line' id='line_1_118' title="bbox 946 2763 1731 2802; baseline 0.005 -15"><span class='ocrx_word' id='word_1_953' title='bbox 946 2763 1007 2794; x_wconf 88' lang='lat' dir='ltr'><strong>quia</strong></span> <span class='ocrx_word' id='word_1_954' title='bbox 1023 2767 1051 2802; x_wconf 82' lang='lat' dir='ltr'><strong>ut</strong></span> <span class='ocrx_word' id='word_1_955' title='bbox 1065 2763 1189 2788; x_wconf 85' lang='lat' dir='ltr'><strong>monacln</strong></span> <span class='ocrx_word' id='word_1_956' title='bbox 1207 2769 1280 2802; x_wconf 72' lang='lat' dir='ltr'><strong>sunt,</strong></span> <span class='ocrx_word' id='word_1_957' title='bbox 1297 2764 1402 2790; x_wconf 79' lang='lat' dir='ltr'><strong>ratione</strong></span> <span class='ocrx_word' id='word_1_958' title='bbox 1426 2765 1539 2790; x_wconf 90' lang='lat' dir='ltr'><strong>instituti</strong></span> <span class='ocrx_word' id='word_1_959' title='bbox 1564 2769 1706 2793; x_wconf 77' lang='lat' dir='ltr'><strong>monasttci</strong></span> 
     </span>
    </p>
   </div>
   <div class='ocr_carea' id='block_1_119' title="bbox 946 2798 1735 2830">
    <p class='ocr_par' dir='ltr' id='par_1_119' title="bbox 946 2798 1735 2830">
     <span class='ocr_line' id='line_1_119' title="bbox 946 2798 1735 2830; baseline 0.005 -8"><span class='ocrx_word' id='word_1_960' title='bbox 946 2798 1042 2823; x_wconf 90' lang='lat' dir='ltr'><strong>Inortui</strong></span> <span class='ocrx_word' id='word_1_961' title='bbox 1061 2803 1125 2823; x_wconf 88' lang='lat' dir='ltr'><strong>sunt</strong></span> <span class='ocrx_word' id='word_1_962' title='bbox 1141 2800 1249 2828; x_wconf 85' lang='lat' dir='ltr'><strong>mundo,</strong></span> <span class='ocrx_word' id='word_1_963' title='bbox 1268 2803 1295 2824; x_wconf 87' lang='lat' dir='ltr'><strong>ct</strong></span> <span class='ocrx_word' id='word_1_964' title='bbox 1319 2806 1427 2824; x_wconf 75' lang='lat' dir='ltr'><strong>carnem</strong></span> <span class='ocrx_word' id='word_1_965' title='bbox 1444 2807 1520 2826; x_wconf 68' lang='grc' dir='ltr'>δυιιιιι</span> <span class='ocrx_word' id='word_1_966' title='bbox 1538 2808 1598 2826; x_wconf 72' lang='lat' dir='ltr'><strong>cum</strong></span> <span class='ocrx_word' id='word_1_967' title='bbox 1614 2801 1690 2828; x_wconf 73' lang='lat' dir='ltr'><strong>vitttu</strong></span> <span class='ocrx_word' id='word_1_968' title='bbox 1706 2798 1735 2830; x_wconf 66' lang='lat' dir='ltr'><strong>ci</strong></span> 
     </span>
    </p>
   </div>
   <div class='ocr_carea' id='block_1_120' title="bbox 943 2832 1387 2866">
    <p class='ocr_par' dir='ltr' id='par_1_120' title="bbox 943 2832 1387 2866">
     <span class='ocr_line' id='line_1_120' title="bbox 943 2832 1387 2866; baseline 0.007 -9"><span class='ocrx_word' id='word_1_969' title='bbox 943 2832 1171 2866; x_wconf 70' lang='lat' dir='ltr'><strong>concupiscentiis</strong></span> <span class='ocrx_word' id='word_1_970' title='bbox 1184 2840 1242 2858; x_wconf 70' lang='lat' dir='ltr'><strong>Cl&#39;llt</strong></span> <span class='ocrx_word' id='word_1_971' title='bbox 1251 2836 1387 2860; x_wconf 70' lang='lat' dir='ltr'><strong>luxerunt.</strong></span> 
     </span>
    </p>
   </div>
  </div>
