1954 3071
205 172 256 208 illi

797 161 957 195 IOANNIS
974 150 1257 192 CYPARIssmm

1805 141 1863 181 912

182 262 186 264 _
204 231 412 262 multitudinem,
428 235 485 264 qua
497 227 524 255 in
540 225 660 254 numeris
675 223 835 252 divisionem
848 220 939 252 habet,
955 219 987 246 ad
1003 222 1026 250 Α
1040 217 1164 252 cogitari.
1186 215 1231 242 sed
1250 213 1338 250 potius
1362 216 1481 247 potestas
1505 210 1625 245 quaedam
1653 215 1776 243 expers
1794 215 1862 241 par-

207 280 286 306 ﬁnem
303 278 413 307 ducunt,
430 275 516 310 posita
535 272 642 308 quidem
659 271 762 298 unitate
782 268 916 304 principio
931 273 989 293 om-

206 327 248 352 nis
265 324 386 355 numeri;
402 321 507 349 duobus
525 325 589 346 vero
613 317 709 353 positis
730 314 862 351 principio
885 311 989 340 numeri

206 371 291 406 paris.
308 370 337 397 Si
363 369 445 403 igitur
462 365 624 402 principium
649 362 783 398 signiﬁcat
806 360 877 395 quod
899 363 940 386 est
964 358 990 384 in

211 422 374 451 unoquoque
387 419 485 448 genere
498 409 741 446 simplicissimum,
753 406 886 440 quomodo
898 411 993 431 nume-

210 465 259 489 rus
284 462 396 488 duorum
420 460 473 486 erit
495 454 655 491 principium
672 451 817 480 omnium?
839 449 898 477 Non
920 449 992 475 enim

212 513 343 535 numerus
356 506 469 532 duorum
483 501 644 537 principium
660 498 771 532 simplex
788 501 839 528 est,
856 495 903 522 sed
920 501 994 521 cont-

213 554 342 588 positum,
365 549 526 585 principium
551 546 632 582 igitur
656 552 689 571 ex
714 541 910 576 cotupositione
931 546 995 566 coo—

213 604 298 630 stans,
316 584 370 623 non
383 600 423 622 est
439 593 564 628 simplex,
577 598 605 618 et
617 588 752 625 quomodo
765 586 905 614 vocabitur
922 584 996 618 pn'u-

213 643 331 679 cipium?
346 642 422 678 ;Ante
444 638 605 675 principium
629 636 702 663 enim
724 632 919 668 compositum,
946 629 998 656 erit

212 678 321 726 proprie
336 686 511 726 principium
521 684 622 714 unitas,
636 689 668 709 ex
682 688 746 716 qua,
763 678 912 706 unitatibus
925 682 998 702 cont-

214 735 321 770 positis,
337 719 460 760 confecta
477 722 540 758 sunt
564 728 632 759 duo;
648 727 767 760 undique
790 723 871 758 igitur
886 719 998 748 manife—

215 787 285 808 sttun
301 783 340 806 est
359 785 410 805 non
425 783 484 804 esse
499 774 659 809 principium
677 777 817 798 numerum
832 769 954 794 duorum.
967 764 999 791 Et

215 834 309 854 rursus
324 825 394 852 idem
412 824 439 850 in
459 822 518 849 aliis
532 829 540 848 :
556 820 613 848 Non
628 822 733 854 potest,
753 815 854 849 inquit,
871 817 1000 840 numerus

217 874 329 899 duorum
346 879 405 898 esse
421 870 559 900 inﬁnittts;
577 870 693 893 unltates
707 864 778 891 ettim
804 861 864 895 ejus
887 859 957 885 inter
971 864 1000 883 se

217 926 265 953 per
279 917 473 952 appositionem
487 913 652 947 composita),

218 966 289 999 quod
305 964 326 990 si
343 968 471 990 numerus
485 961 599 986 duorttm
614 965 666 983 tton
683 958 772 990 potest
791 960 850 980 esse
865 950 998 980 inﬁnitus,

217 1015 246 1037 ut
264 1011 475 1036 demonstratum
496 1008 549 1036 est,
579 1009 666 1037 neque
685 999 817 1036 principio
831 997 934 1025 scilicet
954 1003 1000 1028 ca:

217 1063 277 1084 rere
294 1058 394 1089 potest,
408 1052 468 1087 quia
481 1049 570 1078 omnis
588 1047 691 1075 ttumeri
706 1046 820 1073 duorum
838 1041 999 1077 principium

218 1107 259 1129 est
272 1101 382 1132 unitas;
398 1097 473 1133 quod
487 1097 508 1123 si
525 1103 578 1123 non
592 1097 666 1121 caret
683 1089 824 1126 principio,
849 1089 929 1122 igitur
953 1093 1002 1113 nec

220 1153 262 1176 cst
277 1145 423 1174 immobilis
439 1143 575 1178 (movetur
590 1140 662 1167 enim
678 1143 791 1164 numero
804 1142 836 1162 ex
853 1133 1002 1160 unitatibus

219 1191 367 1219 secundum
385 1177 600 1221 conjunctionem
617 1179 797 1215 composito);
817 1177 888 1213 quod
912 1181 1001 1203 autent

221 1242 356 1268 movetur,
374 1242 426 1262 non
449 1237 490 1260 est
505 1231 676 1267 principium,
692 1227 738 1255 sed
755 1233 786 1252 et
806 1223 938 1259 principio
951 1222 1002 1249 sci-

220 1284 284 1311 licet
296 1281 442 1309 morentis,
456 1279 511 1306 sola
523 1281 612 1304 autem
625 1275 715 1302 unitas
732 1272 840 1307 proprie
852 1274 893 1297 est
909 1270 1004 1295 immo-

222 1330 296 1358 bilis.
312 1328 345 1355 Et
360 1333 454 1354 rursus
470 1325 539 1351 idem
553 1331 560 1349 :
573 1321 671 1351 Omne.
690 1318 787 1354 inquit,
804 1317 875 1352 quod
891 1315 917 1342 iu
935 1314 1004 1342 mul~

222 1374 338 1401 titudine
352 1371 532 1406 quantitatem
549 1367 641 1397 habet,
656 1361 707 1391 rion
722 1366 809 1396 potest
831 1366 891 1387 esse
913 1358 1005 1385 inﬁni—

225 1424 292 1450 tuin,
309 1424 396 1451 neque
414 1415 471 1442 sine
485 1411 617 1447 principio
635 1409 660 1436 id
671 1428 679 1442 ,
695 1415 755 1436 cum
770 1412 826 1440 quo
839 1404 953 1431 alterum
969 1402 1007 1430 si-

230 1464 284 1490 mul
300 1462 442 1497 cogitatur.
462 1459 495 1485 Et
510 1464 603 1485 rursus
621 1456 689 1482 idem
704 1462 710 1479 :
727 1451 822 1484 Nemo,
841 1449 939 1484 inquit,
961 1447 1007 1482 qui

227 1510 291 1541 duo,
305 1512 352 1535 aut
369 1507 451 1534 multa
467 1506 527 1532 sine
546 1501 678 1538 principio
694 1507 755 1526 esse
770 1498 846 1528 dicit,
862 1496 904 1530 pie
917 1495 1008 1521 vivere

228 1555 336 1590 poterit.
349 1552 420 1579 idem
433 1552 459 1577 in
472 1536 593 1578 centuria
607 1546 683 1573 tertia
693 1545 725 1572 de
736 1543 881 1574 choritatc,
890 1547 950 1574 cap.
961 1536 1008 1565 τις

228 1586 297 1628 Deus
314 1599 420 1633 quidcu
433 1613 441 1629 ,ι
456 1595 542 1629 inquit
553 1613 560 1626 .
583 1593 628 1628 qui
646 1596 687 1619 est
702 1591 759 1625 ipsa
772 1597 818 1624 per
830 1596 859 1616 se
876 1586 1009 1614 exsistan-

228 1648 275 1678 tia,
291 1645 349 1679 ipsa
368 1651 413 1677 per
431 1649 459 1668 se
476 1641 582 1668 bonitas
597 1644 623 1666 et
637 1636 778 1671 sapientia,
795 1634 860 1665 imo,
876 1638 905 1658 ut
919 1631 1008 1658 verius

227 1692 327 1721 dicam,
344 1697 424 1722 supra
444 1687 535 1715 omnia
555 1686 623 1715 htec,
639 1682 707 1710 nillil
720 1682 826 1716 penitus
846 1680 927 1705 habet
942 1683 1009 1703 con-

230 1737 344 1764 trarium
364 1743 371 1762 :
384 1739 514 1761 creaturae
532 1739 596 1757 vero
606 1749 614 1761 ,
627 1736 686 1763 quac
701 1733 794 1754 omnes
808 1724 913 1759 quidem
928 1721 1010 1757 parti-

230 1782 363 1817 cipatione
374 1785 400 1806 ct
415 1778 501 1813 gratia
515 1775 660 1806 exsistunt,
676 1771 733 1799 alia
745 1776 807 1797 vero
824 1769 926 1795 ratione
942 1772 1011 1801 prae-

230 1812 293 1855 dita:
312 1830 384 1856 sunt,
405 1812 432 1851 et
455 1823 647 1857 intelligentes,
666 1823 694 1845 et
710 1817 743 1844 ad
761 1813 918 1850 capiendam
934 1812 1012 1839 boni-

231 1878 315 1900 tatem
335 1877 360 1898 et
376 1870 535 1904 Sapientiam
560 1873 628 1899 apta:
642 1885 649 1898 ,
672 1861 835 1891 contrarium
853 1860 964 1891 habent,
985 1857 1011 1884 iu

231 1919 284 1946 illis
310 1917 418 1952 quidem
437 1915 576 1944 exsistere,
593 1916 619 1938 et
644 1918 697 1937 non
725 1905 857 1935 exsistere
877 1906 1012 1932 contraria

232 1969 296 1992 sunt
312 1948 363 1990 :Iin
383 1962 424 1987 his
438 1967 500 1986 Vt't'o
525 1956 656 1984 habilitati
681 1952 808 1981 bonitatis
830 1955 857 1978 et
874 1948 1014 1984 sapientiae

232 2010 369 2040 contraria
396 2011 460 2035 sunt
486 2005 580 2032 vitium
600 2007 626 2029 et
653 1999 818 2035 ignorantia.
836 2001 863 2025 ct
884 1996 1015 2023 exsistere

233 2059 340 2093 quidem
356 2061 471 2089 semper,
485 2056 531 2079 aut
542 2058 594 2077 non
612 2049 753 2078 exsistere,
767 2045 824 2072 haec
837 2045 863 2070 itt
881 2045 1016 2076 potestate

233 2105 292 2140 ejus
309 2107 373 2130 sunt
390 2087 434 2135 qui
450 2106 481 2126 ea
495 2097 604 2128 effecit;
619 2093 782 2129 participare
797 2094 886 2116 autent
912 2087 1018 2115 bonita—

235 2133 290 2177 tem
302 2153 329 2176 et
344 2133 567 2181 sapientiam,aut
584 2149 634 2168 non
651 2137 823 2174 participare,
841 2135 867 2162 in
879 2133 1018 2161 voluntate

234 2202 327 2224 eoru-u
344 2179 384 2220 esi
401 2191 446 2226 qui
463 2188 607 2224 participes
625 2184 736 2212 rationis
750 2186 823 2210 sunt.
843 2181 924 2214 (ἐι-ες.
938 2179 1018 2214 Nyss.

237 2241 306 2270 libro
320 2224 519 2272 primotiontra
535 2230 706 2261 Eunomium,
721 2234 781 2261 cap.
795 2226 827 2253 l9
841 2235 847 2252 :
863 2224 921 2252 Non
935 2225 1025 2251 tenui,

237 2269 331 2312 natum
349 2283 419 2310 idem
431 2286 483 2312 est,
496 2278 568 2312 quod
585 2275 732 2305 inﬁnitum,
746 2272 851 2299 inﬁnito
863 2275 952 2298 autem
967 2269 1026 2304 plus

237 2335 284 2357 aut
303 2330 392 2356 minus
401 2325 519 2359 cogitare
530 2326 658 2349 extrema:
668 2318 809 2346 dementia:
820 2321 878 2349 est;
890 2315 1024 2350 quomodo

238 2376 310 2403 enim
329 2374 396 2400 ratio
411 2369 508 2398 intinlti
525 2366 627 2396 servari
642 2368 736 2400 queat,
754 2363 775 2390 si
799 2362 858 2396 plus
874 2365 920 2388 aut
936 2362 1025 2387 minus

240 2423 266 2449 in
293 2421 351 2455 ipso
364 2413 563 2445 decernuntur?
582 2420 613 2440 ex
637 2409 814 2445 dispositione
832 2407 904 2435 enitn
931 2408 1023 2433 ﬁnium

242 2453 314 2495 inter
328 2473 374 2497 se;
390 2463 459 2498 quod
475 2462 536 2497 plus
552 2463 603 2491 est,
620 2456 807 2490 dijudirantus,
826 2454 852 2480 in
866 2453 963 2486 quibus
977 2459 1023 2477 au-

243 2519 296 2540 tem
313 2519 363 2538 nott
379 2514 422 2536 est
439 2508 509 2538 ﬁnis,
525 2503 659 2541 quomodo
674 2505 762 2536 potest
775 2500 835 2534 quis
849 2498 967 2532 cogitare
979 2505 1025 2523 su-

243 2539 397 2594 perﬂuens?
420 2553 491 2579 ldent
517 2539 542 2577 iu
562 2549 654 2576 eodetn
671 2555 678 2573 :
695 2545 761 2577 Quis
785 2542 880 2574 nescit,
896 2539 966 2575 quod
984 2547 1026 2565 sc-

242 2586 360 2631 cundutn
380 2598 515 2634 propriam
533 2596 662 2623 rationem
678 2589 837 2624 simplicitas
852 2595 904 2614 non
927 2586 1026 2619 recipit

242 2650 271 2676 in
289 2653 383 2675 sancta
397 2631 530 2671 Trinitate
548 2639 607 2674 plus
632 2643 677 2663 aut
701 2634 807 2662 minus?
823 2633 849 2659 in
875 2639 928 2666 qua
952 2631 1024 2656 enim

243 2701 297 2721 non
315 2696 402 2728 potest
413 2689 504 2717 mistio
517 2686 649 2721 quaepiam
663 2683 824 2718 qualitatum
837 2683 863 2706 et
879 2676 1023 2705 concursio

1046 265 1111 291 lium
1135 268 1162 290 et
1181 259 1384 295 compositionis
1400 258 1562 293 cogitatione
1577 254 1865 290 comprehenditur,

1042 309 1176 345 quomodo
1185 307 1282 341 aliquis
1293 306 1357 332 etin
1371 303 1506 338 aliquibus
1519 303 1579 330 aliis
1594 301 1807 329 diﬂ'erentiam
1818 307 1866 327 se-

1045 355 1160 383 cttndttm
1183 353 1242 387 plus
1257 357 1284 379 et
1302 352 1391 378 minus
1407 349 1553 383 intelligere
1571 347 1703 382 poterit!
1731 345 1868 373 Omnino

1047 407 1159 428 necesse
1172 403 1225 431 est,
1239 403 1268 425 ut
1280 398 1325 431 qtti
1342 398 1399 424 haec
1412 395 1513 422 variata
1534 402 1595 422 esse
1609 393 1778 428 dijudicat,
1794 400 1868 426 qua.

1047 447 1137 473 litates
1157 444 1287 480 quasdam
1305 443 1330 469 in
1351 441 1502 476 subjectum
1517 440 1637 467 incidere
1653 438 1790 472 Cogitet.
1809 437 1870 464 Aut

1047 492 1120 519 enim
1136 491 1236 524 cogitat
1248 488 1355 516 diﬁ‘erre
1373 488 1429 514 haec
1454 487 1600 513 secundum
1623 484 1865 518 ampliationcm

1048 543 1075 565 ct
1088 537 1304 566 diminutionem,
1325 538 1352 560 et
1375 534 1409 560 ob
1426 532 1495 558 hanc
1508 536 1618 558 causam
1637 529 1868 563 cogitationem

1050 580 1246 615 magnitudinis
1263 577 1411 605 introducit
1424 577 1449 602 in
1466 583 1499 602 eo
1521 574 1593 609 qttod
1612 573 1770 608 quzeritur
1790 580 1799 598 :

1050 629 1197 654 sectmdum
1213 625 1358 652 bonitatem
1372 627 1399 649 et
1413 621 1559 656 potentiam
1573 624 1600 647 et
1615 619 1818 653 sapientiam,
1837 623 1865 643 er

1050 673 1072 699 si
1088 672 1151 707 quid
1168 672 1238 698 aliud
1253 670 1323 696 circa
1344 667 1427 694 Deum
1444 667 1487 701 pie
1504 665 1684 700 intelligitur,
1700 668 1734 690 ut
1756 662 1867 689 redun-

1052 719 1107 750 det,
1126 717 1166 743 vel
1182 717 1330 745 decrescat,
1351 713 1455 740 ellicerc
1474 711 1583 739 molitur
1601 718 1608 737 :
1626 713 1724 742 atque
1754 708 1797 734 ita
1821 715 1867 734 ra-

1054 764 1154 790 tionem
1170 759 1374 796 compositionis
1389 766 1442 785 non
1460 756 1579 791 ellugiet.
1605 755 1739 789 Magnus
1755 753 1866 786 Diony-

1054 809 1122 839 sius,
1139 807 1226 840 capite
1241 805 1335 838 qttinto
1353 804 1388 830 De
1400 803 1494 830 diui/tis
1511 800 1662 828 nominibus
1677 819 1686 829 ,
1707 806 1769 826 non
1789 798 1866 824 aliud

1054 854 1119 880 dicit
1132 859 1192 880 ease
1209 853 1319 881 bonum.
1335 854 1362 876 et
1372 849 1443 875 aliud
1460 847 1530 881 quod
1547 851 1599 876 est.
1618 851 1645 872 et
1658 844 1747 871 aliud
1766 844 1867 873 vitam,

669 917 699 937 se
714 914 808 943 mutuo
832 905 997 935 tet-mittant;
1015 895 1034 923 Β
1051 898 1091 925 vel
1106 896 1282 930 sapientiam;
1299 901 1386 928 neque
1406 892 1553 920 introducit
1575 891 1682 918 multas
1699 896 1823 919 causas,
1839 892 1866 914 ct

1050 943 1218 974 divinitates,
1236 941 1304 968 alias
1318 940 1370 967 alia
1386 939 1579 972 producentes.
1590 936 1767 970 superiores
1781 939 1813 961 et
1825 935 1867 960 in-

1050 990 1174 1017 feriores.
1185 987 1224 1014 Ex
1239 987 1280 1014 his
1296 985 1397 1021 pateﬁt,
1413 984 1484 1018 quod
1500 983 1570 1010 sicut
1586 981 1653 1008 nihil
1670 980 1755 1015 quod
1770 980 1864 1013 agitur

1051 1039 1096 1062 aut
1115 1038 1271 1069 generatur,
1288 1036 1329 1058 est
1346 1038 1399 1057 nou
1416 1034 1548 1059 creatum,
1561 1027 1599 1055 sic
1611 1029 1713 1054 omnia
1734 1025 1806 1056 duo,
1824 1023 1865 1050 vel

1052 1080 1179 1114 deinceps
1199 1077 1355 1109 multitudo,-
1367 1075 1409 1103 vel
1426 1075 1497 1102 aliud
1512 1073 1578 1108 quid
1590 1072 1756 1099 secundum
1779 1077 1863 1103 supe-

1053 1127 1111 1154 rius
1125 1130 1153 1152 et
1170 1124 1283 1152 inferius
1299 1121 1474 1157 progrediens
1486 1141 1493 1153 ,
1512 1125 1538 1147 et
1551 1124 1581 1146 ut
1593 1118 1682 1146 semel
1703 1118 1812 1148 dicam,
1825 1116 1862 1142 ita

1053 1171 1241 1200 constitutum,
1262 1173 1291 1195 ut
1306 1167 1405 1201 aliquid
1424 1166 1447 1193 ei
1462 1166 1498 1193 sit
1513 1163 1698 1196 contrarium,
1716 1162 1861 1189 inﬁnitum

1054 1225 1126 1250 esse,
1142 1221 1169 1243 et
1179 1214 1312 1250 principio
1324 1219 1416 1240 carere
1434 1219 1486 1238 non
1503 1215 1613 1244 potest;
1638 1209 1668 1235 iu
1688 1207 1767 1235 idem
1785 1207 1859 1233 enim

1055 1262 1152 1290 recidit
1168 1261 1226 1288 sine
1238 1257 1373 1293 principio
1388 1263 1459 1288 esse.
1474 1260 1502 1282 et
1517 1261 1577 1282 esse
1591 1261 1644 1281 non
1667 1257 1801 1280 creatum
1812 1248 1826 1283 ;'
1836 1250 1858 1276 si

1055 1313 1144 1336 autem
1171 1306 1230 1333 sine
1258 1304 1391 1340 principio
1417 1305 1475 1335 est,
1498 1301 1576 1336 plane
1598 1299 1686 1327 etiam
1715 1297 1856 1325 inﬁnitum

1056 1359 1119 1389 esl.t

1337 1405 1451 1434 CAPUT
1469 1403 1540 1432 Vlll.

1064 1477 1140 1511 Quod
1161 1477 1194 1504 tit
1206 1477 1285 1503 etiam
1300 1474 1397 1508 species
1411 1469 1665 1511 circumscriptionis
1692 1472 1719 1496 et
1734 1466 1851 1511 termini.

1095 1511 1287 1545 comprehensio
1307 1501 1383 1544 atque
1396 1508 1470 1545 visio»,
1488 1501 1570 1545 Deus;
1585 1510 1677 1543 autem
1706 1510 1760 1530 uno
1776 1501 1854 1545 modo

1098 1536 1219 1574 omnribus
1232 1536 1526 1575 eslrincircuntscripltts
1535 1538 1585 1575 (ιι),
1599 1543 1627 1575 ειν
1636 1536 1854 1575 inaspectum/il,

1102 1570 1322 1616 ἓὲῇἷιὶὶιίξηῖυέτο
1339 1578 1411 1605 nobis
1425 1570 1510 1610 (ιηῤεί
1533 1570 1568 1602 ἐι
1583 1574 1683 1600 anima:
1700 1570 1770 1598 sunt
1792 1570 1852 1595 ina-

1101 1616 1270 1650 spectabiles.

1098 1671 1245 1707 Gregorius
1258 1668 1410 1702 Thcologus
1433 1666 1504 1694 libro
1539 1663 1660 1691 secundo
1693 1664 1727 1690 de
1749 1660 1849 1687 theolo-

1064 1720 1106 1753 gia
1125 1727 1132 1744 :
1147 1719 1179 1745 Et
1206 1715 1337 1746 nondum,
1353 1712 1524 1748 inquit,_dico
1538 1711 1644 1737 ﬁnitum
1660 1715 1776 1737 ontmno
1792 1712 1850 1733 esse

1065 1766 1093 1792 Ι).
1104 1772 1161 1796 um,
1177 1764 1199 1791 si
1216 1766 1305 1789 mente
1320 1758 1510 1795 comprehendi
1522 1762 1620 1791 potest,
1637 1763 1692 1783 una
1707 1755 1779 1782 etiim
1792 1759 1849 1785 sptM

1066 1811 1121 1838 cies
1136 1806 1394 1841 circumscriptionis
1418 1809 1460 1832 est
1476 1804 1533 1839 ipsa
1545 1802 1763 1838 comprehensio.
1780 1799 1847 1826 Idem

1067 1857 1092 1882 in
1112 1854 1207 1882 eodem
1224 1861 1231 1878 :
1249 1853 1317 1885 Quid
1342 1850 1448 1878 tandem
1480 1850 1549 1877 Deus
1584 1849 1620 1875 sit
1648 1845 1799 1875 substantia
1823 1846 1848 1867 rt

1068 1908 1176 1932 natura,
1193 1906 1271 1926 netno
1286 1897 1423 1924 hominum
1439 1902 1555 1930 unquam
1574 1894 1686 1928 reperit,
1701 1898 1786 1925 neque
1806 1896 1847 1915 re—

1068 1946 1158 1981 perire
1171 1948 1261 1978 queat.
1278 1942 1310 1969 Et
1325 1949 1420 1968 rursus
1432 1941 1531 1967 ibidem
1551 1947 1558 1965 :
1577 1938 1720 1968 Salomon,
1737 1934 1848 1970 _inquit,

1069 1993 1115 2026 qui
1134 1991 1186 2017 fuit
1203 1988 1352 2024 sapientior
1367 1987 1473 2014 cunctis
1487 1984 1642 2012 hominibus
1654 1983 1700 2018 qui
1716 1987 1777 2008 ante
1788 1987 1820 2006 eu
1832 1989 1845 2001 ι·

1069 2043 1095 2066 et
1113 2042 1173 2071 post
1183 2043 1244 2063 euut
1258 2035 1385 2061 fuerunt:
1401 2033 1447 2059 cui
1455 2031 1507 2059 fuit
1523 2031 1637 2058 latitudo
1648 2028 1739 2056 cordis
1754 2027 1847 2053 donum

1073 2080 1132 2112 Dei,
1161 2083 1187 2106 et
1207 2077 1344 2104 aﬁlucntia
1361 2074 1598 2110 contemplationis
1621 2073 1757 2108 copiosior
1772 2074 1849 2095 aret'a

1072 2125 1167 2157 maris;
1184 2128 1285 2159 quanto
1301 2123 1359 2157 plus
1372 2125 1508 2149 scrutatur
1517 2120 1690 2154 profundum,
1712 2119 1784 2143 tanto
1793 2119 1846 2140 ma.

1073 2170 1114 2204 gis
1126 2158 1243 2196 aestuat:
1261 2171 1288 2194 et
1299 2168 1378 2193 linem
1390 2164 1532 2200 quemdam
1549 2163 1615 2190 facit
1629 2160 1767 2196 sapientiae
1778 2158 1846 2183 inve-

1043 2226 1063 2254 ο
1076 2218 1135 2243 nire
1151 2220 1281 2250 quantum
1299 2212 1428 2248 eﬁ‘ugerat
1442 2212 1478 2238 ".
1501 2210 1599 2237 Paulus
1630 2215 1719 2236 autem
1743 2204 1847 2233 comit“?

1078 2262 1186 2295 quidem
1202 2260 1306 2293 assequi
1323 2247 1374 2285 non
1397 2257 1459 2284 dico
1477 2262 1601 2283 naturam
1631 2254 1679 2281 Dei
1697 2252 1757 2288 (hoc
1780 2247 1846 2275 enim

1076 2306 1201 2334 Omnibus
1217 2304 1302 2332 modis
1318 2303 1375 2330 ﬁeri
1385 2310 1436 2329 non
1453 2301 1564 2336 potest),
1581 2297 1734 2334 sedjudicia
1749 2298 1846 2322 tantum

1077 2351 1123 2379 Dei
1135 2360 1143 2385 ;
1155 2351 1216 2385 quia
1230 2357 1295 2377 vero
1311 2356 1364 2376 non
1383 2351 1469 2383 potest
1484 2346 1603 2380 reperire
1619 2346 1731 2373 exitum,
1751 2346 1796 2367 nec
1805 2345 1842 2362 um

1075 2397 1188 2433 gradum
1204 2401 1332 2422 ascensus
1350 2394 1440 2424 sistat,
1452 2399 1502 2419 nec
1529 2391 1576 2418 ubi
1593 2391 1698 2418 desinat
1714 2383 1844 2415 curiositas

1078 2429 1175 2470 iuet-tis
1191 2450 1198 2468 :
1213 2442 1276 2468 dum
1292 2446 1400 2474 semper
1416 2437 1518 2472 aliquid
1532 2437 1695 2470 subapparet
1710 2433 1765 2467 ejus
1779 2429 1843 2464 quod

1078 2486 1238 2521 relinquitur
1266 2486 1293 2519 (ο
1311 2492 1367 2511 retu
1384 2484 1490 2514 miram,
1504 2487 1532 2509 ut
1550 2482 1614 2509 tttilti
1642 2479 1761 2508 similiter
1788 2480 1842 2500 et":-

1079 2533 1159 2565 niat),
1175 2536 1285 2564 stupore
1299 2529 1449 2556 orationem
1464 2526 1675 2557 circumscribit;
1691 2529 1716 2550 et
1728 2517 1842 2548 dittittiuls

1062 2576 1136 2609 "Dei,
1151 2581 1231 2610 atque
1241 2574 1399 2608 profundum
1413 2573 1481 2599 hanc
1490 2579 1546 2598 rem
1562 2576 1647 2602 vocat,
1664 2569 1840 2597 cantiteturquc

1077 2623 1178 2658 judicia
1197 2621 1244 2647 Dei
1266 2619 1458 2653 comprehendi
1485 2626 1540 2644 non
1556 2625 1634 2652 pusse
1649 2617 1682 2648 ἐς
1695 2613 1781 2641 eadem
1793 2609 1839 2634 lett

1079 2653 1160 2703 atque
1178 2667 1259 2695 David
1277 2666 1401 2701 loquens,
1422 2665 1469 2700 qui
1488 2672 1559 2692 nunc
1574 2663 1684 2699 quidem
1693 2657 1782 2696 judicia
1798 2653 1837 2679 ου’

279 2786 300 2802 ⁵⁷
318 2783 349 2813 lll
365 2783 431 2817 Reg.
443 2788 480 2813 tv,
495 2778 525 2805 3i
543 2777 641 2811 ;Prov.
663 2782 710 2805 xu,
726 2779 780 2800 sec.
795 2769 886 2801 LXX;
912 2767 1015 2794 Eccles.
1043 2773 1091 2793 ιιι.
1123 2763 1145 2779 ⁵⁸
1163 2762 1242 2790 Rom.
1258 2763 1305 2795 n,l
1319 2766 1394 2794 seqq.

282 2875 319 2911 (tt)
335 2874 402 2907 Quia
421 2879 474 2898 uno
489 2868 568 2897 ntolo
585 2870 624 2894 est
638 2864 758 2892 inﬁnitus
774 2860 910 2889 omnibus.

1821 574 1871 597 aut
