1954 3071
124 106 159 136 91
167 109 184 138 3

451 109 570 139 DECAS
589 109 670 141 VIII.
687 122 723 127 -·
737 110 786 140 DE
806 109 908 139 INFIN

962 110 1025 139 \TE
1045 109 1108 139 DEI
1127 109 1167 139 ΙΝ
1185 109 1416 143 (ῚΒΕᾹΤΠΗΙΞ.

1698 107 1749 137 ait

121 173 176 193 voc
188 171 207 192 ιι
219 167 347 201 abyssum
369 167 491 199 multant,
515 168 593 202 cujus
629 168 740 195 fundum
771 175 908 198 mensura,
925 169 947 197 Α
963 167 1096 199 bulamus,
1111 167 1181 194 sicut
1194 166 1337 201 Apostolus
1349 167 1387 193 ait
1403 167 1435 193 δ’.
1451 165 1478 193 Si
1496 166 1539 193 oni
1555 166 1637 200 igitur
1656 174 1749 192 t-mutn

121 217 172 237 aut
186 219 268 238 sensu
286 219 338 238 non
353 212 415 240 licet
432 214 671 247 comprehendere;
688 213 834 248 aliquando
846 220 910 241 vero

121 257 194 284 dicit
214 257 401 284 admirabilem
422 258 520 285 factam
543 266 604 286 esse
617 259 799 294 cognitionem
821 266 854 286 ex
879 266 909 286 se

120 303 196 334 ipso,
211 308 238 329 et
248 310 279 328 ex
308 303 348 329 sui
368 302 528 331 iormatione
551 304 585 331 ⁵⁹.
613 304 647 331 Ει
674 305 761 332 adhuc
783 305 853 331 idem
883 305 909 331 in

122 347 225 373 eodem
260 347 329 373 libro
355 356 362 374 :
387 348 455 380 Quia
483 349 581 383 expetit
611 349 719 382 quidem
750 350 838 377 omnis
861 357 909 376 na-

122 397 188 417 tura
213 392 325 425 primam
336 400 458 425 causam;
471 393 701 427 comprehendere
718 401 782 420 vero
798 401 849 420 non
865 402 911 427 p0<

124 443 180 464 lt-st
195 443 305 471 propter
321 446 427 470 causas.
441 446 508 473 quas
521 439 588 471 dixi;
617 439 742 467 laborans
763 439 909 472 desiderio,

123 488 153 509 et
172 484 253 510 veluti
268 485 360 515 anxia,
377 488 404 511 et
420 485 549 511 damnum
568 493 620 512 tton
639 490 735 519 potens
760 485 843 517 ferre,
867 492 909 512 se-

123 530 245 555 cundam
263 530 460 563 navigationem
473 530 597 564 suscipit.
615 536 640 556 ut
657 531 793 558 intueatur
808 531 911 558 scilicet

125 575 154 600 in
169 582 199 600 ea
221 582 280 608 quae
293 580 451 607 cernuntur,
461 580 488 602 et
503 576 603 609 aliquid
615 583 646 603 ex
661 576 699 602 eis
717 576 799 602 faciat
814 577 909 609 Deum,

125 620 200 646 int-Ie
214 622 304 647 docta.
318 620 387 652 Quid
403 621 474 647 enim
502 622 572 653 quod
588 623 637 647 sub
663 627 799 654 aspectum
828 623 910 653 cadit,

123 673 160 690 eo
177 665 222 698 qui
241 665 349 699 aspicit,
372 665 453 692 altius
477 671 504 692 et
526 667 579 692 Deo
601 666 714 694 similius
731 673 783 698 est.
813 673 842 694 ut
864 668 908 695 bic

125 709 212 739 colat,
244 709 307 736 illud
320 710 443 737 colatur?
463 711 578 738 Sanctus
590 711 736 745 Gregorius
764 713 910 747 Nyssenns,

125 755 154 781 in
174 755 232 781 Vita
252 755 352 789 Moysis
373 765 379 782 ε
396 756 457 783 Non
471 758 566 790 poterit
593 757 679 784 videre
691 759 783 792 [aciem
800 767 884 785 nterim
901 766 916 786 :'

124 809 181 828 non
194 802 260 828 enim
277 801 371 828 videbit
385 803 461 829 homo
477 803 675 836 faciemmeam,
691 809 715 830 et
726 805 792 831 vivet
808 805 842 831 “.
855 806 911 832 Hoc

125 850 221 871 autent
235 853 287 872 non
298 846 360 872 dicit
371 845 522 880 Scriptura,
535 847 609 881 quasi
625 847 693 874 Deus
704 848 827 874 sitcausa
842 856 912 874 mor-

129 889 168 916 tis
184 889 331 924 (quomodo
345 891 416 923 enim
436 892 516 918 facies
528 892 590 919 vitre
603 892 659 919 ﬁeri
676 900 794 927 unquam
827 898 913 927 potest

123 942 211 962 causa
225 935 318 962 mortis
331 936 371 963 eis
386 938 429 970 qui
448 938 730 972 appropinquaverunt
741 939 776 973 ?),
788 939 835 966 sed
850 939 912 973 quia

127 979 202 1015 Deus
215 985 255 1007 εει
273 985 366 1007 natura
384 981 447 1009 vita:
470 987 577 1015 auctor,
597 983 736 1017 proprium
762 989 851 1010 autem
873 984 912 1010 si-

126 1033 211 1059 gnum
225 1025 322 1053 divinae
348 1030 451 1054 natura;
477 1032 519 1053 est
537 1035 598 1054 esse
617 1028 717 1055 celsius
736 1029 807 1055 omni
823 1029 910 1062 signo.

127 1071 181 1102 Qui
191 1071 272 1104 igitur
285 1071 384 1105 aliqnil
398 1079 493 1099 eorum
516 1081 577 1107 qua:
600 1079 810 1107 cognoscuntur.
829 1075 910 1101 Deum

122 1123 190 1144 csse
206 1116 364 1149 arbitratur,
385 1123 511 1152 tanquam
527 1119 560 1145 ab
572 1127 603 1145 eo
615 1119 660 1153 qui
678 1127 742 1147 vere
770 1125 823 1153 est,
839 1121 911 1148 male

129 1159 254 1188 deﬂexus
270 1162 303 1188 ad
324 1162 348 1190 id
369 1163 441 1197 quod
465 1164 708 1197 comprehensione
717 1164 785 1192 [ictae
799 1166 911 1199 _cogita-

128 1206 213 1234 tionis
226 1214 285 1234 esse
297 1207 480 1240 existimatur,
499 1210 580 1236 vitam
597 1217 650 1237 non
666 1211 756 1238 habet.
771 1211 821 1244 Qui
839 1213 910 1239 enim

124 1255 169 1277 est
186 1255 279 1278 auctor
287 1259 381 1279 eorum
392 1260 452 1287 qute
464 1259 538 1286 sunt,
554 1255 577 1281 is
590 1260 631 1282 est
646 1263 706 1282 vera
718 1256 769 1282 vita
784 1265 791 1287 ;
806 1257 848 1284 hic
863 1264 911 1283 au-

125 1298 182 1323 tem
201 1297 324 1330 cognosci
337 1303 484 1332 nonpotcst
497 1299 547 1334 (a).
562 1300 629 1333 Quia
643 1301 722 1335 ipitur
729 1302 909 1336 cognitionem

124 1340 212 1368 vincit
227 1346 321 1368 natura
334 1341 455 1370 ell'eclrix
469 1344 540 1375 vitaz,
553 1351 634 1372 omne
641 1346 712 1378 quod
730 1346 909 1379 comprehen-

126 1387 211 1419 ditttr,
229 1395 281 1414 non
298 1392 338 1416 est
360 1389 425 1422 vita;
440 1390 510 1423 quod
527 1395 615 1417 autem
635 1398 687 1416 non
708 1394 751 1417 est
767 1390 832 1422 vita,
856 1399 908 1418 non

125 1431 211 1458 habet
226 1437 363 1465 naturam,
379 1439 408 1461 ut
421 1434 554 1462 efﬁciatur
567 1435 689 1462 ell'ectrix
704 1437 776 1462 vitae.
803 1436 849 1463 Sic
862 1444 911 1464 ex-

961 213 1005 245 qui
1025 217 1125 241 certant
1140 213 1191 248 (d),
1208 213 1250 239 vel
1266 212 1367 244 lumen,
1384 212 1425 238 vel
1444 212 1528 245 ﬁgura
1548 211 1691 246 qua-piant,
1706 212 1747 237 vel

965 258 1067 292 aliquid
1082 259 1114 285 ad
1129 258 1333 286 similitudinem
1355 258 1424 292 ignis
1437 262 1576 291 appareat,
1593 264 1626 282 ue
1643 257 1745 290 ample-

961 309 1067 331 ctantur
1083 303 1235 338 hujusmodi
1251 306 1348 336 visum,
1364 309 1405 330 est
1422 303 1495 330 enim
1513 303 1618 329 fallacia
1641 302 1744 329 inimici

961 348 1114 380 manifesta,
1125 356 1183 382 qute
1194 349 1302 382 quidem
1320 349 1469 375 restnultos
1482 348 1586 378 fefellit,
1611 349 1656 382 qui
1671 355 1749 381 p-op—

962 399 1002 421 ter
1013 394 1189 428 ignorantiam
1202 402 1216 421 a
1227 395 1267 421 via
1280 394 1399 420 veritatis
1410 394 1476 419 male
1486 393 1664 420 deﬂexcrnnt.
1683 394 1750 419 Ben-

962 443 1004 465 tus
1020 439 1230 474 Cbrysostomus
1255 439 1280 465 in
1309 440 1432 464 oratione
1456 439 1487 465 de
1504 439 1749 472 incontprrbcuso:

967 484 1042 516 Quod
1060 484 1085 510 in
1097 484 1150 510 Deo
1168 489 1208 511 est
1227 484 1493 517 incompreltensum,
1511 492 1563 510 non
1579 484 1617 509 sic
1635 492 1683 509 ttns
1695 485 1748 509 st‘i-

961 537 1031 560 ntus,
1047 530 1116 556 sicut
1130 530 1180 555 illm
1196 534 1353 563 potestates,
1379 536 1437 563 qua:
1457 533 1531 555 tanto
1547 529 1631 560 magis
1649 529 1748 560 sciunt,

961 579 1062 608 quanto
1076 575 1233 601 mundiores
1246 580 1272 600 et
1292 575 1427 608 sapientio
1436 581 1477 601 res
1493 579 1519 600 et
1534 575 1750 608 perspic-tciurrs

962 627 1042 654 quatit
1059 620 1176 646 humana
1199 624 1297 646 natura
1315 624 1378 646 stitit
1395 629 1400 646 :
1419 620 1537 646 accrctio
1553 619 1624 645 enim
1642 619 1748 652 sapien-

962 665 1006 692 tite
1024 666 1203 691 accretionem
1221 665 1377 692 reverentia:
1389 670 1465 692 creat
1479 666 1531 699 (e);
1548 665 1620 690 sicut
1638 665 1663 690 id
1677 665 1748 697 quo-l

961 718 993 736 ex
1017 711 1101 737 radiis
1117 710 1182 737 solis
1199 718 1250 736 non
1269 715 1355 743 potest
1388 715 1512 744 aspectus
1532 710 1613 741 ferre,
1641 717 1692 735 non
1710 710 1750 735 sic

961 756 1157 788 cernitczecus,
1176 755 1246 781 sicut
1263 755 1309 789 qui
1327 755 1400 781 videt
1419 762 1425 780 :
1447 755 1479 781 ad
1495 755 1618 781 euunlem
1635 755 1743 780 modum

963 801 1034 833 quod
1049 804 1090 826 est
1106 799 1131 826 in
1156 800 1210 826 Deo
1224 800 1489 833 incoutprcbeustnn,
1505 807 1558 825 non
1581 800 1619 825 sic
1635 807 1693 828 nos,
1721 803 1750 824 ut

964 845 1012 876 illi,
1033 845 1222 879 cognoscimus
1236 853 1244 877 ;
1260 850 1390 879 quantum
1407 846 1478 871 enim
1493 846 1604 871 interest
1615 845 1659 871 iut-
1672 852 1685 870 r
1700 853 1749 870 rna-

963 897 1023 916 cum
1038 895 1064 917 et
1079 890 1224 920 videntem,
1239 895 1343 916 tantum
1361 891 1472 916 interest
1483 890 1552 916 inter
1563 898 1611 916 nos
1628 895 1655 916 ct
1670 889 1739 916 illos.

963 934 996 961 Et
1011 941 1104 962 rursus
1115 934 1185 961 idem
1202 935 1227 960 in
1243 935 1343 961 eisdem
1365 943 1371 960 :
1391 934 1432 961 Illi
1448 934 1529 968 igitur
1559 934 1647 968 angeli
1667 942 1748 967 aspe-

961 986 1021 1006 Ctus
1048 984 1161 1014 tegunt,
1181 979 1207 1006 bi
1223 974 1287 1006 vero
1310 980 1411 1014 alioqui
1430 979 1553 1006 homines
1579 980 1747 1005 ροιιιιηιιυιιι

962 1025 1102 1051 intendere
1120 1024 1214 1051 oculos
1234 1025 1404 1058 impudenter
1429 1024 1455 1050 in
1493 1024 1604 1059 gloriam
1630 1025 1746 1058 inexpli-

962 1070 1087 1097 cabilem.
1105 1070 1171 1103 Quis
1182 1077 1229 1098 eos
1247 1079 1299 1097 tton
1311 1070 1428 1097 deﬂeat?
1439 1070 1501 1104 quis
1513 1078 1566 1096 non
1579 1071 1665 1103 lugeat
1679 1071 1748 1097 hanc

966 1116 1132 1147 vecordiam,
1162 1120 1187 1142 et
1215 1121 1367 1142 extremam
1384 1115 1565 1142 dementiam?
1594 1115 1625 1142 Et
1649 1116 1747 1142 iterum

963 1162 1116 1193 idetn,cum
1130 1161 1253 1194 explanat
1273 1161 1337 1188 illud
1355 1169 1363 1187 :
1394 1161 1513 1187 Vidimus
1538 1162 1650 1196 gloriam
1677 1161 1746 1192 eius,

965 1207 1077 1242 gloriam
1094 1208 1171 1241 quasi
1192 1206 1328 1241 Unigent’ti
1354 1214 1369 1232 a
1385 1206 1467 1234 Patre
1483 1206 1526 1233 "z
1547 1206 1616 1237 Non,
1649 1207 1745 1240 inquit,

961 1252 1132 1283 vidissemus,
1145 1252 1195 1279 nisi
1212 1259 1258 1286 per
1272 1259 1369 1286 corpus
1388 1251 1466 1279 nobis
1479 1257 1628 1284 assuetum,
1648 1257 1673 1278 et
1694 1259 1744 1277 no~

960 1297 1062 1324 biscuut
1075 1297 1159 1323 alttun
1181 1297 1258 1324 nobis
1272 1297 1452 1331 apparuisset.
1470 1297 1501 1323 Et
1518 1297 1618 1328 adhuc,
1651 1297 1675 1323 in
1694 1297 1745 1324 hn-

960 1342 1032 1369 milia
1042 1343 1076 1369 15
1093 1343 1118 1369 in
1137 1342 1265 1370 Joannem
1280 1351 1287 1370 :
1300 1343 1330 1370 Si
1342 1343 1423 1369 Deum
1433 1351 1507 1369 nemo
1516 1342 1579 1369 vidit
1588 1350 1702 1376 unquam
1710 1342 1743 1374 ",

960 1387 1024 1420 quid
1058 1387 1151 1421 igitur,
1182 1387 1280 1420 inquit,
1312 1387 1537 1421 respondebimus
1567 1387 1745 1421 grandiloqno

959 1433 1046 1465 Isaia,
1061 1442 1122 1461 cum
1138 1435 1194 1461 ait:
1215 1434 1274 1460 Vidi
1291 1434 1373 1461 Deum
1389 1435 1520 1462 sedentem
1533 1442 1609 1467 super
1621 1435 1744 1461 thronum

124 1476 215 1511 pletur
228 1477 309 1513 Moysi
326 1479 489 1508 desiderium
507 1488 554 1515 per
568 1481 594 1507 id
609 1482 680 1515 quod
702 1481 778 1514 fecit,
800 1487 828 1509 ut
850 1491 906 1509 ma-
920 1486 943 1518 ε
958 1479 1099 1513 excelsum,
1115 1484 1139 1506 et
1152 1480 1178 1506 in
1193 1480 1303 1506 sublime
1319 1480 1419 1506 elatum
1434 1480 1475 1506 "2
1489 1484 1514 1506 ct
1530 1479 1639 1512 Joanui,
1652 1481 1696 1514 qui
1714 1481 1738 1507 ei

125 1527 206 1552 neret
217 1523 350 1557 cupiditas
360 1525 530 1560 inexplebilis
543 1525 592 1560 (ιν).
603 1525 674 1553 Idem
685 1527 711 1554 in
722 1527 910 1561 explanatione

126 1567 200 1594 illius
216 1567 399 1600 beatitudinis.
417 1569 491 1597 Beati
509 1570 606 1600 mundo
619 1572 706 1604 corde,
721 1573 844 1602 quoniam
857 1573 910 1607 ipsi

127 1611 212 1639 Deum
224 1613 344 1641 uidebunt
358 1614 380 1630 "
403 1622 411 1642 :
438 1615 487 1647 Qui
507 1623 554 1642 cor
566 1623 656 1647 suum,
676 1617 775 1650 inquit,
788 1618 821 1643 ab
836 1618 908 1644 omni

125 1655 268 1684 affectione
280 1659 385 1686 turbida
407 1661 572 1693 etnnndavit,
591 1661 616 1688 in
635 1663 741 1696 propria
758 1663 910 1697 pulchritu-

126 1701 347 1737 diucimag'nem
374 1703 588 1733 divinmuaturze
614 1708 752 1741 persp'cit.
784 1708 908 1735 Mensura

127 1747 199 1774 enim
218 1748 418 1782 perspicientia:
434 1750 492 1782 Dei,
507 1758 565 1783 qute
583 1759 596 1776 a
616 1756 640 1777 te
654 1752 712 1786 capi
728 1756 826 1785 potest,
845 1753 871 1778 in
883 1758 908 1779 te

124 1797 179 1820 cst.
200 1793 284 1827 Igitur
299 1794 343 1828 qui
369 1802 398 1822 se
413 1795 470 1828 ipse
494 1796 576 1828 videt,
591 1796 618 1823 in
635 1803 663 1823 se
678 1797 748 1831 quod
760 1797 907 1830 desiderat,

127 1837 212 1870 videt,
230 1842 310 1872 atque
323 1838 359 1864 ita
376 1839 492 1867 mundtts
507 1841 588 1868 corde
601 1841 715 1868 edicitur
726 1842 830 1873 beatus,
847 1850 908 1869 cum

126 1881 236 1909 intuens
262 1883 289 1910 in
313 1891 388 1912 suam
402 1885 572 1918 munditiem,
590 1886 617 1914 in
636 1887 753 1921 imagine
774 1895 821 1914 sua
838 1889 909 1915 videt

127 1927 275 1962 exemplar.
291 1929 403 1956 Divintts
419 1929 570 1958 Diadoebus
595 1931 653 1969 (c),
671 1937 699 1959 et
723 1933 822 1959 silentii
851 1941 909 1959 Ina-

127 1973 220 2008 gister:
234 1973 328 2006 Nemo,
340 1974 437 2008 inquit,
450 1983 510 2003 cum
524 1983 632 2003 sensum
647 1977 742 2004 mentis
754 1977 837 2008 audit.
848 1986 910 2012 spe--

128 2022 168 2044 ret
178 2017 265 2045 videre
273 2019 357 2046 octtlis
365 2019 476 2054 gloriam
487 2021 612 2052 Dei,senti
618 2022 637 2047 ri
647 2022 717 2048 enim
727 2029 784 2049 eam
793 2022 909 2051 dicimus

128 2068 206 2099 gustu
224 2067 351 2098 quodam,
363 2066 408 2100 qui
423 2068 543 2100 expromi
557 2075 609 2095 non
622 2073 720 2102 potest,
734 2068 830 2095 divina:
843 2076 909 2096 con-

126 2108 277 2140 solationis,
295 2117 356 2136 cum
373 2112 432 2144 quis
443 2112 559 2138 animam
575 2112 738 2146 purgaverit,
755 2120 805 2139 nou
817 2118 907 2140 autent

961 1524 1144 1550 testimonium
1168 1525 1278 1559 praebet,
1293 1532 1352 1550 cum
1371 1524 1409 1550 ait
1423 1532 1431 1551 :
1457 1524 1520 1550 Ηίει
1533 1525 1612 1557 dixit,
1629 1525 1736 1560 quando

959 1568 1024 1595 uidit
1039 1569 1151 1602 gloriam
1174 1569 1231 1603 ejus
1252 1569 1296 1596 "7
1322 1569 1390 1602 Quid
1419 1569 1577 1597 Ezecltieli?
1607 1571 1740 1604 siquidem

959 1613 1017 1646 ipse
1032 1615 1112 1641 etiam
1138 1614 1204 1642 vidit
1219 1622 1278 1642 eum
1294 1615 1432 1642 sedentem
1454 1622 1535 1650 super
1546 1616 1691 1643 Clierubitn
1708 1617 1742 1642 ⁶⁷.

959 1660 1027 1692 Quid
1044 1660 1232 1687 Danicli'lcum
1244 1661 1281 1687 ait
1298 1670 1305 1688 :
1324 1661 1455 1695 Antiqua:
1472 1662 1575 1688 dierum
1590 1662 1695 1689 sedebat
1709 1663 1742 1689 "'.

959 1705 1028 1738 Quid
1041 1706 1123 1741 Moysi
1135 1707 1146 1732 ?
1162 1707 1206 1740 qui
1219 1707 1282 1733 dixit
1300 1714 1308 1734 :
1327 1707 1440 1734 Ostende
1456 1707 1520 1734 mihi
1531 1707 1645 1742 gloriam
1659 1713 1742 1741 tuam,

960 1755 987 1777 ut
1008 1752 1146 1785 manifeste
1162 1752 1263 1778 videam
1292 1756 1317 1777 te
1345 1752 1378 1778 θ’.
1398 1750 1482 1778 lat-ob
1497 1757 1587 1779 autent
1607 1752 1668 1780 ltinc
1694 1760 1743 1778 no-

960 1804 1020 1822 men
1037 1796 1140 1830 accepit
1155 1797 1360 1830 cognominatus
1382 1797 1473 1828 Israel,
1508 1797 1533 1823 id
1552 1802 1604 1829 cst,
1620 1806 1691 1823 mens
1707 1799 1744 1824 vi-

958 1841 1022 1867 dens
1039 1841 1120 1867 Deum
1141 1842 1175 1868 '"’.
1200 1842 1269 1874 Quid
1298 1842 1379 1876 igitur
1412 1842 1450 1868 ait
1471 1841 1594 1870 Joannes
1621 1851 1628 1867 :
1651 1840 1742 1868 ‘Dcum

959 1894 1033 1913 nemo
1046 1887 1109 1913 sidit
1125 1887 1257 1922 unquam?
1270 1887 1365 1920 Liquet
1375 1888 1466 1915 omnia
1477 1888 1521 1914 illa
1534 1888 1566 1914 ad
1580 1888 1743 1915 condescen-

960 1933 1062 1959 sionem
1083 1933 1262 1966 pertinuisse;
1279 1936 1341 1967 quia
1358 1935 1429 1960 enim
1448 1933 1566 1960 futurum
1581 1939 1637 1960 erat
1656 1939 1682 1959 nt
1696 1933 1741 1960 Fi-

960 1979 1012 2006 lius
1025 1979 1069 2005 Dei
1086 1980 1110 2006 in
1119 1986 1180 2006 vera
1191 1987 1272 2006 carne
1288 1985 1439 2013 appareret,
1456 1979 1655 2006 assuefaciebat
1667 1986 1712 2005 eos
1725 1987 1738 2004 u

960 2023 1090 2058 principio
1100 2024 1169 2050 Deus
1182 2023 1208 2049 in
1221 2024 1303 2058 gloria
1317 2024 1361 2049 Dei
1376 2023 1501 2054 videnda,
1513 2028 1640 2057 quantum
1656 2025 1688 2049 ab
1701 2024 1742 2049 eis

959 2069 1042 2096 videri
1058 2073 1172 2102 poterat.
1186 2068 1256 2100 Quid
1272 2069 1342 2095 enim
1358 2069 1392 2095 sit
1422 2068 1491 2096 Deus
1508 2077 1559 2096 non
1575 2068 1660 2095 solum
1677 2076 1741 2101 pru-

960 2115 1058 2148 phetae,
1076 2114 1122 2141 sed
1143 2121 1193 2141 nec
1220 2113 1315 2148 angeli,
1339 2120 1388 2140 nec
1411 2114 1564 2148 archangeli
1592 2114 1738 2141 viderunt:

127 2159 259 2185 apparere
269 2153 292 2180 ei
303 2154 403 2189 aliquid
414 2163 508 2182 eorum
519 2163 577 2190 qua;
587 2156 638 2183 sub
647 2161 784 2190 aspectum
795 2157 905 2190 cadunt,
925 2159 946 2186 D
961 2160 1034 2186 solus
1049 2158 1133 2186 Filius
1155 2163 1180 2184 et
1199 2158 1318 2192 Spiritus
1337 2162 1446 2186 sanctus
1462 2165 1522 2184 eum
1538 2158 1640 2184 vident.
1664 2158 1739 2190 Quo-

128 2198 262 2232 siquidcm
279 2207 351 2226 nunc
369 2208 417 2235 per
432 2201 521 2234 tidem,
537 2206 564 2228 et
578 2208 630 2228 non
646 2209 694 2236 per
716 2202 833 2236 speciem
848 2211 904 2230 aut.

160 2278 182 2294 "
202 2277 271 2304 Psal.
289 2285 371 2308 uxv.
398 2286 525 2306 cunni.

127 2313 149 2329 ιι
169 2312 232 2346 ibid.
249 2312 292 2340 ts.
341 2314 362 2330 ιι
379 2314 427 2340 nu.
445 2321 484 2346 νι,
512 2315 536 2341 t.

587 2316 609 2332 ⁶⁶
634 2316 711 2344 Joan.
731 2325 780 2348 ιιι,
794 2317 839 2344 41.

127 2347 148 2363 ’⁸
167 2345 236 2375 Gen.
254 2355 340 2379 χχχιι,
355 2348 398 2375 28.

564 2281 586 2296 ⁶⁰
611 2281 694 2308 Exod.
712 2289 807 2312 xxxttl,
833 2282 878 2309 20.
915 2282 936 2298 ⁶¹
965 2283 1060 2310 Matth.
1085 2292 1112 2315 ν,
1136 2284 1163 2311 8.

587 2316 609 2332 ⁶⁶
634 2316 711 2344 Joan.
731 2317 839 2348 xn,4l.
878 2318 899 2333 ⁸⁷
913 2318 1007 2345 Ezeeb.
1028 2326 1054 2349 x,
1084 2318 1108 2345 ι.
1147 2319 1163 2334 θ’

961 2204 1040 2231 modo
1057 2203 1129 2230 enim
1153 2203 1241 2240 omnis
1256 2209 1352 2230 natura
1373 2208 1464 2231 creata
1482 2203 1572 2230 videre
1586 2204 1683 2238 poterit
1699 2203 1738 2238 (ι)

1201 2285 1258 2312 "ll
1283 2283 1347 2311 Cor.
1379 2293 1406 2317 v,
1439 2285 1464 2311 7.
1503 2285 1620 2312 "Joan.
1646 2293 1664 2316 ι,
1696 2285 1738 2312 ιι.

1147 2319 1169 2334 ⁸⁸
1195 2319 1262 2346 Dan.
1289 2327 1337 2352 vu,
1359 2321 1402 2346 t5.
1442 2320 1465 2336 "
1478 2319 1562 2347 Exod.
1583 2319 1738 2354 xxxnt,18.

860 2408 997 2440 Scholia.

161 2467 198 2508 tt)
225 2465 304 2508 nulla
335 2471 431 2506 natura
458 2471 547 2508 creata
574 2467 669 2508 'vid'ere
689 2467 901 2508 Deumpoterit,

127 2501 189 2533 quid
208 2502 245 2527 sit
261 2509 269 2533 ;
302 2508 350 2527 nec
369 2501 440 2527 enim
466 2502 534 2527 beati
559 2501 600 2528 sic
618 2501 701 2528 Deum
718 2501 857 2534 videbunt,
874 2509 902 2530 nt

127 2537 188 2571 quid
205 2537 251 2568 sit,
265 2535 384 2562 videant.
403 2535 440 2562 De
457 2535 608 2570 huiusmodi
629 2537 735 2564 visione
752 2540 779 2564 et
805 2538 899 2572 cogni-

160 2606 197 2641 ta)
210 2606 341 2644 Cognosci
359 2615 411 2634 non
425 2612 523 2644 potest,
540 2607 602 2642 quid
617 2609 651 2637 sit
661 2609 764 2637 scilicet
777 2617 784 2636 :
801 2611 835 2637 de
850 2609 900 2637 bac

127 2643 194 2670 enim
215 2642 366 2674 cognitione
380 2642 506 2676 loquilttr.

160 2676 197 2708 (ὁ)
211 2676 307 2711 Doctus
325 2677 395 2703 enim
410 2685 539 2711 responso
551 2678 607 2710 Dei,
624 2679 721 2706 desivit
745 2678 899 2708 desiderare

128 2711 217 2749 videre
229 2709 321 2749 Deum
337 2712 363 2749 in
391 2709 525 2749 Ita_c_'vit:_i,
540 2718 566 2739 et
581 2709 706 2741 incensus
722 2718 763 2742 est
779 2714 898 2749 inexple-

129 2746 169 2772 bili
179 2745 312 2771 desiderio
322 2746 426 2772 videndi
446 2747 471 2772 in
486 2747 580 2774 altera.

161 2781 194 2811 (r)
209 2779 235 2806 lu
250 2780 339 2808 libello
356 2781 392 2808 De
404 2782 536 2809 suirituuli
551 2782 715 2815 perfectione.

959 2471 1031 2507 tione
1045 2471 1092 2499 Dei
1108 2472 1257 2504 loquuntur
1271 2480 1377 2507 semper
1389 2472 1501 2506 Patres,
1521 2481 1580 2500 cum
1603 2481 1662 2501 eam
1687 2475 1737 2503 tol-

955 2505 1013 2533 lunt
1028 2512 1055 2533 et
1065 2512 1173 2541 negant.

975 2611 1029 2651 _(d)
1046 2610 1187 2638 Certamen
1201 2610 1277 2642 dicit,
1296 2618 1350 2646 quo
1363 2615 1499 2638 certamus
1521 2618 1582 2639 cum
1602 2612 1661 2648 lege
1674 2621 1736 2641 car—

954 2653 1023 2714 md)
1039 2679 1227 2707 Rcverentiam
1250 2680 1321 2707 enim
1336 2680 1390 2706 Deo
1404 2680 1515 2708 adhibet
1536 2682 1581 2715 qui
1601 2682 1653 2708 scit
1671 2689 1732 2709 eum

951 2723 1003 2750 non
1021 2722 1100 2748 posse
1110 2715 1300 2750 comprehendi
1314 2724 1320 2746 ;
1334 2714 1415 2749 etqui
1434 2716 1519 2750 tnagis
1533 2714 1584 2745 hoc
1598 2717 1659 2749 scit,
1675 2724 1733 2743 ina-

945 2749 1032 2784 jorem
1046 2750 1225 2778 reverentiam
1245 2749 1365 2777 adhibet.
