1954 3071
97 137 152 169 917

97 239 244 272 pnmlicari
258 239 305 270 ait,
322 239 349 264 id
363 242 414 268 est,
431 237 521 264 omnia
539 236 564 262 itt
579 236 639 270 ipso
659 235 792 269 intelligi:
806 242 892 267 κατη-

97 278 247 320 ὴορεϊσθαι
267 284 351 315 enim,
369 283 395 309 id
412 286 463 313 est,
481 281 634 316 praedicari,
657 280 719 313 hoc,
735 281 831 315 inquit,
847 287 892 307 se-

97 330 220 357 Clillduill
237 328 410 364 philosophos
434 328 565 359 declarat,
583 327 641 358 ipse
656 331 746 354 atttem
765 326 833 354 nihil
849 328 891 352 est

101 381 199 400 eorum
223 380 336 407 quorutn
370 379 451 399 causa
483 376 543 405 est;
569 372 630 407 quia
654 377 696 399 est
712 379 793 406 supra
821 378 891 401 esse,

99 426 188 452 quare
205 418 361 452 negationes
379 418 487 452 quidem
500 418 550 444 ltoc
562 417 713 448 declarant.
729 422 822 444 utnon
841 418 890 444 lta-

100 465 170 492 ltens
180 464 307 496 formam,
322 465 379 491 sive
389 464 448 491 sine
462 465 558 495 forma,
571 463 630 491 sine
643 463 854 497 pulchritudine,
865 469 892 490 et

100 510 212 543 similia,
224 510 289 536 illud
297 517 359 537 vero
367 517 427 537 esse
441 509 529 536 omnis
542 509 632 544 ﬁgurat
644 513 671 536 et
682 509 771 536 omnis
779 510 890 544 speciei,

101 556 227 582 declarat
242 556 329 590 ipsum
352 563 411 582 esse
429 563 540 582 causam
557 555 646 582 omnis
663 555 774 588 speciei,
791 559 818 582 et
833 563 890 582 om-

102 599 149 626 nis
167 599 269 633 ﬁgurae,
287 600 413 627 similiter
438 600 542 634 reliqua
563 599 697 633 ejusmodi
714 599 891 634 intelligenda

101 652 177 674 sunt.
196 646 268 673 ldetn
294 651 406 674 sanctus
425 645 558 673 Maximus
574 647 600 672 itt
615 647 708 673 eodem
727 647 798 677 loco,
824 654 892 673 cott-

102 698 147 718 tra
165 692 229 718 illud
258 699 319 727 esse
342 692 432 719 ontnis
460 693 561 726 ligurze,
587 693 717 727 opposuit
742 700 803 720 esse
834 693 893 719 sine

103 739 203 769 forma,
217 739 279 772 quia
293 745 380 772 supra
398 739 602 772 incorporeum,
615 743 641 766 et
665 746 746 773 supra
771 739 892 766 vacatio-

101 792 165 810 netn
188 784 322 811 materiae:
350 791 403 811 non
423 783 557 811 [armatus
570 785 603 811 ad
621 785 770 819 quidquam
795 793 891 812 eorum

102 836 164 862 qoze
177 833 250 860 sunt,
270 833 363 856 contra
394 828 457 856 illud
486 836 550 856 vero
575 836 636 856 esse
667 830 757 857 omnis
780 830 892 864 speciei,

103 874 232 906 opposuit
251 881 311 901 esse
333 874 391 901 sine
409 873 628 908 pttlcltritudine;
662 875 721 902 sine
746 875 896 910 pulchritu—

102 918 167 944 diue
183 919 257 950 dicit,
276 919 337 952 quia
355 919 387 946 ab
414 920 471 953 ipso
489 920 559 948 facta
571 927 613 948 est
629 913 818 956 pttit:hritutlo;
837 922 894 956 ipse

102 971 169 990 vero
185 969 227 991 est
242 972 324 999 supra
355 966 606 1000 pulchritudinem;
635 969 813 995 auctoritates
829 975 895 994 vero

102 1009 251 1043 S‘ripturze
267 1017 330 1038 sunt
351 1019 356 1036 :
378 1011 498 1040 Vidimus
513 1021 582 1045 eum,
600 1019 623 1040 et
640 1022 691 1040 non
707 1015 818 1042 habebat
834 1022 892 1048 spe—

103 1058 171 1085 ciem
190 1057 237 1092 (I),
255 1066 337 1094 neque
348 1060 571 1093 pulchritudinem
588 1061 622 1088 ".
640 1061 711 1088 Idem
728 1064 754 1089 iu
772 1062 894 1090 centuria

103 1109 124 1129 ιι
152 1102 189 1128 De
218 1103 370 1137 cImrt'tale,
395 1106 484 1139 capite
511 1105 570 1133 29:
595 1106 680 1138 Sient,
708 1107 805 1141 inquit;
838 1115 895 1134 ma-

104 1147 161 1174 lum
192 1148 306 1182 privatio
340 1150 403 1176 boni
441 1154 502 1184 est,
534 1156 561 1178 et
585 1152 738 1185 ignorantia
777 1152 894 1186 privatio

105 1193 281 1226 cognitionis,
301 1194 340 1221 sic
355 1195 426 1229 quod
453 1203 506 1223 nott
532 1200 574 1223 est
603 1196 723 1231 privatio
739 1197 798 1231 ejus
824 1197 894 1232 quod

105 1243 169 1271 est;
198 1246 249 1266 non
267 1244 357 1266 autem
377 1240 436 1274 ejus
457 1242 526 1275 qttod
545 1242 652 1276 proprie
672 1246 712 1269 est
730 1243 795 1276 (nou
821 1242 893 1269 enim

107 1283 388 1321 habetcontrarium),
402 1286 449 1312 sed
464 1286 523 1320 ejus
536 1286 607 1320 qttod
621 1290 661 1313 est
680 1286 891 1321 participatione

106 1327 167 1361 ejus
184 1329 254 1363 qttod
270 1330 378 1364 proprie
390 1336 443 1362 est,
455 1338 487 1358 ac
511 1331 675 1365 privationes
694 1331 802 1365 quidem
831 1331 894 1358 illo-

107 1380 168 1400 rttm
197 1374 318 1407 priornttt
349 1375 460 1402 liberam
475 1375 638 1403 voluntatem
655 1383 747 1403 eorum
763 1377 808 1411 qui
831 1376 893 1404 facti

107 1422 183 1448 sunt,
198 1424 366 1452 sequuntur;
395 1420 510 1453 privatio
532 1427 594 1448 vero
617 1421 697 1455 hujus
726 1422 839 1449 secundi
865 1422 892 1449 itt

108 1462 249 1492 voluntate
259 1463 317 1498 ejus
336 1465 381 1498 qtti
396 1465 467 1496 fecit.
477 1470 528 1499 est;
544 1466 589 1500 qtti
603 1473 711 1500 semper
724 1470 834 1501 propter
846 1467 894 1493 bo-

109 1508 222 1535 nitatem
239 1517 315 1536 suant
345 1511 403 1538 vult
432 1518 490 1539 esse
508 1519 539 1538 ea
557 1519 616 1544 quas
634 1517 707 1544 sunt,
737 1517 765 1539 et
785 1512 819 1543 ab
834 1513 894 1546 ipso

110 1561 219 1588 semper
232 1555 333 1590 jttvari.
360 1557 392 1584 Et
417 1565 512 1584 rursus
543 1557 690 1593 Dionysius
709 1558 736 1585 in
766 1558 894 1585 eisdem:

110 1599 237 1626 Omnium
253 1601 334 1636 igitur
345 1602 554 1636 principium,ct
565 1603 635 1634 linis,
650 1603 696 1637 qtti
707 1607 747 1630 est
761 1607 824 1629 ante
837 1610 896 1630 ont—

112 1646 167 1678 nia,
189 1647 349 1681 principium
357 1647 464 1682 quidcttt
478 1652 508 1675 ut
519 1656 620 1682 causa;
639 1648 700 1676 ﬁnis
723 1655 788 1676 vero
801 1653 829 1675 ut
845 1655 898 1675 cu-

149 1737 172 1766 "
187 1750 241 1782 Isa.
256 1757 313 1781 Llll,
341 1750 368 1779 2.

432 136 551 168 DECAS
570 135 648 166 VIII.
665 146 699 160 -τ
719 134 768 164 DE
783 133 1004 164 INFINITATE
1024 129 1088 163 DEI
1107 133 1145 162 IN
1161 130 1387 162 CBEATURIS.

53 208 59 216 ι
100 194 251 225 Maximus,
269 193 416 221 secundum
428 193 566 219 nctionent
581 198 673 218 causa:
688 191 779 218 omnia
791 190 824 217 de
838 189 892 216 Deo
908 191 931 221 Α
943 189 988 223 jus
1004 196 1097 220 causa;
1113 193 1139 215 et
1157 188 1219 215 ﬁnis
1234 187 1365 217 omnium,
1395 189 1476 219 atque
1492 183 1613 211 inﬁnitas
1641 182 1730 209 Omnis

1677 124 1730 156 913

944 234 1085 262 inﬁnitatis
1099 238 1127 261 et
1145 233 1346 260 terminationis
1362 231 1526 259 excellenter
1537 230 1607 256 sicut
1622 229 1731 262 opposi-

945 286 1032 307 torutn
1049 280 1098 314 (2).
1121 279 1152 306 Et
1175 280 1258 311 idem,
1273 279 1298 305 itt
1316 277 1435 306 secundo
1455 276 1556 308 capite;
1581 275 1614 302 de
1630 274 1731 301 eisdem

943 327 1042 353 divinis
1055 325 1234 352 nominibus:
1265 324 1429 358 Copulalum
1451 323 1560 357 quidem
1592 327 1619 347 et
1653 328 1730 346 cont«

943 379 1025 399 mune
1041 371 1067 398 itt
1086 370 1219 397 Trioitate
1248 378 1302 396 ttno
1318 369 1438 396 omnium
1456 367 1601 402 principio,
1619 371 1645 392 et
1663 366 1730 391 sub-

944 418 1042 445 stantia
1059 425 1139 450 supra
1161 416 1354 446 substantiam,
1371 415 1498 441 divinitas
1529 421 1608 447 supra
1637 412 1732 439 divini-

944 468 1048 494 tatem;
1079 462 1187 488 bonitas
1217 468 1299 494 supra
1318 461 1465 487 bonitatem
1489 459 1539 493 (η),
1557 459 1626 484 idem
1651 463 1733 491 supra

943 507 1046 539 omnia,
1062 506 1156 533 eadem
1178 506 1204 532 in
1228 510 1281 532 tota
1306 505 1471 539 proprietate
1500 503 1538 536 (ὅ)
1570 511 1630 537 quae
1650 509 1734 535 supra

942 551 1034 578 omnia
1048 555 1090 577 est
1109 559 1115 577 ε
1130 550 1219 577 unitas
1236 551 1276 584 (4)
1297 557 1378 584 supta
1395 550 1523 576 unitatem
1537 548 1734 581 principialcm;

944 596 1087 623 itteﬁabilis
1114 596 1164 630 (5),
1185 595 1330 622 multarum
1345 602 1452 623 vocum;
1483 593 1616 627 ignomtio
1636 593 1673 626 (6)
1703 600 1736 618 ex

942 642 1016 669 omni
1030 642 1197 669 intellectilis
1211 641 1261 675 (7);
1282 641 1403 668 ontniuttt
1420 641 1520 673 positio
1542 640 1592 674 (8),
1615 639 1736 666 omnium

943 689 1055 716 ablatio.
1076 688 1108 714 Et
1119 696 1214 715 rursus
1227 688 1309 718 idem,
1327 687 1413 720 capite
1431 687 1458 718 7,
1475 688 1507 712 de
1519 686 1620 712 eisdem
1638 685 1737 711 divinis

944 735 1116 762 nominibus:
1131 735 1264 767 Quocirca
1280 724 1351 760 Deus
1365 733 1391 759 in
1408 733 1534 759 omnibus
1549 731 1734 763 cognoscitur,

944 785 971 807 et
993 781 1141 815 separatim
1157 782 1190 807 ab
1208 780 1353 812 omnibus;
1368 783 1394 805 et
1409 786 1455 812 per
1471 778 1652 812 cognitionem
1669 777 1739 803 Dcus

949 828 1134 862 cognoscitur,
1148 835 1179 854 ac
1197 835 1245 862 per
1260 828 1476 862 ignorationem;
1490 832 1516 854 et
1530 831 1570 852 est
1584 827 1615 852 de
1635 833 1667 852 co
1693 833 1741 851 co-

954 873 1050 906 gnitio,
1065 872 1145 904 ratio.
1162 874 1320 905 etscientizt,
1331 878 1358 900 et
1374 878 1470 904 tactus,
1487 878 1514 899 et
1524 879 1629 903 sensus,
1643 877 1671 898 ct
1685 871 1742 905 opi-

955 919 1009 951 nio,
1023 924 1049 946 et
1063 919 1200 954 cogitatio,
1212 923 1240 946 et
1254 927 1362 951 nomen,
1378 924 1404 946 ct
1419 919 1469 945 alia
1485 918 1574 946 omnia
1587 926 1594 949 ;
1612 922 1637 943 et
1652 923 1740 950 neqtte

955 964 1124 999 intelligitur,
1138 972 1226 999 neque
1240 965 1349 996 dicitur,
1375 972 1462 998 neque
1477 964 1634 1002 nominatur
1645 982 1652 994 ,
1690 969 1739 988 nec

954 1016 995 1038 est
1012 1011 1114 1046 aliquid
1127 1019 1219 1039 eorum
1238 1019 1296 1046 qure
1318 1015 1380 1038 sunt
1392 1033 1398 1043 ,
1419 1019 1467 1038 nec
1485 1011 1510 1038 iu
1538 1010 1627 1043 aliquo
1643 1016 1736 1035 eorum

954 1064 1013 1090 quae
1025 1061 1099 1088 sunt,
1110 1057 1303 1092 cognoscitur,
1319 1061 1346 1084 et
1362 1058 1386 1084 itt
1400 1057 1526 1084 omnibus
1537 1056 1627 1083 omnia
1645 1059 1699 1086 est,
1714 1058 1741 1081 et

954 1104 1022 1130 nihil
1035 1103 1061 1130 in
1074 1104 1137 1136 ttllo;
1151 1109 1177 1130 et
1190 1111 1221 1130 ex
1233 1103 1359 1131 omnibus
1369 1104 1402 1130 ab
1417 1103 1541 1130 omnibus
1555 1101 1739 1135 cognoscitur,

953 1155 981 1177 et
1008 1158 1022 1177 a
1058 1150 1133 1177 nullo
1149 1158 1182 1176 ex
1213 1149 1267 1176 ulla
1301 1157 1340 1176 re.
1374 1149 1402 1175 Et
1435 1149 1532 1175 iterum
1553 1168 1559 1179 ,
1591 1147 1617 1173 itt
1645 1147 1737 1180 capite

953 1196 1041 1230 primo
1056 1204 1063 1222 :
1081 1194 1126 1222 Sic
1141 1195 1234 1230 igitur,
1255 1194 1354 1228 inquit,
1377 1201 1466 1221 causa!
1479 1193 1613 1222 omnium,
1638 1196 1665 1218 et.
1680 1198 1742 1225 quae

953 1249 1033 1275 supra
1059 1241 1149 1268 omnia
1185 1246 1247 1273 est,
1278 1240 1420 1268 conveniet
1455 1246 1507 1266 non
1543 1237 1689 1270 nominari,
1715 1241 1742 1263 et

952 1287 1074 1314 omnium
1097 1295 1186 1314 rerum
1205 1286 1363 1314 nominibus
1391 1285 1535 1312 nominari.
1554 1284 1590 1310 Et
1619 1284 1662 1310 his
1680 1282 1738 1310 eni-

952 1332 1023 1358 eitur
1050 1331 1235 1363 manifestum,
1256 1330 1327 1365 quod
1353 1330 1598 1363 nihileorutnqute
1609 1327 1740 1361 sunt,ip-

952 1385 1012 1405 sum
1031 1377 1100 1404 idetn
1115 1376 1213 1403 dicitur
1227 1376 1389 1409 substantia,
1403 1379 1430 1402 et
1442 1382 1523 1408 supra
1536 1375 1714 1402 substantiam
1732 1381 1739 1399 :

951 1422 1075 1450 similiter
1092 1422 1118 1448 itt
1133 1421 1204 1453 aliis,
1220 1428 1306 1455 neque
1317 1421 1382 1453 vita,
1395 1425 1421 1447 et
1436 1427 1517 1454 supra
1531 1421 1611 1446 vitam
1628 1427 1643 1454 ςν
1654 1425 1742 1452 neque

951 1465 1120 1498 intellectus,
1136 1471 1225 1493 etnon
1244 1466 1436 1500 intelligentia;
1451 1473 1537 1498 neque
1552 1465 1632 1496 ratio,
1645 1467 1672 1490 et
1693 1471 1739 1489 ra-

952 1512 1033 1539 tionis
1046 1512 1163 1544 vacatio,
1190 1519 1240 1538 nec
1265 1511 1382 1545 idipsum
1403 1510 1604 1545 participatum,
1639 1512 1666 1535 et
1688 1515 1740 1534 tton

948 1557 1140 1592 participatum
1154 1565 1161 1589 ;
1175 1563 1263 1592 neque
1280 1557 1457 1588 nominatum,
1474 1560 1500 1583 et
1513 1554 1740 1586 carcnsnoatinc,

951 1609 978 1631 et
994 1603 1045 1631 alia
1058 1611 1089 1631 ex
1110 1603 1144 1631 iis
1159 1612 1218 1639 quae
1229 1604 1315 1638 primo
1330 1607 1392 1631 sttnt
1408 1603 1459 1638 (9),
1479 1611 1512 1630 ne
1540 1602 1646 1637 singula
1674 1608 1741 1627 enu-

957 1657 1058 1683 merem
1079 1659 1086 1678 :
1101 1650 1219 1686 cognitio
1234 1654 1259 1677 et
1276 1649 1408 1684 ignoratio
1422 1658 1430 1683 ;
1448 1649 1549 1682 lumen,
1562 1651 1589 1675 et
1601 1646 1717 1675 tenebrat
1732 1653 1739 1672 :

853 1817 993 1849 Scholia.

152 1872 190 1905 (i)
207 1870 263 1898 Hoc
277 1871 309 1898 de
321 1870 428 1898 Christo
443 1871 589 1899 secundum
601 1870 796 1898 humanitatem
806 1879 819 1897 a
829 1870 894 1899 Pro-

115 1907 196 1941 pheta
205 1906 307 1933 dictum
315 1909 368 1938 est,
378 1907 448 1939 qttod
456 1907 540 1940 magis
549 1907 636 1933 adltttc
645 1906 762 1933 declarat
771 1906 841 1940 quod
853 1912 895 1941 se-

115 1939 228 1974 quitur:
246 1940 298 1968 Sed
317 1942 404 1973 potius
416 1939 519 1974 species
533 1941 590 1974 ejus
609 1939 786 1973 inhonorata,
798 1945 825 1968 et
844 1939 894 1967 de-

116 1976 210 2002 ﬁciens
221 1976 365 2009 plusquam
374 1976 399 2002 in
408 1975 531 2002 otnnibus
543 1975 604 2003 ﬁliis
614 1975 751 2002 hominum
763 1995 769 2002 .
777 1976 815 2002 sic
822 1975 893 2002 enim

116 2015 157 2037 est
173 2010 242 2043 apud
255 2009 334 2037 LXX.
352 2009 524 2037 Deﬁciettteut
539 2011 606 2037 dixit
631 2015 740 2044 propter
770 2011 896 2036 ntutatio‘

117 2052 180 2071 nem
192 2045 290 2072 coloris
301 2045 431 2072 naturalis
443 2045 470 2071 in
482 2045 610 2078 pallorem
623 2052 656 2071 ex
668 2052 775 2072 recessu
784 2044 894 2077 caloris,

117 2079 151 2106 ad
166 2080 258 2106 intima
272 2080 402 2110 sanguine
419 2087 448 2106 se
461 2079 647 2112 contrahente,
661 2084 688 2106 et
701 2079 844 2113 superﬁcie
855 2087 896 2106 re-

118 2114 258 2148 frigerata,
275 2119 303 2140 ttt
325 2114 455 2141 Leontius
482 2113 626 2147 Byzantius
653 2115 756 2141 notavit
779 2114 900 2141 scribens

117 2155 211 2176 contra
220 2148 480 2184 Ἂφθαρτοδοκήτας,
491 2149 534 2182 qui
543 2156 651 2175 carnem
661 2149 760 2176 Christi
770 2150 902 2183 corrupti-

118 2183 199 2210 ltilem
216 2183 300 2210 fuisse
328 2184 469 2217 negabant,
488 2191 519 2210 ac
532 2183 644 2217 proinde
660 2192 712 2211 nott
729 2184 813 2211 fuisse
828 2184 853 2209 in
869 2191 901 2211 eo

119 2219 257 2252 passiones
269 2218 405 2245 naturales
432 2218 582 2245 tradebant.
600 2218 652 2244 Sed
673 2219 739 2245 nihil
765 2218 898 2252 prohibet,

118 2253 182 2284 quin
196 2253 229 2279 de
238 2253 346 2280 Christo
362 2260 467 2287 quoque
492 2254 638 2280 secundum
648 2254 815 2280 divinitatem
826 2254 903 2279 intel—

118 2287 217 2321 ligatur
225 2295 283 2314 esse
292 2288 351 2314 sine
361 2288 450 2322 specie
458 2292 484 2314 et
494 2287 752 2322 pulchritudine,qni
759 2294 818 2315 erat
826 2295 902 2314 crea-

120 2328 161 2347 tor
176 2323 393 2355 pulchritudinis,
409 2330 439 2348 ac
456 2323 566 2355 proinde
581 2330 632 2349 non
645 2324 766 2356 pulcher,
783 2323 898 2357 quiasu-

119 2364 246 2392 praquutn
261 2358 381 2391 pulcher,
396 2358 467 2391 quod
481 2362 522 2384 est
537 2363 596 2383 esse
605 2358 663 2384 sine
689 2359 789 2392 specie.

158 2391 195 2426 (Ξ)
207 2391 400 2425 Ορροειιονιιηι.
426 2392 465 2418 Ab
476 2392 559 2425 ipsius
575 2391 710 2419 inﬁnitate
723 2392 900 2426 proﬁciscitur

119 2428 207 2453 omnis
222 2427 349 2461 inﬁnitas,
365 2432 392 2452 et
412 2427 564 2453 terminatio
577 2431 704 2461 tanquam
719 2435 734 2453 a
759 2435 841 2454 causa
854 2435 902 2454 ex-

120 2470 185 2494 snpe
191 2461 484 2495 rattte,t-tsuperlata,et
495 2461 628 2488 cﬁ‘ectricc
635 2463 828 2495 oppositurum,
838 2463 899 2495 quia

121 2497 146 2522 in
163 2504 192 2522 se
202 2496 280 2522 habet
293 2497 381 2522 omnia
395 2499 464 2522 unde
474 2498 564 2522 omnia
577 2504 636 2530 qua:
647 2497 681 2523 de
694 2496 747 2523 Deo
757 2499 902 2530 prtcdican-

122 2531 328 2563 tor,possuntde
334 2531 428 2557 eodem
442 2531 543 2565 negari,
555 2532 616 2564 quia
626 2539 678 2558 non
694 2531 858 2558 conveniunt
866 2531 902 2566 ei,

122 2571 150 2591 ttt
169 2566 342 2592 Inveniuntur
357 2566 382 2591 itt
397 2566 477 2591 rebus
491 2566 599 2598 creatis,
613 2573 639 2592 et
650 2566 870 2598 utintclligtmtur
889 2574 904 2592 a

122 2600 210 2632 nobis,
231 2605 257 2626 et
276 2600 478 2634 signiﬁcantur;
500 2600 640 2627 uttdeltcet
650 2602 684 2628 sit
703 2601 863 2634 principium
876 2605 903 2627 et

124 2635 195 2666 tutis,
213 2635 388 2661 sicutdtctutn
406 2639 457 2667 est,
483 2639 572 2661 tamen
597 2644 683 2670 neque
704 2636 784 2662 habet
804 2637 904 2669 princi-

123 2670 206 2706 νίιιιιιξ
216 2676 303 2703 neque
313 2670 404 2706 liuent,
417 2677 501 2706 neque
515 2669 719 2702 ntedium,’sicut
735 2671 760 2697 itt
774 2671 905 2706 creaturis

123 2703 307 2737 intelligimus,
325 2709 351 2731 et
362 2704 425 2731 licet
436 2704 470 2731 sit
479 2712 597 2738 praesens
606 2706 743 2738 omnibus,
759 2703 904 2739 etnbique,

124 2746 254 2800 IIllSélllr'F‘ll
272 2745 359 2765 tamen
374 2743 425 2771 est,
441 2747 490 2766 nec
503 2741 529 2766 itt
542 2739 594 2766 ullo
617 2746 658 2768 est
682 2741 753 2767 sicut
772 2746 904 2772 creatura,

124 2782 154 2800 ex
191 2791 198 2798 .
244 2782 308 2800 totu.

123 2782 154 2802 ex
169 2773 198 2799 S.
212 2773 308 2800 Tttotu.

917 2309 938 2336 θ
955 2322 988 2348 btt

981 1871 1018 1904 (3)
1036 1869 1068 1897 In
1090 1875 1145 1898 tota
1165 1872 1334 1906 proprietate.
1353 1871 1548 1906 Proprietatem
1585 1871 1630 1897 Dei
1664 1869 1740 1904 dicit,

948 1910 978 1932 ut
993 1906 1152 1938 bonitatem,
1166 1911 1192 1933 et
1205 1907 1376 1941 sapientiam,
1393 1911 1420 1933 et
1435 1906 1534 1933 similia
1545 1913 1625 1940 supra
1637 1905 1742 1932 bonita—

947 1946 1000 1967 tem
1015 1947 1143 1975 t-reatam,
1158 1947 1184 1967 et
1202 1942 1372 1975 sapientiam,
1389 1947 1442 1968 etc.

983 1975 1020 2010 (ι)
1033 1974 1138 2003 Unilas.
1152 1976 1218 2009 Quia
1236 1974 1319 2002 unum
1346 1976 1427 2004 habet
1457 1976 1588 2003 rationem
1606 1975 1741 2009 principii,

947 2013 974 2046 et
988 2017 1040 2046 non
1057 2010 1147 2043 divisi,
1165 2018 1196 2037 ac
1206 2011 1346 2045 simplicis,
1362 2011 1497 2046 signiﬁcat
1530 2010 1672 2045 Dionysius
1701 2010 1744 2036 itt—

948 2045 1088 2072 dividuum
1108 2052 1139 2072 ac
1151 2046 1264 2078 simplex
1279 2046 1379 2072 divina:
1399 2051 1514 2078 natura},
1534 2053 1617 2079 supra
1633 2052 1741 2073 omnem

954 2079 1083 2120 unitatem
1100 2087 1132 2106 ac
1143 2080 1345 2114 sitttplicitatetu
1361 2084 1389 2108 et
1403 2088 1464 2108 esse
1482 2081 1648 2115 principium
1661 2088 1741 2113 supra

952 2121 1132 2148 prtnmpttttn,

988 2148 1026 2183 (5)
1045 2148 1203 2182 Itteﬂ'ubilis.
1218 2149 1285 2182 Quia
1302 2158 1353 2176 non
1372 2149 1527 2177 nomittatur
1550 2158 1563 2176 a
1589 2150 1741 2177 substantia

954 2191 1001 2220 sua
1016 2184 1165 2220 multarum
1177 2191 1283 2217 vocum,
1301 2186 1361 2219 quia
1377 2191 1391 2211 a
1408 2185 1595 2220 providentiis,
1613 2190 1636 2211 et
1654 2187 1742 2211 variis

953 2218 1090 2245 beneﬁciis
1111 2219 1184 2246 vat-ie
1196 2220 1361 2252 nominatur,
1379 2218 1415 2246 nt‘
1432 2220 1528 2251 bonus,
1559 2220 1657 2252 justus,
1687 2225 1742 2246 etc.

1001 2253 1027 2286 6)
1041 2252 1186 2288 ignoratio.
1198 2254 1267 2286 Quia
1297 2255 1361 2288 quid
1386 2261 1436 2287 est,
1452 2262 1467 2280 a
1484 2254 1555 2281 nullo
1572 2255 1740 2288 intelligitur.

1002 2288 1027 2321 7)
1045 2287 1086 2314 Ea:
1103 2289 1174 2314 omni
1188 2289 1356 2316 intellectilis.
1370 2290 1435 2321 Quia
1450 2289 1521 2322 quod
1535 2293 1588 2320 est,
1612 2297 1643 2315 ex
1655 2287 1745 2315 omni-

992 2330 1004 2349 s
1020 2325 1154 2349 creaturis
1183 2324 1244 2350 licet
1259 2325 1409 2358 intelligere
1423 2332 1456 2350 ex
1481 2323 1555 2350 omni
1566 2324 1741 2355 itttcllecttlis,

949 2357 1042 2388 Graece
1052 2363 1105 2390 est,
1126 2359 1286 2392 παννάητον,
1302 2366 1350 2392 pro
1364 2367 1417 2393 quo
1449 2359 1582 2392 interpres
1613 2358 1743 2393 Dionysii,

951 2399 1030 2425 quem
1063 2393 1092 2419 S.
1111 2393 1230 2420 Thomas
1245 2394 1347 2426 itabutt,
1363 2398 1391 2421 et
1405 2397 1515 2421 secutus
1527 2398 1579 2427 eat,
1600 2393 1745 2428 tnnlelcgit

951 2428 1127 2461 πανανὸητον.
1158 2447 1161 2450 ι

989 2462 1027 2495 (8)
1043 2462 1152 2489 l‘ost‘tio.
1167 2462 1292 2489 Omnium
1305 2463 1412 2496 positio,
1426 2468 1452 2490 et
1467 2463 1578 2496 ablatio,
1598 2464 1659 2498 quia
1690 2463 1747 2498 ipse

961 2498 1051 2523 omnia
1067 2497 1091 2522 itt
1102 2506 1192 2524 rerutn
1210 2503 1305 2524 natura
1320 2498 1394 2529 litt-it,
1422 2503 1449 2525 et
1464 2499 1563 2524 aufert.

991 2532 1029 2565 (9)
1044 2532 1109 2563 Quae
1121 2533 1205 2565 primo
1220 2538 1291 2559 sunt.
1310 2533 1337 2559 Id
1353 2538 1407 2566 est,
1432 2540 1493 2567 qua:
1524 2537 1588 2560 sunt
1613 2533 1746 2568 principia

956 2565 1127 2602 aliorum,ut
1142 2567 1362 2600 partieipationcs
1377 2565 1539 2602 simpliciter
1556 2565 1621 2595 sunt
1640 2565 1744 2602 princi-

953 2602 997 2636 pia
1026 2601 1257 2635 participantiutn,
1287 2607 1315 2628 ut
1344 2603 1395 2629 vita
1425 2601 1548 2630 absolute
1575 2604 1746 2630 considerata

954 2641 997 2662 est
1012 2636 1175 2672 principium
1193 2637 1309 2663 formate
1322 2636 1472 2663 vivetttittnt
1503 2647 1511 2670 ;
1536 2639 1667 2672 sapientia
1699 2646 1746 2664 sa-

955 2671 1096 2704 pientium,
1113 2677 1140 2698 et
1153 2671 1278 2699 similiter
1295 2671 1322 2698 itt
1338 2672 1398 2698 aliis
1415 2677 1459 2704 ;et
1470 2673 1510 2698 ha:
1526 2671 1747 2706 participationes

954 2710 1018 2732 sunt
1032 2706 1142 2733 eliectus
1159 2705 1215 2738 Dei,
1228 2711 1256 2733 et
1270 2706 1329 2733 ideo
1343 2707 1401 2733 istte
1419 2705 1643 2742 participatiottes
1651 2712 1676 2734 et
1687 2715 1747 2740 qua:

955 2745 1109 2774 suntsupra
1126 2741 1207 2774 ipsas,
1224 2749 1275 2767 uott
1289 2747 1403 2775 possunt
1431 2743 1575 2769 convenire
1602 2748 1746 2772 et'eaturw,

957 2780 986 2801 ut
1005 2775 1146 2808 sapientia,
1163 2782 1189 2802 et
1205 2783 1288 2810 supra
1302 2777 1472 2811 sapientiam,
1487 2784 1547 2811 qua:
1578 2777 1747 2811 negationem

160 2844 199 2879 (α)
215 2844 287 2872 idem
315 2852 398 2881 supra
412 2846 500 2874 omnia
521 2845 614 2874 eadem
631 2851 731 2875 creata.
747 2846 811 2874 Vide
833 2846 1012 2882 proprietates
1025 2846 1156 2881 q‘usdem,
1175 2846 1309 2875 etdivcrsi
1323 2854 1382 2882 cap.
1397 2846 1413 2874 9
1433 2846 1472 2874 De
1489 2846 1571 2874 diuiti.
1587 2846 1744 2874 nominibus.
