1954 3071
234 129 289 161 ςιθ

810 128 973 160 JOANNIS
989 127 1272 158 CYPABISSIOTA‘.’

1819 127 1872 157 ἔξω

233 197 260 219 et
270 199 317 217 ens
329 190 378 225 (ο),
391 194 417 217 et
432 197 553 218 creatam
568 199 576 224 ;
605 191 662 218 haec
676 191 747 219 enim
766 190 855 217 omnia
871 188 1007 217 contraria
1022 188 1046 217 Δ
1063 188 1200 214 interitum
1221 187 1321 220 capiat,
1336 186 1362 213 in
1377 186 1508 214 elementa
1523 186 1606 218 redit,
1621 193 1727 212 rursus
1754 192 1819 212 vero
1831 187 1872 212 in-

233 243 306 268 sunt,
323 243 349 264 et
364 238 510 265 sccttndum
523 242 648 265 naturam
669 244 746 265 suam
767 241 861 264 mutuo
876 245 891 263 a
907 245 936 265 se
949 237 1016 271 ipsis

233 285 380 311 intereunt.
398 282 478 311 salus
495 283 564 312 Deus
579 284 626 318 qui
651 291 703 311 non
718 284 820 319 patitur
834 286 1014 314 contrarimn.

234 330 325 356 Olttllia
338 329 473 356 contraria
489 331 635 357 secundant
646 338 725 359 uuam
740 338 820 365 supra
836 330 1013 358 substantiam

235 374 434 409 copulatiOnem
456 375 571 409 recipit;
585 381 610 402 et
623 377 712 403 omnia
723 376 757 404 de
774 384 806 404 eo
827 377 963 408 dicuntur.
987 383 1014 405 et

234 420 300 447 nihil
310 425 348 446 est
361 427 466 453 eorum,
482 422 532 448 alia
546 422 654 456 quidem
664 426 704 449 est
715 423 770 457 ipse
782 424 928 452 secundum
946 431 1014 452 cau-

231 473 302 498 sam,
315 466 366 492 alia
374 474 439 493 vero
451 474 503 494 non
515 469 709 497 estsecundum
721 469 917 502 exsistentiam;
928 470 1014 497 inlini-

231 511 265 536 tis
273 511 343 537 enim
354 512 529 545 mensuris,et
540 520 598 548 qure
612 514 728 541 conferri
738 522 789 542 non
804 520 925 548 possunt,
935 517 1012 543 abest

230 555 265 583 ab
278 555 390 588 clIectis,
402 557 449 591 qui
464 562 506 585 est
518 559 649 590 omnium.
668 564 696 586 et
707 566 786 594 supra
798 560 889 587 omnia
905 566 1009 588 auctor.

527 613 643 642 CAPUT
675 615 710 644 Χ.

231 668 310 701 ρηοά
321 670 385 696 nihil
401 678 491 697 eorum
504 679 561 704 qum
577 677 649 703 sunt,
665 678 703 699 eu
729 680 779 700 mm
796 681 912 703 creatura
926 681 949 702 nl
971 676 1011 701 in-

263 704 361 744 fectum
372 705 459 748 :aolus
473 713 531 748 vero
542 705 609 732 Deus
622 712 721 748 estnon
731 715 832 736 creatus
842 716 866 738 et
875 712 1009 746 infectu;

262 743 509 799 prpur’uaultempau
519 747 642 768 naturam
652 743 767 770 divinant
790 752 850 775 sunt
877 743 962 780 facta,
983 747 1011 772 id

278 782 289 799 ι
305 793 312 800 .
331 781 390 800 crea
402 783 428 800 a.

305 793 312 806 ,
331 793 353 800 -ι-
360 793 428 800 vnn--

1065 235 1185 268 genitum
1202 234 1335 261 vocabant
1351 234 1620 261 eumdcmmundtun
1635 254 1643 264 ,
1664 232 1692 258 id
1709 237 1765 264 cst,
1776 240 1871 267 perpe-

1065 284 1151 313 tuum,
1164 285 1308 315 quatenus,
1331 283 1360 306 ut
1371 279 1419 314 ipsi
1432 279 1587 314 opinantur,
1601 283 1702 306 motus
1712 279 1746 305 ad
1758 285 1873 313 genera-

1066 329 1180 361 tionem,
1193 333 1220 355 et
1231 328 1332 355 reditus
1349 327 1382 354 ad
1396 326 1599 360 corruptionem
1620 333 1772 359 nunquam
1800 325 1871 351 desi—

1065 375 1113 402 nit.
1128 375 1172 402 Ait
1192 375 1272 409 igitur
1291 373 1445 408 Diouysius,
1476 372 1732 406 quomodocunque
1766 370 1872 397 dicatur

1063 421 1225 455 ingenitum,
1239 422 1295 447 sive
1315 425 1342 446 ut
1354 419 1421 451 dixi,
1445 419 1502 445 sive
1519 423 1547 445 ut
1560 417 1682 451 gentiles
1699 417 1808 449 dicunt,
1839 423 1873 444 ne

1063 468 1142 495 sicin
1158 467 1212 494 Deo
1230 467 1347 500 accipias
1359 474 1366 494 :
1378 465 1428 492 alia
1447 465 1518 492 enim
1535 464 1671 490 dicuntur
1689 463 1813 497 ingenita
1827 463 1871 488 αξ-

1062 512 1175 545 τιατῶς,
1189 513 1215 539 id
1230 516 1286 546 est,
1297 516 1326 538 ut
1339 519 1451 538 causam
1464 510 1594 537 habentia
1614 519 1623 542 ;
1638 508 1718 535 Deus
1734 512 1829 534 autem
1842 513 1870 532 ut

1062 567 1172 586 causam
1186 566 1237 585 non
1251 558 1362 589 habens,
1378 561 1405 584 et
1432 556 1569 585 absolute;
1586 563 1676 588 quam
1698 555 1774 580 enim
1806 561 1871 579 cau-

1062 614 1118 633 sam
1132 606 1229 632 bahere
1242 609 1340 636 potest,
1356 603 1401 637 qui
1414 603 1552 632 omnibus,
1584 607 1615 627 ut
1644 600 1737 627 semel
1768 600 1869 637 dicam,

1061 651 1207 678 antecellit?
1221 650 1292 677 Idem
1308 656 1414 683 quoque
1422 645 1679 675 observansbeatns
1706 645 1869 671 Anastasius

1061 696 1087 722 in
1106 697 1139 723 iis
1154 704 1212 730 anc
1225 701 1316 722 eontra
1334 692 1533 728 Menophysitas
1545 691 1633 718 edidit
1665 698 1673 716 :
1703 689 1869 723 ingenitum,

1062 743 1160 776 inquit,
1177 742 1203 769 id
1216 747 1269 773 est,
1285 748 1338 768 non
1354 744 1484 770 ercatnm,
1501 737 1574 764 solus
1584 737 1661 763 Deus
1669 740 1725 762 est.
1736 735 1868 766 Deinceps

1060 790 1198 821 dubitans,
1229 788 1363 822 quomodo
1391 784 1520 820 Dionysio
1551 780 1808 812 sum-notbeologo
1840 778 1866 804 in

264 828 376 863 Magnus
388 830 540 866 Dionysius,
557 833 643 867 capite
655 834 672 862 9
685 835 722 862 De
739 837 834 864 divinis
850 842 1009 877 nominum,
1031 849 1052 878 Β
1065 840 1179 861 utentem
1196 832 1326 863 venissx-t,
1342 836 1370 857 ut
1381 830 1464 857 Deum
1479 830 1579 855 diceret
1589 834 1677 861 supra
1692 833 1778 852 omne
1794 825 1867 857 iuge—

227 874 380 901 cdissercns
391 876 488 910 quibus
501 878 587 905 modis
598 880 716 914 propriis
731 884 874 912 conveniat
887 885 952 920 Deo,
985 874 1015 916 υὶ

227 919 333 946 dicatur
344 920 412 947 idem
429 921 497 955 ipSe,
511 923 566 949 ait:
583 925 654 950 Idem
671 925 757 959 ipsum
787 936 867 963 supra
891 919 1017 961 substan-

228 965 293 992 tiam
320 971 462 999 retentum,
481 973 507 995 et
524 973 584 1002 post
604 970 699 998 multas
719 974 898 1007 proprietates
919 979 952 1006 de
968 987 1016 1007 eo-

227 1011 287 1037 dem
296 1011 445 1046 subjungit:
456 1012 593 1048 Tanquam
609 1023 661 1042 non
671 1018 840 1052 permistum,
849 1028 945 1055 expers
959 1033 1015 1051 ma-

227 1057 313 1090 teriae,
324 1058 566 1093 simplicissimum,
580 1069 631 1088 non
647 1063 781 1098 indigens,
793 1074 844 1093 non
857 1076 1016 1104 augescens,

227 1104 357 1137 quodnon
368 1106 558 1140 potestminui,
573 1107 733 1142 ingenitum,
746 1119 797 1138 nou
809 1117 933 1147 tunquam
949 1124 1017 1142 non-

227 1149 290 1175 dum
302 1149 415 1187 factum,
429 1151 737 1187 autiinperl'eclmn,:mt
751 1158 784 1183 ab
813 1158 874 1192 hoc,
897 1165 943 1188 aut
967 1162 1017 1190 hoc

227 1200 281 1221 non
298 1193 411 1228 factum,
422 1203 508 1230 neque
520 1202 644 1236 tauquam
659 1200 732 1226 nullo
761 1203 841 1229 modo
856 1205 990 1234 exsisteus
1007 1216 1015 1232 :

227 1241 275 1267 sed
290 1246 415 1275 tanquam
429 1249 510 1277 supra
526 1246 774 1281 otnnemgeuitum,
791 1254 817 1275 et
832 1249 952 1278 absolute
977 1252 1017 1278 in-

227 1286 362 1320 genitum,
376 1292 404 1314 et
415 1295 521 1322 sem-per
532 1289 678 1323 exsistens,
699 1296 726 1318 et
737 1300 784 1326 per
801 1301 831 1320 se
848 1295 1008 1328 perfectum.

226 1331 287 1363 Quo
302 1332 328 1359 in
342 1332 401 1359 loco
412 1334 577 1366 ait_sanctus,
604 1336 736 1364 Maximus
759 1347 767 1365 :
795 1337 946 1368 Notandum
975 1348 1017 1370 est

227 1379 293 1407 quot
307 1376 392 1403 modis
403 1377 535 1411 accipitur
547 1379 710 1413 signiﬁcatio
723 1381 845 1416 ingeniti,
859 1385 884 1411 id
892 1390 944 1418 est,
963 1394 1016 1414 non

227 1419 304 1453 facti,
322 1425 369 1448 aut
378 1422 448 1456 quod
463 1423 550 1457 lloudu
556 1432 580 1450 ιιι
596 1430 636 1452 est
646 1432 814 1461 generatum,
824 1429 871 1456 sed
880 1438 977 1465 genera
984 1441 1016 1459 n-

228 1466 306 1499 dum,
319 1472 348 1493 ut
361 1467 428 1494 Sara
443 1468 509 1496 dixit
524 1469 668 1498 :Nondum
678 1473 828 1502 mihinam:
837 1481 876 1502 est
887 1477 1017 1512 ",usquo

228 1519 300 1539 nunc
306 1517 351 1557 aut
359 1513 429 1547 quod
438 1515 686 1550 estimperfectum,
705 1523 733 1545 ut
742 1520 824 1548 turris
846 1521 871 1547 in
880 1521 1016 1557 Chalane;

229 1560 277 1582 aut
302 1555 336 1582 ab
359 1557 410 1583 bne
422 1566 476 1585 non
487 1559 603 1598 factum,
615 1561 640 1587 ui
659 1562 754 1589 Paulus
770 1563 913 1599 Apostolus
924 1555 1016 1595 nonali

228 1603 375 1632 hominibus
385 1605 408 1621 "
421 1615 429 1639 ;
445 1610 490 1632 aut
501 1614 552 1634 non
563 1607 616 1634 hoc
627 1608 738 1642 factum,
753 1607 876 1644 utjustus
886 1620 938 1640 non
948 1622 1017 1641 unus

229 1660 263 1678 ex
282 1651 421 1679 duodecim
439 1661 447 1683 ;
461 1656 505 1678 aut
519 1653 589 1686 quod
604 1654 709 1686 penitus
726 1655 799 1684 nullo
814 1658 893 1685 modo
907 1664 960 1692 est,
987 1665 1018 1686 ut

229 1704 396 1731 quaecunque
422 1698 524 1730 lingunt
545 1698 668 1732 gentiles,
696 1699 826 1735 Scyllam,
845 1702 1017 1738 Chimaeram,

229 1742 375 1768 etsimilia.
391 1741 537 1775 Speciatim
572 1743 653 1777 igitur
675 1748 700 1770 et
714 1745 836 1773 absolute
870 1748 1016 1782 ingenitum

231 1787 258 1813 in
275 1786 330 1813 Deo
354 1787 462 1818 dicitur.
481 1788 514 1814 Et
529 1787 617 1816 adhuc
629 1789 697 1817 idem
715 1791 794 1824 paulo
811 1797 870 1826 post
882 1801 888 1819 :
900 1792 1017 1827 Sciebat,

230 1832 329 1865 inquit,
341 1831 436 1867 dogma
448 1832 623 1866 quorumdam
646 1835 794 1868 gentilium,
823 1837 868 1870 qui
898 1837 1019 1872 aiebant,

230 1879 320 1905 omnia
330 1878 534 1911 inlellectilia,et
544 1878 772 1912 immortalia,etvi
781 1882 943 1918 intelligendi
951 1892 1020 1918 prae-

230 1925 295 1958 dita,
306 1925 393 1959 genita
407 1931 475 1956 esse,
490 1925 656 1959 etingenita;
668 1927 758 1964 genita
769 1927 875 1962 quidem
893 1933 1018 1963 tauquam

231 1970 286 1997 Deo
299 1969 424 1996 ell'ectore
437 1977 485 2004 per
503 1977 531 1996 se
548 1969 707 1996 exsistentia
732 1972 878 1998 secundum
909 1979 1020 1998 eumna-

231 2017 331 2043 tiouem
342 2015 492 2050 splendoris
506 2015 568 2042 editi
580 2024 591 2046 -,
599 2015 714 2050 ingenita
722 2023 798 2048 vero,
811 2021 945 2051 quatenus
957 2026 1010 2045 non

232 2067 363 2095 tempore,
379 2060 425 2087 sed
435 2064 546 2093 aeterne,
564 2060 654 2093 idest,
667 2061 692 2088 in
708 2069 765 2089 aevo
789 2062 958 2096 prodierunt,
982 2064 1020 2095 si:

232 2105 340 2140 quidem
356 2113 436 2140 supra
451 2105 579 2138 diximus,
595 2113 626 2133 ea
639 2114 700 2141 qua:
714 2107 885 2140 subsensum
905 2110 1015 2142 cadunt,

234 2151 332 2178 habere
348 2156 451 2184 tempus
469 2159 516 2183 ;ea
528 2159 591 2178 vero
599 2159 658 2186 quae
665 2153 714 2179 sub
725 2152 940 2188 intelligentiam,
967 2155 1016 2182 ba-

233 2197 297 2224 bere
313 2205 411 2229 terunt,
429 2197 499 2224 unde
513 2201 539 2224 et
552 2202 653 2224 interna
666 2198 809 2231 dicuntur;
822 2204 851 2226 ut
879 2200 959 2235 igitur
982 2210 1014 2229 ex

232 2244 405 2270 cmanatione
414 2242 599 2281 splendentia,»
609 2243 730 2276 ingenita
741 2251 772 2271 ea
785 2244 937 2278 vocabant;
952 2254 1013 2274 rur—

232 2296 279 2315 sul
293 2287 395 2315 sciebat
409 2288 476 2314 alios
485 2287 530 2321 qui
542 2286 614 2314 hunc
627 2289 755 2315 mundum
767 2290 812 2324 qui
823 2290 955 2323 cernitur,
967 2300 1013 2326 ge-

232 2334 319 2362 nitum
332 2333 516 2367 etingenitum
533 2340 592 2360 esse
603 2333 721 2360 dicereut
737 2343 745 2361 :
760 2336 879 2369 genitum
892 2337 1013 2370 quidem,

233 2384 366 2414 quatenus
379 2379 431 2405 hoc
445 2379 600 2405 universum
615 2379 656 2406 vel
671 2387 704 2406 ex
716 2387 770 2408 uno
788 2381 812 2408 in
838 2383 920 2409 multa
950 2391 1013 2418 pro—

234 2425 306 2452 redit
325 2434 332 2458 ί
350 2425 377 2452 id
389 2429 442 2457 est,
457 2425 484 2451 in
500 2427 686 2459 generationes
699 2425 889 2461 animantium,
906 2434 933 2455 et
952 2430 1017 2456 stir-

234 2472 318 2505 pium,
329 2474 357 2497 et
369 2470 482 2497 aliorum
495 2470 641 2497 secundum
657 2471 743 2498 varias
757 2479 849 2499 eorum
866 2475 971 2507 species
982 2481 1010 2502 et

235 2516 337 2544 fortnas
356 2524 364 2548 ;
382 2515 422 2542 vel
434 2523 466 2542 ex
477 2516 568 2543 multis
585 2515 611 2542 in
629 2524 722 2550 unum,
739 2518 847 2552 quando
859 2520 973 2552 scilicet,
986 2526 1015 2548 ut

270 2582 293 2598 ⁷⁷
309 2582 377 2610 Gen.
393 2590 469 2617 nui,
483 2583 524 2611 l3.
565 2584 586 2600 ⁷⁸
597 2583 686 2612 Galat.
704 2592 722 2617 ι,
741 2585 768 2611 1.

1068 881 1165 912 nilum,
1177 879 1257 905 nudta
1274 874 1571 909 ingenitasigniﬁcavit,
1585 873 1611 898 ιιι
1629 878 1689 908 est,
1716 879 1772 897 non
1791 877 1866 896 crea-

1069 932 1092 954 ta
1111 935 1116 953 :
1131 925 1222 959 Atqui,
1236 923 1337 958 inquit,
1355 921 1492 956 quomodo
1504 921 1554 946 hoc
1573 918 1632 945 fieri
1647 922 1738 952 potest
1753 916 1765 943 ?
1788 922 1866 942 uerno

1068 979 1184 1005 namque
1196 970 1341 1004 ingenitus,
1356 969 1407 996 nisi
1435 967 1508 994 solus
1525 965 1608 991 Deus.
1628 964 1696 990 Post
1720 969 1783 996 qua:
1807 968 1864 987 rurv

1067 1026 1113 1045 sus
1129 1016 1270 1044 confutans
1289 1014 1442 1048 opinionem
1455 1011 1682 1041 Manichaeorum,
1708 1006 1862 1041 Dionysium

1067 1063 1277 1090 Alexandrinum
1293 1058 1442 1088 citatverhi
1466 1057 1547 1091 huius
1578 1056 1776 1088 interpretem,
1801 1057 1860 1077 cum

1067 1111 1127 1137 ait:
1148 1108 1221 1136 Solet
1238 1112 1349 1134 externa
1377 1102 1546 1139 pbilnsOphia
1578 1107 1683 1127 vocare
1711 1098 1860 1131 ingenitum

1067 1143 1173 1182 omnem
1191 1158 1316 1180 naturam
1334 1148 1552 1184 inaspectabilem
1568 1146 1688 1180 ;quilius
1697 1145 1738 1170 sic
1748 1141 1859 1172 vocatis,

1069 1201 1151 1227 Deum
1166 1199 1233 1225 dixit
1251 1196 1389 1230 theologus
1414 1193 1557 1228 Dionysius
1585 1190 1771 1218 antecellere.
1805 1186 1859 1212 lmo

1067 1248 1148 1276 etiam
1165 1245 1312 1280 Gregorius
1330 1242 1488 1276 Nyssenus:
1505 1238 1589 1271 Nihil,
1611 1236 1714 1270 inquit,
1738 1238 1780 1261 est
1798 1239 1854 1280 non

1068 1297 1187 1322 creatum
1201 1277 1300 1326 praeter
1313 1289 1433 1315 divinam
1449 1292 1587 1313 naturam.
1599 1284 1633 1310 Et
1649 1289 1746 1309 rursus
1764 1277 1854 1326 3501:»

1067 1339 1155 1366 divina
1170 1325 1266 1364 natura
1281 1339 1433 1363 creaturam
1448 1335 1567 1364 supcrat.
1586 1329 1621 1356 Et
1634 1329 1724 1355 adhuc
1741 1335 1748 1352 :
1764 1325 1853 1358 Bipar-

1068 1385 1127 1417 ti'a,
1140 1384 1238 1418 inquit,
1248 1381 1473 1415 contemplatione
1487 1385 1575 1405 rerum
1592 1377 1624 1403 in
1637 1378 1810 1418 creaturaui,_
1826 1370 1854 1402 οἱ

1067 1438 1120 1458 non
1129 1416 1281 1457 creaturam
1293 1448 1301 1460 ,
1314 1432 1418 1453 uatum
1428 1431 1481 1451 non
1493 1426 1593 1450 creatae
1600 1425 1730 1448 sanctam
1740 1416 1854 1444 Trinita-

1070 1481 1122 1503 ιριιι
1136 1482 1195 1502 esse
1206 1473 1349 1501 deﬁnimus
1360 1480 1367 1498 :
1379 1474 1475 1498 create
1487 1476 1551 1496 vero
1560 1473 1662 1495 cmtcra
1673 1465 1773 1497 oninia,
1782 1470 1850 1497 qna!—

1028 1517 1052 1547 C
1067 1527 1174 1553 cunque
1194 1522 1255 1553 post
1268 1517 1340 1543 illam
1352 1516 1490 1547 dicuntur,
1503 1518 1529 1541 et
1539 1517 1652 1546 sunl,et
1673 1510 1850 1538 nominantur.

1069 1568 1098 1594 Et
1117 1567 1233 1594 Joannes
1247 1565 1428 1591 Damascenns
1446 1560 1562 1592 :Omne,
1577 1558 1687 1593 inquit;
1706 1556 1774 1591 quod
1799 1558 1851 1590 est,

1068 1616 1163 1638 autest
1179 1614 1312 1640 creatum,
1327 1613 1372 1634 aut
1389 1613 1443 1633 non
1455 1609 1576 1632 creatum
1592 1612 1599 1635 ;
1615 1604 1639 1630 si
1664 1607 1793 1630 creatum,
1818 1597 1850 1624 ab

1068 1656 1121 1682 alio
1136 1662 1245 1690 prorsus
1261 1658 1380 1680 creatum
1394 1656 1447 1683 est,
1461 1650 1501 1677 sin
1523 1654 1617 1675 autem
1649 1655 1701 1674 non
1725 1648 1850 1690 creatum,

1069 1703 1119 1729 hoc
1129 1709 1192 1728 sane
1202 1702 1248 1732 sit,
1266 1699 1336 1734 quod
1352 1703 1491 1724 creaturas
1501 1696 1614 1722 creavit.
1628 1693 1659 1720 Et
1669 1698 1760 1719 rursus
1774 1689 1849 1715 idem:

1068 1748 1221 1776 Diﬂnrentis
1236 1751 1338 1773 natura:
1347 1745 1384 1772 ait
1400 1752 1459 1771 esse
1469 1743 1616 1776 ἀγένητον,
1629 1747 1655 1768 et
1674 1737 1783 1773 γενητόν
1799 1740 1848 1760 uno

1068 1802 1083 1820 ν
1095 1791 1317 1826 scriptum,-qund
1333 1790 1441 1824 quidem
1458 1789 1577 1816 declarat
1593 1791 1731 1816 creatum,
1755 1787 1780 1808 et
1798 1787 1846 1807 non

1069 1841 1252 1869 creatum,est
1264 1837 1345 1870 igitur
1360 1840 1455 1861 natura
1471 1833 1561 1860 divina
1589 1832 1722 1866 ingenita,
1747 1828 1770 1855 id
1796 1829 1842 1853 est.

1069 1892 1123 1911 non
1138 1888 1238 1910 creata.
1258 1881 1287 1908 Et
1299 1876 1328 1908 Β.
1341 1879 1508 1913 Epiphanius
1522 1877 1581 1905 :Ab
1591 1877 1667 1904 omni
1685 1880 1761 1918 causa
1771 1870 1846 1918 plane

1070 1934 1224 1963 exetuptum
1242 1932 1283 1954 (-st
1299 1927 1444 1959 ingenitum
1465 1923 1547 1956 ;qnia
1572 1929 1659 1962 unum
1682 1923 1723 1947 est
1748 1917 1844 1949 ingeni-

1071 1981 1139 2007 tum,
1150 1980 1176 2001 et
1190 1972 1382 2000 venerandum.
1396 1971 1428 1997 Et
1447 1977 1542 1997 rursus
1558 1978 1564 1995 :
1581 1966 1694 2001 lntelligi
1707 1972 1758 1991 non
1771 1967 1843 1989 crca-_

1071 2027 1138 2054 tum,
1150 2025 1335 2047 etcreaturem
1352 2018 1400 2045 soli
1421 2017 1474 2044 Deo
1487 2016 1616 2043 convenit
1635 2024 1642 2047 ;
1668 2018 1695 2040 et
1714 2009 1768 2037 lieri
1793 2013 1841 2033 nolt

1071 2072 1169 2100 polt'Sl,
1184 2070 1212 2091 ut
1226 2064 1259 2091 ad
1271 2063 1488 2091 communionem
1507 2059 1662 2096 huiusmodi
1690 2057 1727 2084 rei
1758 2054 1843 2100 PM"?

1071 2102 1258 2142 adducantur;
1273 2115 1299 2136 et
1314 2109 1400 2136 adhuc
1416 2109 1497 2139 idem,
1511 2107 1615 2140 Unum,
1627 2095 1842 2139 inquinestqund

1072 2158 1144 2190 facit,
1160 2157 1185 2182 in
1204 2164 1256 2183 una
1267 2155 1414 2183 substantia
1427 2153 1569 2181 Trinitatis
1588 2152 1713 2187 perfecta
1729 2157 1735 2179 ἱ
1749 2149 1839 2173 εκίετθ

1069 2204 1158 2231 cumia
1175 2203 1257 2234 facta,
1268 2206 1293 2228 et
1301 2205 1403 2229 creata.
1419 2199 1563 2232 Propterea
1579 2197 1650 2224 enim
1664 2193 1710 2229 ipsi
1737 2196 1784 2218 non
1798 2193 1840 2238 v.0—

1069 2255 1196 2276 neramur
1212 2254 1291 2273 omne
1303 2245 1373 2281 quod
1389 2245 1457 2271 inira
1470 2244 1518 2270 Dci
1534 2242 1709 2270 substantiam
1722 2239 1834 2281 canat"a

1068 2294 1116 2321 soli
1131 2293 1185 2320 Deo
1200 2279 1326 2320 convenit
1339 2290 1544 2317 venerationem
1555 2293 1581 2315 et
1597 2279 1837 2314 culturamadhibe-

1072 2347 1111 2365 re.
1126 2339 1158 2364 Et
1176 2338 1273 2364 iterum
1286 2337 1355 2364 idem
1372 2337 1399 2362 in
1413 2335 1445 2362 iis
1463 2343 1522 2369 quae
1537 2334 1644 2368 scripsit
1656 2335 1742 2358 contra
1760 2326 1836 2352 liam"

1068 2384 1119 2411 sim
1137 2382 1370 2414 Secundiauorum
1386 2389 1394 2408 :
1411 2373 1833 2418 “educetur,inquilyuniversi'm

1070 2431 1103 2457 ad
1121 2437 1214 2461 unum,
1232 2428 1303 2462 quod
1319 2433 1371 2460 εει,
1386 2435 1439 2461 quo
1453 2426 1579 2461 superius
1595 2424 1706 2451 nihilost
1722 2422 1786 2451 inec
1798 2419 1834 2438 ¹¹¹⁴

1070 2475 1167 2507 ferius,
1183 2481 1232 2501 nec
1244 2461 1377 2505 inlimum,
1394 2473 1444 2499 nisi
1461 2479 1520 2505 qum
1536 2472 1569 2498 ab
1583 2472 1640 2505 ipso
1663 2461 1832 2512 creata-sunt.

1071 2521 1177 2556 eritque
1192 2521 1243 2548 hoc
1259 2520 1430 2554 mauilestum
1447 2518 1481 2551 iis
1494 2518 1539 2552 qui
1558 2517 1690 2544 Veritatem
1701 2506 1833 2546 perdid'ce'

978 2633 1114 2665 Scholia.

235 2683 375 2721 sapientia
397 2687 493 2710 creatae
521 2683 653 2721 continet;
676 2683 731 2721 s--d_
745 2683 794 2710 soli
815 2683 879 2716 Deo,
897 2684 1002 2719 quiest
1029 2687 1161 2721 sapientia
1179 2690 1268 2714 creata
1288 2684 1434 2713 secundum
1446 2691 1558 2712 causam
1587 2682 1642 2718 (b);
1664 2682 1689 2706 οι
1716 2672 1830 2707 supra”

236 2719 365 2754 pientiam
377 2722 417 2746 cst
430 2719 578 2746 secundant
592 2718 789 2746 exsistemiant.

274 2788 312 2822 (α)
338 2787 391 2814 Ens
403 2791 481 2813 vovat
494 2786 564 2820 quod
582 2790 622 2822 est
636 2792 713 2812 suum
745 2793 814 2816 esse,
831 2786 876 2819 qui
894 2790 935 2813 cst
950 2786 1024 2814 solus
1044 2784 1112 2813 Deus
1123 2791 1230 2813 creator
1243 2786 1372 2822 ninniuul.

271 2819 310 2851 ίὸὶ
321 2822 349 2851 ld
368 2827 420 2855 est,
431 2827 471 2849 est
486 2819 614 2855 sapientia
632 2825 734 2854 creata,
767 2826 795 2847 ut
812 2825 904 2848 auctor
937 2822 995 2856 cjus
1013 2822 1100 2849 :sicut
1113 2826 1152 2848 est
1167 2821 1269 2853 onmia,
1286 2825 1314 2848 ut
1329 2819 1439 2852 eﬂector
1454 2819 1586 2852 omnium.
