1954 3071
123 133 173 166 ρὲι
298 114 304 125 Ι
456 133 575 163 DECAS
588 133 665 163 VIII.
686 146 720 151 —
737 132 785 162 DE
804 131 1029 161 IXFINII‘ATE
1045 132 1108 162 DEI
1129 132 1171 163 IN
1188 132 1417 164 CREATUBIS.
1538 156 1544 162 .
1705 130 1762 163 99.2

71 189 80 199 ‘
123 195 201 223 runt,
215 189 286 223 quod
311 196 380 217 unus
392 188 464 216 Deus
475 188 613 221 estPater,
627 188 918 222 etFilius,etSpiritus
931 190 956 216 Α
970 191 1015 214 aut
1029 188 1109 214 aliam
1125 188 1272 222 quamlibet
1285 193 1461 222 potestatem;
1473 193 1498 214 at
1509 189 1531 215 si
1546 189 1607 223 quis
1623 189 1706 216 Deum
1716 191 1759 217 di'

123 240 236 262 sam-tus
248 244 255 267 ;
269 235 290 261 si
301 239 390 261 autem
405 242 472 260 unus
484 234 555 262 Deus
569 239 621 267 est,
632 243 663 261 ex
677 243 731 269 quo
747 235 849 267 omnia,
864 241 914 260 nec
968 238 1023 266 cat,
1041 234 1180 268 ahrngarit
1196 235 1303 261 divinas
1330 242 1422 267 voces,
1436 243 1495 268 quae
1510 235 1582 261 clare
1606 235 1723 262 clamant
1748 243 1756 261 :

122 281 200 308 estin
210 287 243 307 co
251 279 402 311 sinistrum,
412 287 461 306 nec
469 279 725 312 aliudimminutum,
738 287 825 314 neque
836 280 914 313 quid-
970 279 1025 312 Ego
1043 279 1111 306 Deus
1126 276 1235 313 primus.
1247 286 1272 306 et
1286 289 1332 315 ego
1345 285 1403 314 post
1418 281 1483 312 hazc,
1496 285 1520 308 et
1532 282 1627 314 pmtér
1638 290 1678 307 me
1702 289 1754 308 non

124 324 645 360 q-tamgradusinferioris,praeterquam
653 333 711 360 qua!
718 325 816 360 abipso
824 330 914 352 creata
964 330 1002 352 est
1017 325 1086 351 Deus
1099 327 1131 352 ⁷³.
1148 325 1194 352 Sin
1209 334 1273 353 vero
1285 335 1336 353 non
1350 327 1425 353 dicat
1437 327 1539 360 Deum,‘
1555 328 1628 353 dicet
1653 328 1759 354 sciliret

125 374 191 397 sunt
201 378 278 405 :quae
287 376 374 397 autem
386 375 519 403 suntpost
531 369 637 397 Patrem
650 376 676 398 et
686 370 780 398 Filium
790 375 815 397 et
830 369 916 404 Spiri-
965 371 1082 405 angelos,
1098 371 1139 398 vel
1156 377 1312 404 potestates,
1325 378 1351 399 at
1367 373 1405 399 sic
1414 373 1495 399 etiam
1523 373 1687 406 impruhabit
1716 373 1760 399 (li.

125 421 185 443 tum
197 422 330 448 sanctum,
344 420 440 443 cuncta
457 421 519 443 sunt
537 416 646 449 pulchre
654 416 873 450 creata,etiarge
881 416 915 443 ab
964 417 1041 443 vinas
1057 418 1219 451 Scripturas,
1235 426 1294 453 qua:
1310 418 1402 445 dicunt
1413 425 1426 443 a
1444 418 1496 444 Deo
1513 418 1595 445 factas
1605 426 1665 445 esse
1684 420 1732 446 has
1749 427 1757 446 :

128 461 187 494 ipso
204 465 267 488 sunt
282 466 341 494 post
357 460 424 488 bene
438 461 556 495 proiecta
571 466 596 488 et
604 462 760 488 constituta.
771 462 875 488 Rursus
892 469 916 488 ι-
965 461 1085 489 Laudale
1096 471 1166 494 eum,
1180 471 1268 490 omnes
1281 464 1365 497 angeli
1373 463 1447 497 ejus;
1465 463 1572 490 laudate
1587 471 1643 490 eum
1669 471 1758 490 omnes

127 506 190 534 dem
198 511 292 533 contra
308 505 432 533 hteresim
442 506 633 534 lliarcosiorum
645 504 714 533 :‘ios
725 506 809 538 enim,
819 505 916 538 inquit,
965 511 1103 540 potestates
1113 507 1168 540 ejus
1182 507 1215 533 ³ο.
1229 507 1266 533 Et
1286 508 1326 534 his
1340 514 1462 541 apertum
1493 509 1532 540 lit,
1543 509 1613 541 quod
1626 508 1698 534 inter
1708 515 1758 534 na-

127 552 574 586 rredimuspenitus,sicutveritas
589 552 753 584 ostendit,el
767 551 916 585 probabilis
966 559 1053 581 turam
1077 552 1121 579 Dei
1147 552 1172 578 in
1202 552 1288 578 tribus
1310 553 1441 585 personis,
1471 558 1496 579 et
1516 552 1591 579 abeo
1605 557 1695 579 creata
1717 553 1759 579 ni"

130 597 334 632 ratiosuggerit,
344 605 374 624 ac
383 605 443 625 cum
455 596 543 632 regula
553 597 844 631 pietatisc0ttsonat,el
854 603 915 623 cum
967 600 1002 628 hil
1017 599 1088 626 aliud
1103 598 1249 633 quidquam
1277 597 1382 631 penitus
1413 598 1544 632 reperitur
1559 607 1566 630 ;
1592 599 1682 625 omnia
1710 606 1760 625 au-

128 642 188 676 lnge
199 647 225 669 et
242 642 390 675 prophetis,
401 646 426 668 et
443 649 503 679 cum
525 641 590 676 ipsis
613 641 648 668 ab
669 641 774 675 origine
801 641 917 674 patriar.

967 649 1019 672 tem
1034 650 1093 679 post
1103 643 1221 670 divinam
1235 648 1356 669 naturam
1373 647 1400 669 et
1415 644 1592 670 substantiam
1602 648 1664 670 sunt
1675 651 1759 677 gent-.—

130 688 191 717 citis
202 687 295 714 ordine
311 687 476 718 conset-utis,
495 691 522 712 ct
541 694 601 713 cum
622 686 678 721 ipsa
700 685 850 713 Salvatoris
870 686 918 712 tio-
966 696 1024 718 rata
1040 696 1067 718 ει
1080 694 1181 722 creata,
1197 690 1299 716 idcirco
1314 688 1379 715 nihil
1405 695 1497 716 eorum
1522 697 1582 723 qua:
1613 693 1688 721 sunt,
1715 693 1759 716 est

130 734 232 766 rlrina,
247 738 271 760 et
284 733 467 767 apostolorum
487 732 531 767 qui
548 739 598 758 nos
613 736 705 765 aperte
718 732 816 758 docent
833 731 918 758 couiiq

968 745 1021 765 non
1051 743 1170 765 creatum
1186 742 1213 763 et
1226 736 1366 768 infectant,
1381 735 1430 762 nisi
1445 735 1519 763 solus
1540 735 1609 763 Deus
1630 736 1686 762 hrec
1712 743 1760 762 stt-

131 780 181 806 teri
195 786 276 805 unum
287 778 393 805 Patrem
403 779 588 804 univorsorum
597 776 760 803 dominatum
771 780 916 808 tenentem,

967 792 1014 818 pra
1032 783 1211 810 substantiam
1226 782 1355 808 Trinitas.
1368 781 1508 808 Manifesta
1532 781 1614 807 etiam
1637 785 1679 807 est
1711 781 1759 807 tibi

130 830 156 852 et
178 824 319 851 Dominum
331 823 421 850 Jesum
434 823 581 855 Christum,
599 827 622 849 et
639 823 698 857 ejus
711 825 841 853 isanctum
856 821 917 856 Spi-

972 830 1051 862 liujus
1065 829 1175 856 decatlis
1182 828 1315 862 expositio
1341 827 1506 854 materiaria.
1516 826 1637 853 Primum
1649 826 1696 860 qui
1707 827 1759 852 lem

131 871 228 902 ritum,
245 878 323 896 unam
339 876 460 897 sanctam
472 869 634 896 Trinitatem
651 877 702 894 non
720 873 850 900 creatam,
862 876 920 894 om-
936 869 956 876 υ
971 874 1058 910 ponii,
1074 874 1138 901 nihil
1152 881 1244 901 eorum
1259 881 1318 908 qua:
1345 878 1419 905 sunt,
1433 879 1493 900 esse
1509 873 1568 899 sine
1594 879 1686 903 causa,
1712 872 1760 899 sed

131 916 213 945 nibus
229 923 261 942 ex
276 916 359 943 nihilo
378 920 436 950 post
454 915 559 942 Palt‘elll
573 919 600 941 et
612 912 708 940 Fdium
728 919 755 940 et
786 913 916 949 Spiritum
975 920 1062 948 solum
1084 919 1165 946 Dpum
1184 919 1247 951 ;hic
1262 919 1343 952 igitur
1371 918 1414 951 qui
1443 925 1552 944 causam
1585 925 1637 944 non
1665 917 1759 949 habet,

131 966 257 988 sanctum
273 961 364 988 factis.
382 960 475 994 Quare
506 960 532 986 in
563 959 596 987 iis
620 967 680 992 qua:
706 959 778 987 clare
803 959 919 987 confessi

970 974 1052 994 causa
1066 966 1184 993 omnium
1199 970 1253 998 est,
1269 965 1313 1000 qui
1330 973 1362 991 ex
1376 965 1462 991 nihilo
1478 968 1632 991 creaturam
1659 965 1758 997 produ-

133 1011 210 1039 mnt,
222 1012 250 1033 et
264 1007 436 1034 crediderunt
449 1013 543 1032 omnes
558 1005 644 1032 sancti
656 1005 712 1038 iam
727 1005 805 1039 dicti,
818 1011 845 1032 et
856 1013 919 1038 pro-

970 1012 1007 1039 cit
1026 1011 1146 1043 ;idcirco
1163 1010 1229 1037 nihil
1246 1017 1340 1037 corum
1358 1017 1416 1043 qua:
1430 1014 1505 1042 sunt,
1527 1014 1568 1036 est
1598 1014 1761 1035 cna-ternum

133 1052 270 1085 Phemvel
283 1051 462 1086 θνθηεειῑειω,
479 1058 559 1086 aliille
580 1051 707 1085 “PONO”:
743 1059 796 1079 non
821 1051 918 1085 P01erit
970 1057 1085 1089 auctori,
1100 1056 1163 1090 quin
1177 1056 1266 1089 potius
1283 1056 1325 1082 vel
1348 1064 1380 1082 ex
1395 1056 1528 1089 principio
1556 1055 1696 1088 temporis,
1722 1055 1762 1081 vel

134 1105 253 1131 unquam
273 1097 323 1124 ulla
339 1097 421 1125 fallax
438 1098 566 1132 cogitatio
585 1103 679 1126 contra
687 1098 790 1125 radimn
799 1097 920 1125 veritatis
971 1110 1022 1129 ηοιι
1036 1110 1067 1129 ex
1076 1102 1209 1136 principio
1227 1101 1365 1135 temporis,
1381 1101 1426 1127 sed
1442 1109 1474 1127 ex
1492 1101 1622 1135 principio
1639 1101 1687 1127 Mi
1701 1106 1762 1132 est;

134 1144 265 1172 ΐθεὶεῑθῒθ
277 1151 310 1170 π
325 1151 485 1178 repugnare.
506 1143 539 1170 El
553 1150 662 1171 sanctus
679 1151 712 1170 ac
727 1143 835 1170 divin'ls
847 1142 917 1169 Ger-
970 1148 1003 1174 ab
1015 1147 1054 1173 his
1063 1147 1135 1174 enim
1147 1147 1275 1180 operibus
1287 1154 1347 1180 quae
1358 1151 1421 1172 sunt
1433 1154 1464 1172 ex
1476 1146 1608 1180 principio
1620 1146 1764 1178 temporis,

135 1196 232 1216 manus
247 1189 273 1216 iu
287 1189 455 1224 expositione
471 1189 531 1216 ﬁdei
543 1189 580 1215 ait
592 1197 600 1216 :
611 1188 662 1216 Sed
675 1190 812 1215 veneratio
823 1193 918 1215 nostra
970 1193 1114 1226 requiescit
1126 1197 1152 1219 et
1165 1192 1312 1218 Sahbatum
1332 1192 1386 1226 agit
1403 1191 1471 1218 Deus
1488 1201 1495 1223 ;
1511 1193 1544 1217 ah
1555 1191 1680 1225 operibus
1702 1197 1766 1216 vero

133 1240 162 1264 et
172 1235 262 1262 cultus
275 1235 360 1262 solam
373 1242 425 1262 non
441 1240 572 1267 creatam,
584 1240 611 1261 et
639 1235 666 1262 in
703 1235 837 1262 inﬁnitum
871 1242 920 1269 po-
970 1245 1028 1271 quas
1041 1244 1072 1263 ex
1084 1237 1216 1270 principio
1229 1236 1277 1262 :evi
1296 1241 1369 1268 sunt,
1395 1243 1448 1262 non
1466 1236 1625 1269 requiescit,
1641 1240 1668 1261 ct
1696 1235 1765 1261 Sab-

143 1286 245 1308 tt-ntem
256 1288 336 1315 supra
346 1288 426 1315 quam
438 1280 621 1314 principialem
638 1289 645 1313 ;
659 1285 684 1307 ct
693 1288 774 1314 supra
783 1288 862 1315 quam
872 1280 920 1307 bo-
969 1283 1060 1310 butum
1077 1283 1148 1316 agit;
1165 1287 1190 1308 et
1202 1281 1272 1315 quod
1287 1280 1356 1308 Deus
1373 1281 1509 1308 indit-idne
1533 1289 1564 1307 ex
1575 1288 1604 1307 se
1617 1282 1675 1313 ipso
1688 1287 1766 1314 egre-

136 1335 212 1360 nam,
229 1328 289 1354 vita
300 1327 459 1361 principem,
471 1331 498 1353 et
511 1333 592 1360 supra
602 1327 779 1353 substantiam
798 1330 919 1353 sanctam
972 1328 1061 1360 diens,
1077 1335 1128 1353 una
1151 1331 1284 1360 potestate
1297 1326 1387 1352 omnia
1400 1326 1537 1359 producit,
1555 1326 1581 1352 in
1600 1325 1672 1351 nullo
1693 1333 1763 1359 quo-

135 1371 580 1406 Trinitatem,unamdivinitatetn
609 1376 636 1398 et
653 1376 811 1405 potestatem
841 1371 921 1398 corde
970 1375 1040 1408 piam
1057 1363 1233 1408 proplcrita‘c
1248 1373 1360 1405 divisus,
1385 1380 1472 1406 neque
1499 1372 1560 1405 quia
1594 1371 1768 1406 producendo

137 1427 190 1448 non
203 1418 342 1445 dubitante
358 1423 385 1445 et
401 1425 449 1444 ore
461 1417 605 1444 conﬁtetur
616 1417 695 1449 ;ltuic
704 1418 775 1444 enim
792 1417 841 1444 soli
863 1416 921 1444 eul-
970 1419 1071 1451 omnia,
1084 1420 1174 1445 omnia
1191 1419 1229 1451 ﬁt,
1241 1418 1353 1450 idcirco}
1367 1417 1467 1452 aliquid
1488 1425 1580 1443 eorum
1609 1424 1667 1449 quae
1679 1416 1713 1443 ah
1728 1416 1770 1450 ip—

137 1464 325 1492 tumtrihucre
351 1467 465 1498 oportet.
496 1464 529 1490 Et
560 1467 668 1492 sanctus
692 1462 830 1497 Cyrillus:
857 1462 921 1490 Sive
972 1472 1004 1492 so
1016 1465 1083 1492 ﬁunt
1104 1469 1151 1492 aut
1167 1469 1296 1499 aguntur,
1308 1468 1350 1490 est
1367 1471 1418 1490 non
1433 1467 1553 1490 creatum
1571 1471 1578 1489 ι
1597 1469 1683 1496 neque
1705 1469 1769 1496 pos-

136 1509 212 1544 quis,
226 1509 323 1543 inquit,
336 1509 456 1543 angelos,
469 1509 524 1536 sive
550 1508 651 1542 aliquid
676 1508 845 1542 superiorum
877 1515 924 1535 orv
937 1509 960 1539 ο
975 1517 1038 1540 sunt
1051 1511 1139 1543 aliqua
1152 1512 1217 1543 duo,
1233 1513 1279 1536 aut
1294 1509 1438 1536 multitudo
1452 1513 1511 1542 post
1525 1508 1589 1540 duo,
1620 1512 1666 1534 aut
1693 1507 1767 1534 aliud

137 1556 242 1587 diuum,
262 1560 288 1582 et
305 1555 396 1582 omnia
408 1554 564 1581 intermedia
576 1559 782 1588 praetergressus
803 1553 837 1580 ad
854 1554 927 1588 ipsos
980 1557 1043 1592 quid
1059 1556 1207 1583 secundum
1224 1555 1348 1588 superius-
1359 1559 1386 1581 et
1402 1553 1515 1580 inferius
1530 1553 1703 1587 progrediens
1724 1559 1771 1579 es-

139 1601 306 1634 Seraphinos
317 1604 371 1633 eat,
381 1605 406 1627 et
415 1607 557 1634 supremas
566 1599 665 1633 glorias
675 1599 857 1634 aggrediatur,
879 1606 922 1626 na-

979 1609 1008 1629 se
1019 1601 1165 1634 inﬁnitum,
1180 1605 1207 1628 et
1216 1601 1273 1628 sine
1287 1601 1418 1634 principio
1431 1609 1438 1627 :
1449 1601 1494 1626 sed
1505 1607 1586 1626 unum
1597 1599 1695 1630 solum,
1719 1599 1770 1625 hoc

138 1652 226 1674 turam
251 1654 304 1674 non
328 1647 509 1679 transcendet,
537 1647 578 1673 vel
593 1646 664 1673 enim
681 1645 781 1681 aliquid
797 1652 925 1679 superne,
978 1653 1021 1676 est
1035 1648 1115 1680 Deus,
1126 1646 1368 1681 incomprt-ltensus
1382 1651 1434 1678 est,
1446 1650 1473 1672 ct
1485 1645 1700 1679 iuaspectaltilis,
1715 1649 1765 1670 cta

141 1693 192 1719 hoc
207 1696 259 1724 cst,
275 1699 306 1718 ett
319 1691 399 1718 Patre
414 1692 555 1723 luminum,
566 1696 593 1718 ct
623 1691 724 1718 idcirco
750 1691 820 1718 Deus
849 1699 857 1718 :
883 1690 922 1718 vel

979 1694 1124 1722 contrariis
1139 1694 1213 1721 solus
1229 1694 1287 1727 ipse
1299 1692 1528 1724 uominatur;sed
1555 1691 1701 1718 secundum
1723 1697 1769 1717 es-

140 1736 210 1763 ῖηίνθ
222 1736 502 1771 aliquidinlellisilun
517 1741 545 1763 (ει
556 1735 673 1768 inferne.
689 1736 739 1763 hoc
753 1740 795 1762 θει
816 1740 924 1762 οτθθιυ-
978 1740 1093 1768 sentiam
1124 1746 1198 1766 suam
1214 1745 1323 1771 prorsus
1334 1742 1408 1764 caret
1424 1737 1543 1769 nomine,
1558 1736 1618 1770 quia
1629 1736 1701 1762 solus
1726 1739 1770 1761 cst

141 1789 183 1814 ra,
195 1786 223 1808 et
235 1789 268 1808 ex
283 1786 406 1809 creatura
421 1791 429 1814 ;
447 1781 620 1816 interiectum
636 1788 701 1808 vero
712 1780 778 1808 nihil
804 1780 922 1816 [auditus

981 1793 1033 1812 non
1049 1789 1157 1811 creatus
1171 1787 1198 1810 et
1214 1784 1348 1816 ingenitus
1363 1782 1471 1815 ;on‘.nia
1482 1787 1572 1808 autem
1597 1786 1657 1816 post
1690 1786 1770 1808 uatu-

141 1832 196 1856 ett.
209 1828 240 1854 Ει
255 1828 350 1854 iterant
363 1827 434 1854 idum
451 1835 457 1854 :
476 1827 551 1860 Quod
564 1827 635 1854 enim
650 1831 692 1854 cst
712 1827 839 1860 opinione
868 1825 929 1853 illi)-
979 1838 1037 1858 ram
1055 1830 1173 1856 divinam
1190 1834 1252 1855 sunt
1265 1833 1367 1860 creata,
1379 1827 1441 1862 quia
1469 1828 1540 1854 inter
1560 1827 1649 1861 ipsum
1673 1826 1770 1857 Deum,

142 1880 203 1900 Tum
215 1880 302 1907 neque
313 1880 377 1905 Ρυτε
387 1871 468 1904 Deus.
483 1879 570 1906 neque
581 1876 673 1905 aliene
700 1875 837 1903 creatura,
847 1878 926 1910 dum,"
978 1879 1006 1900 et
1024 1877 1165 1901 creaturas
1179 1879 1265 1906 neque
1279 1872 1425 1907 quidquam
1440 1876 1492 1903 est,
1526 1879 1612 1905 neque
1633 1871 1771 1904 cogitatur

143 1919 230 1945 locum
245 1918 315 1953 apud
327 1918 398 1953 ipsos
411 1918 555 1952 recipietiu
569 1918 671 1953 iisqute
695 1917 772 1945 sunt?
798 1917 853 1952 Ego
879 1923 927 1943 ne-
979 1927 1105 1953 tanquam
1132 1917 1248 1945 essentia
1272 1916 1415 1952 quaepiam.
1446 1916 1590 1950 Diligenter
1609 1915 1691 1949 igitur
1713 1922 1771 1940 tua-

143 1972 197 2000 ψη
212 1965 237 1991 in
248 1965 305 1992 sola
317 1964 478 1998 cogitatione
506 1964 625 1998 recipere
651 1964 781 1996 dicerem,
803 1963 946 1997 quamvis-
985 1966 1054 1993 tetia
1066 1963 1145 1998 hujus
1155 1963 1264 1991 decadis
1278 1971 1291 1988 a
1311 1961 1440 1995 theologis
1459 1961 1595 1994 exposita,
1613 1968 1673 1986 cum
1702 1960 1771 1986 alio-

143 2011 243 2046 eligere
257 2011 343 2038 solum
363 2018 481 2045 p0sscm.
496 2011 529 2037 Et
554 2009 676 2037 Justinus
704 2009 880 2044 philosophus
906 2013 934 2036 et
985 2011 1030 2046 qui
1049 2010 1135 2045 ipsius
1150 2009 1196 2037 Dei
1218 2008 1378 2036 inﬁnitatem
1408 2014 1575 2042 cognoscere
1602 2014 1655 2034 non
1684 2006 1772 2041 possi-

145 2062 247 2092 marlyr
261 2066 268 2084 :
284 2057 387 2084 Etenim”
403 2057 425 2083 si
436 2057 498 2091 quid
512 2056 645 2090 principio
657 2061 734 2083 extra
750 2055 834 2082 Deum
859 2060 929 2089 erat,
985 2064 1046 2084 mus
1061 2056 1112 2092 (l).
1663 2054 1665 2056 ’

143 2102 451 2135 omninoueccssarium
470 2106 512 2129 est
533 2100 658 2128 conﬁteri
683 2101 735 2128 hoc
764 2104 810 2127 aut
834 2099 932 2134 Deum,

181 2192 204 2209 "
214 2191 265 2219 lsa.
281 2199 354 2225 ιιιτ,
370 2193 397 2220 6.
435 2191 458 2208 ⁸⁸
467 2191 539 2221 Psal.
554 2183 667 2224 crum,
678 2190 708 2220 2.

886 2250 1022 2282 Scholia.

182 2303 222 2338 (l)
241 2303 280 2331 Ad
294 2310 327 2331 ea
341 2303 438 2338 quain
455 2305 506 2331 hoc
522 2309 646 2331 extremo
670 2304 760 2336 capite
785 2311 818 2330 ex
845 2304 928 2330 variis
950 2306 971 2332 D
986 2303 1014 2338 si
1029 2307 1108 2329 natus
1132 2309 1192 2338 non?
1210 2302 1303 2338 fuisset
1321 2303 1401 2328 hmno
1428 2301 1473 2338 illc
1490 2301 1597 2334 (Matth.
1615 2308 1687 2338 χιιι,
1713 2299 1773 2338 ξητ

146 2334 274 2365 Patribus
288 2339 321 2365 de
331 2334 448 2373 ingenito
458 2344 549 2365 notata
561 2344 633 2371 sntit,
643 2334 751 2372 adiungi
764 2344 852 2372 potest
862 2337 933 2372 quod
997 2337 1027 2363 Et
1041 2337 1177 2373 quomodo
1187 2337 1224 2363 illi
1235 2337 1331 2373 melius
1344 2342 1415 2373 erat,
1429 2337 1450 2373 si
1468 2342 1545 2373 natus
1558 2343 1609 2362 non
1627 2334 1774 2373 fuisset?_ei

147 2378 257 2399 sanctus
276 2369 486 2408 Carysostomus
501 2369 769 2407 scripsit,'disscreiis
779 2373 813 2400 de
834 2369 936 2405 ingeni-
989 2369 1061 2408 enim
1078 2372 1123 2405 qui
1136 2379 1193 2408 Anon
1212 2377 1264 2404 est,
1285 2371 1351 2408 nihil
1368 2371 1513 2408 conducit,
1526 2378 1613 2404 neque
1629 2375 1718 2408 nocet.
1738 2369 1771 2395 Et

121 2415 130 2420 ·
149 2414 177 2434 ιο
189 2412 282 2434 contra
300 2405 444 2435 haereticos
457 2409 483 2434 in
496 2405 604 2435 homilia
621 2409 648 2434 in
664 2408 727 2434 illud
744 2417 751 2434 :
777 2408 804 2434 lu
836 2408 936 2440 princi-
989 2406 1118 2433 Salomon
1136 2406 1243 2433 beatum
1259 2407 1385 2440 praedicat
1399 2414 1458 2433 eum
1470 2407 1514 2440 qui
1531 2413 1583 2432 non
1600 2411 1641 2432 est
1653 2405 1774 2438 genitus.

149 2442 194 2474 pio
205 2448 262 2477 erat
272 2441 388 2469 Verbum
405 2441 493 2474 (Joau.
517 2451 536 2476 I,
554 2445 592 2475 i),
609 2448 637 2469 et
649 2451 658 2469 ε
671 2443 788 2477 Spiritus
799 2447 936 2470 scrutatur
986 2443 1026 2467 sic
1044 2440 1117 2467 cuitu
1132 2441 1170 2468 ait
1185 2450 1191 2467 :
1207 2441 1307 2477 Beatus
1323 2441 1368 2472 qui
1387 2447 1510 2467 nmrtuus
1525 2447 1579 2472 est,
1597 2442 1680 2477 magis
1690 2447 1773 2477 quam

151 2476 284 2510 profunda
304 2477 349 2504 Dei
367 2477 387 2510 (Ι
402 2477 466 2504 (ἔον.
486 2485 517 2510 tt,
529 2474 594 2510 '10):
613 2478 651 2504 Ne
664 2474 815 2510 existimes,
831 2477 930 2511 inquit,
984 2477 1090 2511 vivens,
1105 2481 1132 2511 et
1146 2483 1226 2509 supra
1238 2475 1306 2502 duos
1316 2478 1359 2510 qui
1373 2485 1424 2502 non
1437 2482 1478 2502 est
1494 2474 1772 2511 genitu;.(l§ccle,iv,

152 2509 289 2543 liznretice,
301 2519 427 2546 magnum
444 2513 507 2546 quid
526 2517 552 2539 te
567 2509 686 2539 tribuere
703 2512 788 2545 l’atri,
800 2509 877 2538 cum'
888 2511 931 2538 di-
981 2510 1010 2544 2)
1027 2519 1033 2538 :
1050 2511 1083 2537 Et
1098 2510 1121 2537 si
1135 2519 1187 2536 non
1203 2509 1367 2544 estlgenilus,
1381 2512 1516 2546 quomodo
1529 2516 1570 2536 est
1582 2511 1694 2536 ιιείιιιιδῖ
1712 2509 1778 2534 Vide

151 2546 192 2573 cis
206 2553 267 2572 esse
281 2545 429 2581 ingenitum
443 2545 527 2580 {quia
548 2547 629 2574 multa
639 2547 691 2573 alia
705 2554 765 2581 qua:
780 2554 833 2573 non
859 2552 925 2574 sunt
983 2547 1094 2572 noutina
1109 2551 1212 2581 natura;
1230 2546 1368 2579 ingeniun.
1381 2545 1453 2572 Dixit
1469 2546 1605 2581 hominem
1622 2551 1708 2578 neque
1730 2551 1780 2581 ιιι-ς

152 2585 290 2615 generata,
306 2578 433 2608 dicuntur
450 2578 568 2613 ingenita
589 2591 597 2614 ς
614 2578 808 2609 dicitur-Adam
823 2581 930 2614 iugeni—
983 2581 1082 2612 uitam,
1098 2587 1184 2615 neque
1197 2578 1340 2607 formatum
1357 2581 1466 2607 beatum
1479 2588 1486 2611 ;
1498 2579 1673 2612 quamobrem
1687 2578 1780 2612 appel—.

153 2614 208 2647 tus,
219 2615 280 2648 quia
298 2623 351 2642 non
366 2617 416 2643 fuit
427 2618 544 2650 genitus,
558 2617 604 2643 sed
618 2616 765 2648 formatus;
779 2615 879 2642 dicitur
901 2623 932 2643 e-
982 2615 1047 2641 latio
1064 2614 1176 2648 iugentti
1192 2622 1244 2641 non
1265 2616 1460 2648 interpretatur
1490 2621 1613 2641 naturam
1644 2615 1778 2648 ιιινιιιίιιιι,Ι

154 2650 218 2676 tiam
234 2649 470 2685 homoingenitus,
483 2659 533 2678 tton
552 2656 704 2686 generatus,
721 2658 807 2686 neque
828 2650 931 2677 forma-
981 2658 1042 2682 nec,
1060 2655 1089 2686 ut
1107 2654 1139 2686 tu
1151 2650 1202 2686 ais,
1219 2650 1395 2686 substantiam
1414 2650 1566 2682 signiﬁcat;
1580 2657 1632 2676 nec
1646 2649 1779 2676 honorent

153 2689 210 2718 tus,
220 2689 249 2713 ut
259 2693 319 2713 cum
337 2683 468 2714 Dominus
483 2683 596 2718 dtxit‘de
609 2685 677 2721 .iuda
695 2695 702 2713 :
718 2683 820 2714 Bonum
833 2690 891 2714 erat
905 2686 930 2713 ei
980 2685 1058 2712 atiert
1068 2683 1154 2712 Patri.
1166 2684 1300 2713 Hactenus
1317 2685 1538 2720 Chrysostomus.

656 2786 662 2798 \
948 2789 983 2799 -ιν
