1954 3071
199 98 251 131 923

775 103 893 133 ῙΟΛΝΝ
898 104 934 133 IS
950 103 1041 133 CYPA
1047 104 1227 134 RISSIOTE

1765 100 1840 135 9524

579 231 702 263 DECAS
721 233 841 264 NONA.
862 252 897 256 -——
916 235 972 266 DE
1002 235 1255 267 INFINITATE
1270 235 1320 266 IN
1333 233 1430 264 ΠΕΟ.
1463 270 1465 272 τ

513 303 627 330 CAPUT
650 303 669 330 l.

202 350 277 383 Quod
297 351 324 376 in
341 349 406 378 Dea.
427 349 471 380 qui
494 355 530 374 est
555 357 636 381 supra
663 349 858 382 substantiam,
878 359 927 377 non
945 357 982 378 ut

233 385 375 418 quidquam
400 383 474 409 aliud
506 392 556 409 non
581 389 698 410 tre/tium
738 391 835 417 printer
859 386 982 418 Putrem,

237 419 346 448 Filium.
364 423 387 444 et
404 417 529 450 Spiritum
546 425 663 444 sanciunt
688 420 765 445 unius
788 424 811 445 et
836 421 917 446 solius
937 417 984 446 na;

234 461 301 480 tum:
319 461 368 479 non
385 456 489 484 στρατω,
509 461 554 478 nec
569 453 641 478 aliud
658 453 799 487 quidquam
815 460 876 481 ante
888 455 985 482 simula

237 494 330 522 prater
350 487 396 513 ltus
416 493 467 513 tres
485 495 608 521 personas
628 489 738 514 diuinas.

234 531 345 565 Magnus
363 531 515 566 Dionysius,
545 533 632 564 capite
648 533 733 565 primo
752 532 872 567 Mysticw
889 534 987 560 theolo-

200 579 250 611 giw
263 586 271 604 :
282 577 403 604 Trinitas
416 584 498 610 supra
512 577 701 608 substantiam,
713 581 739 604 et
757 586 838 612 supra
854 579 985 612 divinum,

199 627 227 648 ct
245 630 325 656 supra
342 622 452 657 bonum,
470 621 576 653 pietatis
590 621 806 648 Christianorum
823 629 885 655 erga
905 622 986 648 Deum

200 675 301 702 prieScs
317 672 341 693 et
355 671 456 698 custos,
474 666 558 699 dirige
574 673 621 692 nos
639 666 671 692 ad
697 666 870 700 mysticorum
885 674 988 693 sermo-

200 721 264 739 num
281 712 326 738 Dei
343 719 506 746 supraquaui
525 711 643 745 ignotum
659 711 708 746 (l),
725 716 752 738 et
765 719 927 746 supraqnam
945 713 986 739 lu-

199 765 264 785 cens
282 758 332 792 (2),
351 762 432 790 atque
452 765 586 784 summum
604 757 760 791 fastigium;
777 758 822 784 ubi
841 759 988 797 simplicia,

201 809 228 831 et
245 804 365 830 absoluta
386 803 436 837 (ὃ),
451 808 478 830 et
499 804 675 830 immutabilia
693 804 834 838 theologia:
857 805 987 840 mysteria

202 850 362 883 aperiuntur
378 849 404 875 in
427 849 543 883 caligine
566 856 729 883 Supraquam
748 849 854 877 lucente
880 850 980 877 silentii

202 902 308 921 arcana:
320 894 460 920 doctrinm.
475 892 526 924 'l‘u,
543 901 601 927 qum
619 893 643 920 in
659 893 826 921 obscuritate
839 895 991 921 tenebrico—

203 941 310 968 sissima
329 948 491 975 supraquam
505 939 657 967 clarissime
671 947 833 974 supraquani
850 940 985 974 splendes.

998 310 1020 337 Α
1034 311 1061 334 et
1077 307 1142 334 nihil
1157 314 1237 341 supra
1260 315 1290 334 ea
1307 314 1366 341 quae.
1385 311 1468 340 Sunt,
1491 311 1517 334 et
1532 314 1612 341 supra
1632 308 1836 337 substantiam

1034 360 1094 380 esse
1109 353 1238 386 cogitant,
1264 352 1328 387 quin
1355 353 1444 386 potius
1470 352 1638 380 arbitrantur
1654 362 1702 381 sua
1721 358 1835 390 cogni~

1037 399 1108 426 tione
1137 406 1215 426 nosse
1241 407 1302 426 cum
1330 399 1374 433 qui
1412 400 1501 434 posuit
1526 401 1651 428 tenebras
1677 401 1835 428 latibulum

1036 451 1123 471 suum.
1146 443 1174 470 Si
1192 449 1281 471 autem
1300 451 1381 478 supra
1397 444 1445 471 hos
1462 450 1526 471 sunt
1543 446 1696 472 divinorum
1719 452 1836 482 myste—

1037 487 1138 514 riorum
1155 488 1333 520 cognitiones.
1350 488 1416 522 quid
1439 488 1491 515 dici
1507 490 1607 523 poterit.
1630 490 1663 517 de
1686 491 1748 518 aliis
1767 499 1835 519 non

1037 532 1158 563 initiatis,
1175 533 1219 566 qui
1236 540 1368 560 summam
1384 538 1493 560 causam
1508 536 1628 562 omnium
1643 543 1675 563 ex
1688 538 1835 565 extremis

1039 577 1074 610 (b)
1091 577 1117 603 ili
1132 581 1226 604 natura
1243 585 1332 604 rerum
1347 578 1498 610 designant,
1524 580 1644 614 nihilque
1666 588 1724 608 eam
1740 588 1835 609 ante-

1039 622 1137 648 cellere
1150 622 1226 648 aiunt
1244 622 1334 656 impiis
1350 623 1523 657 imaginibus,
1538 631 1604 659 quas
1628 626 1678 660 ipsi
1695 627 1808 660 lingunt
1821 627 1835 653 ἵ

1040 667 1072 693 Et
1086 674 1196 700 magnus
1212 667 1377 695 Athanasius
1393 677 1400 695 :
1417 668 1479 695 Sola
1499 669 1569 696 enim
1588 675 1680 697 sancta
1701 671 1835 699 Trinitas

1040 712 1188 739 divinitatis
1201 720 1254 739 non
1270 719 1360 741 creata
1381 714 1517 748 apparuit.
1532 715 1563 741 Et
1578 709 1812 744 beatus'Basilius
1824 726 1833 744 :

1040 757 1096 784 Illic
1110 757 1185 784 stetit
1201 758 1289 791 beata,
1310 763 1336 785 et
1352 767 1404 786 non
1419 763 1509 786 creata
1530 759 1658 791 Trinitas.
1680 762 1772 794 Pater,
1802 769 1834 790 et

1042 802 1134 834 Filius,
1154 808 1180 829 et
1194 803 1308 837 Spiritus
1327 809 1446 831 sanctus.
1466 804 1497 831 Et
1508 803 1654 840 Gregorius
1666 806 1833 841 Nyssenus:

1041 847 1111 874 Nihil
1126 849 1196 875 aliud
1214 854 1277 876 ante
1297 850 1392 876 szecula
1409 855 1505 883 praeter
1522 850 1640 884 Patrem,
1662 859 1690 880 et
1704 853 1809 880 Filium
1824 875 1834 885 ,

1042 899 1068 920 et
1081 894 1208 927 Spiritum
1220 901 1352 922 sanctum.
1364 894 1396 921 Et
1409 895 1517 922 divinus
1527 896 1726 925 Damascenus:
1745 898 1836 927 Solus

1043 947 1094 966 nou
1115 945 1233 971 ereatus,
1253 940 1297 973 qui
1316 940 1341 966 in
1359 939 1450 972 Patre,
1465 946 1492 968 et
1509 941 1588 974 Filio,
1603 947 1629 970 et
1644 943 1747 978 Spiritu
1761 953 1833 971 sau-

202 992 229 1014 et
244 988 269 1014 in
286 987 338 1014 illis
352 987 540 1021 splendoribus
569 993 731 1020 supraquam
756 986 884 1020 pulchris,
906 991 933 1014 et
949 991 986 1013 ta-
1004 993 1023 1019 Β
1040 989 1084 1012 cto
1101 985 1209 1012 colitur.
1221 984 1259 1012 Ex
1273 985 1371 1018 quibus
1388 986 1416 1012 tit
1432 987 1617 1019 manifestum,
1631 989 1701 1021 quod
1717 990 1744 1016 in
1762 989 1834 1022 Deo,
1862 1003 1865 1005 -

202 1039 286 1064 ctum,
303 1038 328 1059 et
344 1037 482 1066 aSpectu'u
495 1032 533 1066 (α)
546 1040 578 1058 ex
593 1037 648 1059 toto
661 1031 823 1065 fugientibus
833 1036 935 1058 mentes
949 1033 987 1066 (4)

202 1078 288 1105 oculis
314 1083 409 1112 captas
433 1085 596 1112 supraquam
622 1077 725 1110 imples.
744 1077 806 1111 Mihi
830 1077 909 1111 igitur
931 1076 988 1104 haec

201 1131 338 1157 optentur,
354 1129 379 1150 tu
405 1131 478 1156 vero,
494 1123 576 1150 chare
602 1123 753 1154 Timotheo,
778 1123 804 1149 in
831 1123 986 1149 vehementi

205 1169 378 1203 mysticarum
398 1168 653 1202 contemplationum
672 1169 864 1195 exercitatione
885 1174 912 1194 et
927 1176 990 1195 sen-

202 1222 260 1246 sus,
275 1220 300 1241 et
325 1222 390 1241 usus
411 1214 511 1240 mentis
531 1214 662 1247 relinque,
688 1218 715 1240 et
737 1214 826 1240 omnia
850 1220 909 1247 qua:
939 1214 989 1240 sub

202 1268 310 1286 sensum
325 1265 351 1287 et
366 1259 570 1294 intelligentiam
594 1259 710 1289 cadunt,
735 1263 762 1285 et
786 1259 910 1285 universa
929 1266 989 1292 qua:

203 1311 276 1337 sunt,
291 1310 318 1331 ct
343 1313 396 1332 non
414 1310 479 1332 sunt
495 1304 532 1338 i5)
552 1312 558 1330 :
575 1309 601 1330 et
618 1305 650 1331 ad
672 1304 882 1338 copulationcm,
901 1313 988 1338 quatt-

205 1355 259 1376 tutn
274 1350 403 1384 consequi
419 1356 505 1384 poles,
521 1358 581 1376 cum
596 1357 628 1376 eo
644 1349 688 1383 qui
705 1357 785 1382 supra
802 1356 910 1376 omnetn
924 1349 991 1375 sub-

202 1397 329 1423 stantiam
348 1401 375 1423 et
392 1396 573 1430 cognitionem
594 1400 652 1427 est,
671 1396 761 1429 iguote
777 1395 815 1430 (6)
835 1396 966 1422 contende
985 1406 990 1422 :

205 1444 232 1471 ct
247 1447 322 1467 extra
339 1446 363 1468 Ie
383 1442 492 1475 positus
504 1449 578 1474 pure.
603 1446 630 1467 et
645 1441 678 1466 ab
701 1441 827 1468 omnibus
848 1441 951 1468 solutus
965 1445 993 1468 et

203 1485 273 1514 liber
283 1486 315 1512 ad
335 1486 436 1512 radium
448 1487 567 1512 divinum
581 1486 676 1513 divinte
684 1486 993 1518 obscuritatis,0mnibus

204 1532 312 1564 ablatis,
331 1536 359 1558 et
383 1532 417 1558 ab
436 1533 561 1559 omnibus
586 1532 728 1566 expeditus
752 1532 908 1558 adduceris.
928 1531 993 1561 Vide

205 1581 306 1608 ualent,
325 1582 353 1604 ut
369 1585 447 1604 nemo
461 1578 518 1604 hac
534 1578 625 1604 audiat
642 1585 674 1604 ex
689 1578 721 1604 iis
741 1578 785 1611 qui
802 1586 852 1604 non
873 1584 941 1609 sunt,
952 1578 993 1604 iu-

205 1624 319 1655 structi;
342 1624 392 1650 hos
406 1622 479 1657 dico,
495 1623 539 1658 qui
557 1623 636 1650 rebus
657 1624 773 1650 terrenis
792 1623 991 1655 adhaerescunt,
1007 1631 1030 1662 ο
1045 1628 1188 1656 sanctum;
1207 1626 1233 1650 et
1250 1630 1309 1650 cum
1327 1630 1421 1650 rursus
1444 1623 1560 1650 dicimus

1037 1033 1082 1066 qui
1108 1037 1146 1059 est
1167 1040 1247 1066 supra
1265 1033 1454 1064 substantiam,
1468 1041 1517 1060 nec
1535 1034 1607 1062 aliud
1619 1036 1768 1070 quidquam
1789 1027 1847 1064 esti

1039 1085 1090 1103 non
1101 1083 1221 1104 creatum
1234 1082 1332 1112 praeter
1344 1077 1579 1111 Trinitatem.‘nec
1592 1081 1665 1108 aliud
1675 1083 1833 1117 quidquam

1039 1126 1100 1150 ante
1120 1131 1206 1150 aevum
1226 1128 1322 1156 pra-ter
1344 1124 1464 1155 Patrem,
1479 1129 1502 1152 et
1526 1125 1634 1158 Filium,
1651 1132 1678 1154 et
1696 1126 1833 1161 Spiritum

1039 1173 1171 1199 sanctum,
1185 1168 1345 1195 Trinitatem
1359 1177 1438 1203 supra
1453 1175 1586 1203 natttram,
1617 1178 1642 1198 ct
1657 1172 1683 1198 in
1699 1180 1750 1206 qua
1764 1173 1835 1200 siin-

1040 1213 1129 1246 plicia,
1155 1218 1181 1240 et
1211 1214 1353 1248 absoluta,
1387 1219 1467 1249 atque
1493 1216 1673 1244 immutabilis
1702 1219 1833 1252 mysteria

1041 1260 1180 1293 theologia:
1209 1261 1381 1295 detegantur,
1400 1267 1426 1288 et
1449 1263 1499 1297 ipsi
1515 1264 1611 1290 occulti
1631 1272 1773 1292 sermones
1792 1265 1830 1292 si-

1041 1303 1114 1331 lentii
1129 1305 1289 1337 iueﬂ‘abilis;
1306 1313 1388 1339 quare
1403 1307 1425 1333 si
1441 1314 1500 1340 qua:
1516 1312 1557 1334 est
1571 1313 1664 1335 natura
1678 1317 1730 1335 non
1752 1317 1834 1336 crea-

1043 1355 1087 1381 ta,
1107 1359 1138 1377 ca
1159 1357 1199 1378 est
1215 1351 1295 1378 Pater
1310 1357 1337 1379 et
1361 1353 1444 1379 Filius
1466 1357 1493 1379 et
1517 1353 1635 1386 Spiritus
1652 1360 1774 1381 sanctus.
1799 1355 1832 1382 Et

1044 1403 1137 1422 run-us
1153 1403 1159 1421 :
1174 1395 1201 1422 Si
1225 1395 1288 1428 qttid
1311 1401 1352 1422 est
1377 1395 1466 1428 Pater,
1491 1401 1518 1423 et
1536 1397 1629 1428 Filius,
1655 1402 1682 1424 et
1710 1397 1832 1431 Spiritus

1043 1445 1162 1471 sanctus,
1181 1441 1237 1467 sola
1255 1448 1307 1467 non
1328 1446 1417 1467 creata
1435 1447 1528 1468 natura
1551 1446 1611 1474 est,
1635 1447 1662 1469 et
1685 1439 1745 1469 cuiu
1763 1444 1833 1470 dici-

1045 1493 1104 1512 mus
1128 1494 1135 1512 ἶ
1161 1485 1182 1512 0
1207 1491 1303 1512 natura
1324 1494 1376 1512 11011
1392 1490 1484 1513 creata
1497 1506 1504 1517 ,
1521 1491 1617 1513 nllClOl‘
1633 1488 1768 1518 omnium,
1787 1489 1830 1515 vel

1045 1535 1143 1565 printer
1162 1531 1280 1558 divinam
1306 1536 1431 1558 naturam
1461 1531 1528 1559 nihil
1553 1537 1594 1559 est
1617 1540 1670 1560 non
1689 1541 1830 1566 creatum,

1046 1578 1180 1610 iniplicate
1196 1578 1311 1605 dicimus
1331 1578 1449 1610 Patrem,
1468 1582 1496 1604 et
1519 1578 1630 1610 Filium,
1654 1585 1679 1606 et
1699 1579 1829 1614 Spiritum

1580 1631 1588 1650 ε
1610 1623 1690 1651 Pater
1708 1626 1832 1660 omnipo-

934 1693 1073 1724 Scholia.

199 1769 202 1773 ’
239 1768 277 1803 (1)
292 1767 455 1803 Suprnqimm
475 1769 600 1803 ignotum.
622 1769 689 1801 Quia
710 1768 772 1802 quid
789 1768 824 1795 sit
841 1768 920 1800 Deus,
943 1767 988 1801 qui

205 1809 247 1830 est
260 1809 353 1830 sancta
369 1803 497 1835 Trinitas,
514 1811 565 1830 non
581 1804 666 1830 solum
688 1809 727 1830 est
744 1803 880 1838 ignotum.
897 1808 925 1829 ut
941 1810 989 1828 nos

205 1838 355 1872 intelligere
373 1846 515 1872 pmsumtts
531 1838 556 1864 in
570 1839 703 1865 creaturis
723 1838 823 1872 aliquid
839 1845 898 1864 esse
911 1839 987 1872 igno—

207 1877 274 1902 ltttu,
291 1874 336 1898 sed
351 1877 391 1898 est
404 1881 566 1907 supraquam
585 1873 715 1904 ignotum.

242 1907 279 1940 ('2)
299 1907 464 1939 Supraquam
481 1909 578 1943 lucens.
593 1908 658 1943 Quia
677 1907 793 1943 cognitio
808 1912 848 1934 est
865 1907 987 1940 qumtlam

206 1941 249 1977 lux
268 1943 374 1974 mentis,
389 1943 520 1976 significat
539 1942 689 1977 Dionysius.
706 1941 758 1968 non
774 1950 833 1969 esse
850 1942 987 1975 propritim

208 1976 252 2002 Dei
273 1977 311 2003 sic
329 1977 454 2009 cognosoi
478 1977 549 2011 quod
567 1976 612 2007 sit,
628 1981 655 2002 et
672 1977 757 2003 bonus
780 1978 825 2008 sit,
842 1981 867 2003 et
885 1977 987 2010 rcliqtta

206 2011 339 2044 ejusmodi
358 2011 402 2037 Dei
422 2012 538 2045 propria.
553 2013 621 2038 sicut
641 2019 690 2038 nos
705 2011 889 2045 intelligimus,
905 2016 931 2037 et.
945 2020 990 2038 c0—

206 2047 358 2079 gnoscimus
378 2047 404 2072 in
425 2047 565 2078 creaturis,
579 2054 648 2078 esse,
669 2051 695 2072 et
717 2048 782 2073 tales
795 2054 871 2077 esse,
885 2047 930 2072 sed
949 2051 990 2073 est

206 2081 326 2114 cognitio
349 2081 406 2114 ejus
440 2082 546 2115 propria
571 2089 650 2115 supra
676 2089 780 2107 onmem
808 2081 989 2114 cognitionem

206 2120 323 2141 creatam
361 2124 374 2141 a
390 2124 419 2142 se
444 2117 516 2142 enim
534 2116 632 2146 solum,
649 2121 677 2142 ut
690 2116 766 2143 decet
789 2116 813 2142 id
834 2120 885 2146 est,
901 2115 990 2148 peric-

206 2153 259 2183 ctl‘,
279 2158 393 2180 cognosc
405 2154 448 2176 tur
466 2158 536 2178 esse.

244 2186 280 2217 (5)
297 2184 432 2218 Simplicia
451 2190 474 2211 et
491 2185 619 2212 absoluta.
634 2185 679 2212 Illa
698 2185 771 2214 dicit.
790 2193 847 2218 qure
863 2185 931 2211 nn'le
947 2192 990 2211 se-

207 2220 260 2246 cuti
276 2224 350 2249 sunt,
367 2220 424 2246 sine
442 2221 634 2251 integumentis
654 2219 819 2253 symbolicis,
832 2225 858 2246 et
870 2221 927 2245 sine
943 2228 989 2253 pa-

207 2254 315 2285 rabolis,
333 2262 363 2280 ac
377 2254 435 2280 sine
448 2254 537 2281 verbis
551 2274 556 2284 ,
573 2263 632 2288 quas
647 2255 824 2287 explicatione
849 2255 968 2287 indigent
981 2275 988 2287 ,

208 2290 392 2322 intelliguntur
412 2294 439 2315 et
454 2289 588 2317 videntur.
612 2288 665 2315 Deo
685 2289 820 2322 aperiente
840 2290 986 2324 mysteria;

1040 1772 1130 1800 potest
1145 1768 1244 1801 caligo.
1259 1775 1346 1799 neque
1360 1775 1420 1801 quae
1433 1767 1546 1800 caligine
1558 1767 1664 1794 obtecta
1676 1768 1748 1801 sunt)
1764 1768 1830 1795 vidit

1040 1803 1152 1832 Paulus.
1169 1808 1193 1827 et
1212 1803 1337 1832 cognovit
1354 1802 1379 1828 in
1407 1802 1466 1829 luce
1486 1802 1643 1829 clarissian
1658 1802 1830 1830 revelationis

1040 1838 1097 1864 sine
1121 1838 1180 1863 ullis
1199 1837 1336 1871 symbolis.
1360 1836 1426 1863 illud
1450 1843 1540 1863 autem
1554 1838 1753 1863 observandum
1772 1845 1821 1868 est.

1041 1880 1074 1898 ne
1100 1873 1160 1904 quis
1177 1872 1351 1903 interpretem
1365 1876 1466 1898 temere
1482 1872 1670 1904 reprehendat,
1684 1872 1755 1905 quod
1773 1879 1830 1898 ver-

1041 1907 1121 1933 timus
1138 1914 1144 1933 :
1162 1907 1324 1937 Ap’riuutnr
1341 1907 1366 1941 iu
1384 1906 1518 1941 caligine),
1540 1907 1609 1932 male
1630 1905 1680 1938 legi
1698 1906 1723 1932 in
1738 1913 1828 1932 exeni-

1043 1941 1161 1974 plaribus
1180 1941 1281 1968 Griecis
1297 1941 1323 1968 in
1341 1940 1414 1967 Italia
1434 1940 1460 1968 et
1477 1942 1503 1967 in
1522 1940 1607 1967 Gallia
1626 1941 1755 1966 lim-tenus
1773 1942 1828 1966 cdi-

1044 1977 1087 2008 tis,
1110 1975 1323 2008 ἐγκαλύπτεται,
1347 1976 1371 2002 id
1394 1980 1446 2004 est.
1470 1981 1606 2009 teguntur;
1636 1975 1729 2001 melius
1745 1976 1828 2006 reperi

1044 2011 1069 2037 in
1099 2010 1246 2043 exemplari
1273 2011 1467 2044 manuscripto,
1499 2009 1767 2044 qttodCyparissiota
1784 2010 1830 2036 lia-

1043 2046 1110 2077 buit,
1129 2045 1338 2074 ὲκκιλύπτεται,
1354 2045 1378 2071 id
1399 2051 1448 2073 est.
1464 2046 1634 2077 tletcguutur.

1079 2081 1117 2115 (.5)
1140 2079 1239 2106 Meum
1260 2080 1397 2115 airigclivas
1418 2079 1504 2106 oculis
1527 2083 1618 2115 captas
1635 2078 1701 2105 dicit
1720 2087 1772 2113 pne
1789 2081 1828 2107 in.

1045 2115 1118 2141 [insta
1147 2114 1306 2141 excellentia
1334 2115 1417 2141 divini
1444 2114 1618 2148 splendoris;
1639 2119 1701 2139 Slltll.
1733 2115 1827 2149 aiio-pii

1046 2151 1138 2176 multis
1152 2150 1237 2176 oculis
1258 2149 1376 2182 prteditze
1391 2155 1499 2183 propter
1521 2149 1631 2174 nntltaut
1649 2149 1825 2181 cognitionem

1046 2185 1159 2217 proprim
1178 2184 1321 2209 facultatis.
1338 2183 1414 2210 SlClll
1431 2184 1502 2210 enim
1521 2183 1592 2209 Deus
1617 2183 1714 2208 dicitur
1740 2184 1827 2211 invisi-

1046 2220 1119 2250 bilis,
1135 2219 1174 2244 sic
1190 2218 1315 2245 dicuntur
1332 2219 1458 2253 angelica:
1477 2223 1579 2244 mentes
1594 2218 1678 2253 oculis
1694 2224 1790 2252 capue.

1080 2255 1117 2289 (5)
1138 2253 1264 2279 Universa
1280 2261 1336 2287 qua:
1354 2251 1425 2289 situt,
1441 2257 1464 2279 et
1487 2260 1538 2289 non
1555 2257 1628 2289 sunt.
1649 2251 1674 2277 ld
1691 2259 1731 2279 est
1745 2273 1752 2284 ,
1772 2262 1826 2280 om-

1043 2287 1088 2316 nia
1108 2288 1273 2315 intellectilia
1292 2293 1318 2314 et
1343 2288 1469 2319 sensilia;
1489 2287 1545 2313 hinc
1559 2287 1630 2313 enim
1647 2292 1754 2320 propter
1769 2297 1827 2315 con-

207 2332 265 2356 qua:
285 2321 326 2349 sic
340 2329 446 2350 estet-Sa
468 2329 494 2350 et
525 2324 640 2349 revelata
654 2343 661 2355 ,
685 2321 737 2350 non
757 2321 875 2357 possunt
895 2330 986 2357 postea
1004 2324 1026 2352 Ι)
1040 2325 1140 2350 tinuant
1163 2323 1338 2349 mutationem
1366 2323 1526 2350 dicebantur
1553 2328 1568 2347 a
1589 2321 1755 2356 philosophis
1778 2332 1825 2350 non

207 2365 334 2386 SI‘I'IIIOHC
359 2358 480 2391 expromi
494 2377 501 2388 ,
528 2357 597 2385 sicut
615 2358 712 2385 Paulus
728 2360 759 2384 de
777 2359 928 2391 huiusmodi
947 2361 988 2384 vi-

207 2393 284 2420 sione
305 2396 329 2417 rt
348 2393 510 2419 revelationc
527 2393 715 2426 mysteriorum
734 2393 846 2426 simplici
862 2397 888 2419 et
910 2392 990 2420 abso—

208 2429 274 2458 luta,
291 2428 389 2458 id'est,
405 2428 473 2453 ιιιιιιιι
498 2433 524 2453 et
549 2432 640 2460 aperta
667 2428 776 2454 remotis
801 2428 938 2462 symbolis,
964 2433 992 2455 et

208 2462 297 2489 verbis
321 2462 499 2493 explicatione
517 2462 708 2493 indigentibus,
734 2462 760 2488 iit
784 2468 859 2496 raptu
878 2463 920 2488 illo
941 2471 990 2490 suo

209 2497 336 2529 scripsit:
351 2497 414 2527 Qua:
427 2506 478 2523 non
492 2499 564 2528 licet,
577 2497 673 2530 inquit,
686 2497 785 2532 homini
799 2497 869 2531 loqui
883 2496 991 2532 (IICor.

210 2540 258 2560 xii.
275 2532 322 2566 4);
342 2533 374 2558 ad
400 2532 448 2558 hoc
475 2534 545 2558 enim
572 2533 677 2558 videtur
703 2531 845 2566 Dionysius
870 2533 993 2559 retulisse

210 2568 280 2600 ψιοιι
307 2568 349 2592 ιιίς
372 2567 450 2593 dixit.
467 2566 493 2592 lu
512 2567 625 2599 caligine
643 2574 804 2600 supraquam
829 2567 935 2593 lucente
954 2568 993 2594 si-

208 2601 283 2628 lentii
301 2609 406 2628 areatnc
416 2601 556 2633 doctrinae.
570 2602 710 2634 caliginem
722 2602 837 2633 vocavit,
852 2609 911 2633 qua:
926 2603 991 2628 νηυ-

210 2636 253 2662 lus
267 2636 353 2671 ᾶρῤητ
361 2645 386 2668 at,
400 2637 423 2662 id
438 2641 489 2668 est,
504 2644 614 2669 arcana;
631 2638 687 2663 lucc
703 2637 774 2662 enim
789 2637 994 2669 obscurissima,

210 2677 238 2697 et
260 2679 319 2705 qua:
336 2671 463 2705 explicari
483 2679 535 2698 non
557 2676 670 2706 possunt
686 2671 768 2706 (sicut
795 2679 880 2705 neque
909 2672 992 2698 videri

247 2751 284 2787 (ll)
300 2751 412 2778 Tactuin
423 2771 431 2783 ,
456 2757 482 2778 et
506 2756 642 2785 aspectum
667 2752 834 2779 intellectiles
850 2752 932 2785 dicit;
949 2758 991 2780 est

213 2788 285 2815 cuitu
299 2787 416 2822 Cognitio
437 2789 558 2822 qua-dam
579 2787 661 2815 tactio
691 2793 717 2815 ct
743 2788 810 2816 visio
828 2788 988 2815 intellectus.

1041 2366 1113 2385 esse.

1078 2393 1116 2429 (6)
1135 2392 1237 2427 Ignota.
1251 2392 1399 2429 rSignilicat
1416 2399 1469 2418 non
1487 2398 1551 2429 esse
1568 2392 1675 2429 curiose
1691 2391 1826 2429 inquiren-

1044 2427 1117 2461 dum,
1141 2428 1275 2461 qum-tudo
1289 2427 1334 2454 tiat
1350 2427 1534 2462 istaﬂcognitio
1549 2427 1671 2462 mysticae
1693 2427 1826 2462 theologia:

1044 2470 1091 2496 per
1107 2463 1303 2495 copulationeni
1321 2469 1382 2489 cuin
1397 2461 1461 2492 Deo,
1480 2461 1663 2488 relictamtini
1677 2461 1727 2487 alia
1742 2461 1825 2496 (ὀιζυῖ-

1046 2499 1118 2524 tione
1136 2505 1242 2529 rerum;
1261 2497 1285 2523 id
1302 2500 1373 2531 quod
1388 2496 1485 2523 Paulus
1500 2497 1636 2530 apostolus
1655 2496 1820 2530 signiﬁcavit,

1046 2540 1107 2559 cum
1123 2532 1191 2558 dixit
1212 2532 1244 2558 de
1262 2530 1370 2558 illa'sua
1395 2539 1454 2557 cum
1473 2530 1527 2557 Deo
1540 2531 1721 2564 copulatione,
1741 2532 1764 2557 in
1780 2540 1825 2565 qua

1049 2573 1174 2601 mysteria
1194 2567 1236 2593 illa
1254 2574 1351 2593 arcana
1368 2567 1432 2601 vidit
1455 2573 1461 2591 :
1482 2565 1544 2592 Sive
1576 2566 1601 2591 in
1629 2573 1751 2597 corpore.
1777 2569 1827 2593 sive

1048 2600 1124 2632 extra
1150 2610 1259 2635 corpus.
1277 2601 1379 2632 nescio,
1399 2600 1468 2627 Deus
1484 2601 1536 2626 scit
1554 2600 1655 2634 (ibid.).
1670 2601 1775 2632 Nescio,
1790 2602 1826 2628 in-

1049 2637 1116 2669 qttit,
1134 2636 1159 2663 id
1176 2641 1216 2662 est
1227 2657 1233 2668 ,
1251 2645 1303 2662 non
1320 2644 1426 2662 curiose
1442 2635 1558 2670 inquiro,
1578 2635 1645 2662 Salis
1659 2635 1724 2662 mihi
1741 2644 1777 2663 rst
1791 2636 1825 2662 vi-

1048 2672 1121 2698 disse
1137 2676 1163 2698 et.
1183 2672 1291 2698 audisse
1307 2678 1406 2697 arcana
1420 2671 1475 2703 illa,
1496 2674 1548 2697 etc.

1079 2752 1116 2787 (ὁ)
1135 2753 1261 2780 Extrema
1279 2752 1305 2779 in
1323 2753 1404 2781 rebus
1427 2758 1505 2780 went
1533 2753 1673 2780 materiam
1699 2753 1820 2781 inanima.-

1044 2796 1108 2818 [illi].
