1954 3071
139 105 194 137 925

565 109 685 141 DECAS
710 111 760 141 IX-
778 124 812 129 --
831 113 879 142 DE
898 113 1122 146 INFINITATE
1142 116 1182 147 IN
1200 115 1287 145 ΒΕΘ.

1709 109 1765 143 9Ὲῦ

136 168 208 195 tcus,
223 162 283 194 Fili,
300 167 327 190 et
340 163 457 198 Spiritus
472 169 573 195 sancte.
590 166 723 199 explicate
738 174 817 193 unant
831 173 858 193 cl
874 176 923 194 nou
940 169 963 197 Α
977 174 1018 196 cla
1038 171 1170 198 Trinitate
1186 179 1265 198 unam
1282 170 1447 198 divinitatem
1461 190 1468 199 ,
1484 174 1510 196 et
1528 177 1610 197 unum
1644 177 1768 203 rcgnum,

135 213 258 234 creatam
281 215 405 236 naturain
433 211 606 244 incovamns;
633 212 699 238 nihil
724 219 925 240 commoventes

137 253 166 280 in
185 254 247 284 ηιΙε.
263 263 322 289 quae
348 260 420 282 tenet
445 257 576 284 unitatem
602 266 663 286 esse
686 259 712 286 itt
732 259 874 292 Trinitate,
897 266 924 287 et

135 299 296 329 Trinitatem
315 301 340 328 iii
357 302 470 329 unitate.

448 369 562 398 CAPUT
586 371 617 398 ll.

138 426 217 458 Quod
232 426 258 452 in
272 426 334 457 Deo,
349 426 393 459 qui
406 431 443 452 cst
457 435 536 457 supra
550 427 737 460 substantiam,
755 437 804 454 non
819 436 854 455 est
871 430 924 456 alia

173 461 297 487 divinitas
317 461 384 492 eius,
403 462 454 487 nisi
480 461 568 492 Pater,
592 468 614 488 et
636 462 732 494 Filius,
760 469 784 489 et
810 463 924 493 Spiritus

174 501 291 526 sanctus,
307 504 359 521 una
380 502 402 522 et
424 496 478 522 sola
501 504 552 522 non
576 503 662 523 creata
679 503 793 528 natura;
811 506 856 524 nec
869 499 923 524 ulia

175 536 303 566 potestas.
320 532 371 557 sive
386 531 480 560 rirtus.
503 536 528 557 et
543 533 661 566 Operatio
679 533 704 558 in
725 533 796 565 ipso,
814 533 866 559 nisi
885 533 925 560 lue

175 570 227 591 tres
244 565 339 591 divina:
352 573 483 597 personat.

176 620 305 647 Dominus
320 622 345 647 in
359 622 503 654 Evangelia
514 622 552 649 ait
565 631 571 649 :
584 623 682 649 Amodo
693 623 812 650 videbitis
824 624 924 651 Filium
942 626 944 628 ’

135 666 251 692 hominis
264 667 393 693 sedentem
406 675 421 693 a
433 667 533 694 dextris
547 669 651 695 virtutis
668 669 725 700 Dei,
744 675 767 696 et
783 671 923 697 venientem

135 712 166 738 in
191 712 302 739 nubibus
318 713 376 739 caeli
392 713 425 740 ³⁸.
441 712 471 739 Ει
488 721 583 741 rursus
603 723 610 741 :
633 715 664 742 Si
681 722 766 742 autem
788 717 814 742 in
830 717 925 742 virtute

136 756 187 783 Dei
200 758 276 787 eiicio
292 757 421 785 daemonia
434 759 468 785 ³¹.
488 759 518 785 Et
535 760 621 786 adhuc
638 768 645 787 :
665 760 714 787 l'os
730 767 816 788 autent
837 763 925 789 sedete

135 802 165 828 iu
188 803 291 829 civitate
307 803 466 833 Jerusalem.
482 805 561 832 donec
578 806 727 842 induamini
749 808 868 834 virtutem
892 816 924 834 ea;

136 848 193 874 ulto
204 848 237 874 ⁸³.
251 847 283 874 Et
295 849 402 876 divinus
418 850 577 882 Apostolus:
590 849 708 878 Christus
722 851 768 878 Dei
782 853 925 886 sapientia,

134 897 161 920 ct
182 893 228 919 Dei
244 893 325 920 virtus
333 893 365 920 ⁸⁸.
376 894 523 927 Gregorius
534 895 668 930 Nyssenus
684 906 689 921 :
709 897 741 923 'll
757 897 880 931 δύναμις,
901 898 926 923 id

135 943 192 971 est,
206 939 302 971 virtus,
323 941 380 967 sive
398 945 529 974 potestas,
550 950 613 969 cum
636 944 668 969 ad
693 943 774 970 Deum
800 944 925 974 refertur,

136 984 316 1017 singulariter
331 985 457 1019 effertur;
476 994 535 1013 cum
563 995 627 1014 vero
651 988 682 1014 ad
711 994 861 1019 creaturas.
880 998 929 1016 uu-

136 1036 215 1055 ntero
239 1030 427 1058 multitudinis.
456 1031 601 1066 Gregorius
627 1032 781 1068 Thcologus
805 1041 811 1059 :
838 1034 927 1065 Unum

138 1075 202 1106 tria,
219 1080 246 1102 et
261 1077 310 1102 tria
325 1084 406 1104 unum
422 1097 428 1108 .
447 1078 472 1104 iit
488 1079 586 1112 quibus
603 1084 644 1107 est
660 1080 802 1113 divinitas;
823 1081 863 1107 vel
881 1089 927 1114 po-

137 1120 193 1147 tius
208 1121 305 1154 dicam,
318 1129 376 1154 qua:
391 1129 454 1150 sunt
471 1124 607 1152 divinitas.
620 1126 650 1152 Et
671 1135 763 1154 rursus
778 1128 846 1154 idem
862 1137 868 1154 :
884 1128 928 1155 Dei

137 1172 205 1192 vero
222 1173 283 1192 cum
308 1167 379 1200 dico,
406 1169 467 1196 dico
495 1170 593 1202 Patris,
617 1177 642 1198 et
669 1172 740 1205 Filii,
763 1178 791 1199 et
812 1174 930 1208 Spiritus

136 1213 236 1245 sancti;
258 1221 345 1248 neque
358 1214 500 1242 divinitate
515 1217 583 1243 ultra
603 1217 660 1244 lucc
677 1217 745 1250 fusa,
758 1226 791 1245 ne
803 1220 930 1253 populum

138 1259 252 1284 deorum
272 1259 485 1292 introducamus,
502 1270 553 1289 nec
565 1263 706 1291 divinitate
719 1264 789 1291 intra
805 1265 861 1292 luec
876 1271 932 1292 ter-

139 1303 253 1337 Iuinata,
274 1313 308 1332 ne
325 1307 357 1333 de
382 1308 506 1342 angustia
534 1308 685 1336 divinitatis
712 1309 881 1336 damnemur.
898 1311 931 1338 Et

139 1348 239 1376 iterum
257 1358 264 1376 :
283 1350 367 1378 Unius
382 1352 542 1385 divinitatis,
562 1360 578 1379 ο
604 1353 664 1380 boni
679 1374 686 1386 ,
709 1353 867 1382 Trinitatem
886 1356 932 1382 ho-

139 1399 247 1422 norate.
272 1396 306 1423 Et
327 1405 421 1424 rursus
439 1406 445 1424 :
462 1398 534 1424 Satis
553 1403 603 1430 est,
632 1403 743 1427 eatenus
768 1407 931 1434 cognoscere

141 1441 275 1468 unitatem
295 1443 319 1468 in
341 1443 485 1475 Trittitate,
502 1448 530 1470 et
546 1443 707 1471 Trinitatem
725 1445 749 1471 in
765 1446 867 1473 unitate
882 1446 932 1472 mi-

139 1486 252 1513 rabilem
271 1488 295 1523 in
322 1495 404 1514 unttm
443 1488 641 1522 copulationem
676 1495 703 1516 et
729 1489 929 1516 distinctionem

139 1531 297 1559 habentem.
312 1531 342 1558 Et
360 1534 447 1560 adhuc
459 1534 527 1560 idern
544 1542 551 1560 ε
569 1534 650 1561 Nobis
666 1540 753 1562 autem
769 1543 837 1562 unus
849 1535 927 1566 Deus,

141 1577 204 1610 quia
221 1582 248 1604 et
266 1586 317 1604 ulla
337 1578 473 1606 divinitas.
492 1579 524 1606 Et
543 1588 656 1614 magnus
671 1579 836 1607 Athanasius
853 1589 862 1609 :
877 1580 930 1607 Ter

141 1625 253 1649 sanctus
268 1628 377 1655 propter
392 1628 447 1650 tres
459 1631 601 1658 personas,
618 1625 700 1652 semel
721 1625 848 1651 Dominus
863 1633 927 1658 pro-

140 1675 202 1702 ttcr
220 1677 300 1696 unam
318 1669 489 1697 divinitatem
503 1690 511 1702 ,
539 1671 606 1698 satis
623 1671 680 1698 haec
703 1677 764 1698 sunt
782 1671 905 1697 ﬁdelibus
921 1679 927 1697 :

141 1717 281 1747 hucusque
294 1715 412 1748 cognitio
430 1715 454 1740 in
475 1714 627 1741 hominibus
641 1716 774 1750 procedit,
789 1716 930 1748 hucusque

140 1760 287 1788 Cltcrubini
310 1759 359 1786 alis
382 1768 411 1786 se
438 1760 548 1791 velant;
571 1760 616 1793 qui
643 1766 732 1786 autem
755 1761 870 1794 amplius
887 1763 929 1789 his

140 1806 256 1833 serutari
275 1806 347 1836 vult,
366 1806 437 1832 audit
460 1806 592 1832 dicentem
609 1815 616 1833 ε
635 1805 674 1833 Ne
692 1806 727 1833 si:
748 1807 859 1834 nimium
883 1816 928 1834 sa-

141 1854 226 1887 piens,
243 1860 274 1879 ne
296 1851 455 1885 obstupeﬁas
472 1851 508 1878 ⁸⁵.
534 1852 565 1878 Et
590 1860 702 1887 magnus
721 1852 835 1879 Basilius
856 1862 863 1879 :
880 1853 929 1879 Ba-

142 1899 238 1933 ptisma
258 1903 379 1924 ttostrunt
395 1902 444 1929 est,
456 1897 603 1924 secundum
621 1897 795 1925 traditionem
811 1898 927 1930 Domini,

142 1946 168 1971 itt
195 1945 304 1971 nomine
326 1943 431 1976 Pali-is,
459 1950 487 1971 et
511 1944 582 1974 Filii.
606 1950 631 1972 et
654 1945 770 1979 Spiritus
792 1947 878 1973 sancti
893 1946 927 1978 ⁸⁸,

142 1991 215 2017 nulla
232 1995 366 2022 creatura,
386 1998 472 2025 neque
495 1998 572 2018 servo
587 1992 620 2018 ad
644 1992 764 2018 ordinem
788 1993 875 2019 Patris
902 1998 929 2019 et

143 2037 204 2063 Filii
221 2036 361 2071 adjuncto,
377 2042 471 2071 utpote
484 2037 626 2064 divinitate
642 2037 668 2064 iit
685 2038 770 2066 tribus
784 2039 926 2073 completa;

143 2082 219 2115 qnod‘
227 2085 302 2109 extra
319 2082 375 2108 lucc
390 2086 443 2114 est,
459 2083 485 2109 id
500 2090 579 2110 omtte
590 2090 748 2110 censervum
769 2089 820 2116 est,
831 2092 929 2118 quam-

142 2129 184 2154 vis
200 2127 382 2162 magnitudine
403 2128 563 2162 dignitatum
587 2129 638 2155 alia
657 2129 718 2156 aliis
731 2135 877 2164 praestent,
902 2135 930 2157 et

980 222 1008 242 et
1025 225 1107 243 unum
1125 217 1305 248 dominatum,
1322 217 1476 243 anathema.
1498 215 1640 242 Confessio
1664 222 1767 242 sauctm

979 269 1006 290 et
1023 264 1197 290 ecumenicte
1222 268 1304 290 serue
1320 263 1414 298 synodi
1433 270 1439 288 :
1461 262 1515 289 Nos
1531 269 1616 296 neque
1632 267 1685 289 tres
1703 262 1769 289 deos

980 310 1089 340 scinnts,
1106 317 1190 341 neque
1209 315 1277 336 totos
1295 309 1393 336 multos
1418 310 1492 339 deos,
1521 309 1562 335 vel
1588 314 1706 340 naturas,
1726 310 1765 334 vel

980 355 1156 387 substantias,
1176 355 1216 382 vel
1230 355 1385 382 divinitates
1410 354 1544 386 novimus,
1565 360 1611 380 aut
1631 355 1770 386 cognosci-

983 408 1057 432 mus;
1075 405 1118 426 aut
1133 401 1398 434 quicognoscerent,
1414 400 1539 425 novimus
1556 408 1562 425 :
1583 399 1635 424 itno
1649 406 1709 423 cum
1722 397 1767 431 qui

982 445 1071 477 habet,
1087 445 1126 471 vel
1143 445 1233 476 sentit,
1247 444 1286 471 vcl
1301 444 1449 478 cognoscit,
1459 443 1693 469 anathematisntis
1706 443 1770 469 sul)-

978 490 1098 524 jicimus.
1112 490 1257 524 Gt'cgorius
1268 489 1406 523 Nysscnus
1419 489 1443 515 in
1460 489 1527 515 libro
1545 488 1684 520 inscripto,
1703 487 1768 519 ριιίε

978 537 1013 562 sit
1031 535 1177 562 Christiani
1194 534 1321 568 professio
1335 543 1343 560 :
1359 531 1410 566 Qui
1427 533 1510 563 enim,
1528 533 1625 566 inquit,
1643 539 1689 558 eos
1701 539 1767 558 cmi-

980 582 1091 608 dcmnat
1110 581 1154 615 qui
1177 582 1268 607 (licunt
1297 589 1377 606 unatn
1407 579 1585 610 divinitatem,
1615 577 1769 604 necessario

981 627 1020 653 \‘el
1038 627 1134 652 multas
1148 626 1259 658 dicenti,
1273 625 1311 652 vel
1330 625 1440 656 nullam,
1453 623 1616 655 assrntitur;
1631 630 1683 649 non
1697 622 1767 648 enim

981 672 1126 706 quidquam
1144 671 1216 698 aliud
1234 674 1330 705 prtetcr
1347 671 1402 696 lucc
1436 669 1504 696 dicta
1525 669 1635 703 cogitari
1662 673 1769 701 potest,

982 718 1045 751 quin
1070 717 1124 743 imo
1142 725 1229 751 neque
1253 716 1375 743 doctrina
1399 715 1547 749 Scriptura:
1566 714 1667 740 multas
1683 714 1747 739 dicit
1760 734 1768 746 ,

982 769 1040 794 qum
1053 761 1151 787 alicubi
1166 760 1287 787 meminit
1302 760 1476 795 singulariter
1486 759 1645 790 divinitatis,
1664 762 1691 784 ut
1708 766 1768 784 cum

982 807 1019 833 ait
1037 816 1044 833 :
1063 806 1093 832 In
1112 807 1167 841 ipso
1183 806 1283 832 habitat
1299 806 1384 832 omnis
1398 805 1532 839 plenitudo
1549 805 1696 831 divinitatis
1712 812 1771 830 cor-

944 855 962 881 B
978 853 1105 887 poraliter
1125 852 1161 878 ⁸⁷.
1178 852 1205 877 Si
1221 852 1302 885 igitur
1315 851 1461 877 extendere
1483 857 1625 876 numerum
1642 849 1770 875 divinita-

979 903 1034 924 tum
1053 899 1078 924 in
1096 897 1305 927 multitudinem,
1327 904 1421 922 eorum
1441 900 1544 922 tantutn
1561 899 1601 921 est
1617 894 1662 928 qui
1678 901 1710 920 ev
1727 899 1771 920 er‘

980 951 1040 969 rore
1059 942 1158 968 multos
1173 943 1236 968 deos
1250 941 1366 975 ponendi
1381 944 1521 975 mgrolattt,
1536 947 1632 972 negare
1643 943 1730 966 autem
1742 939 1768 964 iti

980 989 1136 1015 universum
1155 987 1335 1019 divinitatem,
1350 994 1442 1012 eorum
1462 985 1540 1012 fuerit
1554 985 1597 1019 qui
1615 985 1699 1012 Deum
1718 984 1766 1010 tol-

980 1031 1047 1065 lunt,
1063 1041 1122 1066 qua:
1140 1033 1207 1058 ratio
1221 1037 1263 1058 est
1279 1031 1425 1057 accusandi
1444 1037 1493 1056 nos
1511 1030 1554 1063 qui
1576 1036 1656 1056 unam
1673 1028 1767 1054 divini-

982 1082 1061 1105 tatem
1079 1077 1259 1113 confitemur?
1273 1077 1304 1103 Et
1318 1076 1348 1103 S.
1365 1075 1535 1109 Sophronius
1552 1075 1771 1109 Hierosolymita-

982 1130 1031 1149 nus
1048 1131 1054 1149 :
1069 1122 1153 1154 Sicut,
1168 1123 1264 1156 inquit.
1281 1122 1439 1154 didicimus,
1453 1128 1534 1147 unum
1549 1120 1630 1146 Deuut
1649 1127 1719 1151 esse,
1731 1119 1771 1146 sic

982 1177 1062 1196 unam
1077 1170 1243 1195 divinitatem
1258 1167 1440 1195 conlitendatn
1463 1173 1523 1193 esse
1545 1166 1708 1199 accepimus.
1735 1165 1770 1192 Et

981 1214 1128 1248 Gregorius
1143 1214 1308 1248 Theologus,
1329 1213 1354 1239 in
1374 1213 1497 1239 oratione
1512 1211 1545 1238 de
1570 1210 1770 1238 constituendis

982 1261 1115 1294 episcopis
1132 1268 1138 1285 :
1155 1259 1183 1286 Si
1199 1259 1327 1293 consequi
1353 1265 1471 1292 possem,
1496 1263 1526 1284 ut
1551 1257 1597 1283 hic
1622 1255 1768 1290 perfectam

983 1306 1170 1333 universorum
1195 1306 1337 1332 scientiam
1360 1305 1487 1331 haberem
1502 1323 1509 1334 ,
1533 1303 1596 1336 quid
1622 1301 1686 1328 mihi
1710 1301 1772 1328 reli'

983 1359 1064 1385 quum
1089 1351 1181 1378 esset?
1206 1350 1269 1384 qttid
1309 1349 1465 1383 sperarent?
1489 1347 1609 1383 Regnum
1641 1347 1770 1375 cmlorunt

984 1399 1073 1432 plane,
1092 1391 1213 1425 dic'turus
1228 1405 1268 1424 es.
1295 1396 1419 1423 Arbitror
1437 1399 1524 1423 autem
1541 1395 1607 1422 nihil
1621 1395 1692 1421 aliud
1709 1402 1771 1421 esse

983 1444 1044 1476 hoc,
1059 1451 1139 1478 quam
1155 1443 1265 1476 adipisci
1284 1442 1353 1474 quod
1373 1442 1546 1476 purissimum
1562 1445 1590 1468 et
1604 1440 1770 1474 perfectissi-

953 1515 966 1524 η
985 1497 1057 1516 nium
1072 1492 1122 1520 est,
1145 1487 1290 1521 perfectius
1305 1491 1394 1513 autent
1411 1493 1442 1513 ex
1468 1485 1596 1513 omnibus
1619 1493 1678 1519 qua:
1696 1490 1770 1516 sunt,

984 1535 1101 1568 cognitio
1116 1534 1159 1560 Dei
1173 1537 1224 1566 est,
1246 1533 1291 1560 sed
1305 1533 1374 1559 ltanc
1385 1532 1493 1566 quidem
1507 1532 1603 1565 partim
1617 1537 1771 1564 teneamus,

984 1581 1081 1616 partim
1100 1587 1164 1607 vero
1181 1586 1337 1613 pergamus,
1353 1582 1383 1605 ut
1397 1577 1668 1611 comprehendamus,
1685 1585 1772 1611 quan-

983 1627 1029 1654 diu
1045 1634 1126 1661 super
1147 1630 1245 1652 terram
1263 1631 1373 1656 sumus;
1390 1623 1487 1657 partim
1501 1623 1526 1649 iit
1542 1622 1659 1649 futurum
1676 1629 1766 1649 reser-

983 1681 1087 1704 venitis,
1101 1677 1129 1699 ut
1147 1672 1223 1699 illinc
1248 1671 1319 1697 hunc
1343 1670 1458 1697 fructum
1483 1669 1585 1696 laboris
1611 1668 1770 1699 habeamus,

983 1718 1153 1752 splendorem
1170 1717 1274 1744 Scilicet
1289 1716 1372 1743 totius
1384 1720 1483 1742 sancite
1494 1714 1643 1746 Trinitatis,
1658 1714 1772 1748 quicun-

983 1772 1035 1798 que
1049 1769 1100 1796 cst,
1115 1768 1141 1790 et
1155 1763 1252 1798 qualis,
1268 1770 1300 1789 ac
1313 1767 1441 1796 quantus,
1455 1761 1476 1788 si
1496 1761 1535 1788 fas
1549 1765 1590 1787 est
1605 1760 1703 1787 dicere.
1716 1759 1770 1786 Ad-

984 1811 1036 1837 huc
1058 1811 1126 1836 idem
1152 1810 1178 1836 in
1200 1809 1293 1836 cadent
1310 1809 1458 1835 oratione:
1476 1806 1549 1833 Satis
1566 1805 1651 1832 habeo
1665 1805 1769 1836 audire,

983 1857 1052 1891 quod
1070 1855 1164 1887 Filius,
1183 1860 1210 1883 et
1226 1854 1296 1890 quod
1310 1862 1341 1880 ex
1361 1854 1451 1885 Patre,
1473 1858 1499 1880 et
1514 1852 1585 1887 quod
1602 1852 1646 1878 hic
1660 1851 1769 1885 quidem

982 1907 1024 1929 est
1041 1901 1131 1934 Pater,
1147 1903 1190 1928 hic
1208 1909 1271 1928 vero
1293 1900 1387 1931 Filius,
1404 1904 1430 1926 et
1452 1898 1518 1925 nihil
1543 1902 1639 1932 prteter
1657 1898 1707 1924 hoc
1722 1905 1770 1924 cu-

983 1948 1055 1974 riose
1071 1947 1196 1981 inquiro;
1220 1953 1256 1972 ne
1273 1945 1336 1971 mihi
1353 1943 1462 1970 eveniat
1481 1941 1552 1977 quod
1570 1941 1693 1972 vocibus,
1709 1947 1770 1973 quae

983 1993 1096 2019 nimium
1117 1992 1206 2022 elatae,
1231 1997 1339 2025 prorsus
1356 1988 1501 2018 decidunt;
1520 1991 1566 2013 aut
1589 1985 1709 2019 aspectui
1730 1985 1770 2011 itt-

982 2043 1056 2066 tento
1074 2039 1100 2064 iit
1119 2037 1222 2064 radium
1236 2035 1316 2068 solis;
1331 2043 1384 2069 quo
1399 2035 1469 2061 enint
1483 2034 1552 2069 plus,
1566 2036 1593 2059 ct
1609 2032 1714 2059 acutius
1728 2031 1768 2057 vi-

982 2086 1046 2112 dere
1060 2085 1121 2118 quis
1138 2083 1222 2117 cupit,
1239 2090 1272 2110 eo
1296 2081 1380 2116 magis
1404 2088 1503 2108 sensus
1522 2083 1581 2114 ejus
1599 2078 1713 2105 la-ditur.
1733 2077 1770 2103 Ex

981 2129 1024 2156 his
1041 2129 1143 2164 pateﬁt,
1161 2128 1232 2162 quod
1248 2127 1274 2153 itt
1291 2126 1354 2157 Deo,
1368 2126 1411 2160 qui
1428 2133 1509 2159 supra
1526 2123 1704 2151 substantiam
1716 2126 1770 2155 est,

142 2172 314 2200 antecellaut.
338 2172 371 2199 Et
393 2180 489 2200 rursus
512 2173 581 2199 idem
599 2182 605 2199 :
622 2174 722 2201 Catena
748 2175 869 2208 quaedam
884 2179 926 2203 est
943 2169 966 2196 Ῐ)
981 2183 1032 2202 non
1049 2178 1091 2201 est
1107 2174 1159 2200 alia
1175 2172 1303 2200 divinitas
1322 2172 1379 2207 ejus
1394 2192 1401 2204 ,
1421 2171 1471 2198 nisi
1501 2171 1589 2203 Pater,
1620 2169 1717 2202 Filius,
1742 2174 1769 2196 et

142 2222 233 2244 sancta
250 2223 275 2244 et
293 2218 442 2245 veneranda
460 2218 589 2250 Trinitas,
604 2227 685 2246 unam
702 2224 729 2246 et
743 2220 868 2247 eamdem
884 2221 924 2248 di-

143 2261 282 2288 vinitatem
301 2261 326 2287 in
343 2269 393 2287 una
411 2267 438 2288 et
457 2268 584 2297 perpetua
601 2263 686 2297 gloria
703 2263 801 2298 ubique
813 2265 930 2291 circurn-

143 2307 243 2334 ferens.
264 2306 356 2334 Adhuc
372 2307 442 2334 ident
461 2319 467 2335 :
484 2309 559 2335 Dicta
578 2314 640 2337 sunt
655 2311 723 2343 haec,
744 2315 771 2337 et
785 2311 852 2338 bene
866 2312 928 2344 erit,

144 2357 173 2377 ut
189 2357 229 2378 est
245 2352 278 2378 iis
294 2353 337 2386 qui
354 2353 414 2379 sine
429 2353 587 2381 curiositate
603 2356 715 2382 credunt
729 2357 755 2382 in
770 2356 853 2382 Deum
867 2357 933 2384 Ver-

143 2397 206 2423 bum
222 2401 247 2423 et
266 2397 407 2431 Spiritum,
419 2405 500 2424 unam
514 2400 695 2426 substantiam
710 2405 736 2427 et
752 2400 931 2429 divinitatem:

143 2450 204 2476 qua:
220 2447 245 2468 et
263 2443 317 2470 Sola
338 2449 378 2470 est
395 2447 547 2472 veneranda
558 2454 565 2479 ;
578 2451 605 2472 et
625 2447 697 2474 nullo
713 2448 792 2475 modo
807 2448 934 2481 siibrepat

147 2489 301 2516 multitudo.
319 2489 353 2516 Et
373 2490 558 2525 disputatione
576 2498 670 2519 contra
696 2493 857 2520 Phasdonem
874 2493 933 2528 phi-

145 2534 297 2568 losophum,
314 2543 373 2570 qua:
391 2543 431 2563 est
448 2538 472 2563 in
490 2538 574 2570 prima
591 2540 693 2573 synodo
710 2548 716 2566 :
732 2538 821 2571 Fides,
835 2539 934 2573 inquit,

147 2580 280 2607 catholica
307 2589 386 2608 unam
411 2583 496 2609 solani
517 2584 685 2611 divinitatem
711 2586 796 2614 novit.
815 2591 842 2611 et
865 2586 936 2612 hanc

147 2626 223 2659 colit,
243 2625 342 2657 Patris.
357 2627 427 2658 Filii,
449 2633 474 2654 et
499 2628 618 2663 Spiritus
635 2631 732 2666 sancti,
749 2635 846 2666 prteter
863 2631 933 2658 hanc

146 2679 200 2698 non
221 2672 390 2705 reputabitur
407 2673 503 2701 altera.
532 2674 621 2702 Editio
639 2682 739 2703 sancta:
765 2681 792 2704 et
815 2685 933 2704 (ncuute-

145 2718 216 2744 nica:
229 2717 314 2744 tertiae
330 2719 426 2754 synodi
442 2728 449 2747 :
480 2720 508 2747 Si
522 2721 581 2754 quis
602 2729 652 2748 non
668 2722 812 2750 conﬁtetur
828 2723 854 2750 in
872 2730 933 2750 sau-

181 2776 202 2791 “
217 2776 311 2815 Matth.
327 2779 457 2815 xxvtstit.
497 2780 519 2796 “
537 2781 630 2809 Matth.
649 2789 698 2815 xtt,
713 2782 758 2810 εδ.

148 2818 244 2847 sunt,
271 2812 313 2839 -l‘J.
352 2814 373 2830 ⁸⁷
391 2814 493 2846 Culuss.
521 2823 551 2849 Il,
567 2817 593 2843 9.

798 2783 821 2799 ⁸³
838 2783 903 2811 Luc.
923 2791 996 2816 utv,
1010 2783 1054 2811 49.

982 2221 1099 2256 Spiritus
1116 2225 1238 2252 sanctus,
1258 2220 1312 2246 imo
1335 2219 1392 2253 ipsa
1410 2219 1461 2245 tria
1487 2221 1551 2244 sunt
1569 2217 1716 2248 divinitas;
1743 2220 1770 2242 et

983 2276 1034 2295 nec
1051 2267 1121 2294 ultra
1141 2268 1203 2299 ista,
1223 2266 1294 2295 haec:
1313 2273 1362 2292 nec
1377 2265 1419 2292 Itis
1435 2265 1521 2291 tribus
1542 2263 1642 2292 aliquid
1662 2263 1768 2294 deficit,

984 2314 1083 2348 quippe
1105 2321 1166 2341 cum
1193 2313 1319 2340 divinitas
1338 2313 1363 2339 in
1393 2313 1435 2340 his
1462 2313 1547 2339 tritius
1570 2313 1703 2346 οοιιιιιιιιιιι
1721 2311 1768 2342 sit,

985 2359 1055 2392 quod
1072 2363 1161 2386 autem
1184 2362 1259 2385 extra
1280 2359 1337 2385 lucc
1354 2363 1405 2387 est.
1425 2366 1510 2392 itaque
1523 2359 1603 2386 Pater
1617 2363 1668 2391 est,
1685 2365 1773 2391 nequo

985 2404 1080 2435 Filius,
1099 2411 1187 2438 neque
1204 2402 1321 2437 Spiritus
1336 2407 1464 2434 sanctus.
1480 2404 1526 2431 sed
1542 2411 1702 2431 conservum
1725 2411 1774 2430 no-

988 2450 1091 2477 liiscnm
1108 2453 1148 2476 cst
1164 2448 1401 2476 universum.Tota
1416 2449 1488 2475 enim
1507 2454 1601 2476 natura
1617 2458 1667 2476 non
1681 2453 1772 2476 creata

988 2496 1015 2522 in
1036 2496 1077 2522 liis
1093 2495 1181 2521 tribus
1200 2495 1330 2528 cernitur,
1346 2499 1372 2522 et
1387 2495 1519 2528 completa
1535 2500 1586 2527 est,
1600 2500 1625 2522 ct
1641 2496 1710 2523 sicut
1722 2504 1772 2522 una

990 2545 1033 2567 est
1049 2549 1101 2567 ttott
1119 2544 1209 2567 creata
1229 2545 1324 2566 natura
1339 2539 1492 2570 Trinitatis,
1506 2541 1547 2567 sic
1560 2541 1641 2567 etiam
1661 2548 1712 2567 una
1732 2545 1774 2568 t-st

991 2587 1077 2621 ipsius
1101 2586 1239 2617 divinitas,
1259 2591 1285 2612 et
1307 2590 1437 2620 potestas,
1459 2590 1486 2612 et
1509 2586 1640 2619 operatio,
1656 2591 1684 2613 et
1704 2587 1774 2613 sicut

987 2640 1038 2659 non
1057 2628 1098 2659 est
1112 2631 1163 2658 alia
1178 2631 1268 2658 divina
1284 2636 1377 2657 natura
1394 2636 1490 2665 pra-ter
1503 2631 1663 2659 Trinitatem
1678 2640 1774 2666 supra-

986 2685 1066 2713 quam
1087 2677 1202 2704 divinam
1217 2696 1224 2708 ,
1241 2676 1281 2704 sic
1297 2683 1348 2703 rion
1364 2681 1405 2703 est
1421 2677 1472 2703 alia
1489 2683 1586 2711 praeter
1602 2678 1684 2711 ipsum
1702 2677 1772 2703 divi-

986 2726 1068 2756 nitas,
1086 2724 1127 2750 vel
1154 2726 1285 2756 potestas,
1310 2721 1367 2748 sive
1386 2722 1482 2755 virtus,
1498 2726 1526 2749 ct.
1552 2723 1672 2757 operatio
1691 2731 1698 2748 :
1722 2723 1770 2750 scd

1094 2781 1116 2798 ⁸³
1132 2781 1141 2808 Ι
1155 2781 1217 2808 Cor.
1233 2788 1253 2814 t,
1264 2780 1309 2808 2i.
1349 2781 1372 2798 ⁸⁵
1387 2781 1476 2809 Ecclc.
1494 2783 1593 2818 "1,17.
1631 2782 1654 2798 ⁸⁸
1669 2781 1764 2814 Matth.
