1954 3071
199 102 257 133 9'27

775 105 840 134 ΙοᾹ
848 106 870 134 Ν
877 106 939 134 NIS
958 105 1049 135 CYPA
1055 106 1239 136 RISSIOTA!

1772 107 1842 138 928

203 159 273 189 quod
288 163 327 184 νει
348 165 452 188 natura.
471 159 521 185 hoc
537 158 672 190 Trinitas;
687 161 756 194 quod
777 161 916 193 divinitas,
932 161 983 188 hoc
999 164 1019 191 Α
1035 163 1207 197 prehensum,
1224 167 1250 190 et
1265 162 1360 196 majus.
1379 170 1460 196 quam
1477 167 1506 189 ιιι
1518 163 1628 196 cogitari
1649 168 1743 197 queat,
1759 172 1844 197 quo-

202 207 332 235 pmrstas,
348 209 374 229 rt
388 204 528 236 (qn-ratio;
550 212 632 238 quare
652 205 722 237 quod
739 210 858 239 potestas
874 210 902 234 et
918 213 984 240 ope-

203 249 284 280 ratio,
308 249 357 275 hoc
378 253 472 275 natura
494 256 573 282 supra
596 250 792 277 substantiam:
810 255 838 278 et
853 252 916 285 quia
938 259 985 278 na-

202 297 275 324 tura,
299 298 326 320 ct
348 294 508 326 substantia,
525 301 551 322 et
569 300 699 329 potestas.
716 301 742 322 et
758 298 877 330 operatio
894 297 962 323 idem
977 317 985 329 ,

204 336 305 362 idcirco
324 345 393 363 unus
411 339 491 364 nobis
518 338 587 366 Deus
607 340 662 373 ipsa
681 341 770 367 unitas
788 341 870 368 trium
894 349 987 375 perso-

203 389 312 409 narum.
327 382 410 409 Simul
427 389 515 410 tamen
532 388 560 411 et
577 386 627 412 hoc
641 385 742 419 patefit,
760 394 866 413 omnem
884 387 987 414 theolo-

203 427 276 460 giam
295 427 320 453 in
347 427 434 455 tribus
457 429 556 456 divinis
581 431 704 464 personis
722 431 875 459 conclusam
900 439 959 459 esse
979 440 985 458 :

204 471 250 505 qui
277 478 364 499 autem
382 473 457 507 plura
475 475 517 502 his
540 476 644 502 curiose
670 477 799 511 indagare
825 478 890 505 vult.
909 478 942 504 ah
955 485 987 505 ea

202 525 262 552 quae
279 526 340 546 vere
356 520 454 547 veritas
467 526 518 552 est,
535 523 645 549 excidit.

508 589 618 617 CAPUT
645 592 690 619 lll.

204 644 287 684 Quod
295 645 322 670 in
339 644 392 672 Deo
407 646 452 684 qui
465 650 503 684 ait
515 655 599 684 supra
613 649 798 680 substantiam,
817 658 868 677 mm
881 656 919 678 est
932 652 988 679 alia

240 681 340 720 unitas.
355 684 382 720 et
396 681 451 720 alia
473 681 591 720 Trinitas
606 690 615 720 ς
630 691 675 709 nec
700 691 737 710 est
753 686 779 711 iu
800 693 912 717 superna
930 686 988 713 Tri-

241 716 480 750 nitalerqttidquum
496 716 626 748 t'mrquale
638 737 645 748 ,
663 723 686 744 et
706 719 791 750 maius
804 739 811 750 ,
830 729 860 746 ac
877 721 962 747 minus
978 730 988 748 :

240 755 285 774 nec
299 748 372 788 aliud
394 751 457 782 quid
475 751 501 776 in
525 759 556 777 ea
572 752 689 785 privatis,
704 748 846 780 secundum
870 763 898 782 se
922 757 984 783 sub-

241 788 345 809 stnnttw
358 791 458 817 expers,
474 789 498 812 et
515 793 566 813 non
586 795 631 820 per
644 796 670 814 se
682 789 819 815 exsistam.

242 839 354 874 Magnus
365 841 541 874 Athanasius,
558 843 585 870 in
602 845 770 878 expositione
788 846 848 873 ﬁdei
863 847 889 873 in
903 847 988 880 prima

207 885 309 918 synodo
327 885 364 912 ait
382 895 388 912 :
405 885 543 920 Principio
559 888 615 915 haec
629 893 672 916 est
689 889 755 917 ﬁdes
769 891 921 918 orthodoxa
934 911 941 923 ,
960 896 990 919 ut

205 938 289 957 unum
309 932 392 959 Deum
410 933 436 959 in
452 932 597 966 Triuitate,
611 938 638 962 et
650 934 812 963 Trinitatem
836 937 862 963 in
888 937 990 965 unitate

209 985 384 1011 veneremur;
411 987 500 1014 neque
521 981 718 1009 confundentes
740 990 880 1016 personas,
904 991 990 1018 neque

208 1023 387 1050 substantiam
409 1031 581 1060 separantcs.
599 1027 627 1053 Et
645 1027 726 1061 paulo
744 1032 803 1062 post
821 1037 828 1056 :
850 1028 990 1056 Increatns

209 1069 300 1100 Pater,
320 1069 454 1097 increatns
470 1070 564 1102 Filius,
582 1072 718 1100 increatus
735 1073 853 1108 Spiritus
867 1079 989 1107 sanctus;

209 1120 234 1140 et
252 1122 302 1140 non
320 1120 373 1141 tres
393 1115 518 1146 increati.
533 1117 579 1144 sed
601 1125 671 1145 unus
687 1117 824 1146 increatns
844 1127 850 1144 :
865 1120 990 1154 omnipo-

211 1164 269 1187 tcns
284 1160 374 1192 Pater,
390 1162 561 1196 omnipotens
576 1162 671 1197 Filius,
685 1165 856 1198 omnipotens
873 1164 991 1199 Spiritus

204 1212 334 1238 sanctus;
350 1212 377 1234 et
394 1216 446 1235 non
468 1214 521 1236 tres
537 1210 744 1244 omnipotentes.
760 1211 889 1238 [Etcruus
899 1211 990 1245 Pater,

208 1255 324 1278 a-teruus
341 1251 424 1279 Filius
436 1273 443 1284 ,
466 1258 583 1281 aeternus
600 1255 718 1289 Spiritus
742 1260 872 1288 sanctus;
895 1261 921 1282 ct
938 1264 990 1282 non

209 1302 264 1323 tres
281 1298 382 1324 aeterni.
399 1299 432 1325 Et
458 1307 509 1326 non
535 1300 620 1327 multo
640 1305 699 1334 post
715 1308 722 1326 :
743 1300 774 1328 Et
790 1302 817 1328 in
834 1302 884 1328 hac
900 1301 991 1328 Trini-

207 1345 262 1368 tate
274 1342 364 1370 nullus
389 1344 503 1377 primus,
520 1348 547 1371 et
572 1345 661 1373 nullus
679 1346 807 1379 ultitnus;
833 1355 912 1374 nemo
934 1355 992 1374 ma-

205 1394 287 1420 gnus.
301 1391 329 1414 et
342 1395 420 1415 nemo
434 1396 541 1421 paruus.
557 1392 604 1417 sed
621 1390 663 1417 hze
680 1395 735 1418 tres
750 1399 872 1425 ρει-50113³
883 1397 992 1420 acterna:

1037 209 1116 234 modo
1136 209 1180 235 hic
1194 209 1266 244 quod
1282 209 1397 236 excellat
1408 228 1416 240 ,
1438 209 1476 236 vel
1491 209 1658 244 intelligitur,
1673 211 1716 237 vel
1734 211 1842 237 trade-

1037 254 1097 286 turj;
1115 254 1248 287 quomodo
1261 261 1326 281 vero
1340 254 1410 289 quod
1427 254 1563 282 infinitum
1579 259 1631 286 est,
1646 254 1738 281 metiri
1765 262 1842 289 pos-

1036 303 1130 323 sumus
1149 306 1155 323 :
1173 299 1286 331 utquod
1304 303 1346 326 est
1360 306 1452 325 eorum
1476 307 1534 333 qum
1553 300 1746 332 terminantur,
1765 306 1843 326 eve-

1037 344 1094 371 uiat
1116 345 1260 378 divinitati,
1274 354 1353 380 quant
1367 347 1496 380 gradibus
1516 347 1701 381 superioribus
1731 352 1763 374 et
1788 348 1843 374 in-

1037 390 1181 418 ferioribus
1202 392 1365 418 metiamur?
1395 393 1425 420 Et
1450 400 1546 420 rursus
1565 393 1636 420 idem
1661 401 1668 420 :
1693 393 1755 420 Non
1787 398 1842 420 est

1035 433 1154 465 Trinitas
1180 437 1367 465 adnumeratio
1393 439 1584 473 iumqualium,
1618 439 1717 472 alioqui
1760 439 1840 473 quid

1037 483 1162 517 prohibet
1178 483 1241 517 quin
1257 484 1292 510 sit
1308 484 1365 510 haec
1378 484 1469 514 decas,
1489 489 1516 510 et
1532 484 1704 514 heeatontas.
1721 487 1751 510 et
1772 491 1842 518 my—

1038 527 1112 554 rias?
1128 528 1158 554 Et
1176 535 1271 555 rursus
1287 536 1294 554 :
1312 528 1397 555 Unam
1414 528 1592 560 divinitatem,
1604 533 1631 556 et
1644 533 1838 563 potestatem,

1038 580 1097 606 qua:
1121 573 1147 598 in
1174 572 1262 599 tribus
1286 573 1431 605 reperitur,
1448 573 1537 600 ettria
1562 573 1755 605 complectitur
1773 573 1840 600 dis-

1038 622 1120 650 crete,
1151 625 1237 652 neque
1252 617 1378 646 diﬂereus
1393 619 1564 651 substantiis,
1575 618 1632 645 sive
1646 618 1766 650 naturis,
1780 626 1838 645 nec

1038 668 1117 690 aucta
1147 663 1366 696 exsuperantiis,
1400 668 1427 690 et
1455 663 1674 694 remissionibus,
1704 664 1838 698 undique

1037 709 1161 743 aequalis,
1177 709 1296 742 undique
1310 709 1415 736 eadem.
1432 708 1464 735 Et
1480 709 1577 736 iterum
1599 709 1668 735 idem
1692 709 1719 734 in
1737 709 1836 742 prima

1038 754 1162 781 oratione
1177 754 1210 780 de
1224 761 1291 787 pace
1305 763 1311 780 :
1331 754 1439 785 Unitas,
1456 754 1553 788 inquit,
1570 761 1630 789 qua:
1648 755 1675 780 in
1690 753 1836 781 Trinitate

1040 800 1147 830 colitur.
1163 804 1190 827 et
1206 799 1326 827 Trinitas
1340 808 1399 834 qua1
1417 800 1443 827 in
1457 800 1586 828 unitatem
1599 801 1739 835 redigitur,
1757 800 1836 834 ejus-

1039 843 1099 870 dem
1119 843 1219 874 throni.
1240 844 1359 878 ejusdem
1375 844 1476 879 gloriae,
1491 853 1542 872 non
1557 849 1660 876 creata,
1676 847 1838 880 inaspecta-

1040 889 1114 922 hilis,
1133 897 1187 917 non
1206 890 1306 918 cadens
1319 891 1369 918 sub
1385 895 1496 922 tactum,
1513 891 1752 925 ineomprcheusa,
1769 900 1836 926 qua:

1039 935 1096 963 sola
1113 936 1250 970 cognoscit
1261 943 1342 970 quem
1357 937 1427 969 apud
1448 943 1477 962 se
1490 936 1612 963 ordinem
1631 936 1730 963 habeat
1741 957 1749 969 ,
1767 945 1834 970 quae

1039 989 1147 1008 omnem
1160 986 1315 1009 creaturam
1329 986 1405 1008 extra
1420 981 1486 1009 sinit
1497 983 1594 1018 partim
1612 982 1710 1015 primo,
1724 983 1833 1016 partim

1040 1027 1161 1054 secundo
1173 1028 1233 1055 velo
1253 1027 1414 1062 diremptam
1429 1028 1534 1061 :prlmo
1551 1027 1659 1061 quidem
1674 1033 1833 1054 creaturam

1041 1073 1178 1100 caelestem
1196 1077 1223 1100 et
1241 1073 1390 1107 angelicam
1405 1081 1420 1100 a
1433 1073 1573 1100 divinitate
1587 1073 1749 1105 diremptam
1760 1092 1769 1105 ,
1784 1080 1833 1099 se-

1041 1118 1129 1145 cundo
1144 1125 1209 1144 vero
1234 1123 1353 1145 nostram
1376 1125 1390 1144 a
1415 1122 1542 1144 creatura
1558 1117 1690 1152 angelica.
1710 1116 1833 1145 Sanctus

1040 1163 1187 1197 Gregorius
1201 1162 1347 1197 Nyssenus,
1365 1163 1433 1189 libro
1448 1163 1535 1196 primo
1544 1161 1643 1189 Contra
1655 1161 1833 1189 Eunomium:

1041 1209 1118 1242 Quod
1132 1214 1233 1241 autem,
1246 1209 1346 1244 inquit,
1369 1216 1422 1236 non
1439 1209 1563 1244 congruit
1577 1216 1638 1236 cutn
1652 1209 1776 1243 dogmate
1796 1209 1832 1235 ab

1041 1255 1107 1290 ipsis
1122 1255 1263 1286 fabricato,
1274 1255 1380 1289 opinari
1396 1254 1547 1288 simplicem
1560 1261 1621 1282 esse
1636 1255 1831 1287 substantiam,

1041 1309 1102 1336 qua:
1115 1308 1195 1336 supra
1210 1301 1299 1327 omnia
1314 1305 1364 1333 est,
1381 1301 1507 1335 quamvis
1520 1300 1546 1327 id
1562 1301 1644 1327 verbo
1663 1300 1746 1333 gratis
1772 1300 1831 1327 lar-

1042 1347 1158 1380 giantur,
1186 1346 1359 1373 manifestum
1389 1345 1419 1372 ﬁt
1444 1345 1524 1372 etiam
1541 1352 1635 1379 parum
1662 1345 1830 1372 advertenti.

1042 1392 1108 1425 Quis
1122 1392 1193 1419 enim
1209 1393 1314 1426 ignorat
1330 1391 1402 1426 quod
1415 1391 1564 1418 secundum
1588 1391 1723 1425 propriam
1745 1391 1831 1416 ratio-

209 1437 294 1465 sunt,
311 1438 339 1460 rt
354 1434 472 1468 a'quttlt's
493 1435 519 1462 in
538 1436 673 1463 omnibus.
698 1437 832 1464 Uuitatem
858 1438 941 1472 igitur
963 1439 990 1465 in
1003 1440 1026 1470 ς.
1041 1446 1104 1466 nem
1118 1437 1276 1472 simplicitas
1289 1437 1317 1464 in
1344 1441 1439 1464 sancta
1452 1436 1595 1473 _Trinitale
1613 1435 1672 1469 plus
1693 1439 1720 1462 et
1738 1435 1830 1463 minus

209 1476 353 1509 Trinitale,
369 1482 396 1504 et
409 1477 569 1506 Trinitatem
583 1480 609 1506 in
625 1480 727 1508 unitate
747 1482 835 1508 omnis
855 1482 988 1509 Christia-

209 1529 261 1548 nus
284 1523 372 1549 colat.
389 1523 420 1550 Et
446 1529 556 1551 sanctus
581 1525 720 1557 Maximus,
747 1527 773 1553 in
802 1527 991 1561 explanatione

210 1568 301 1594 subtili
319 1569 491 1602 precationis,
504 1569 584 1597 Pater
598 1577 685 1598 noster
697 1580 705 1599 :
716 1571 786 1603 Non.
802 1574 897 1606 inquit,
908 1574 989 1600 aliam

209 1613 340 1641 unitatem
354 1634 360 1645 ,
377 1619 404 1642 et
417 1616 496 1643 aliam
512 1617 672 1644 Trinitatem
688 1626 749 1645 esse
772 1618 913 1646 didicimus
926 1620 989 1654 (non

211 1659 281 1686 enim
299 1661 398 1692 unitas.
416 1669 474 1694 qum
489 1663 600 1695 simplex
616 1668 644 1690 et
661 1671 713 1690 una
728 1669 823 1691 natura
837 1668 891 1696 est,
908 1665 991 1692 dissi-

213 1705 361 1732 militudine
384 1711 487 1734 naturte
504 1715 518 1734 a
536 1707 670 1736 Trinitate
695 1709 807 1744 dill'ert),
834 1718 885 1737 nec
909 1711 990 1737 aliam

210 1751 285 1784 juxta
309 1751 389 1778 aliam
414 1757 478 1786 (non
505 1752 575 1779 enim
601 1753 759 1781 remissione
784 1756 992 1788 poteSIatisdis-

212 1804 284 1824 creta
300 1802 340 1824 est
354 1799 386 1825 ah
401 1799 503 1826 unitate
513 1799 641 1832 Trinitas,
655 1800 723 1827 vela
735 1800 868 1828 Trinitate
878 1802 990 1836 unitas).

213 1850 298 1876 neque
315 1843 385 1870 sicut
398 1843 498 1878 aliquid
515 1852 658 1872 commune
670 1848 696 1871 et
709 1845 842 1877 generale,
864 1846 933 1879 quod
946 1853 992 1873 co-

212 1889 341 1923 gitatione
356 1890 441 1916 solum
458 1890 573 1924 spectari
590 1895 687 1925 potest,
704 1899 717 1917 a
732 1892 854 1925 partibus
873 1892 930 1918 suis
945 1899 992 1918 va-

213 1936 310 1967 riatur,
335 1935 375 1962 sic
392 1943 406 1962 a
430 1935 562 1963 Trinitate
577 1937 678 1963 variata
698 1942 739 1964 est
757 1939 858 1968 unitas.
874 1945 934 1972 qua:
949 1943 990 1965 est

212 1981 362 2008 substantia
379 1982 484 2015 proprie
499 1990 546 2017 per
559 1990 588 2009 se
599 1983 742 2015 exsistens,
758 1988 784 2009 et
796 1988 915 2017 potestas
929 1991 992 2010 vere

214 2036 261 2060 per
273 2035 302 2055 se
314 2028 425 2058 valens;
443 2036 491 2055 nec
508 2034 634 2062 tanquam
651 2029 701 2055 alia
723 2037 754 2056 ex
770 2029 820 2055 alia
839 2029 903 2063 (non
918 2029 991 2056 enim

212 2074 333 2102 Trinitas
346 2083 379 2102 ex
396 2075 498 2102 unitate
516 2075 633 2106 exsistit.
650 2083 699 2102 nec
714 2075 802 2102 unitas
816 2083 849 2102 ex
860 2075 992 2102 Triuitate

213 2122 364 2149 secundum
386 2121 601 2155 productionem,
619 2121 659 2148 vel
673 2120 929 2156 antegressionem),
948 2121 994 2148 sed

214 2168 336 2195 eamdem
353 2175 415 2194 vere
430 2169 574 2200 unitatem,
591 2172 617 2195 et
628 2167 787 2195 Trinitatem
805 2167 857 2194 dici
871 2167 997 2194 dicimus:

215 2214 346 2240 unitatem
375 2214 484 2248 quidem
514 2215 619 2241 ratione
642 2214 810 2245 substantiae,
836 2213 998 2240 Trinitatem

214 2266 280 2285 vero
305 2258 385 2285 modo
409 2259 578 2290 exsistendi;
608 2263 690 2284 totam
718 2259 849 2285 unitatem
875 2258 999 2285 eamdem

215 2304 300 2337 ipsam
316 2312 368 2331 non
390 2304 505 2330 divisam
529 2304 666 2337 personis;
690 2308 716 2330 et
740 2308 823 2330 totam
841 2303 1001 2330 Trinitatem

213 2349 335 2377 eamdem
353 2349 438 2383 ipsam
455 2357 506 2376 non
526 2349 662 2376 confusam
687 2350 791 2376 unitate
816 2357 823 2375 :
846 2356 878 2376 ne
897 2349 997 2377 divisio

217 2395 419 2422 multitudinem
435 2395 547 2422 deorum
571 2395 738 2427 iutroducat,
766 2403 854 2430 neque
879 2395 1004 2423 confusio

216 2442 263 2468 Dei
282 2442 464 2475 negationem.
479 2441 627 2476 Gregorius
642 2440 794 2476 Theologus
809 2443 835 2468 in
854 2442 932 2468 tertia
946 2448 1005 2471 ora_

217 2489 291 2518 tione
310 2487 345 2515 de
369 2495 434 2522 pace
449 2495 456 2514 ι
472 2486 529 2514 Νοιι
547 2495 628 2513 unum
650 2488 758 2521 pietatis
781 2487 926 2515 terminum
948 2487 1006 2513 exi-

218 2535 368 2566 stimemus,
384 2533 508 2560 venerari
523 2533 644 2566 Patrem,
659 2539 687 2560 et
702 2533 799 2560 Filium
811 2554 817 2563 .
830 2538 859 2560 et
874 2533 1006 2567 Spiritum

216 2584 353 2612 sanctum,
369 2587 451 2606 unam
476 2579 502 2606 in
529 2579 615 2606 tribus
636 2580 759 2613 personis
775 2576 965 2615 divinitatem',
981 2582 1008 2604 et

217 2629 394 2660 potestatem,
410 2625 477 2652 nihil
491 2633 583 2660 supra,
605 2633 654 2653 nec
674 2625 744 2651 infra
767 2624 908 2656 colentes;
937 2623 1006 2650 illud

216 2671 288 2697 enim
304 2671 361 2697 lieri
388 2678 440 2698 non
459 2675 559 2705 potest,
583 2672 634 2699 hoc
653 2675 744 2698 autem
768 2670 879 2705 itnpium
900 2673 952 2696 cst.
974 2669 1007 2696 Et

216 2717 309 2747 adhuc
322 2716 394 2744 idem
416 2725 423 2744 :
444 2717 492 2745 Ubi
510 2717 583 2745 enim
607 2721 649 2745 est
671 2716 881 2751 unumquodque
905 2716 1008 2743 incum-

249 2794 271 2809 "‘
289 2797 367 2825 Joau.
385 2805 412 2831 x,
430 2798 474 2826 '50.

1041 1492 1094 1512 non
1112 1483 1228 1518 recipit?
1243 1482 1276 1510 Et
1292 1482 1380 1509 adhuc
1398 1482 1547 1515 Gregorius
1562 1481 1712 1516 Theologus
1726 1481 1752 1507 in
1767 1489 1831 1508 ora-

1041 1529 1113 1556 tione
1128 1528 1161 1555 de
1173 1527 1336 1563 baptismate
1350 1535 1356 1553 :
1371 1525 1438 1554 Volo
1455 1527 1560 1553 Patrem
1576 1526 1707 1561 majorem
1723 1526 1827 1558 dicere;

1040 1582 1073 1602 ex
1093 1582 1147 1609 quo
1165 1573 1298 1608 provenit,
1315 1577 1344 1600 ut
1355 1573 1400 1608 qui
1413 1577 1476 1600 sunt
1489 1572 1615 1606 mquales,
1628 1571 1747 1606 aequales
1762 1572 1827 1604 sint,

1041 1626 1068 1648 et
1085 1621 1227 1653 exsistant;
1239 1620 1290 1647 hoc
1302 1619 1375 1646 enim
1397 1619 1431 1645 ab
1445 1618 1572 1645 omnibus
1590 1624 1751 1644 concessum
1766 1621 1827 1649 est;

1041 1670 1068 1692 et
1082 1669 1172 1691 metuo
1189 1671 1223 1691 ne
1245 1663 1408 1698 principium
1433 1662 1529 1689 faciant
1551 1662 1715 1696 principium
1741 1661 1827 1687 mino-

1029 1702 1100 1737 Vrum
1114 1720 1120 1742 ;
1138 1714 1164 1736 et
1181 1708 1345 1737 contumelia
1361 1708 1472 1734 alliciam
1492 1706 1670 1742 przeferendo;
1689 1713 1743 1732 non
1756 1707 1826 1732 enim

1042 1755 1077 1787 ei,
1097 1763 1129 1781 ex
1145 1761 1207 1788 quo.
1221 1753 1303 1788 gloria
1317 1757 1358 1780 est
1372 1752 1518 1779 submissio
1540 1758 1632 1777 eorum
1647 1751 1690 1782 qui
1708 1758 1740 1776 ex
1756 1751 1826 1783 ipso.

1043 1801 1075 1828 Et
1093 1807 1184 1827 rursus
1196 1799 1343 1833 Gregorius
1353 1797 1500 1832 Nyssenus,
1514 1796 1540 1823 in
1557 1796 1626 1823 libro
1637 1796 1674 1822 De
1686 1796 1829 1822 Abraham:

1042 1848 1072 1873 In
1086 1852 1201 1880 utroque
1214 1845 1296 1879 igitur
1309 1852 1400 1871 verum
1413 1843 1478 1870 dicit
1492 1842 1644 1877 Scriptura,
1658 1849 1717 1876 qu:e
1728 1842 1828 1875 aequale

1042 1892 1196 1922 conﬁtetur,
1214 1895 1241 1917 et
1267 1889 1354 1923 majus
1375 1896 1428 1916 non
1452 1892 1544 1922 negat.
1569 1887 1637 1914 Cum
1657 1888 1728 1913 enim
1753 1886 1827 1912 Scri-

1043 1943 1120 1972 ptura
1148 1936 1181 1963 ad
1198 1935 1392 1962 humanitatem
1417 1934 1549 1968 respicit,
1575 1932 1663 1967 majus
1687 1934 1829 1959 conﬁtetur

1042 1983 1113 2017 quod
1131 1989 1182 2008 non
1199 1981 1315 2012 videtur,
1332 1987 1412 2014 quam
1432 1979 1457 2005 id
1474 1979 1545 2012 quod
1565 1985 1613 2012 per
1626 1984 1735 2004 carnem
1758 1977 1830 2003 vide-

1044 2035 1104 2064 tur;
1125 2029 1234 2062 quando
1250 2035 1313 2053 vero
1331 2031 1449 2053 mentem
1466 2023 1576 2051 deducit
1593 2023 1625 2050 ad
1641 2022 1809 2048 divinitatem
1821 2032 1829 2048 ν

1046 2081 1124 2102 vacat
1147 2075 1203 2101 hzec
1225 2072 1394 2107 comparatio
1412 2070 1523 2104 majoris
1538 2074 1564 2097 et
1588 2068 1711 2100 minoris,
1728 2073 1755 2094 ct
1769 2067 1826 2094 vice

1049 2122 1145 2148 horum
1163 2120 1252 2146 unitas
1272 2118 1453 2153 praedicatur:
1470 2116 1527 2150 Ego
1544 2120 1566 2142 et
1584 2114 1665 2141 Pater
1681 2121 1762 2139 unum
1783 2121 1829 2139 su-

1049 2174 1107 2193 mus
1120 2165 1155 2199 °';
1171 2172 1230 2199 qua:
1250 2164 1321 2191 enim
1336 2163 1439 2190 variata
1454 2166 1518 2188 sunt
1531 2160 1676 2188 secundum
1694 2159 1829 2192 iumquali-

1052 2215 1145 2242 tatem,
1161 2217 1243 2236 unum
1260 2216 1319 2236 esse
1331 2216 1384 2235 non
1399 2211 1522 2241 possunt.
1538 2205 1570 2232 Et
1585 2212 1699 2239 magnus
1714 2203 1830 2231 Athana-

1052 2256 1120 2287 sius,
1137 2256 1164 2282 in
1183 2256 1253 2282 libro
1267 2254 1305 2281 De
1320 2253 1503 2281 incarnatione
1518 2251 1617 2279 Christi
1631 2260 1639 2278 :
1654 2250 1706 2278 Ubi
1717 2270 1724 2282 ,
1739 2250 1829 2284 inquit,

1053 2303 1169 2336 dignitas
1186 2307 1226 2329 est
1240 2301 1360 2336 ejusdem
1378 2299 1501 2330 honoris,
1515 2297 1636 2332 ejusdem
1657 2303 1765 2331 quoque
1783 2295 1829 2322 ho-

1054 2348 1129 2376 noris
1143 2352 1185 2375 est
1200 2346 1351 2378 veneratio;
1367 2346 1392 2372 in
1406 2344 1536 2378 dignitate
1550 2341 1645 2377 atquali
1662 2349 1715 2369 non
1731 2345 1771 2368 est
1785 2349 1829 2375 pu-

1056 2399 1117 2427 gna,
1134 2390 1266 2425 inaequale
1281 2390 1394 2417 suscitat
1411 2395 1548 2423 pugnam;
1569 2387 1707 2421 aequalitas
1723 2386 1830 2412 honorat

1057 2445 1159 2472 pacem.
1173 2436 1205 2463 Et
1219 2437 1289 2462 idem
1306 2443 1400 2462 rursus
1414 2444 1420 2461 :
1438 2434 1538 2461 Contra
1564 2432 1759 2468 Apollinarium
1778 2439 1786 2457 :
1803 2431 1830 2457 Si

1058 2488 1152 2510 natura
1177 2489 1230 2508 non
1245 2485 1286 2508 est
1302 2479 1382 2506 Pater
1395 2478 1482 2513 major
1505 2476 1585 2509 Filio,
1603 2484 1689 2510 neque
1703 2475 1831 2510 magnitu-

1058 2529 1120 2555 dine
1134 2525 1336 2562 (magnitudinis
1348 2524 1529 2558 enim.expers
1537 2524 1598 2557 est),
1611 2528 1696 2557 neque
1709 2526 1829 2554 tempore,

1059 2575 1120 2610 quia
1141 2574 1200 2601 sine
1214 2579 1332 2607 tempore
1346 2576 1398 2603 est,
1417 2577 1502 2603 neque
1517 2569 1657 2603 qualitate,
1671 2567 1733 2602 quia
1751 2567 1831 2601 quali-

1060 2625 1115 2648 tate
1128 2623 1202 2647 caret
1218 2627 1225 2645 :
1242 2618 1314 2645 nulla
1333 2617 1414 2652 igitur
1429 2615 1480 2642 alia
1497 2621 1525 2641 re
1544 2613 1674 2649 majorem
1691 2621 1720 2640 se
1733 2612 1829 2639 Patrem

1061 2666 1137 2698 dicit,
1158 2665 1215 2692 nisi-
1225 2668 1358 2697 quatenus
1371 2661 1464 2693 Filius,
1482 2665 1508 2687 et
1530 2658 1636 2686 Patrem
1655 2665 1734 2685 suum
1752 2658 1829 2684 Itono-

1062 2719 1136 2740 rans.
1150 2710 1182 2738 Et
1197 2715 1308 2743 magnus
1322 2706 1447 2739 Basilius,
1459 2705 1528 2733 libro
1539 2709 1635 2740 quarto
1650 2710 1757 2732 suarum
1769 2702 1830 2729 Con-
