1954 3071
107 138 172 173 99‘)

545 137 661 172 DECAS
673 143 722 173 IX.
738 154 772 160 —-
794 140 842 170 DE
863 135 1084 170 [NFINITATE
1104 138 1146 168 IN
1167 137 1249 168 DEO.

1691 139 1746 172 9‘0’

106 199 283 234 fututiotmm
299 205 306 223 :
327 196 422 231 Majas,
451 197 558 230 inquit,
581 197 623 224 vel
648 197 843 231 magnitudine,
868 195 908 222 vel
925 198 948 225 Α
964 193 1059 220 ﬁcante
1073 200 1199 226 persona,
1216 197 1243 219 et
1262 191 1332 219 aliud
1355 192 1518 223 substantia,
1536 193 1607 220 sicut
1630 201 1743 229 granum

107 244 314 274 crassitudine,
334 243 376 269 vel
401 248 532 276 tempore,
549 244 591 271 vel
617 243 758 278 dignitate,
779 247 825 268 aut
852 247 913 267 tau—

107 297 203 324 qu-tm
229 297 321 321 causa,
343 288 431 323 majus
455 293 513 321 est;
537 294 564 315 at
587 288 772 322 magnitudine
795 296 848 314 non
871 291 913 314 est

111 335 210 370 major
222 335 300 361 Pater
310 334 390 367 Filio;
403 341 500 368 expers
508 335 579 361 enim
593 339 633 361 est
649 334 853 368 magnitudinis,
868 340 914 359 ne-

111 388 174 414 que
187 380 384 408 crassitudine.
397 380 460 413 quia
475 380 667 413 incorporeus;
681 380 728 405 sed
743 385 830 411 neque
845 383 913 403 tem-
932 407 935 410 π

112 434 200 461 pore,
218 425 301 452 Filius
325 426 397 451 ettitn
421 430 462 451 est
478 425 609 459 temporis
632 428 744 456 auctor;
761 431 848 458 neque
872 424 914 450 di-

114 473 235 505 gnitate,
254 479 305 498 nec
318 474 389 497 enim
407 472 495 498 factus
508 476 548 498 est
574 470 671 502 Filius,
690 470 735 504 qui
762 470 908 504 aliquando

116 525 177 544 non
196 522 276 549 essm;
288 524 336 543 nec
352 522 379 542 ut
393 521 499 549 auctor,
511 517 638 550 quoniam
651 523 728 550 aeque
741 516 830 542 erith
843 515 912 550 ipso,

116 568 150 590 et.
167 563 247 589 nobis
267 563 362 596 major,
380 562 403 589 si
428 562 512 596 ipsius
535 566 561 588 et
591 562 676 589 nostri
693 566 789 588 auctor
803 566 855 588 est.
882 561 914 588 Et

117 609 222 636 iterum
237 609 384 641 Gregorius
399 608 565 642 Tlteologus,
579 608 647 635 libro
663 609 782 636 secundo
795 608 832 635 De
843 608 914 635 theo-

118 656 196 689 logia
214 656 251 681 ait
273 663 279 680 :
299 654 351 681 Sed
368 655 390 681 si
414 653 485 681 Deus
503 658 545 682 est
565 655 761 689 incorporeus,
788 662 837 682 nec
862 655 913 682 hoc

121 700 296 727 demonstrat
312 700 491 726 substantiam
505 719 513 732 ,
538 699 607 726 sicut
631 706 681 726 nec
699 699 846 734 ingenitum
860 720 868 731 ,
885 705 912 726 et

119 746 260 780 principio
277 752 382 776 carens,
405 750 432 772 et
457 745 634 777 immutabile,
657 752 684 772 et
708 746 871 777 immortale,
885 750 913 772 et

120 798 294 824 qntccunqtte
310 790 344 817 de
359 790 424 822 Deo,
443 790 482 817 vel
500 790 572 817 circa
600 791 681 817 Deum
708 791 834 817 dicuntttr
861 791 910 826 (a).

963 239 1092 266 frumenti
1109 240 1206 266 dicitur
1228 244 1255 265 ct
1281 244 1321 265 est
1336 246 1437 268 setnen,
1453 244 1480 265 et
1497 239 1600 266 frui-tus
1615 250 1621 268 ε
1645 249 1696 268 nott
1715 246 1745 269 ut

964 293 1009 312 res
1034 286 1096 317 alia,
1123 290 1149 310 et
1165 285 1234 316 alia;
1259 285 1306 311 sed
1322 284 1392 311 alittd
1407 285 1471 318 quid
1489 285 1622 319 signiﬁcat
1639 294 1744 318 semen,

965 330 1037 357 aliud
1052 330 1168 356 fructus.
1189 329 1220 356 Et
1243 337 1358 362 magnus
1382 330 1508 362 Basilius,
1527 331 1552 357 in
1573 331 1686 363 epistola
1711 334 1744 359 ad

966 374 1120 401 Terentium
1135 375 1260 401 comitem
1274 383 1280 400 :
1299 374 1325 401 Si
1341 380 1444 405 autem,
1460 375 1557 410 inquit,
1572 382 1679 409 oportet
1696 386 1745 404 tios

965 421 1057 454 paucis
1079 421 1170 447 dicere
1196 421 1266 454 quod
1290 421 1406 454 videtur,
1426 422 1489 448 illud
1518 423 1647 454 dicemus,
1671 424 1744 457 quod

966 473 1045 499 quam
1061 467 1192 492 rationem
1210 466 1289 492 habet
1305 473 1447 494 commune
1462 467 1494 493 ad
1509 468 1659 501 proprium,
1675 468 1746 495 hanc

965 509 1047 536 habet
1065 509 1213 536 substantia
1229 510 1262 535 ad
1279 517 1434 543 personam.
1457 510 1649 546 Unusquisque
1668 512 1743 538 enim

964 560 1088 582 nostrtttn
1115 555 1254 582 communi
1286 555 1390 582 ratione
1414 556 1574 583 substantia:
1602 557 1745 591 participat

965 609 1043 633 esse;
1059 605 1087 627 et
1108 602 1317 635 proprietatibus
1330 609 1389 636 quae
1407 602 1478 629 circa
1493 609 1521 629 se
1537 607 1611 635 sunt,
1631 607 1671 629 est
1690 603 1746 634 ille,

964 652 1011 672 aut
1032 645 1087 676 ille,
1114 647 1147 672 ad
1167 646 1292 672 eumdem
1319 647 1425 673 modum
1445 647 1510 679 illic,
1537 647 1608 674 ratio
1634 647 1744 682 quidem

964 692 1122 718 substantia;
1136 693 1287 719 communis
1302 697 1353 725 est,
1368 697 1396 718 ut
1411 693 1526 725 bonitas,
1545 699 1591 721 aut
1608 693 1749 727 ditinitas,

964 741 1011 763 aut
1025 737 1046 763 si
1064 737 1127 770 qttid
1141 738 1212 764 aliud
1229 738 1394 772 intelligatur
1408 746 1414 764 :
1433 746 1549 772 persona
1563 746 1627 765 vero
1643 739 1669 765 in
1684 746 1746 771 pro-

963 782 1080 817 prietate
1103 790 1156 816 qua
1183 781 1263 810 Pater
1284 788 1336 814 est,
1363 787 1409 810 aut
1432 791 1482 817 qua
1495 782 1590 817 Filius,
1615 785 1747 811 cernitur.

121 837 164 864 Ex
182 837 283 872 quibus
300 835 413 864 eﬁicitur
436 837 621 869 manifestum,
637 837 708 871 quod
733 837 759 864 in
784 837 848 870 Deo,
866 838 913 872 qui
929 838 948 866 Β
967 827 1082 856 Sanctus
1104 828 1223 856 Jozumes
1242 830 1432 860 Damasceuus,
1452 838 1513 864 cap.
1536 830 1582 861 5‘5,
1602 830 1681 863 cuius
1703 829 1747 856 in-

122 889 167 911 est
193 890 276 917 supra
302 882 495 913 substantiam,
512 890 565 909 non
581 887 622 909 est
639 883 691 909 alia
715 883 804 910 ttnitas
829 891 911 918 supra

123 929 259 960 divinam,
275 933 300 954 et
323 928 373 954 alia
389 927 508 955 Trinitas
534 936 616 962 Supra
642 929 821 956 substantiam
836 949 842 960 ,
866 929 913 956 sed

123 974 249 1000 eamdem
273 981 337 1000 vere
361 974 490 1000 unitatem
513 977 541 1001 et
562 974 720 1001 Trinitatem
750 974 912 1001 credimus:

123 1025 176 1044 nec
200 1023 242 1045 est
266 1018 292 1044 in
316 1017 452 1044 Trinitate
471 1025 635 1052 supraquam
654 1019 745 1045 divina
764 1019 911 1052 quidquam

126 1063 270 1097 inaequale,
288 1068 314 1089 et
328 1063 423 1096 partim
440 1062 498 1097 ejus
514 1063 611 1097 majus,
625 1063 720 1097 partim
736 1071 800 1090 vero
813 1064 913 1096 mintts,

123 1109 173 1136 sed
194 1109 283 1142 potius
300 1117 350 1135 una
364 1108 505 1142 aequalitas
523 1110 608 1135 tribus
625 1115 703 1142 pura,
720 1115 746 1136 et
759 1109 914 1136 immutabi-

124 1154 178 1187 lis;
192 1162 241 1181 nec
261 1154 362 1187 aliquid
378 1161 472 1180 eorttm
485 1153 566 1180 triutn
584 1154 635 1180 ulla
652 1161 683 1180 ex
701 1159 776 1188 parte
794 1154 853 1187 plus
869 1162 914 1181 co-

124 1199 219 1229 limus,
234 1203 262 1225 et
279 1199 380 1232 aliquid
404 1199 511 1230 minus;
533 1205 583 1224 nec
605 1203 645 1225 est
671 1198 699 1225 in
716 1206 748 1225 eo
765 1192 923 1233 quidquam‘

125 1244 248 1278 privans,
265 1248 293 1270 et
307 1243 457 1271 secundttm
474 1251 503 1271 se
518 1251 614 1278 expers
633 1240 802 1276 substantiae,
816 1249 843 1271 et
860 1252 912 1272 non

129 1296 178 1323 per
192 1297 221 1316 se
235 1291 367 1316 assistens
382 1297 389 1315 :
406 1289 561 1324 imperfecta
583 1290 655 1316 enim
678 1290 839 1318 introductio
860 1291 914 1325 pri-

125 1335 217 1361 vantis
239 1335 434 1362 contumeliosa
459 1340 499 1363 est
527 1336 554 1363 in
580 1336 606 1362 id
630 1336 701 1369 quod
720 1336 914 1369 perfectissime

126 1380 246 1411 exsistit;
263 1381 361 1406 etenim
375 1387 427 1406 non
441 1387 502 1407 esse
514 1380 701 1411 substantiam,
716 1386 743 1408 et
758 1389 805 1414 per
817 1389 847 1409 se
859 1390 913 1409 non

126 1425 267 1456 ex-istt-re,
282 1424 460 1451 defectionem
483 1426 687 1460 perfectissimae
702 1428 872 1460 substantiae,
887 1432 914 1454 et

127 1476 174 1504 per
187 1477 218 1497 se
230 1470 387 1498 exsistentis
401 1472 578 1498 demonstrat.

423 1537 539 1565 CAPUT
565 1537 610 1566 Ν.

128 1592 204 1625 Quod
228 1593 253 1619 in
271 1592 409 1625 Trinitate,
425 1602 484 1627 qua:
501 1601 584 1628 supra
603 1593 778 1622 substantia»:
796 1600 845 1627 est,
862 1605 908 1624 ne-

160 1636 209 1662 que
238 1628 374 1665 personata
404 1628 576 1661 distinguitur
598 1637 615 1665 ᾳ
638 1630 799 1665 substantia,
827 1639 909 1665 neque

161 1669 213 1688 tres
229 1663 324 1699 diuina:
337 1670 454 1694 persona
469 1663 619 1699 substantia
635 1663 846 1699 distinguuntur,
863 1663 909 1694 nec

162 1698 215 1723 alia
231 1698 353 1730 quapiam
375 1698 536 1730 oppositione
552 1698 761 1732 distinguuntur,
783 1701 834 1727 m'st'
859 1701 908 1728 hac

161 1732 217 1757 sola
234 1732 376 1758 secundum
394 1732 557 1758 relationem.

163 1787 274 1821 Magnus
288 1788 464 1819 Athanasius,
481 1789 507 1815 in
520 1789 625 1824 dialogo
636 1790 780 1817 orthodoxi
798 1796 824 1818 et
839 1792 911 1818 Anon

127 1834 184 1865 inii,
203 1834 259 1861 :tit:
283 1834 359 1860 Aliud
382 1839 423 1860 est
439 1835 604 1867 substantia,
632 1841 658 1862 et
685 1836 758 1863 aliud
782 1845 908 1870 persona,

127 1880 198 1905 aliud
216 1884 243 1906 et
258 1879 329 1905 aliud
346 1879 394 1913 (t),
411 1881 570 1913 compositio
587 1881 681 1914 igitur.
700 1882 779 1908 Aliud
796 1887 823 1908 et
835 1883 908 1909 aliud

128 1925 193 1956 dixi,
207 1932 260 1952 non
276 1930 303 1951 ut
319 1932 374 1952 rem
388 1925 470 1952 aliam
485 1931 512 1952 et
524 1926 617 1958 aliam,
632 1926 679 1954 sed
696 1931 724 1953 ut
737 1927 811 1954 aliud
827 1927 912 1962 signi-

962 874 1075 908 scriptio
1089 880 1147 901 est:
1175 874 1251 906 Quod
1273 875 1358 902 omnis
1379 881 1477 902 natura
1493 876 1582 903 divina
1605 877 1632 902 in
1647 885 1699 904 una
1716 885 1747 904 es

963 920 1079 954 personis
1099 919 1155 954 ejus
1179 921 1254 946 unita
1283 926 1320 947 est
1347 928 1404 947 cum
1422 925 1477 947 tota
1492 922 1609 948 humana
1636 927 1746 954 natura,

963 971 988 993 et
1003 975 1055 993 non
1069 974 1130 1001 pars
1147 975 1205 993 cum
1216 971 1290 1001 parte
1300 975 1310 994 :
1325 967 1497 1000 Communia,
1527 968 1624 1001 inquit,
1639 973 1666 994 et
1684 971 1746 995 uni-

965 1019 1040 1039 versa
1055 1013 1237 1046 prmdicantnr
1251 1014 1283 1039 de
1297 1013 1355 1040 suis
1375 1013 1504 1047 subjectis
1519 1013 1558 1047 (2)
1577 1014 1748 1048 particulari-

964 1058 1035 1086 bus:
1056 1065 1200 1085 commune
1226 1059 1308 1091 igitur
1324 1065 1365 1085 est
1389 1059 1551 1092 substantia,
1576 1065 1605 1087 ut
1621 1061 1745 1095 species;

963 1104 1125 1139 particulare
1146 1110 1236 1131 autem
1260 1105 1438 1139 hypostasis;
1455 1105 1619 1139 particulare
1643 1111 1746 1139 autem,

965 1158 1016 1177 non
1035 1151 1096 1185 quia
1112 1156 1215 1184 partem
1232 1156 1335 1178 natura
1350 1152 1440 1183 habet,
1457 1157 1560 1186 partem
1583 1160 1636 1178 non
1653 1153 1746 1184 habet,

964 1196 1010 1223 sed
1035 1197 1197 1230 partit-utare
1224 1204 1345 1228 numero,
1373 1201 1401 1224 ut
1428 1197 1616 1230 individuum;
1633 1204 1747 1224 numero

964 1241 1047 1273 enim,
1071 1246 1098 1268 et
1114 1249 1166 1268 non
1184 1247 1280 1268 natura
1304 1242 1464 1276 hypostases
1478 1242 1603 1269 dicuntur
1616 1241 1745 1274 tliﬂerre;

964 1287 1126 1321 praedicatur
1139 1292 1227 1313 attletn
1245 1287 1396 1313 substantia
1417 1288 1449 1314 de
1466 1288 1616 1322 hypostasi,
1635 1287 1698 1321 quia
1717 1288 1744 1313 in

965 1332 1077 1366 singulis
1090 1339 1149 1366 quae
1164 1337 1223 1359 sunt
1244 1332 1403 1367 Iiyposlascs
1422 1333 1543 1366 ejusdem
1557 1333 1670 1367 speciei,
1685 1339 1747 1366 per-

964 1377 1034 1404 fecta
1053 1378 1202 1404 substantia
1217 1383 1270 1409 est;
1285 1379 1412 1411 quocirca
1428 1385 1515 1412 neque
1529 1379 1688 1413 liypostases
1699 1377 1748 1404 dif-

964 1421 1053 1449 ferunt
1067 1423 1137 1449 inter
1150 1431 1178 1450 se
1188 1423 1350 1455 substantia,
1366 1424 1410 1451 sed
1424 1425 1570 1451 seriindum
1583 1424 1745 1456 accidentia,

964 1475 1024 1502 qua:
1044 1473 1106 1494 sttnt
1129 1469 1308 1502 proprietates
1324 1470 1499 1503 dcsignantes
1519 1470 1699 1505 ltypostasim,
1718 1473 1746 1496 et

923 1512 945 1540 C
962 1520 1016 1540 nou
1033 1518 1156 1540 naturain
1171 1523 1178 1540 τ
1195 1514 1327 1547 siquidem
1346 1515 1510 1549 ltypostasim
1529 1515 1658 1541 deﬁniunt
1679 1514 1746 1541 sub-

961 1560 1088 1586 stantiam
1104 1567 1163 1586 cutn
1175 1561 1327 1592 accidente,
1341 1561 1517 1594 quamobrem
1532 1561 1683 1596 hypostasis
1697 1561 1745 1587 ha-

961 1606 1008 1632 bet
1019 1613 1162 1632 commune
1173 1614 1233 1632 cum
1247 1606 1372 1640 proprio;
1385 1607 1537 1634 substantia
1550 1611 1638 1634 autem
1651 1615 1746 1634 secun-

960 1652 1023 1678 dutu
1038 1659 1068 1678 se
1083 1659 1138 1678 non
1149 1652 1267 1683 exsistit,
1285 1653 1331 1679 sed
1345 1652 1371 1679 in
1390 1653 1581 1688 hypostasibus
1597 1657 1744 1686 spectatur.

960 1697 1032 1724 Idem
1054 1699 1086 1724 de
1103 1703 1194 1725 sancta
1218 1697 1368 1724 Trinitate:
1390 1698 1515 1733 Oportet,
1540 1699 1641 1732 inquit,
1657 1698 1742 1729 scire,

961 1741 1033 1776 quod
1056 1742 1126 1768 aliud
1149 1747 1191 1769 est
1207 1743 1372 1770 considerari
1391 1751 1428 1774 re,
1453 1749 1479 1769 et
1497 1742 1569 1769 aliud
1595 1743 1699 1770 ratione
1719 1747 1746 1769 rt

962 1788 1136 1821 cogitatione.
1157 1786 1183 1814 lit
1203 1789 1328 1815 omnibus
1344 1789 1426 1822 igitur
1448 1789 1581 1816 creaturis
1607 1790 1746 1816 distinctio

964 1833 1144 1867 hypostaseou
1185 1840 1213 1859 re
1238 1835 1438 1867 consideratur,
1464 1842 1492 1860 re
1514 1835 1585 1861 enim
1611 1834 1705 1861 Petrus
1729 1843 1744 1860 a

962 1877 1046 1904 Paulo
1063 1879 1194 1905 discretus
1208 1879 1406 1911 consideratur,
1420 1881 1607 1907 communitas
1626 1888 1699 1912 vero,
1715 1887 1742 1906 et

965 1924 1113 1957 copulatio,
1133 1930 1160 1950 et
1178 1932 1271 1956 unum,
1286 1929 1313 1951 et
1327 1926 1444 1958 ratione,
1459 1929 1486 1952 et
1501 1926 1666 1960 cogitatione
1681 1934 1744 1960 spe-

859 1982 993 2013 Scholia.

163 2044 201 2076 (l)
219 2043 296 2069 Aliud
309 2043 408 2070 dicitur
423 2044 577 2076 significare
591 2044 617 2070 in
634 2044 733 2071 divinis
747 2044 908 2075 substantia,

129 2084 155 2106 et
166 2079 363 2110 alittdpersotta.
373 2079 432 2111 llltlu
446 2080 508 2105 lit-rt
521 2087 600 2105 unam
609 2084 635 2105 et
646 2081 765 2106 eamdem
781 2087 836 2105 rem
846 2080 910 2106 sub-

129 2113 226 2141 stantia
237 2118 262 2138 et
272 2121 386 2146 persona
397 2114 558 2146 signiﬁcent,
571 2114 747 2140 atitertamen
757 2121 815 2140 eam
825 2114 910 2146 signi-

130 2150 186 2175 ﬁcal
201 2149 363 2177 substantia.
378 2153 404 2174 et
421 2149 501 2173 aliter
520 2155 633 2180 persona
647 2156 655 2176 :
673 2153 701 2174 et
718 2153 790 2175 recte
810 2148 908 2174 dicitur

959 2043 1008 2071 Hic
1027 2044 1107 2077 igitur
1127 2044 1221 2071 modus
1243 2045 1365 2071 diversus
1382 2045 1555 2079 signiﬁcandi
1578 2053 1659 2072 unam
1677 2045 1743 2072 alio-

958 2081 1002 2112 qui
1018 2085 1043 2106 et
1058 2080 1178 2105 eamdem
1197 2080 1263 2107 rein.
1288 2085 1398 2106 vocatur
1412 2081 1446 2106 ab
1461 2081 1611 2107 Athanasio
1621 2082 1694 2107 aliud
1715 2086 1742 2107 et

959 2113 1048 2146 aliud;
1078 2121 1129 2140 non
1146 2115 1208 2147 quia
1229 2114 1281 2140 alia
1296 2117 1323 2140 rt
1339 2115 1389 2141 alia
1409 2122 1451 2141 res
1476 2116 1528 2145 sit.
1547 2115 1592 2141 sed
1611 2117 1673 2148 quia
1692 2123 1742 2141 una

957 2154 983 2174 et
996 2150 1092 2184 eadem
1105 2156 1148 2174 res
1165 2149 1218 2184 alio
1231 2153 1259 2175 et
1271 2148 1324 2175 alio
1338 2149 1592 2183 modosigniﬁcatur
1605 2159 1611 2182 ;
1628 2155 1743 2184 possunt

129 2183 219 2209 Cra-ce
232 2183 295 2218 ἀλλρ
310 2185 355 2208 καὶ
368 2183 442 2212 ἄλλο,
462 2182 488 2208 id
503 2187 554 2213 est,
571 2183 642 2208 aliud
653 2187 686 2218 et
702 2183 786 2215 aliud,
804 2183 846 2209 ubi
866 2189 909 2209 so—

963 2183 1033 2218 eniin
1053 2190 1113 2209 esse
1128 2183 1207 2210 unius
1221 2184 1257 2210 rei
1272 2184 1349 2218 plura
1364 2184 1485 2216 nomina,
1506 2189 1534 2210 ιιι
1548 2182 1634 2211 υιιιιιιί
1646 2192 1742 2211 nomen

130 2219 181 2244 tum
196 2223 237 2243 est
253 2217 322 2242 alius
333 2222 359 2243 et
375 2217 445 2243 alius
462 2218 557 2243 modus
573 2217 742 2248 significandi
756 2225 764 2244 :
780 2218 849 2243 sicut
865 2224 909 2243 se-

130 2261 188 2278 men
205 2256 233 2277 et
247 2251 350 2278 fructus
366 2260 446 2278 unam
464 2259 520 2278 rem
543 2251 708 2285 signiﬁcant,
724 2259 836 2284 granum
854 2252 908 2278 sci-

129 2287 189 2313 licet
209 2285 336 2312 lrntnenti
360 2285 417 2320 (b):
437 2286 510 2313 aliud
530 2292 618 2312 tamen
637 2292 663 2313 et
684 2287 756 2312 aliud
782 2286 909 2312 dicuntur

129 2321 294 2354 signiﬁcare,
312 2329 365 2347 non
387 2325 514 2355 tanquam
533 2321 614 2347 aliam
635 2325 662 2347 et
675 2322 755 2347 aliam
780 2328 848 2352 rem,
862 2320 908 2347 sed

130 2357 191 2385 quia
208 2355 287 2380 aliter
311 2355 445 2387 signiﬁcat
467 2356 539 2382 illam
566 2362 645 2381 uuam
672 2363 727 2381 rem
751 2363 854 2386 semen,
881 2359 908 2381 et

131 2390 206 2416 aliter
231 2389 353 2416 fructus:
373 2397 465 2416 semen
489 2391 560 2416 enim
582 2389 618 2417 ita
644 2390 778 2424 signiIiCat
794 2397 907 2422 granum

131 2424 266 2456 frumenti,
281 2429 310 2452 ot
322 2424 500 2457 intelligamus
513 2424 646 2452 comineri
661 2426 686 2451 in
701 2432 734 2450 eo
744 2424 910 2451 settttnaliter

131 2460 199 2486 aliud
215 2459 314 2486 simile.
334 2459 434 2486 Semen
451 2460 522 2488 enim
539 2464 590 2490 est,
606 2461 631 2486 in
646 2470 699 2494 quo
713 2464 754 2486 est
769 2461 856 2486 vn‘tus
869 2466 912 2486 se-

132 2495 236 2520 tttiualis
254 2495 285 2520 ad
303 2495 504 2528 producendum
521 2495 593 2521 aliud
616 2496 724 2521 simile:
743 2494 847 2521 fructus
862 2502 911 2520 au-

132 2534 180 2554 to-tn
195 2538 245 2554 non
263 2529 302 2555 sic
322 2529 457 2563 signiﬁcat
477 2537 592 2563 granum
618 2529 758 2559 frumenti.
785 2530 832 2555 sed
847 2536 910 2555 esse

132 2563 179 2589 itu.
190 2568 244 2589 tum
258 2563 380 2594 :tllcrllh,
394 2564 450 2590 sive
466 2565 624 2598 productum
641 2566 675 2590 ab
689 2565 741 2589 alio
755 2573 762 2596 ς
775 2564 815 2591 sic
827 2571 908 2590 ettatn

131 2598 278 2625 substantia
303 2602 329 2624 et
347 2606 461 2631 pctsona
477 2607 527 2624 una
554 2606 596 2625 res
615 2604 688 2629 sunt,
710 2603 738 2625 et
754 2605 832 2624 ttttattt
851 2605 907 2624 rem

132 2634 298 2665 signiﬁcant:
316 2636 363 2658 sed
379 2633 459 2659 aliter
475 2641 533 2659 eant
554 2634 687 2666 signati-at
704 2640 829 2667 persona,
854 2634 907 2659 sci-

132 2666 191 2692 licet
221 2667 407 2699 singulariter,
442 2668 591 2694 substante
622 2666 906 2694 vcroéonnnunitcr:

131 2708 207 2734 quam
225 2702 295 2727 enim
311 2705 442 2728 l'ulitmetll
459 2703 538 2728 habet
551 2708 694 2728 collllllltltt‘.
711 2703 741 2728 ad
755 2702 904 2735 proprium,

133 2736 166 2761 ait
182 2735 308 2766 Basilius,
333 2736 401 2763 hanc
426 2738 506 2763 liabet
521 2737 674 2764 aut-stantia
693 2737 726 2762 ad
749 2743 902 2770 personant.

963 2217 1079 2251 plurittm
1102 2225 1202 2245 reruttt.

997 2252 1036 2286 (2)
1060 2251 1219 2279 Communia
1241 2256 1266 2280 et
1290 2255 1412 2279 universa
1436 2253 1616 2286 prwdirantur
1641 2253 1673 2279 de
1686 2254 1741 2280 suis

961 2287 1095 2320 subjectis.
1113 2286 1264 2315 Commune
1285 2287 1371 2322 igitur
1385 2293 1426 2314 est
1438 2289 1614 2320 .substantia,
1639 2294 1666 2313 tit
1684 2296 1744 2322 spe—

962 2323 1029 2349 cies.
1047 2322 1106 2347 Non
1125 2321 1174 2348 hoc
1195 2323 1258 2349 dicit
1284 2321 1465 2348 Damasccntts
1487 2323 1519 2349 de
1543 2322 1693 2349 substantia
1717 2332 1742 2349 tu

963 2357 1062 2383 divints
1085 2357 1215 2390 personis,
1240 2356 1314 2391 quod
1339 2356 1486 2384 secundum
1511 2363 1566 2383 rem
1591 2358 1743 2384 communis

963 2392 1006 2422 sit,
1021 2391 1091 2419 sicut
1106 2391 1131 2417 iu
1147 2394 1276 2418 creaturis
1289 2391 1395 2425 species
1408 2399 1468 2425 quae
1481 2392 1609 2418 dividitur
1622 2399 1669 2425 per
1684 2400 1744 2426 pro-

963 2431 1091 2459 prietales
1102 2426 1350 2458 cltaracteristicas,
1363 2434 1432 2460 quas
1447 2431 1542 2452 vocant
1555 2427 1742 2457 imtividuales,

961 2467 996 2495 tta
1018 2466 1056 2492 ut,
1072 2463 1142 2487 sicut
1157 2461 1237 2494 paulo
1251 2465 1311 2495 post
1327 2461 1370 2487 hic
1385 2461 1449 2488 dicit
1465 2461 1532 2487 idem
1548 2461 1742 2493 Datnasceuus,

960 2494 1057 2522 Petrus
1072 2504 1085 2521 a
1112 2496 1195 2522 Paulo
1213 2504 1241 2522 re
1251 2494 1448 2529 distinguatur,
1466 2496 1529 2529 quia
1557 2503 1610 2522 non
1631 2502 1673 2523 est
1693 2495 1736 2523 Pe-

965 2535 1022 2557 trus
1042 2532 1067 2557 itt
1094 2529 1198 2562 Paulo;
1217 2530 1310 2557 Petrus
1324 2531 1395 2557 enim
1416 2536 1442 2557 et
1460 2529 1559 2557 Paulus
1577 2538 1660 2556 ttttutn
1680 2535 1744 2557 sunt

964 2572 1015 2591 non
1038 2572 1077 2597 re,
1093 2567 1138 2591 sed
1160 2566 1276 2596 ratione,
1298 2570 1324 2591 et
1348 2564 1535 2599 intelligentia.
1555 2565 1654 2591 Contra
1680 2573 1744 2591 vero

964 2600 989 2625 itt
1005 2599 1104 2626 divinis
1120 2601 1242 2633 personis
1259 2607 1313 2625 non
1329 2601 1477 2626 secundum
1495 2607 1562 2632 rem,
1580 2602 1626 2626 sed
1646 2607 1744 2626 secun-

961 2634 1024 2660 duttt
1040 2634 1147 2660 modum
1161 2634 1333 2667 signiﬁcandi
1349 2634 1485 2660 invenitur
1499 2634 1589 2668 aliqua
1612 2635 1742 2660 similitu—

960 2669 995 2695 do
1011 2669 1164 2695 communis
1179 2674 1206 2695 et
1219 2669 1391 2702 purticularis
1404 2676 1464 2695 cum
1479 2669 1622 2696 creaturis.
1639 2670 1739 2697 Obser-

961 2708 1033 2730 vavn
1050 2703 1101 2730 hoc
1114 2704 1141 2730 in
1156 2702 1323 2731 Dantasccno
1338 2702 1367 2730 S.
1387 2702 1516 2731 Thomas.

164 2793 201 2830 (ᾳ)
220 2793 257 2830 De
271 2794 302 2820 iis
319 2794 437 2828 loquitur
450 2803 509 2829 qme
529 2796 654 2822 similiter
668 2797 700 2822 de
715 2796 769 2822 Deo
780 2796 919 2829 dicuntur,
935 2800 964 2823 ut
980 2794 1137 2830 ingenitum,
1150 2794 1350 2829 incorporeum,
1362 2798 1389 2822 et
1403 2793 1513 2822 similia.

165 2828 199 2861 (ὸ)
220 2829 330 2856 Bastltth
340 2831 450 2863 cpis‘tula
461 2828 550 2864 prima
566 2833 598 2856 ..ιι
611 2832 778 2858 Llcdontum.
899 2846 901 2848 ι
