1954 3071
109 123 173 157 ειη

544 124 664 158 DECAS
681 129 731 159 IX.
749 141 779 147 -
794 129 842 159 DE
859 129 1078 161 INFINITATE
1097 133 1138 162 IN
1155 126 1239 163 ΠΕΟ.

1684 135 1739 166 ΟΜ

109 189 140 209 ιιι
171 190 339 217 qumcunque
360 186 422 210 sunt
446 181 591 210 ablationis
618 185 766 211 secundum
783 191 902 218 exsupe-
914 185 937 215 Α
952 193 1017 212 soua
1031 191 1057 213 et
1072 187 1224 214 substantia
1245 194 1297 214 non
1312 192 1374 215 sunt
1388 188 1457 215 idem
1475 188 1578 215 ratione
1593 194 1620 216 et
1633 192 1736 225 cogita—

110 230 237 255 rzintiam
255 230 305 263 (l),
318 236 378 255 cum
393 229 492 263 quibus
509 233 683 256 numerantur
695 230 783 256 omnia
797 237 855 264 qua:
870 230 902 257 ad

107 275 252 302 rationem
269 282 355 301 causae
371 275 518 309 pertinent,
538 276 639 302 bonum
669 275 814 309 pulchrum
832 276 902 303 exsi-

109 325 207 350 stens,
222 319 368 352 viviﬁcum,
381 320 500 354 sapiens,
516 325 542 347 et
555 327 721 354 quaecunque
734 326 795 348 sunt
808 327 840 348 ex
854 322 902 348 do-

108 366 160 393 nis
176 366 246 399 ejus,
259 372 319 399 qiue
337 365 481 392 bonitatem
496 365 555 398 ejus
573 366 678 397 decent,
694 373 708 392 a
727 366 826 400 quibus
841 374 900 393 om-

109 411 192 438 nium
209 411 344 437 bonorum
364 417 444 437 causa
457 411 622 443 nominatur,
635 411 750 437 discreta
764 419 827 438 vero
841 416 902 438 sunt

110 456 208 483 Patris
222 456 318 482 nomen
338 454 389 489 (2),
403 460 430 481 et
445 462 498 487 res,
517 459 543 481 et
557 455 617 482 Filii
630 462 654 482 et
671 455 788 490 Spiritus
802 457 901 487 sancti.

111 502 191 528 nulla
212 501 238 528 in
255 501 296 528 his
314 501 383 527 facta
399 501 621 535 reciprocatione,
639 507 685 527 aut
705 509 817 536 prorsus
829 509 904 528 com-

111 546 253 573 munitate
268 547 440 578 introducta;
458 550 499 573 est
514 550 643 580 praeterea
661 547 778 573 discreta
801 554 832 574 ae
846 547 903 574 dis-

112 593 213 624 tincta,
228 591 346 625 perfecta
370 592 440 619 sicut
470 592 496 618 iii
520 592 597 619 nobis
614 592 663 626 (5),
677 597 704 618 et
726 592 901 620 immutabilis

110 636 180 664 Iesu
195 637 324 667 essentia.
339 640 365 664 et
376 644 544 671 quotcunque
558 641 620 663 stint
634 637 759 671 mysteria
773 637 901 664 substan-

111 682 191 709 tialia
207 683 384 709 humanitatis
402 683 459 716 ejus
476 678 582 717 (4).'Ex
603 683 645 710 his
664 682 833 709 manifestum
856 683 896 714 lit,

109 728 189 764 quod
207 729 233 756 in
249 728 393 761 Trinitate,
406 736 467 764 quae
476 734 517 756 est
531 736 612 763 supra
628 729 818 761 substantiam,
833 736 895 764 per-

955 231 1029 258 tione
1042 240 1049 263 ;
1066 237 1128 259 sunt
1141 237 1230 260 tamen
1242 241 1270 260 re
1281 238 1308 260 et
1321 233 1482 266 substantia,
1497 235 1623 262 similiter
1636 241 1690 262 tres
1701 237 1738 262 di-

952 277 1022 305 vina:
1035 286 1157 312 personae
1179 279 1249 307 inter
1264 287 1293 307 se
1310 287 1361 306 non
1377 281 1569 307 discernuntur
1583 290 1610 308 re
1627 288 1654 307 ei
1673 284 1738 308 Sllii-

951 324 1060 356 stantia,
1077 325 1123 351 sed
1141 325 1244 351 ratione
1264 329 1367 351 tantum
1383 330 1410 352 et
1424 326 1587 357 cogitatione
1604 327 1642 360 (ὅ)
1659 335 1667 359 ;
1691 335 1734 353 ρε-

951 369 1038 395 sentia
1050 371 1122 396 enim
1137 377 1229 396 earum
1249 378 1300 397 una
1315 375 1367 403 εει,
1385 372 1431 398 sed
1454 379 1507 397 non
1526 378 1565 399 est
1582 380 1673 399 earum
1692 373 1735 399 in-

953 417 994 439 ter
1009 421 1037 440 se
1063 414 1261 447 reciprocatio;
1288 415 1389 442 idcirco
1407 422 1459 442 non
1484 421 1572 449 potest
1595 418 1691 444 cadere
1709 418 1735 444 iu

953 466 1000 485 eas
1016 459 1066 487 alia
1080 460 1224 493 oppesitio,
1242 461 1291 487 nisi
1306 468 1399 488 eorum
1414 469 1474 495 quae
1489 467 1549 489 sunt
1562 462 1594 489 ad
1612 463 1712 496 aliquid
1729 472 1735 489 :

942 504 1011 531 aliae
1027 505 1097 532 enim
1115 506 1296 539 oppositiones
1314 514 1367 533 non
1384 512 1559 534 assumuntur
1579 509 1637 535 sine
1652 514 1738 535 male-

954 548 1012 581 ria,
1031 551 1214 584 oppositiones
1234 558 1298 578 vero
1322 552 1347 578 in
1368 551 1399 579 iis
1415 559 1474 586 qum
1490 557 1552 579 sunt
1567 553 1600 579 ad
1624 553 1735 587 aliquid,

955 596 1071 627 quodam
1094 596 1172 622 modo
1192 597 1345 623 consistunt
1360 604 1439 630 supra
1457 598 1610 630 materiam,
1626 599 1689 632 quia
1710 600 1735 624 in

955 642 1007 669 hac
1019 642 1191 676 oppositione
1205 648 1256 668 non
1279 642 1416 668 dirimitur
1432 642 1580 677 copulatio,
1595 644 1657 677 quia
1673 651 1737 674 esse

955 696 1048 716 eorum
1066 693 1107 715 est
1124 688 1239 722 quodam
1259 689 1337 714 modo
1359 695 1388 715 se
1407 689 1505 715 habere
1521 689 1553 716 ad
1569 689 1681 723 aliquid.

844 799 982 831 Scholia.

147 865 188 898 (1)
207 864 382 899 Qua'cunquer
402 867 460 899 sunt
484 863 625 890 oblationis
651 866 793 891 secundum
818 873 897 892 θέωνι·
916 864 936 893 Β
952 869 1078 899 tanquam
1107 869 1183 892 actus
1215 857 1359 891 notionalis
1397 865 1554 892 attribuitur
1581 867 1672 898 Patri.
1707 876 1735 898 ρι

107 900 271 932 ῃεταηιὶαγη.
292 899 361 925 Sunt
378 898 532 933 huiusmodi
557 900 664 925 nomina
690 907 769 933 supra
787 901 896 931 bonum,

108 941 194 966 supra
222 933 375 966 pulchrum,
403 940 461 964 quze
489 932 584 959 tollunt
610 933 636 960 in
664 932 729 960 Deo?
750 934 895 960 bonitatem

110 974 246 999 creatam,
264 973 291 993 et
314 967 538 1000 pulchritudinem
567 972 697 999 creatam,
722 972 749 995 et
775 969 896 995 tribuunt

111 1007 331 1036 exsuperantem,
357 1007 384 1028 et
412 1001 573 1034 superlatam
605 1003 764 1035 bonitatem,
792 1004 897 1030 scilicet

111 1039 281 1067 incrr-atam,
296 1044 356 1071 qua)
375 1037 458 1063 vincit
480 1043 587 1064 Omnem
614 1038 795 1072 cognitionem
810 1043 838 1065 et
856 1038 897 1064 iii-

111 1071 300 1102 telligentiam.

151 1106 191 1141 (2)
220 1106 338 1132 Discreta
356 1110 416 1132 sunt
440 1113 532 1132 nomen
557 1104 647 1133 Patris
672 1114 750 1141 supra
769 1108 894 1135 substan—

115 1141 183 1168 tiam
216 1145 242 1167 et
269 1147 322 1167 res.
354 1141 456 1167 Nomen
479 1141 567 1168 Patris
598 1148 677 1174 supra
715 1143 893 1169 substantiam

115 1176 193 1207 dicit,
211 1175 272 1209 quia
300 1176 325 1210 iii
353 1175 452 1201 divinis
471 1184 522 1203 non
538 1176 670 1210 signiﬁcat
691 1176 770 1203 nobis
797 1185 894 1203 nomen

116 1210 218 1241 Patris,
234 1214 281 1236 aut
303 1209 375 1245 Filii.
401 1211 470 1244 qaod
497 1212 522 1236 in
549 1209 682 1237 creaturis
707 1211 892 1245 intelligimus,

117 1252 249 1278 personas
278 1244 381 1270 scilicet
401 1252 430 1270 re
444 1249 470 1270 ct
490 1245 640 1272 substantia
666 1244 815 1276 separatas.
828 1245 893 1272 Rem

117 1286 185 1305 vero
205 1278 292 1305 Patris
306 1284 383 1305 vocat
399 1286 450 1305 non
466 1279 548 1311 ipsam
566 1279 756 1311 substantiam,
772 1288 831 1313 qua
845 1289 896 1308 una

118 1318 147 1339 ct
163 1313 256 1339 eadem
272 1313 297 1338 in
314 1313 412 1343 tribus,
430 1315 475 1339 sed
490 1321 545 1340 rem
560 1314 661 1343 Patris,
674 1320 701 1342 et
718 1322 773 1340 rem
788 1315 856 1347 Filii,
871 1320 898 1342 et

115 1355 177 1383 rem
198 1347 336 1383 Spiritus?
352 1348 437 1383 sancti
466 1353 543 1374 vocat
570 1349 758 1381 proprietates,
785 1356 844 1383 quae
872 1351 896 1376 in

119 1381 219 1408 divinis
232 1382 353 1415 personis
363 1382 484 1408 ordinem
498 1383 608 1415 originis
622 1383 677 1410 sive
689 1381 812 1416 principii
827 1384 898 1410 inter

119 1424 167 1443 eas
187 1417 337 1449 designant,
356 1417 427 1443 unde
452 1417 599 1443 notimiales
627 1418 814 1450 proprietates,
841 1419 897 1445 sive

119 1456 196 1487 actus
223 1451 366 1487 dicuntur;
388 1452 448 1484 quia
474 1455 537 1487 sunt
558 1453 664 1484 proprie
685 1453 819 1487 notiones,
839 1454 898 1479 sive

119 1486 319 1519 designationes
340 1483 513 1518 personarum
527 1493 534 1517 ;
552 1483 579 1511 ut
593 1483 730 1520 proprium
752 1483 841 1513 Patris
856 1492 897 1514 est

118 1527 248 1580 fenerare
277 1519 391 1551 Filium;
418 1520 523 1553 propria
553 1519 599 1546 est
623 1521 747 1548 nativitas
775 1520 835 1547 Filii
862 1520 931 1552 exC

130 1554 215 1580 ’atre:
236 1559 262 1580 et
279 1555 385 1580 tirooria
404 1554 520 1580 Sniritus
539 1554 624 1580 sancti
641 1556 777 1580 processio
793 1563 824 1580 ex
841 1564 895 1580 uno

130 1554 215 1585 ’atre;
236 1559 262 1580 et
279 1555 385 1587 propria
404 1554 520 1584 Sniritus
539 1554 624 1581 sancti
641 1556 777 1588 processio
793 1563 824 1582 ex
841 1564 895 1583 uno

119 1589 262 1622 principio,
275 1588 354 1614 Patre
364 1594 396 1625 _et
408 1588 493 1625 Filio,
512 1589 569 1615 ha'c
584 1590 709 1625 dicuntur
723 1590 816 1617 Graece
830 1592 896 1625 χρή-

120 1631 192 1656 ματα
207 1623 386 1657 γνωριστικά,
407 1624 432 1650 id
447 1628 496 1652 est.
515 1630 557 1650 res
571 1624 626 1650 sive
639 1629 714 1651 actus
730 1623 894 1657 notionales;

120 1665 162 1684 res
175 1660 245 1684 enim
268 1663 400 1691 quatenus
417 1658 533 1692 pertinet
547 1657 579 1684 ad
598 1658 764 1686 relationem.
783 1667 895 1687 numero

118 1692 233 1730 plurium
246 1692 411 1730 praedicatur
425 1693 464 1730 in
485 1693 584 1730 divinis
600 1699 608 1724 ;
628 1692 657 1719 S.
680 1693 775 1730 Thom.
797 1702 806 1720 t
825 1703 849 1728 p.
866 1703 893 1730 q.

118 1727 162 1757 59,
180 1733 230 1752 art.
246 1728 272 1758 5,
285 1727 316 1753 ad
331 1727 368 1753 3:
384 1727 412 1752 lu
425 1726 468 1753 his
485 1727 565 1760 igitur
583 1734 634 1753 non
648 1732 688 1753 est
707 1726 893 1762 reciprocatio,

118 1768 204 1796 neque
223 1762 411 1790 communitas.
429 1769 478 1788 nec
495 1763 520 1788 iii
545 1761 610 1796 ipsis
625 1761 777 1789 nominibus
795 1763 893 1794 Patris.

117 1803 142 1823 ei
159 1795 230 1828 Filii,
244 1801 270 1822 ct
290 1797 405 1831 Spiritus
425 1796 520 1827 sancti,
534 1795 582 1822 nec
599 1796 626 1831 in
642 1803 734 1822 eorum
753 1799 851 1829 rebus,
869 1798 894 1826 id

117 1836 167 1862 cst,
186 1832 211 1856 iii
234 1830 325 1857 eorum
350 1831 473 1860 actibus.
484 1832 540 1857 sive
556 1830 658 1861 usibus,
673 1831 743 1857 unde
767 1838 893 1860 manant:

118 1874 166 1892 nec
183 1866 254 1891 cnim
270 1873 368 1892 nomen
386 1865 471 1891 Patris
485 1865 609 1892 convenit
625 1864 708 1896 Filio;
724 1873 811 1900 neque
834 1867 893 1894 Filii

118 1906 213 1927 nomen
231 1901 356 1926 convenit
373 1900 445 1927 Patri
461 1908 467 1927 :
485 1901 546 1933 quia
572 1907 658 1933 neque
680 1907 812 1933 generare
835 1901 893 1929 Filii

116 1942 167 1965 est,
198 1943 282 1967 neque
307 1935 428 1969 generari
456 1933 553 1966 Patris,
581 1934 706 1970 similiter
731 1936 756 1961 in
792 1935 893 1970 Spiritu

117 1977 209 1997 saucio
233 1970 278 2003 qui
307 1971 340 1996 ab
364 1975 477 2003 utroque
493 1969 622 2001 procedit.
640 1969 685 1995 Est
698 1969 824 2002 praeterea
845 1971 894 1996 ob-

117 2007 268 2032 Servatioue
283 2005 391 2038 dignum
409 2005 477 2037 quod
497 2004 540 2030 hic
552 2003 588 2028 ait
605 2003 765 2037 D.onysius,
779 2005 894 2033 discreia

116 2047 175 2066 esse
204 2048 228 2066 iii
257 2037 479 2073 divinisinomen
510 2037 605 2073 Patris,
622 2042 649 2064 et
673 2039 823 2073 χρῆμαηίιι
840 2046 892 2072 est,

117 2083 191 2107 rem;
206 2080 233 2100 et
248 2081 343 2100 nomen
364 2072 434 2104 Filii,
448 2078 472 2099 et
490 2072 562 2104 rem;
582 2073 645 2098 item
666 2080 761 2099 nomen
778 2072 894 2107 Spiritus

116 2111 212 2140 sancti,
241 2114 266 2135 et
290 2116 361 2139 rem;
392 2115 451 2133 cuiii
479 2108 550 2132 enim
579 2108 652 2140 prius
681 2108 769 2140 posuit
797 2116 892 2136 nomen

116 2145 213 2175 l'atris,
223 2148 251 2170 et
269 2150 363 2169 nomen
377 2141 447 2173 Filii,
466 2148 491 2168 et
514 2149 609 2167 nomen
626 2142 742 2175 Spiritus
756 2144 850 2175 sancti,
867 2148 893 2170 et

950 899 1132 936 spiraiioqnai
1147 899 1300 936 attribuitur
1315 899 1387 936 Patri
1402 906 1424 926 ιιι
1442 902 1527 936 Filio;
1549 901 1605 928 sive
1617 904 1733 936 passive,

951 939 979 960 Iit
994 934 1120 960 nativitas
1137 939 1212 961 actus
1228 934 1372 960 uotionalis
1386 936 1430 966 qui
1445 934 1601 961 attribuitur
1617 934 1692 968 Filio,
1707 934 1734 966 ei

949 969 1086 1002 processio
1104 968 1215 1002 Spiritui
1232 973 1344 999 sancto;
1360 969 1477 1002 origines
1494 970 1565 995 cnim
1583 974 1731 1000 secundum

950 1003 1079 1029 rationem
1107 1003 1271 1036 intelligendi
1301 1008 1376 1030 extra
1396 1011 1426 1030 ca
1446 1010 1517 1038 sunt,
1534 1012 1649 1036 quorum
1668 1015 1732 1034 sum

948 1038 1083 1074 origines:
1098 1039 1206 1074 cum'sit
1218 1038 1304 1070 origo,
1320 1038 1433 1065 sicutait
1445 1038 1473 1065 S.
1486 1040 1644 1072 Tliom.,'via
1659 1050 1733 1074 quia-

949 1072 1009 1098 dam
1026 1080 1038 1097 τι
1056 1079 1095 1102 re,
1113 1077 1158 1099 aut
1173 1073 1204 1098 ad
1220 1081 1286 1101 rem,
1307 1076 1335 1099 nt
1358 1074 1496 1107 generatio
1514 1072 1686 1107 signiﬁcatur
1701 1083 1732 1104 ut

951 1108 992 1132 via
1021 1109 1141 1141 qua'dani
1164 1108 1197 1133 ad
1219 1107 1335 1140 genitum
1369 1108 1515 1140 procedens
1536 1116 1549 1134 a
1574 1116 1730 1141 generante.

950 1141 1049 1178 Itaque
1060 1140 1203 1178 res_Pat_i-is
1216 1147 1402 1178 estgeiierare
1419 1143 1523 1177 (χρῆμα
1533 1143 1616 1173 enim.
1626 1149 1654 1171 ιιι
1667 1145 1732 1178 dixi,

949 1183 1003 1213 rem
1029 1176 1185 1213 signiﬁcat),
1205 1183 1251 1213 res
1263 1176 1509 1213 Filiiestgcnituin
1521 1185 1596 1209 esse;
1613 1186 1655 1205 res
1672 1176 1731 1213 Spi4

951 1210 1017 1236 ritus
1042 1211 1127 1237 sancti
1156 1212 1311 1242 prOcedere.
1330 1211 1375 1236 Sic
1399 1210 1545 1242 Gregorius
1566 1213 1590 1237 in
1607 1210 1731 1241 oratione

948 1245 1034 1278 prima
1054 1245 1086 1271 ile
1111 1245 1176 1270 Filio
1194 1253 1201 1271 :
1225 1245 1259 1270 Ex
1279 1253 1329 1270 non
1354 1245 1477 1275 habente,
1495 1246 1590 1276 inquit,
1608 1255 1728 1277 causam,

950 1280 975 1304 id
1001 1283 1097 1310 est,ex
1128 1279 1205 1306 Patre
1230 1280 1335 1305 accedit
1359 1287 1402 1305 res
1429 1281 1586 1312 nativitatis,
1603 1281 1635 1307 de
1662 1282 1731 1310 Filio

949 1312 1075 1348 loquitur,
1103 1315 1220 1348 πρᾶγμα
1239 1314 1390 1347 γεννήσεως
1404 1316 1518 1344 vocavit,
1533 1316 1602 1348 quod
1631 1315 1730 1348 Diony-

949 1347 1004 1373 sius
1020 1349 1122 1382 χρῆμα.
1140 1348 1279 1381 Signiﬁcat
1290 1348 1370 1373 etiam
1387 1349 1503 1381 πρᾶγμα
1515 1347 1605 1375 actum
1619 1357 1632 1375 a
1650 1347 1730 1377 verbo

948 1382 1070 1415 πράττω,
1092 1385 1161 1408 unde
1179 1389 1250 1409 recte
1266 1382 1380 1414 theologi
1400 1382 1487 1408 Latini
1512 1388 1600 1409 actum
1621 1390 1728 1416 vocant,

948 1417 1018 1449 quod
1030 1417 1116 1443 Graeci
1127 1417 1277 1452 reinLideni
1292 1416 1362 1452 euiiii
1377 1419 1486 1452 Verbum
1496 1418 1612 1452 πρᾶγμα
1627 1423 1730 1445 utrum-

948 1459 1000 1484 que
1023 1451 1166 1485 signiticat.
1184 1451 1239 1478 lloc
1267 1450 1373 1481 notavi,
1391 1451 1453 1484 quia
1469 1450 1524 1477 non
1539 1460 1632 1485 parum
1648 1453 1730 1480 refert

948 1485 1078 1512 vocabula
1096 1486 1202 1519 propria
1218 1486 1332 1518 alicujus
1345 1485 1464 1512 scientia).
1482 1487 1588 1512 callere.

983 1519 1019 1554 (ὅ)
1036 1519 1155 1554 Perfecta
1181 1521 1248 1547 sicut
1270 1521 1296 1546 i'n
1321 1519 1404 1549 nobis.
1428 1525 1452 1546 et
1474 1521 1646 1548 immutabilis
1662 1521 1726 1548 Jem

945 1555 1070 1590 essentia.
1093 1555 1242 1582 Perfectam
1257 1556 1321 1581 dicit
1337 1558 1430 1590 contra
1447 1555 1649 1587 Apollinarium,
1665 1558 1728 1590 quia

946 1589 1040 1615 habuit
1057 1597 1154 1622 corpus
1177 1590 1317 1623 praeditum
1336 1596 1358 1614 a:
1372 1588 1425 1614 ima
1441 1590 1561 1616 rationali
1584 1596 1611 1617 et
1631 1588 1730 1618 intelli-

946 1628 1034 1658 gente,
1058 1625 1127 1650 sicut
1151 1631 1199 1650 nos
1233 1625 1381 1654 habemus;
1408 1624 1602 1651 immutabilem
1633 1631 1728 1652 contra

946 1658 1013 1684 alios
1031 1659 1181 1689 lia‘reticos,
1208 1659 1253 1691 qui
1278 1659 1405 1684 dixerunt
1432 1663 1554 1685 naturam
1579 1660 1726 1686 humanam

945 1694 979 1718 ab
995 1693 1051 1726 ipso
1067 1693 1200 1727 principio
1225 1693 1331 1720 iiiiioiiis
1346 1692 1444 1727 vietam
1472 1700 1531 1720 esse
1546 1700 1560 1719 a
1581 1694 1681 1724 divina,
1701 1699 1728 1721 et

945 1727 1042 1754 factam
1062 1726 1304 1761 ilicei-riiptibileni,
1316 1726 1385 1761 quod
1398 1732 1455 1752 erat
1468 1735 1533 1760 nega
1540 1735 1567 1754 re
1583 1728 1722 1755 veritatem

946 1761 1070 1788 humanae
1089 1765 1205 1791 llzillll'm,
1232 1762 1353 1795 negando
1378 1762 1569 1795 proprietatem
1586 1763 1643 1795 ejus
1658 1771 1665 1795 ;
1682 1764 1726 1790 hic

945 1795 992 1822 fuit
1008 1795 1129 1822 Julianus
1146 1796 1235 1822 llalica
1242 1803 1374 1822 riiasseus.

981 1831 1019 1865 (4)
1037 1830 1164 1864 Mysteria
1178 1830 1368 1856 substantia/ia
1383 1831 1555 1858 humanitatis
1571 1831 1637 1865 ejus.
1656 1831 1727 1857 Suti-

946 1864 1080 1891 stantialia
1096 1866 1169 1895 dicit,
1182 1873 1245 1898 quia
1261 1865 1347 1896 sitire,
1365 1865 1479 1896 esurire,
1498 1865 1652 1899 del‘atiguri.
1669 1866 1727 1892 vul-

949 1900 1049 1930 tierari,
1065 1904 1091 1925 et
1116 1900 1216 1933 reliqua
1233 1899 1364 1932 ejusmodi
1383 1907 1443 1927 vere
1468 1907 1563 1933 passus
1580 1904 1621 1926 est
1643 1899 1723 1927 Chri-

944 1939 1015 1965 5tus,
1041 1939 1067 1960 et
1108 1941 1159 1959 non
1187 1934 1356 1967 pliaiitastice
1384 1935 1529 1961 secundum
1570 1935 1724 1967 lueretieos,

944 1969 1067 2001 quamvis
1093 1967 1133 1994 ha:
1158 1969 1296 2002 passiones
1312 1974 1435 1995 naturam
1450 1968 1570 1994 divinam
1588 1977 1640 1996 non
1658 1970 1723 1995 atti-

945 2007 1051 2036 gerunt,
1065 2010 1125 2029 cum
1152 2007 1223 2029 esset
1242 2003 1341 2036 alioqui
1370 2003 1396 2029 in
1424 2003 1516 2029 eadem
1546 2003 1724 2036 liypostasi,a

944 2044 995 2070 qua
1020 2045 1072 2063 non
1089 2037 1229 2064 differebat
1253 2038 1302 2064 nisi
1329 2038 1431 2064 ratione
1461 2041 1563 2063 tantum
1583 2042 1610 2063 cl
1625 2039 1726 2071 cogita-

945 2073 1036 2103 tione;
1048 2072 1199 2105 hujusmodi
1213 2072 1292 2098 etiam
1305 2077 1366 2100 sunt
1379 2071 1517 2098 ambulare
1528 2079 1610 2106 super
1627 2073 1723 2102 undas,

944 2106 1047 2140 ingredi
1073 2113 1120 2139 per
1140 2105 1249 2140 januam
1277 2106 1394 2132 clausam
1422 2107 1454 2131 ail
1479 2105 1640 2139 discipulos;
1669 2106 1724 2132 haec

944 2148 1015 2167 enim
1043 2143 1170 2167 miracula
1197 2148 1243 2174 per
1268 2148 1375 2167 carnem
1396 2146 1524 2174 operatus
1538 2146 1579 2167 est
1593 2141 1721 2167 Christus

126 2184 205 2205 iustea
232 2179 351 2204 secundo
380 2176 439 2202 loco
473 2177 561 2210 posuit
584 2176 687 2210 χρῆμα,
703 2176 728 2202 id
754 2182 805 2209 est,
835 2185 890 2204 rem
908 2181 929 2209 ι)
944 2183 991 2202 sua
1005 2176 1157 2202 divinitate.

136 2215 214 2244 atris,
236 2221 296 2246 qua:
316 2217 356 2238 est
382 2209 521 2244 generare,
537 2217 564 2237 ct
592 2209 646 2236 rem
675 2209 745 2242 Filii,
770 2218 830 2244 qua:
851 2218 892 2240 est

116 2248 290 2282 generari,“
301 2253 356 2273 rem
371 2246 597 2282 Spiritiis_saueti,
609 2253 667 2282 qua:
680 2250 721 2271 est
736 2247 890 2279 procedere,

116 2279 192 2316 plane
211 2283 302 2308 docuit
318 2282 343 2307 id
358 2283 435 2316 quod
443 2280 472 2306 ὃ.
488 2279 584 2306 Thom.
603 2280 797 2316 etiauirtraitit,
816 2283 891 2314 prius

115 2315 141 2343 ei
155 2317 324 2350 piiueipalius
338 2315 484 2342 secundum
498 2317 606 2340 modum
623 2315 785 2350 intelligendi
795 2317 891 2342 distin-

115 2349 161 2386 gui
184 2349 341 2385 hypostases
366 2350 471 2376 divinas
498 2357 545 2383 per
561 2349 714 2386 relationes,
742 2357 822 2383 quam
844 2358 891 2384 per

115 2384 248 2420 origines,
275 2388 331 2412 sive
351 2389 426 2411 actus
454 2384 620 2420 iiotionales,
644 2391 712 2416 quos
746 2386 891 2419 Dionysius

116 2419 275 2455 signiﬁcavit
291 2421 399 2446 nomine
414 2420 562 2455 militum;
582 2419 717 2455 interpres
734 2425 808 2455 vetus
830 2420 891 2446 υιο-

116 2453 196 2491 iifsii,
212 2462 291 2491 quoin
315 2457 423 2481 sanctus
442 2453 554 2491 l‘tionias
573 2454 674 2491 habuit,
693 2453 772 2479 vertit
788 2454 891 2491 ’χρῆμα

117 2488 205 2523 usum;
219 2488 247 2518 ὃ.
261 2489 357 2516 Thom.
367 2496 443 2514 usum
454 2489 566 2514 mutavit
576 2488 601 2513 iii
619 2492 706 2514 actum
716 2494 741 2514 et
754 2489 889 2521 originem,

116 2526 324 2560 uiatiiiguuntur.
343 2525 463 2557 inquam.
489 2524 580 2555 prius.
597 2527 625 2560 et
654 2523 826 2560 pi'iiicipaliiis
845 2532 891 2556 per

118 2558 273 2591 relationes,
300 2567 380 2594 quam
408 2565 454 2591 per
488 2558 639 2583 notioiiales
667 2559 802 2590 origines;
828 2566 890 2587 quia

117 2595 257 2622 relationes
281 2598 446 2620 constituunt
481 2599 621 2623 personas,
647 2599 706 2618 cuni
742 2593 797 2618 sitit
831 2600 892 2626 ipsae

118 2632 262 2658 relationes
279 2636 401 2663 pereunte
416 2627 593 2653 subststeutes
612 2634 620 2652 :
637 2633 721 2663 actus
731 2634 794 2652 vero
807 2634 893 2654 notio-

118 2668 199 2696 nales,
218 2662 286 2691 licet,
303 2665 356 2690 siut
384 2663 452 2688 idem
471 2668 499 2687 re
511 2669 569 2687 enm
600 2662 785 2691 relationibus,
803 2667 891 2688 tamen

118 2701 261 2729 secundum
291 2699 398 2725 modum
425 2695 592 2730 signiﬁcandi
611 2701 637 2722 et
655 2696 822 2730 intelligendi
839 2704 891 2722 non

118 2737 280 2764 constituunt
303 2740 432 2768 personas
446 2752 453 2763 ,
471 2739 538 2770 cunt
561 2732 616 2757 sint
641 2733 758 2764 origines
781 2739 892 2770 earum,

117 2779 170 2799 sive
198 2778 273 2804 origo
297 2767 461 2803 signiﬁcetur
489 2767 592 2798 active,
617 2771 645 2792 ut
669 2767 808 2800 generatio
833 2774 892 2799 qua:

971 2209 1009 2244 (5)
1030 2209 1154 2237 Similiter
1166 2214 1216 2236 tres
1235 2209 1330 2236 diuina:
1345 2217 1460 2244 persona:
1468 2210 1567 2236 imane
1575 2217 1624 2235 non
1632 2209 1725 2235 distin-

942 2249 1058 2278 guuntur
1069 2252 1106 2275 re,
1115 2250 1139 2271 et
1153 2245 1311 2277 substantia,
1324 2246 1367 2271 sed
1378 2246 1479 2271 ratione
1490 2249 1602 2274 tantum,
1617 2248 1641 2270 et
1654 2244 1725 2277 cogi-

943 2281 1048 2305 tatione.
1062 2279 1201 2311 Quatenus
1216 2279 1317 2305 sciiicet
1334 2286 1388 2306 tres
1402 2281 1497 2306 diiiiiae
1516 2285 1636 2313 persona:
1654 2279 1723 2304 idem

943 2321 971 2340 re
987 2319 1013 2340 et
1031 2314 1181 2341 substantia
1202 2318 1274 2345 sunt,
1298 2315 1338 2340 sic
1355 2315 1425 2340 enim
1451 2312 1502 2340 iiou
1520 2313 1724 2347 distinguuntur

942 2348 1012 2375 inter
1026 2356 1056 2376 se
1071 2349 1122 2375 nisi
1140 2349 1243 2375 ratione
1268 2354 1380 2379 tantum.
1404 2354 1429 2374 et
1446 2348 1625 2381 cogitatione;
1654 2348 1724 2373 idem

941 2383 1058 2409 afﬁrmat
1087 2383 1116 2410 Si.
1139 2384 1233 2410 'l'hom.
1262 2391 1281 2414 i,
1305 2391 1371 2417 p.q.
1389 2382 1434 2414 39,
1456 2391 1507 2409 art.
1525 2391 1544 2414 i,
1567 2382 1612 2408 ad.
1632 2389 1724 2417 ινιτιιηι

942 2419 1008 2444 dicit
1025 2428 1031 2444 :
1046 2418 1198 2445 “elationes
1214 2418 1278 2451 ipse:
1290 2416 1340 2443 non
1354 2416 1554 2452 distinguuntur
1567 2416 1725 2452 adiinicein

942 2455 1091 2480 secundum
1107 2455 1176 2487 quod
1193 2458 1256 2478 sunt
1273 2453 1342 2478 idem
1372 2451 1483 2478 realiier
1513 2459 1573 2478 cuiu
1597 2451 1725 2487 essentia,

942 2488 1086 2514 relationes
1104 2485 1193 2514 autem
1213 2488 1282 2514 idem
1296 2492 1355 2514 sunt
1377 2495 1405 2514 re
1431 2494 1492 2512 eum
1509 2487 1640 2519 personis.
1655 2485 1726 2517 Qua-

943 2527 1021 2548 tenus
1052 2531 1115 2550 vero
1142 2524 1296 2551 relationes,
1313 2529 1372 2554 quae
1397 2522 1423 2547 in
1447 2523 1544 2547 divinis
1558 2526 1619 2547 sunt
1635 2528 1682 2553 per
1697 2526 1727 2545 se

942 2558 1137 2588 eiibsisteiites,
1162 2558 1356 2590 oppositio'iieiii
1389 2556 1488 2582 habent
1525 2557 1556 2580 ad
1591 2557 1727 2585 invicem,

944 2592 1078 2618 distinctae
1097 2592 1204 2617 i‘ealiter
1227 2596 1300 2622 sunt,
1320 2596 1347 2617 et
1363 2598 1491 2624 personas
1508 2590 1614 2616 realiter
1629 2591 1724 2615 distiu-

944 2631 1038 2659 guunt,
1052 2631 1079 2652 et
1102 2635 1154 2652 una
1179 2634 1293 2660 persona
1314 2633 1365 2651 iiou
1383 2630 1425 2651 est
1443 2625 1512 2654 alia;
1533 2626 1582 2660 li_oe
1596 2625 1667 2650 enini
1682 2628 1723 2650 est

943 2658 1014 2694 quod
1039 2662 1078 2687 ait
1101 2662 1144 2687 hic
1169 2658 1263 2688 auctor
1280 2667 1339 2686 cuni
1356 2660 1478 2686 doctrina
1494 2660 1523 2686 ὃ.
1540 2658 1649 2694 Ἰίιυιιιίιτ
1661 2665 1727 2684 eon-

944 2700 1081 2727 seutiens,
1099 2698 1145 2721 sed
1170 2703 1263 2721 earum
1287 2695 1391 2721 Scliit'el
1416 2700 1590 2728 personarum
1614 2702 1665 2720 non
1687 2697 1728 2718 est

944 2731 1015 2757 inter
1032 2739 1062 2757 se
1082 2731 1269 2764 reciprocatio,
1283 2735 1415 2764 quatenus
1432 2730 1537 2756 scilicet
1553 2729 1578 2755 in
1594 2735 1640 2756 eas
1655 2728 1730 2754 cadit

944 2767 1077 2799 Oppositio
1091 2766 1263 2793 relatioiium.
