1954 3071
240 142 295 176 9'35

537 196 651 225 CAPUT
677 196 708 224 ν.

236 265 314 298 Quod
336 265 361 291 in
390 263 517 291 Trinitate
539 264 680 298 ingenitum
705 271 785 299 neque
806 265 953 292 substantia
968 270 1017 296 est,

273 307 353 333 neque
371 299 514 332 proprietas
530 307 647 330 personat
664 300 709 326 Dei
724 299 830 330 Patris;
846 309 890 326 nec
917 302 943 327 in
961 301 1019 334 ipsa

272 340 310 359 cst
338 333 411 360 aliud
437 334 593 367 principium
616 334 673 366 fons
691 334 770 360 totius
796 335 951 365 divinitatis.
969 333 1020 361 nisi

273 368 344 395 solus
367 368 445 404 νάιοι·
462 376 471 394 ;
488 376 532 394 nec
556 368 610 394 ulla
625 369 679 395 alia
703 369 842 398 naturalis.
863 375 887 396 et
914 371 1020 404 propria

273 403 427 428 sttbslﬂtilia’
438 408 559 431 potestas.
571 404 624 429 sive
640 404 733 434 uirtus,
744 409 768 430 et
785 404 910 430 divinitas
920 424 927 434 ,
943 409 1020 438 atque

271 438 386 471 energiu,
414 439 465 462 sive
486 437 602 470 operatio
621 446 653 464 ex
676 437 779 470 inﬁnita
797 447 828 465 ac
846 439 935 465 diuina
962 439 1022 466 tub-

272 473 370 498 stantia
393 472 535 505 prodiens,
563 472 613 498 nisi
639 472 709 499 saltu
726 472 829 506 Filias,
853 478 879 500 et
907 473 1021 507 Spiritus

272 512 389 532 sanctus.

272 559 384 594 Magnus
402 560 528 592 Basilius,
545 561 571 587 in
586 562 706 588 secundo
719 561 819 590 Contra
836 561 995 590 Eunomium
1012 570 1022 590 :

236 604 447 638 lnterrogetuus,
464 606 551 640 ittqttit
563 626 570 638 ,
588 607 760 639 Euuontium,
781 614 880 643 quanta
897 617 1023 637 mensura

237 649 386 682 ingenitum
410 660 424 678 ει
447 651 537 684 genito
551 654 697 679 discretum
718 659 771 685 est,
787 655 916 688 numquid
941 662 1023 689 parva

239 697 359 730 quadam
384 701 411 723 et
439 701 523 726 tanta.
544 702 574 723 ιιι
588 698 694 732 possint
709 698 854 732 aliquando
866 699 892 726 in
907 700 1023 734 idipsum

238 741 309 767 inter
324 748 353 767 se
368 741 523 768 cohaerere?
538 749 571 768 an
585 742 636 769 hoc
652 742 773 769 funditus
788 742 844 770 ﬁeri
860 751 912 770 non
926 749 1024 778 potest,

238 791 266 813 et.
296 787 379 814 multo
408 788 510 819 minus,
529 795 608 821 quam
634 789 758 815 eumdem
786 789 979 821 simulvirere,
997 793 1026 817 et

239 837 372 858 mortuttut
397 839 467 863 esse,
483 838 509 858 et
523 832 647 859 eumdem
671 833 750 859 simul
778 833 804 859 in
834 834 928 860 eadem
949 839 1026 868 parte

239 884 334 904 Sanum
351 884 420 906 esse.
439 882 465 904 et
479 883 621 912 atgt‘otare,
637 883 663 905 et
679 878 792 912 vigilare
809 879 902 910 simul,
922 885 950 906 et
962 879 1026 907 dor-

241 923 327 949 mire?
342 922 417 950 Talia
433 924 505 950 enim
524 929 598 954 sunt,
614 931 792 958 quaecumque
818 932 923 951 summa
940 933 1025 960 oppo-

239 969 338 996 sitioue
359 969 408 996 sibi
428 970 496 996 inter
510 977 539 996 se
556 969 677 1004 opposita
691 973 764 1002 sunt,
782 975 809 996 ttt
825 970 939 996 alterum
965 978 1026 997 cum

240 1014 322 1044 adsit.
341 1020 450 1040 necesse
468 1014 502 1040 sit
519 1014 630 1040 alterum
650 1014 756 1046 abesse,
773 1022 832 1047 qua:
848 1019 1028 1046 naturmsunt

239 1061 351 1086 omnino
369 1061 556 1093 repugnantia,
569 1065 596 1086 et
611 1060 814 1087 incohtcrentia.
831 1059 864 1087 Et
883 1061 909 1086 in
932 1065 1028 1095 quarto

241 1105 311 1131 libro
348 1110 441 1131 contra
470 1106 592 1132 eumdem
621 1113 628 1131 :
659 1105 822 1139 lngenitnm,
855 1105 957 1140 inquit.
987 1107 1027 1132 vel

240 1151 392 1178 substantia
425 1156 485 1180 est.
517 1151 559 1177 vel
585 1151 731 1183 accidens;
759 1151 826 1177 nihil
855 1154 927 1177 enim
955 1152 1027 1178 aliud

241 1200 322 1222 restat
341 1199 438 1230 pra‘ter
455 1196 530 1228 haec;
549 1196 592 1229 qtti
611 1196 690 1230 igitur
709 1196 735 1223 in
752 1202 867 1231 utroqtte
882 1197 1027 1223 absttrdum

242 1242 440 1268 demonstravit
456 1242 482 1268 in
501 1242 532 1268 iis
542 1249 601 1276 quae
612 1242 738 1276 deinceps
756 1247 916 1276 sequuntur,
931 1250 1027 1268 rursus

240 1286 268 1313 in
281 1287 401 1314 secundo
418 1287 494 1318 dixit,
510 1294 621 1320 prorsus
636 1287 743 1314 reticeri
759 1287 783 1313 in
801 1286 936 1314 Trinitate
952 1288 1028 1321 inge-

240 1332 326 1359 nitum
341 1327 451 1366 propter
462 1329 624 1359 Arianorum
639 1333 813 1365 imperitiam.
827 1334 892 1359 Cum
906 1333 946 1359 his
958 1340 1025 1359 con-

240 1381 340 1404 sonant
368 1385 427 1410 quae
455 1377 603 1412 Gregorius
627 1377 764 1412 Nyssenus
790 1378 868 1404 dixit.
881 1377 1029 1412 Gregorius

241 1421 405 1457 Tlteologus,
428 1423 499 1449 libro
518 1423 604 1457 primo
630 1423 667 1449 De
694 1422 765 1454 Filio
782 1429 791 1449 :
809 1423 948 1456 Quomodo
967 1424 1029 1450 sub-

241 1469 370 1494 stantiam
398 1467 443 1494 Dei
468 1467 536 1493 dicis
558 1474 611 1493 non
634 1467 794 1500 positionem
812 1465 871 1498 eius
889 1466 959 1500 quod
974 1471 1028 1498 est,

817 141 980 173 IOANNIS
1001 142 1043 173 ΟΥ
1050 142 1093 172 PA
1099 139 1283 174 RISSIUTE

1033 199 1055 227 Α
1069 198 1129 224 dem
1146 198 1216 225 idem
1231 205 1260 224 es
1274 204 1335 224 cum
1359 195 1404 222 illo
1429 195 1577 224 secundum
1602 193 1788 220 substantiam
1820 194 1865 226 (η)
1877 190 1891 217 2

1069 243 1110 269 Αη
1124 243 1212 276 potius
1225 242 1319 276 liquet,
1333 240 1405 275 quod
1421 243 1546 266 manente
1558 239 1722 272 proprietate
1736 238 1869 264 immota
1879 256 1889 266 .

1070 296 1221 321 quaeremus
1254 287 1434 315 substantiam
1463 285 1521 316 Dei,
1537 291 1598 318 quae
1627 283 1734 310 tandem
1761 288 1825 315 est,
1855 282 1883 308 si

1820 129 1890 167 γε

1072 338 1160 360 tamen
1176 340 1338 367 qumretnus.
1357 331 1428 365 qttod
1445 337 1509 356 vero
1523 337 1575 356 non
1595 329 1649 355 sint
1666 329 1736 355 idem
1762 327 1887 361 ingeni-

1071 384 1127 406 tum
1139 383 1165 405 et
1181 378 1260 410 Deus,
1272 379 1310 405 sic
1322 378 1419 404 disces.
1436 377 1463 403 Si
1487 376 1556 403 idem
1569 379 1650 403 esset.
1666 373 1835 408 oportebat,
1854 375 1891 398 ιιι

1076 424 1140 458 quia
1167 425 1236 450 Deus
1255 423 1407 456 aliquorum
1438 421 1507 448 Deus
1531 426 1590 451 est,
1610 420 1764 451 ingenitum
1784 419 1884 446 etiam

1072 470 1224 503 aliquorum
1250 472 1323 495 esset
1351 467 1516 502 ingenitum;
1535 469 1582 492 aut
1609 465 1671 499 quia
1701 464 1812 491 nullius
1839 468 1891 491 est

1074 515 1234 548 ingenitum.
1263 521 1350 548 neque
1381 513 1463 539 Deum
1492 519 1554 539 esse
1579 511 1732 545 aliquorum
1767 509 1890 536 Deum:

1073 567 1133 594 quae
1147 562 1218 586 enim
1233 560 1343 585 omnino
1358 562 1421 585 sunt
1439 558 1544 587 eadem.
1561 557 1656 584 eodem
1679 556 1767 582 etiam
1790 553 1890 581 modo

1074 604 1239 636 eﬂeruntur;
1266 603 1340 638 atqui
1375 610 1428 629 non
1465 607 1508 629 est
1537 601 1689 634 aliquorum
1715 600 1887 635 ingenitum

1076 650 1202 684 (quorum
1225 649 1296 675 euitn
1318 647 1402 681 esti),
1417 646 1488 674 Deus
1515 653 1580 673 vero
1609 646 1769 679 aliquorum
1803 644 1887 670 Deus

1075 701 1115 723 est
1128 714 1135 726 ,
1153 699 1195 721 est
1217 694 1288 721 enim
1307 693 1442 723 ontuium,
1459 691 1595 726 quomodo
1618 691 1699 725 igitur
1718 690 1774 716 erit
1802 689 1885 716 idem

1077 740 1157 772 Deus,
1175 743 1202 766 et
1218 738 1387 772 ingenitum?
1402 737 1435 764 Et
1452 744 1560 769 rursus,
1575 736 1654 768 Quia.
1672 735 1776 769 inquit.
1794 735 1885 769 ἰηςεά

1077 787 1173 818 nilum,
1189 791 1215 811 et
1232 785 1352 819 gettitum
1373 783 1510 811 contraria
1525 786 1588 809 sunt
1602 782 1672 809 inter
1685 789 1726 813 se,
1745 786 1778 808 ut
1795 781 1883 807 babi-

1079 836 1130 863 ius,
1147 837 1174 857 et
1189 830 1363 864 privatioues,
1379 836 1492 856 necesse
1504 832 1545 855 est
1561 833 1590 854 ut
1605 828 1766 854 substantiae
1785 827 1882 853 intro-

1079 877 1212 904 ducantur
1238 875 1308 902 iuter
1333 882 1364 902 se
1389 873 1552 906 contrariae,
1580 873 1654 907 quod
1679 873 1792 907 quidem
1819 879 1880 900 non

1079 921 1238 948 conceditur
1254 928 1261 951 ;
1282 925 1329 946 aut
1349 919 1410 953 quia
1426 926 1531 948 rursus.
1543 919 1648 952 priores
1664 922 1725 945 sunt
1746 917 1878 950 habitus.

1079 974 1159 1001 quant
1185 965 1365 1000 privationes,
1388 970 1413 992 et
1435 964 1543 991 habitus
1559 964 1656 990 tollunt
1682 963 1746 997 ipsa:
1777 963 1879 996 priva-

1083 1012 1180 1042 tiones,
1205 1018 1260 1037 non
1292 1009 1377 1036 solum
1410 1009 1589 1042 antiquiorem
1623 1014 1684 1034 esse
1714 1006 1878 1033 substantia

1080 1058 1168 1084 Pulris
1186 1056 1365 1083 substantiam
1389 1055 1472 1088 Filii,
1488 1054 1534 1082 sed
1563 1055 1648 1082 etiam
1671 1060 1687 1079 a
1716 1052 1877 1080 substantia

1080 1103 1170 1132 Patris
1200 1104 1255 1131 tolli
1283 1111 1393 1132 necesse
1413 1107 1464 1135 est.
1478 1106 1608 1138 quantum
1628 1109 1662 1129 cx
1683 1100 1717 1127 iis
1732 1107 1796 1135 qua:
1812 1107 1828 1126 θ
1849 1105 1877 1126 te

1082 1150 1169 1184 posita
1200 1155 1284 1182 sunt,
1301 1150 1467 1177 coacludere
1492 1150 1564 1176 licet.
1577 1149 1611 1175 Et
1633 1148 1731 1175 iteruttt
1749 1147 1824 1174 idem
1846 1146 1876 1174 in

1081 1196 1204 1223 oratione
1218 1196 1250 1222 de
1269 1196 1463 1222 constitutione
1481 1196 1693 1229 episcoporum:
1711 1193 1777 1219 Sine
1797 1192 1878 1226 prin-

1081 1241 1162 1274 cipio,
1181 1241 1278 1274 inquit,
1303 1246 1361 1267 erat
1379 1241 1478 1272 Pater,
1497 1248 1549 1266 tton
1568 1239 1639 1266 enim
1656 1239 1764 1264 aliunde
1785 1237 1875 1263 habes

1082 1286 1128 1312 bat
1151 1291 1180 1312 ut
1208 1290 1291 1318 esset,
1311 1293 1360 1312 nec
1375 1293 1388 1311 a
1404 1293 1434 1312 se
1450 1285 1518 1320 ipso,
1541 1284 1628 1311 Filius
1640 1291 1703 1310 vero
1719 1283 1871 1318 (siquidem

1083 1329 1190 1357 Patrem
1207 1329 1245 1364 (l)
1262 1334 1289 1356 ut
1315 1337 1425 1357 causam
1445 1330 1556 1363 accipis)
1583 1337 1635 1355 non
1653 1333 1695 1355 est
1712 1328 1771 1354 sine
1792 1328 1872 1361 prin-

1082 1376 1169 1410 cipio;
1187 1375 1348 1410 principium
1364 1375 1463 1409 quippe
1477 1374 1535 1401 Filii
1554 1375 1633 1402 Pater
1657 1378 1699 1401 est
1719 1379 1748 1400 ιιι
1761 1381 1845 1400 causa
1859 1382 1868 1406 ι

1083 1421 1126 1447 sin
1143 1425 1233 1446 autent
1252 1420 1415 1454 principium
1437 1420 1573 1454 intelligas
1597 1427 1630 1447 ex
1648 1423 1788 1452 tempore,
1809 1419 1870 1445 sine

1083 1466 1218 1500 principio
1251 1470 1311 1498 est;
1346 1473 1400 1491 non
1443 1465 1515 1492 enim
1544 1465 1637 1499 incipit
1667 1465 1716 1492 sub
1746 1469 1870 1498 tempore

243 1513 290 1539 sed
312 1512 476 1539 ablutionem
503 1511 560 1546 ejus
578 1512 648 1546 quod
667 1519 718 1537 non
740 1511 801 1538 est?
818 1510 935 1538 Verbum
955 1510 1026 1538 enim
1044 1527 1065 1556 ε
1085 1511 1212 1538 Dominus
1237 1516 1398 1544 temporum.
1422 1511 1454 1538 Et
1482 1511 1569 1538 adlutc
1597 1511 1624 1537 in
1652 1511 1747 1537 eodem
1774 1509 1868 1537 libro:

243 1557 363 1584 declarat
376 1564 427 1583 nou
439 1565 501 1584 esse
511 1557 534 1583 ei
550 1557 750 1589 generationem
763 1564 769 1588 ;
786 1564 837 1582 tton
853 1561 942 1582 autem
957 1557 1030 1589 quod

244 1602 391 1628 secundum
423 1606 546 1627 naturam
572 1607 624 1632 est,
649 1601 827 1632 demonstrat,
845 1609 932 1636 neque
957 1603 1030 1636 quod

243 1651 295 1678 est,
309 1654 360 1672 non
373 1647 474 1673 habens
496 1646 710 1678 generationem.
726 1646 791 1679 Qua)
808 1646 888 1681 igitur
904 1647 1030 1674 substan-

244 1693 280 1718 tia
304 1692 370 1718 Dei?
389 1691 521 1718 Amentire
541 1696 593 1718 tute
610 1696 653 1718 est
678 1691 729 1718 hoc
746 1691 846 1724 dicere,
863 1693 908 1726 qui
923 1693 1029 1720 curiose

243 1737 325 1763 etiam
341 1736 456 1770 inquiris
470 1737 683 1770 generatio-tem,
703 1736 779 1763 nobis
807 1745 872 1764 vt-ro
901 1745 1027 1771 magnum

243 1786 296 1820 est,
321 1782 342 1808 si
374 1781 482 1816 quando
510 1781 618 1808 tandem
646 1787 673 1807 et
695 1783 720 1808 itt
736 1788 874 1816 posterum
896 1784 1029 1810 discamus

245 1826 375 1853 dissoluta
405 1826 519 1860 caligine
534 1830 568 1854 «et
589 1826 786 1860 crassitudine,
811 1829 880 1855 sicut
906 1828 1029 1863 promisit.

245 1873 291 1906 qui
309 1872 417 1899 meittiri
433 1880 484 1898 non
511 1876 610 1906 potest.
631 1872 688 1900 Hoc
708 1872 790 1907 igitur
817 1873 981 1908 intelligatur
1002 1879 1029 1900 et

244 1922 368 1952 speretur
384 1919 418 1944 ab
443 1917 476 1945 iis
492 1918 537 1952 qui
554 1918 586 1943 ad
603 1918 654 1944 hoc
665 1922 745 1945 erunt
764 1919 866 1952 purgati
884 1926 953 1946 :nos
965 1926 1029 1947 vero

246 1965 297 1991 ltoc
317 1971 410 1998 parum
428 1963 517 1990 dicere
532 1964 689 1995 audeamus,
708 1965 779 1997 qttod
794 1963 817 1991 si
835 1971 928 1997 magna
945 1964 1028 1999 gloria

245 2014 288 2037 est
304 2009 376 2037 Patri
389 2017 420 2035 ex
436 2009 509 2036 nullo
526 2009 643 2043 prodire,
661 2016 712 2036 non
728 2009 816 2036 tninor
828 2015 870 2036 est
883 2009 950 2037 Filio
965 2018 1028 2044 pro-

246 2054 329 2082 ticisci
345 2062 377 2080 ex
397 2054 442 2081 tali
459 2053 558 2086 Patre;
572 2053 685 2088 gloriam
699 2053 770 2081 enim
784 2054 843 2088 ejus
854 2054 898 2088 qui
917 2061 1027 2082 causam

245 2107 300 2126 non
326 2099 419 2129 habet.
445 2098 660 2133 participaverit.
685 2098 747 2132 quia
774 2105 807 2125 cx
833 2105 887 2125 non
914 2098 1028 2125 habente

245 2152 356 2172 causam
381 2144 453 2171 inest
474 2144 498 2171 ei
525 2144 581 2178 ipsa
605 2150 649 2170 res
663 2143 811 2170 nativitatis
827 2147 912 2176 tanta,
928 2147 956 2170 et
973 2149 1027 2171 tam

1084 1556 1250 1584 Observetur
1274 1562 1382 1588 autem,
1403 1562 1432 1583 ut
1461 1565 1519 1583 mea
1548 1557 1680 1584 sententia
1706 1561 1766 1588 est,
1799 1563 1868 1583 unus

1087 1601 1167 1633 Deus.
1192 1602 1225 1628 ad
1249 1608 1330 1628 unam
1362 1609 1470 1628 causam
1497 1601 1566 1628 Filio
1591 1607 1618 1628 et
1641 1601 1744 1636 Spiritu
1771 1606 1867 1628 sancto

1084 1647 1185 1678 relatis,
1201 1654 1253 1673 non
1269 1647 1438 1680 compositis,
1455 1647 1496 1673 vel
1521 1647 1712 1682 agglutinatis,
1725 1651 1752 1673 et
1766 1654 1865 1673 secun-

1083 1690 1144 1716 duttt
1166 1698 1247 1717 ttnttm
1265 1696 1293 1717 et.
1307 1691 1449 1724 eumdem,
1468 1695 1496 1718 ut
1521 1692 1557 1718 ita
1584 1691 1682 1722 dicam,
1709 1696 1808 1718 motum
1838 1696 1864 1718 et

1083 1736 1262 1768 voluntatem,
1283 1741 1311 1764 et
1327 1744 1408 1763 unam
1434 1742 1460 1764 ct
1485 1737 1609 1764 eamdem
1630 1738 1817 1764 substantiam.
1833 1739 1863 1764 Et

1083 1788 1176 1808 rursus
1192 1782 1217 1808 itt
1234 1782 1325 1808 eodem
1342 1791 1348 1808 :
1365 1782 1524 1813 Pravorutn,
1544 1782 1640 1815 inquit,
1654 1787 1682 1809 et
1694 1782 1860 1817 indignorum

1082 1833 1159 1855 esset
1174 1829 1334 1863 principium
1354 1829 1444 1859 Pater.
1461 1829 1482 1856 si
1498 1836 1550 1855 non
1561 1833 1634 1856 esset
1651 1837 1730 1856 causa
1750 1834 1776 1856 ut
1793 1830 1860 1857 divis

1082 1873 1152 1899 nitas
1165 1877 1236 1900 esset
1261 1873 1288 1900 in
1304 1873 1372 1900 Filio
1387 1878 1414 1900 et
1430 1873 1532 1908 Spiritu
1553 1879 1657 1900 sancto.
1679 1873 1789 1908 Magnus
1802 1874 1861 1901 Dio-

1082 1918 1186 1953 nysius,
1204 1918 1229 1944 in
1249 1918 1367 1945 secundo
1384 1918 1419 1945 De
1436 1919 1530 1946 divinis
1557 1919 1723 1946 nominibus:
1742 1918 1788 1946 Est
1813 1927 1859 1946 au-

1083 1968 1148 1995 tem,
1174 1965 1271 1997 inquit,
1297 1964 1438 1992 distinctio
1452 1965 1478 1991 in
1501 1964 1611 1997 divinis,
1626 1971 1686 1997 qua:
1700 1969 1763 1991 sunt
1782 1972 1857 1999 supra

1082 2010 1272 2041 substantiam,
1295 2017 1347 2036 non
1372 2009 1416 2036 illa
1438 2009 1523 2036 solum
1544 2016 1625 2043 quam
1649 2009 1714 2039 diti.
1733 2010 1801 2043 qttod
1815 2017 1855 2037 sc-

1081 2055 1198 2082 cundum
1221 2055 1304 2088 ipsam
1317 2055 1516 2089 copulationetn
1537 2061 1713 2088 personarum
1728 2054 1755 2081 in
1767 2063 1854 2085 unum.

1080 2100 1140 2127 sine
1156 2100 1280 2127 inistioue
1293 2105 1321 2127 et
1335 2099 1493 2127 confusione
1506 2107 1672 2134 unaquaque
1689 2107 1722 2127 ex
1738 2100 1854 2134 personis

1086 2153 1145 2180 quat
1173 2150 1236 2173 sttnt
1263 2146 1412 2180 ὲναρχικαὶ,
1437 2145 1462 2171 id
1482 2150 1532 2178 est,
1549 2153 1629 2172 unum
1652 2149 1678 2172 et
1703 2146 1855 2180 principiutn

245 2190 398 2218 veneranda
422 2190 455 2217 iis
474 2189 519 2224 qui
544 2197 596 2216 non
617 2190 848 2216 Itabent'mentem
867 2196 1027 2223 magnopere
1041 2191 1210 2225 Domttium,
1230 2191 1360 2218 collocata
1384 2194 1426 2217 est
1451 2190 1479 2216 itt
1498 2191 1561 2223 alia,
1581 2190 1628 2217 sed
1651 2190 1722 2223 quod
1747 2190 1788 2216 illa
1803 2198 1856 2223 qua

246 2236 322 2263 humi
332 2240 478 2270 rcpentem,
492 2240 520 2261 et
535 2235 649 2262 terrenis
659 2236 738 2262 rebus
749 2234 916 2261 immersam.
926 2234 978 2261 Sed
995 2235 1029 2266 si,

247 2281 346 2315 inquit.
360 2281 429 2308 idem
447 2279 599 2307 substantia
616 2285 657 2306 est
674 2279 757 2306 Filius
774 2287 833 2306 cum
849 2279 939 2311 l’atre,
958 2280 1033 2314 inge-

247 2327 320 2353 nitus
348 2332 413 2351 vero
438 2329 478 2351 est
507 2323 597 2355 Pater,
614 2323 667 2350 erit
696 2323 778 2357 igitur
808 2322 858 2349 ltoc
884 2327 911 2349 et
936 2322 1030 2349 Filius.

247 2371 339 2401 Recte,
355 2371 376 2396 si
396 2370 542 2403 ingenitum
556 2374 627 2396 esset
642 2368 792 2394 sultStantia
811 2367 856 2394 Dei
868 2377 875 2399 ;
887 2368 927 2394 siit
941 2374 1032 2395 autem

246 2415 398 2442 tlill‘errntia
423 2419 465 2440 est
484 2414 556 2440 circa
584 2413 780 2444 substantiattt,
799 2412 862 2447 quid
891 2414 942 2439 hoc
964 2412 1033 2440 dicis

247 2466 372 2494 tauquam
401 2459 501 2493 aliquid
518 2458 626 2485 valeat?
643 2459 682 2484 An
701 2463 726 2484 tu
741 2459 822 2484 etiam
839 2465 867 2484 es
879 2458 956 2484 Pater
978 2457 1030 2484 l‘a-

247 2507 306 2539 tris,
322 2513 355 2532 ne
372 2505 436 2539 quid
450 2505 521 2531 desit
542 2503 612 2538 quod
631 2503 712 2530 Pater
729 2503 838 2535 habent,
856 2503 1027 2538 quandoqui-

1080 2240 1143 2264 sunt
1157 2235 1330 2263 fecunditatis
1348 2235 1406 2267 Dei,
1418 2243 1469 2263 non
1486 2239 1640 2263 commeant
1651 2240 1722 2262 retro
1734 2236 1854 2268 vicissim,

1080 2281 1152 2308 solus
1168 2286 1257 2307 autem
1273 2280 1335 2308 l‘ons
1353 2281 1502 2308 divinitatis
1519 2280 1599 2308 Pater
1619 2285 1671 2313 est,
1687 2280 1723 2307 ita
1741 2285 1768 2307 ιιι
1783 2280 1855 2307 Pater

1081 2333 1133 2352 ttott
1157 2326 1193 2352 sit
1218 2324 1311 2357 Filius,
1327 2332 1414 2359 neque
1438 2324 1522 2352 Filius
1537 2324 1629 2358 Pater,
1641 2325 1756 2352 servatis
1776 2325 1816 2360 pie
1830 2325 1853 2352 in

1082 2370 1190 2405 hymnis
1203 2375 1228 2398 et
1245 2371 1369 2397 laudibus
1389 2370 1489 2397 divinis
1504 2370 1536 2397 iis
1555 2377 1614 2403 qua:
1627 2371 1726 2403 cuique
1745 2377 1853 2404 persona:

1081 2415 1180 2443 divittte
1208 2416 1316 2450 proprie
1340 2417 1516 2443 conveniunt.
1548 2415 1658 2448 Magnus
1684 2416 1850 2447 Athanasius,

1085 2460 1156 2487 libro
1182 2461 1270 2495 primo
1299 2465 1393 2487 contra
1418 2460 1529 2486 Arium):
1550 2467 1560 2486 :
1582 2459 1610 2486 Si
1634 2466 1687 2486 non
1711 2463 1752 2486 est
1770 2459 1851 2491 Filius,

1082 2505 1182 2541 inquit,
1197 2505 1332 2541 quomodo
1345 2507 1426 2541 igitur
1448 2506 1531 2533 Deum
1547 2505 1637 2533 dicitis
1651 2505 1813 2532 creatorem?
1826 2505 1850 2532 Si

974 2572 1112 2604 Scholia.

281 2638 350 2672 (l)Si
364 2637 469 2671 quidem
486 2637 592 2664 Patrem
608 2642 636 2663 ut
653 2643 760 2672 causam
779 2634 957 2672 accipis(Filii
968 2635 1024 2672 sci-

245 2670 330 2708 licet},
347 2670 397 2699 non
409 2673 517 2708 estsine
529 2670 767 2706 principioui‘tltus
783 2671 908 2708 scilicet),
923 2671 1023 2704 princi-

247 2705 433 2743 patu-quippe
525 2707 603 2733 Pater
618 2705 661 2733 est
677 2711 705 2743 ut
723 2712 814 2732 causa,
835 2705 1019 2743 Notatutttest

246 2739 325 2779 paulo
332 2739 413 2776 supra
424 2752 438 2767 ιι
452 2741 480 2769 S.
494 2741 605 2773 Tltnttta,
620 2742 727 2767 nomine
742 2747 829 2766 causa:
841 2739 925 2766 solam
937 2740 1018 2774 origi-

279 2826 316 2856 («.-‘_i
333 2823 518 2850 Substanliatn
537 2822 613 2855 dicit,
630 2822 655 2849 id
673 2825 715 2849 est
732 2826 866 2848 naturam.

1079 2645 1138 2664 nem
1154 2646 1328 2672 personarum
1340 2643 1450 2666 sanctos
1465 2639 1560 2665 Patres
1570 2637 1722 2671 signiﬁcare
1733 2635 1847 2669 voluisse;

1071 2672 1232 2708 llﬂtlueit‘lltll
1247 2675 1283 2701 ait
1293 2674 1439 2708 Gregorius
1448 2673 1560 2706 Naziau,
1573 2681 1578 2698 :
1593 2673 1753 2706 Priuerpium
1761 2672 1845 2708 quippe

1073 2705 1133 2742 filii
1161 2707 1242 2735 Pater
1264 2714 1305 2735 est
1333 2705 1362 2736 ιιῖ
1380 2716 1479 2740 causa,
1499 2707 1610 2742 perinde
1632 2712 1673 2734 est
1691 2711 1721 2734 ut
1743 2706 1845 2734 dicetct:

1073 2739 1238 2777 Principiqu
1251 2742 1311 2771 Filii
1329 2749 1371 2771 est
1391 2744 1470 2771 Pater
1481 2739 1509 2770 ui
1522 2743 1608 2778 origo.
