1954 3071
183 111 238 142 939

760 107 825 140 JOA
831 108 882 140 NN
890 111 896 139 Ι
904 110 923 139 S
943 108 1227 140 CYPARISSKO'I‘IE

1750 102 1805 134 97m

185 165 242 197 Sic.
256 167 353 199 inquit,
374 172 400 193 et
414 166 530 201 Spiritus
547 171 657 194 sanctus
669 167 714 201 qui
731 175 744 193 a
760 167 827 194 Filio
844 168 923 194 datur
936 172 963 194 et
978 171 1001 198 Α
1015 168 1118 201 omnia;
1132 167 1223 195 omnia
1239 165 1311 194 enim
1328 164 1426 194 Verbo.
1445 169 1473 192 et
1486 162 1624 198 Sapientia
1637 161 1706 189 facta
1723 161 1804 188 sunt;

186 212 314 243 mittitur,
330 215 357 238 et
376 215 417 238 est
434 211 491 245 ipse
512 219 606 243 unum,
624 215 651 238 et
674 219 725 238 non
750 212 842 243 tttulta,
864 220 912 239 nec
933 221 964 239 ett

186 258 277 284 mttttis
292 265 384 288 uttunt,
409 258 454 284 sed
471 258 528 291 ipse
551 258 638 283 solum
663 257 791 290 Spiritus.
812 257 879 284 Cum
893 259 964 284 enim

186 309 255 327 nttus
267 302 301 327 sit
314 300 408 333 Filius,
425 301 470 335 qtti
484 306 526 328 est
539 300 655 328 Verbum
669 303 774 336 vivens,
787 307 895 336 oportet
906 309 966 329 esse

185 353 266 372 unam
283 346 363 372 vitam
385 346 544 380 perfectam,
562 351 590 373 et
612 347 778 380 implentent,
795 348 968 374 sanctiﬁcan-

185 398 249 423 tetn,
274 397 298 418 et
318 391 527 424 illuminantem,
551 399 610 426 qua:
635 396 677 420 est
696 393 805 428 energia
833 394 918 427 ipsius
939 399 966 421 et

184 438 297 469 tlunum,
311 437 382 470 quod
405 437 512 470 quidem
534 445 566 463 ex
591 436 670 464 Patre
685 437 785 464 dicitur
808 439 965 472 procedere.

180 481 216 508 'Et
232 482 318 509 adhuc
336 491 342 508 :
364 482 503 515 Quomodo
519 490 572 509 non
588 482 657 508 ultra
672 490 779 509 omnem
799 483 965 518 impietatem

183 527 293 561 quidam
321 528 481 562 procedunt,
513 528 556 560 qtti
585 528 716 562 Spiritum
745 534 869 556 sanctum
897 530 967 556 inter

183 577 326 599 creaturas
355 577 458 607 ponunt
481 581 489 599 :
511 578 537 600 et
563 576 615 600 n‘on
637 573 726 608 potius
751 575 917 602 conﬁtentur
934 583 965 602 ex

182 619 271 645 divina
296 625 392 645 natura
418 620 550 646 exsistere
572 620 644 653 quod
672 628 705 647 ex
734 620 790 654 ipsa
818 621 965 648 secundum

183 666 364 692 substantiam
382 665 513 699 procedit,
537 670 565 692 et
585 669 714 699 tattquattt
741 666 824 693 Detnn
843 666 868 693 in
888 667 967 694 ttobis

184 711 326 738 habitare?
337 710 485 744 Gregorius
500 710 638 746 Nyssenus
651 711 676 738 in
691 710 854 738 Catechetico
867 719 876 738 :
892 712 966 744 Esse,

185 757 283 790 inquit,
300 756 416 783 Verbum
435 757 492 787 Dei,
514 761 542 783 et
563 756 609 783 Dei
625 756 767 792 Spiritum,
779 757 905 789 virtutes,
923 765 967 785 sc—

183 802 300 829 cnudnm
318 803 496 829 substatttiatn
520 810 569 836 per
587 810 616 829 sc
635 803 800 830 exsistentes
816 802 967 831 eiTectrices

183 857 348 887 eorutnqutc
366 849 437 875 facta
453 852 527 881 sunt“,
540 853 567 875 et
581 849 750 876 continentes
766 856 797 875 ea
813 857 872 883 qua?
889 853 962 880 sunt.
980 844 1000 871 Β

183 903 214 921 ex
245 895 341 921 d'rinis
370 894 519 928 Scriptor-is
539 894 753 922 demonstratur.
786 894 868 921 Verbo
892 896 964 922 ettint

186 943 289 968 homini
305 941 363 968 ctrli
382 941 482 975 ﬁrnmti
503 945 572 972 sunt,
596 948 619 967 ct
637 940 741 976 Spiritu
757 942 809 968 oris
834 942 891 975 ejus
911 949 966 968 ont-

184 989 223 1014 nis
240 989 321 1014 virtus
335 995 424 1014 eorum
437 988 470 1013 ".
489 986 528 1012 Ex
552 986 594 1012 his
609 992 692 1020 patet,
707 987 822 1021 primum
843 987 964 1021 quidem,

184 1036 334 1068 )ttgt‘llilttllt
352 1034 378 1060 itt
394 1032 537 1063 Trittitate,
554 1040 614 1067 quae
626 1040 706 1067 supra
719 1033 896 1060 substantiam
912 1039 963 1066 est,

185 1087 271 1113 neque
287 1079 467 1106 substantiam
485 1086 557 1110 esse,
572 1086 658 1113 neque
672 1079 864 1113 proprietatem
880 1080 965 1114 hypo-

185 1125 309 1151 staticam
328 1123 373 1149 Dci
390 1122 496 1155 Patris;
513 1123 680 1157 Itypostatica
696 1122 769 1149 enim
788 1122 965 1157 hypostasim,

185 1171 242 1197 sive
257 1176 399 1204 persmtam
420 1169 557 1200 exhibent,
577 1175 718 1202 personam
733 1172 822 1195 autem
834 1168 967 1195 deiiniunt

185 1223 327 1242 t-ommune
349 1223 409 1242 ctttn
430 1215 548 1249 quadattt
561 1214 728 1249 proprietate
743 1222 751 1241 :
769 1214 824 1245 vel,
840 1217 968 1241 substan-

186 1263 250 1288 tiaut
273 1269 333 1288 cum
358 1261 506 1288 accidente.
535 1259 563 1288 Si
588 1265 680 1288 autern
709 1260 859 1293 ingenitum
878 1266 967 1294 neque

185 1308 335 1334 substantia
358 1311 411 1338 est,
432 1314 482 1333 ttcc
497 1305 631 1336 accidens.
647 1305 747 1333 nullam
765 1313 907 1340 personam
921 1313 968 1333 ex-

185 1353 257 1379 hibet
271 1372 278 1384 ,
306 1352 363 1379 sive
381 1352 510 1384 ostendit,
534 1356 561 1379 et
580 1351 680 1379 idcirco
706 1359 793 1386 neque
815 1352 967 1387 proprietas

186 1400 355 1434 bypostatica
370 1403 410 1426 est
426 1405 432 1424 :
449 1398 524 1425 notio
540 1402 630 1424 tamen
645 1402 686 1425 est
698 1397 786 1425 Patris
800 1405 852 1424 non
865 1397 967 1425 baben-

188 1444 222 1470 tis
238 1451 357 1476 causata,
375 1443 446 1478 quod
464 1443 521 1477 ipse
535 1443 609 1470 solus
624 1447 666 1470 est
683 1441 763 1470 Pater
782 1450 892 1470 causam
913 1450 967 1469 non

187 1492 298 1515 habens.
316 1488 470 1516 Secundum
486 1494 529 1516 est
545 1493 671 1522 tanquam
693 1496 726 1516 ex
746 1489 797 1516 hoc
812 1488 966 1522 probatum,

187 1535 290 1561 scilicet
305 1542 358 1561 non
378 1541 438 1562 esse
457 1535 484 1561 in
501 1535 557 1569 ipsa
575 1534 709 1562 'l'rinitate
723 1534 804 1562 aliutn
821 1535 966 1569 quemdam

187 1579 288 1607 {mrtem
307 1579 467 1611 divinitatis,
480 1580 530 1607 nisi
545 1579 635 1614 ipsum
653 1579 751 1612 solum,
765 1580 811 1614 qni
831 1585 872 1608 est
888 1579 969 1607 Pater

189 1627 272 1652 totius
291 1626 453 1658 divinitatis,
476 1633 586 1653 causam
611 1633 663 1653 non
682 1626 807 1659 habens;
824 1633 874 1653 nec
887 1628 968 1652 aliam

188 1672 334 1707 quamdam
350 1672 500 1699 naturalem
514 1676 542 1699 et
558 1671 766 1699 substantialem
780 1672 917 1706 cnergiaut
935 1679 968 1699 ex

188 1719 279 1745 divina
295 1718 447 1745 substantia
475 1718 697 1752 ipcomprebensa
717 1718 902 1752 prodeuntem,
917 1718 967 1745 nisi

191 1765 286 1791 Filium
310 1771 391 1798 supra
417 1763 607 1796 substantiam,
628 1768 656 1791 et
683 1763 814 1798 Spiritttm
843 1768 967 1791 sant-tutu

190 1810 328 1838 naturales
345 1815 372 1838 et
394 1810 585 1837 substantiales
600 1810 734 1845 ettergias,
754 1809 811 1836 sive
829 1814 906 1837 actus
922 1808 968 1836 Dei

188 1864 298 1884 causam
315 1864 367 1883 non
381 1856 515 1888 habentis,
529 1860 656 1890 tanquam
671 1855 814 1890 qualitates
825 1859 851 1882 et
865 1855 969 1882 fructus

188 1902 347 1928 substantiae
363 1901 457 1936 ipsius.
471 1901 560 1935 Atque
577 1901 610 1927 ad
628 1901 699 1927 ltunc
709 1900 817 1927 modum
828 1907 891 1927 vere
904 1907 970 1927 con-

189 1947 282 1973 stituta
299 1951 326 1973 et
341 1945 478 1973 declarata
503 1945 582 1972 nobis
597 1950 638 1972 cst
653 1945 755 1978 divina,
780 1950 807 1972 et
824 1951 903 1979 supra
921 1952 970 1971 na-

191 1997 277 2018 turattt
292 1991 433 2018 beatitudo
451 1991 532 2018 triutn
557 1997 734 2024 personarum
760 1990 832 2017 nttlla
852 1998 881 2017 re
898 1989 970 2017 iudi-

188 2046 266 2071 gens,
287 2041 314 2065 et
329 2044 376 2072 per
389 2044 418 2065 se
437 2036 604 2072 plenissitua.

484 2092 599 2121 CAPUT
624 2090 670 2119 Vi.

187 2139 265 2173 Quod
280 2140 306 2166 in
327 2139 467 2171 Trinitate,
486 2147 537 2166 non
561 2144 599 2165 ut
613 2139 667 2165 alia
683 2139 810 2172 operatio,
826 2144 849 2165 et
863 2147 967 2169 manus.

1018 219 1045 240 et
1059 208 1229 240 ordinatione
1243 212 1419 246 ejusmanent
1431 211 1570 236 universa.
1586 207 1618 234 Et
1632 207 1658 233 in
1672 207 1755 240 epist.
1773 207 1806 232 ad

1018 259 1208 294 Serapionem:
1226 258 1335 289 Paulus,
1349 256 1445 290 inquit,
1461 255 1556 282 scribit
1568 255 1644 281 Tito:
1666 253 1720 280 Per
1734 261 1808 287 regr-

1017 305 1177 331 nerationem
1195 308 1218 330 et
1243 303 1434 329 renovatione":
1463 300 1580 334 Spiritu:
1595 300 1693 331 sancti,
1729 307 1807 333 quem

1018 349 1109 382 effudit
1128 348 1153 374 in
1174 356 1221 374 ιιοε
1250 347 1352 373 abunde
1378 354 1423 380 per
1460 344 1552 371 letum
1577 344 1710 371 Christum
1729 343 1764 370 ".
1779 343 1807 370 Si

1018 401 1107 421 autent
1138 394 1215 420 Pater
1232 400 1280 427 per
1295 391 1413 419 Verbum
1428 391 1454 418 in
1477 390 1577 424 Spiritu
1604 395 1700 417 sant-to
1730 394 1810 416 creat

1017 439 1106 464 omnia
1130 442 1156 464 et.
1182 426 1309 469 renovat;
1338 443 1398 470 quat
1427 436 1585 467 similitudo,
1611 439 1658 461 aut
1688 433 1810 460 afﬁnitas
1833 426 1837 431 ’

1017 484 1118 511 creanti
1137 491 1196 510 cttm
1211 482 1365 510 creaturis?
1380 481 1557 516 Consequens
1569 481 1639 508 enim
1655 485 1697 507 est
1713 485 1744 506 ut
1759 480 1811 506 hu-

1015 529 1133 564 justttodi
1159 529 1324 563 blasphemia
1341 529 1366 555 itt
1381 528 1477 555 Filium
1495 527 1578 554 etiam
1603 532 1704 558 manet,
1720 531 1752 553 ιιι
1762 525 1810 559 qni

1018 576 1111 601 dicunt
1127 574 1257 608 Spiritum
1274 579 1395 601 sanctum
1408 581 1470 601 esse
1481 579 1647 604 creaturam,
1662 573 1756 600 dit-ant
1772 572 1813 598 si-

1019 623 1128 652 tniliter,
1145 620 1273 653 Verbum,
1288 628 1336 655 per
1349 621 1420 654 quod
1436 621 1527 646 omnia
1537 624 1678 651 creantur,
1693 624 1810 645 creatu-

1019 675 1075 694 ram
1094 675 1164 694 esse.
1179 667 1212 694 Et
1230 674 1323 694 rursus
1348 667 1418 693 idem
1441 666 1467 692 in
1493 666 1680 700 disputatione
1707 669 1810 692 contra

1019 713 1130 740 Arium:
1151 712 1210 740 Fac’
1221 713 1283 739 velis
1299 712 1456 746 recolligere
1468 711 1695 745 conquisitionem
1712 711 1746 738 de
1762 709 1811 736 Fi-

1019 759 1065 790 lio,
1080 766 1138 791 (tua:
1154 765 1202 785 nos
1217 758 1345 785 comitata
1357 763 1408 791 est,
1425 763 1452 785 et
1468 757 1587 791 reperies
1600 763 1729 783 attentam
1744 755 1810 790 Spi-

1021 804 1087 831 ritus
1099 804 1185 830 sancti
1200 804 1327 830 virtutem
1342 803 1462 836 ejusdem
1472 802 1630 829 sttbstantim
1644 809 1706 828 cum
1723 801 1812 828 Patre

1016 850 1113 876 dictam
1127 857 1187 876 esse
1202 857 1234 876 ex
1252 849 1337 882 digito
1348 849 1418 883 ejus.
1435 848 1507 875 Sane
1519 847 1627 882 quidem
1637 854 1698 874 cum
1715 847 1811 873 virtu-

1016 900 1068 923 tem
1082 896 1197 930 Spirittts
1207 896 1291 922 sancti
1310 895 1542 930 inexpugnabilem
1554 894 1623 929 magi
1639 894 1664 920 itt
1687 893 1811 928 Epypto

1015 941 1186 976 contemplati
1199 941 1360 972 clamabant,
1370 942 1488 968 aientes:
1501 940 1603 975 Digitus
1615 939 1664 966 Dei
1676 940 1811 971 esthoc";

1016 987 1083 1014 nihil
1107 987 1179 1014 aliud
1204 982 1402 1014 conﬁtebantur
1445 985 1576 1013 vocabulo
1605 985 1692 1020 digiti,
1724 992 1810 1018 quant

1016 1033 1154 1065 virtutctn,
1170 1033 1226 1059 sive
1238 1036 1396 1066 potestatem
1405 1031 1522 1066 Spiritus
1535 1031 1621 1058 sancti
1640 1031 1810 1060 homousion.

1016 1078 1042 1106 id
1072 1083 1111 1105 est
1141 1078 1261 1112 eiusdem
1285 1078 1452 1109 substantite,
1480 1084 1561 1111 quam
1579 1077 1734 1103 habetcum
1752 1075 1811 1102 Deo

1016 1124 1114 1157 Patre;
1140 1124 1183 1151 cui
1207 1124 1339 1151 vocabulo
1368 1124 1445 1159 digiti
1459 1131 1511 1150 non
1528 1127 1615 1158 potest
1641 1123 1810 1155 contradici,

1016 1178 1104 1204 neque
1117 1170 1271 1205 repugnari.
1294 1170 1325 1197 Et
1337 1174 1448 1196 sant-tus
1464 1169 1591 1204 Cyrillus,
1611 1169 1658 1196 lib.
1674 1176 1706 1195 xv
1737 1168 1809 1195 The-

1017 1223 1176 1242 saurarum:
1194 1215 1221 1241 Si
1238 1215 1338 1247 omnia,
1365 1215 1462 1249 inquit,
1484 1215 1510 1240 in
1527 1214 1670 1248 sapientia,
1684 1218 1711 1239 et
1725 1221 1808 1239 manu

1017 1260 1063 1286 Dei
1076 1260 1232 1291 facta-sunt,
1245 1260 1394 1294 Scriptura:
1407 1267 1469 1287 vero
1483 1259 1580 1286 divina:
1592 1259 1627 1294 de
1649 1258 1703 1285 Deo
1717 1257 1809 1285 Verbo

1017 1305 1155 1332 clamant:
1175 1304 1270 1332 Omnia
1287 1313 1333 1338 per
1351 1305 1436 1339 ipsum
1452 1304 1522 1338 facta
1533 1308 1604 1336 sunt,
1624 1309 1649 1330 et
1675 1304 1732 1330 sine
1750 1304 1809 1337 ipso

1018 1350 1117 1385 fat-lum
1133 1356 1170 1377 est
1194 1350 1260 1377 nihil
1277 1351 1310 1384 ⁸⁵,
1340 1358 1392 1377 non
1408 1355 1494 1385 potest
1509 1358 1569 1376 esse
1582 1358 1650 1385 optts
1667 1351 1810 1385 sapientia:

1018 1396 1064 1423 Dei
1080 1395 1181 1428 Filius;
1195 1396 1241 1423 sed
1258 1397 1346 1430 potius
1360 1396 1417 1430 ipse
1435 1401 1477 1422 est
1489 1397 1633 1430 sapientia,
1656 1402 1684 1422 et
1694 1404 1805 1428 manus,

1019 1450 1070 1477 qua
1083 1447 1180 1483 cuncta
1198 1441 1267 1469 Deus
1292 1448 1430 1476 operatur.
1452 1443 1484 1469 lit
1499 1442 1666 1469 adltucidetn
1688 1442 1734 1468 lib.
1748 1450 1806 1473 xw,

1019 1489 1173 1515 corumtlem
1191 1488 1380 1515 Thesaurorum
1394 1495 1404 1515 :
1421 1487 1498 1521 Quia,
1523 1488 1620 1523 inquit,
1636 1488 1750 1522 simplex
1764 1493 1809 1515 est

1019 1535 1101 1566 Detts,
1124 1534 1190 1561 nihil
1204 1533 1276 1560 aliud
1298 1539 1398 1568 prteter
1414 1535 1503 1568 ipsum
1524 1539 1564 1562 est
1579 1534 1719 1566 fortitudo,
1744 1542 1807 1568 qua:

1019 1581 1045 1607 itt
1058 1581 1116 1614 ipso
1126 1585 1187 1613 est;
1209 1582 1256 1607 sed
1273 1581 1362 1614 potius
1389 1579 1448 1614 ipse
1464 1580 1568 1608 scilicet
1585 1585 1628 1608 est
1641 1580 1736 1612 Filius,
1758 1580 1806 1614 qui

1021 1634 1100 1653 unam
1116 1634 1176 1653 cum
1195 1626 1276 1662 Patre
1291 1627 1484 1658 substantiam,
1498 1631 1525 1653 et
1536 1627 1659 1653 eamdem
1679 1631 1805 1652 naturam

1020 1671 1119 1704 habet;
1137 1676 1166 1698 ttt
1181 1671 1226 1706 qui
1240 1671 1276 1698 sit
1286 1679 1367 1699 unum
1376 1679 1435 1698 cum
1446 1672 1534 1706 coqui
1551 1671 1653 1706 genuit,
1665 1671 1687 1698 si
1701 1676 1726 1698 et
1737 1671 1807 1697 lteus

1020 1724 1052 1744 ex
1076 1717 1141 1750 Deo,
1161 1723 1189 1744 et
1205 1717 1294 1744 ltttnett
1317 1725 1350 1744 ex
1369 1717 1469 1744 lumine
1498 1717 1644 1752 splenduit,
1672 1717 1766 1748 Filius,
1779 1722 1807 1743 et

1024 1771 1076 1789 tton
1098 1763 1178 1790 Pater
1194 1763 1358 1790 intellectus.
1377 1763 1461 1797 igitur
1478 1764 1566 1790 omnis
1585 1763 1694 1797 euergia
1708 1768 1735 1790 et
1751 1763 1806 1789 vir-

1021 1813 1064 1837 tus
1091 1808 1190 1841 Patris,
1212 1817 1258 1844 per
1273 1817 1354 1843 quam
1382 1810 1472 1836 omnia
1504 1815 1642 1843 operatur,
1669 1810 1806 1843 quomodo

1019 1860 1090 1882 esset
1117 1860 1217 1882 llallll'il:
1231 1855 1346 1882 creatte?
1362 1854 1445 1886 idem,
1464 1855 1488 1881 itt
1515 1855 1648 1888 capitibus
1658 1854 1690 1881 de
1704 1853 1807 1888 Spiritu

1020 1906 1111 1928 sancto
1126 1921 1133 1934 ,
1155 1901 1193 1928 ait
1212 1904 1236 1928 in
1255 1902 1371 1935 quodatn
1383 1902 1440 1928 loco
1455 1902 1580 1929 Christus
1592 1902 1733 1936 disputans
1743 1909 1806 1928 cum

1020 1948 1136 1975 ludatis:
1153 1947 1181 1974 Si
1198 1953 1288 1974 autem
1303 1948 1386 1983 digito
1406 1947 1454 1974 Dei
1468 1948 1547 1982 ejicio
1560 1947 1700 1978 dwmottia,
1724 1947 1809 1981 igitur

1020 1994 1134 2026 pervenit
1148 1994 1175 2020 in
1191 2001 1235 2020 vos
1254 2001 1358 2029 regnum
1376 1993 1423 2020 Dei
1438 1993 1473 2023 ".
1493 1993 1543 2021 Itoc
1558 1994 1618 2020 loco
1633 1993 1745 2028 digitum
1760 1993 1809 2019 de-

1025 2043 1158 2066 monstrat
1173 2046 1232 2066 esse
1245 2039 1377 2074 Spiritum
1395 2043 1529 2071 sanctum,
1540 2040 1584 2073 qui
1600 2039 1678 2066 tttodo
1688 2039 1807 2074 quodam

1021 2094 1052 2113 ex
1071 2087 1160 2113 divina
1174 2113 1176 2117 ,
1190 2087 1342 2114 substantia
1369 2087 1532 2114 naturaliter
1552 2087 1699 2120 productus
1713 2089 1767 2116 est,
1779 2089 1808 2112 et

1023 2132 1183 2160 naturaliter
1194 2141 1225 2160 ex
1241 2140 1271 2159 ea
1288 2133 1395 2167 pendet,
1412 2133 1481 2160 situt
1496 2132 1597 2167 digitus
1616 2140 1648 2160 ex
1665 2139 1743 2158 tnauu
1756 2131 1808 2157 lto-

223 2183 268 2213 ner
289 2183 372 2213 quam
399 2175 488 2201 omnia
513 2173 585 2200 Deus
601 2179 735 2213 oneratur,
752 2174 802 2213 nisi
825 2173 921 2213 Filius,
944 2180 968 2201 et
986 2177 1006 2204 ο
1022 2179 1120 2211 tninis;
1147 2178 1243 2205 Filium
1270 2179 1342 2205 enim
1362 2179 1500 2213 appelluttl
1531 2179 1629 2205 divinae
1659 2177 1808 2211 Scriptura:

222 2210 337 2244 Spiritus
364 2215 490 2241 sanctus;
520 2217 566 2236 nec
580 2209 779 2244 aliqaapientiq
794 2215 816 2234 et
833 2210 925 2240 virtus,
943 2214 967 2236 et

223 2242 322 2279 gloria,
335 2250 358 2271 et
375 2245 461 2278 imago
475 2244 533 2276 Dei,
552 2244 603 2270 nisi
619 2242 707 2270 Filius
720 2249 744 2270 et
761 2242 888 2278 Spiritus.

223 2313 335 2348 Magnus
350 2314 526 2345 Athanasius,
543 2313 714 2348 bbroquiuto
730 2312 829 2341 Contra
844 2314 969 2343 Aricinos:

187 2359 275 2392 Sicut,
290 2358 466 2394 inquit,Detts
483 2358 564 2384 Pater
578 2363 717 2385 creaturas
728 2357 818 2385 Verbo
831 2366 918 2394 creat,
931 2361 972 2388 sic

191 2405 337 2432 secundum
356 2411 479 2431 naturam
501 2404 617 2438 propria
641 2405 799 2431 substantia:
813 2405 892 2432 habet
909 2414 971 2440 ger-

171 2471 173 2474 ,
187 2459 246 2478 nten
260 2449 389 2482 Verbum,
406 2450 475 2484 quod
489 2449 636 2476 fabricatur
649 2455 676 2476 et
697 2455 780 2482 creat,
791 2455 817 2476 et
831 2453 965 2485 gubernat

219 2521 240 2537 ⁰¹
258 2520 327 2548 Psal.
347 2519 465 2552 xxxtt,6.
497 2517 670 2551 “Tit.ttt,6.
703 2520 726 2535 "
740 2519 941 2552 lixotl.vut,19.
976 2522 1085 2549 “Joau.
1108 2530 1127 2554 ι,
1143 2523 1170 2551 5.
1191 2522 1287 2549 "Luc.
1314 2522 1406 2554 χιλίη.
1439 2523 1680 2555 "Psal.xcvnt,t.

185 2559 310 2586 xulJl.

1023 2225 1161 2252 brachium
1176 2229 1202 2251 et
1218 2225 1355 2251 dexteram
1370 2225 1429 2256 Dei,
1446 2225 1516 2252 sicut
1532 2224 1664 2259 scriptum
1678 2227 1721 2250 est
1733 2221 1808 2250 :Sal—

1019 2271 1087 2298 vavit
1099 2279 1157 2297 eum
1169 2271 1276 2297 dextera
1291 2270 1359 2305 ejus,
1381 2275 1404 2297 et
1422 2270 1557 2297 brachiqu
1569 2261 1693 2297 sanctum
1707 2269 1764 2303 ejus
1772 2270 1807 2300 ";
1832 2271 1836 2279 ⁵

1019 2322 1046 2344 et
1067 2317 1152 2343 illtnl:
1174 2316 1297 2346 Domine.
1314 2316 1443 2344 excelsum
1461 2317 1596 2343 brachium
1608 2322 1692 2346 tuum.
1714 2321 1737 2342 et
1755 2323 1808 2342 non
1839 2319 1844 2325 ‘

1020 2369 1205 2397 cognoverunt,
1230 2368 1412 2397 cognoscentes
1439 2368 1527 2389 autem
1550 2362 1748 2396 confundantur
1770 2362 1806 2389 ".

1027 2408 1107 2435 Sicut
1127 2409 1207 2442 igitur
1224 2408 1365 2434 brachium
1382 2407 1578 2434 naturaliterin
1594 2412 1679 2434 totum
1707 2415 1808 2442 corpus

1019 2459 1139 2489 aptatum
1174 2458 1225 2486 est,
1243 2453 1334 2480 Omnia
1350 2460 1464 2488 opt-rans
1486 2461 1652 2488 quacunque
1669 2455 1751 2481 menti
1769 2455 1808 2480 vi-

1723 2523 1744 2538 "
1755 2523 1807 2550 Isa.

930 2592 1069 2623 Scholia.

185 2642 317 2674 Spit-itum
334 2646 467 2674 sanetuut,
484 2641 554 2668 sicut
569 2641 684 2669 dulcedo
698 2649 729 2668 ex
749 2641 838 2674 melle,
856 2647 884 2669 et
899 2643 966 2669 odor

184 2686 214 2702 et
232 2677 308 2707 llure,
327 2682 351 2703 et
368 2684 450 2708 vapor
466 2684 496 2703 ex
515 2676 669 2710 aqua.Quo
684 2678 807 2712 exemplo
832 2679 900 2704 idem
914 2677 968 2712 Cy-

184 2713 260 2750 r/dtus
275 2720 332 2744 t-ap.
351 2711 527 2750 7_ntitut‘;_sic
539 2712 610 2750 enim
624 2712 679 2750 ait:
699 2710 870 2750 Belin-quitur
886 2710 968 2750 igitur

184 2746 209 2771 rit
240 2747 394 2772 necessario
416 2747 600 2773 contuendum
629 2746 674 2777 sit,
690 2753 750 2773 esse
763 2755 794 2773 ex
816 2748 968 2774 substantia

183 2781 252 2814 ejus,
270 2789 329 2806 eum
341 2789 447 2807 outnetn
461 2781 518 2808 Filii
535 2781 579 2808 Dei
592 2782 720 2807 virtutem
732 2786 758 2808 et
771 2782 969 2815 operationem,

184 2816 293 2850 habent,
306 2821 332 2843 ut
348 2818 370 2845 si
388 2823 466 2852 vapor
477 2824 509 2844 ex
525 2823 594 2852 aqua
613 2815 750 2850 ascendat,
767 2822 793 2843 et
808 2824 854 2851 per
869 2824 901 2843 ea
913 2825 970 2851 quae

1015 2647 1153 2677 operatur.
1172 2649 1219 2670 eos
1233 2643 1302 2677 apud
1317 2651 1385 2677 quos
1398 2649 1448 2674 est,
1468 2641 1620 2675 refrigeret,
1636 2647 1663 2670 et
1677 2648 1806 2670 naturam

1017 2685 1093 2713 aqua;
1108 2678 1178 2704 unde
1204 2679 1347 2708 emittitur,
1364 2679 1509 2711 sigtttiiCct.
1527 2678 1662 2705 Hactenus
1679 2678 1807 2713 Cyrillus.

1017 2714 1061 2739 Sic
1083 2712 1175 2746 itaque
1200 2712 1304 2739 vocavit
1321 2714 1364 2740 hic
1385 2714 1516 2747 Spiritum
1535 2719 1670 2743 saucttun,
1688 2712 1806 2746 qualita-

1019 2751 1071 2773 tettt
1085 2747 1236 2774 divinitatis
1258 2748 1416 2782 symbolice,
1428 2748 1549 2775 adhibita
1564 2749 1735 2775 correctione
1747 2756 1807 2774 ver-

1020 2782 1057 2812 bi,
1070 2787 1099 2808 ut
1113 2782 1133 2808 si
1151 2787 1275 2809 vocasset
1290 2790 1413 2816 vaporem
1429 2784 1587 2810 substantia:
1603 2783 1710 2816 divine,
1722 2783 1806 2810 simili

1020 2817 1144 2851 exemplo
1155 2821 1182 2844 et
1195 2818 1314 2853 symbolo
1331 2823 1417 2845 utens.
