1954 3071
152 141 204 174 ‘Jil

600 139 716 172 DECAS
733 139 828 171 lX.-
849 140 900 171 DE
920 139 1145 169 lNFlNITATE
1167 140 1206 170 IN
1228 139 1309 169 ΠΕΟ.

1720 139 1772 170 942

154 198 286 229 ili-antur;
315 195 385 223 solet
412 203 476 222 vero
505 201 605 230 ungere
629 195 715 229 digito
732 195 801 228 apud
816 202 878 221 eum
892 195 936 227 qui
954 197 974 223 Α
991 194 1101 227 picntia,
1116 198 1176 221 crat
1206 195 1288 229 igitur
1302 200 1416 229 tempus,
1438 193 1463 220 in
1483 200 1536 228 quo
1550 199 1607 221 erat
1628 195 1697 222 Deus
1714 196 1773 222 sine

154 242 270 269 brachio
289 243 390 270 utitur:
405 240 444 270 sic
461 238 576 267 Verbum
598 240 643 266 Dei
661 247 693 266 cx
716 240 783 273 ipso,
798 244 823 266 et
839 240 863 266 in
881 240 938 273 ipso

154 288 316 314 naturaliter
329 291 463 321 aptatum,
485 290 515 313 ut
529 286 565 312 ita
584 286 684 316 dicam,
704 291 730 313 et
746 286 856 312 insitum
874 292 939 312 con-

153 333 311 360 sideramus
325 342 331 360 :
346 333 374 359 in
390 332 459 359 Filio
475 337 563 359 autem
580 331 788 359 co-zsidcramus
805 331 938 366 Spiritum

154 378 319 406 naturaliter
333 382 360 405 et
372 377 588 405 substantialiter
612 385 625 403 a
640 377 721 404 Patre
739 377 939 412 procedentem,

155 432 205 458 ter
218 431 295 457 quem
309 424 399 449 omnia
414 430 519 458 ungens
536 423 698 449 sanctiﬁcat.
713 422 770 449 Non
786 423 866 457 igitur
880 422 941 456 Spi-

155 470 224 495 ritus
237 474 349 495 sanctus
367 476 380 495 a
396 469 486 495 divina
503 468 655 494 substantia
670 468 774 496 alienus
790 473 817 494 et
833 467 941 502 disjun-

155 521 216 541 ctus
233 515 349 547 videtur,
365 514 429 547 quin
447 514 537 548 potius
553 521 584 540 ex
601 513 669 547 ipsa,
681 513 744 540 etin
761 513 818 547 ipsa
833 518 942 539 natura-

155 561 227 587 "lt'l'.
241 560 315 586 Sicut
330 561 412 594 igitur
428 551 525 593 digitus
541 560 662 593 corporis
677 559 702 585 in
722 567 812 591 malm,
824 558 942 592 ejusdem

155 609 260 630 naturze
272 611 365 630 manus
377 608 435 634 est;
451 604 491 630 sic
504 611 600 631 l‘lIrSlIS
616 608 642 630 et
661 611 756 630 manus
771 603 797 629 in
816 610 940 636 corpore,

156 657 210 675 non
226 655 267 675 cst
281 649 394 676 alterius
412 653 524 679 natura).
540 657 620 683 quam
634 649 767 684 corporis.
785 648 846 676 ΙΙωο
861 649 942 684 igitur

154 703 217 722 cum
229 695 269 722 sic
285 696 351 726 sint,
373 695 499 730 sequitur
513 695 595 722 Deum
611 703 671 722 esse
685 695 816 730 Spiritum
827 704 833 722 :
844 701 871 723 et
889 703 942 722 non

156 741 236 767 aliter
248 749 317 768 esse.
345 741 440 768 Adhuc
455 742 525 768 idem
542 741 567 768 in
581 741 700 768 eisdem;
721 741 763 767 Ait
782 741 809 768 in
826 742 942 776 quodam

157 788 216 813 loco
229 787 313 814 Deus:
329 787 427 814 Caelum
442 792 466 814 et
487 792 583 814 terrunt
600 795 646 821 ego
659 787 754 821 impleo
768 787 803 820 ",
816 787 943 814 dicitDo-

158 835 265 864 minus;
281 834 370 868 impch
384 834 487 861 scilicet
501 834 599 868 ubique
610 841 727 867 praesens
743 841 790 868 per
801 833 941 867 Spiritum,

157 881 229 912 quod
243 881 348 913 quidem
361 888 419 907 cum
432 881 514 907 sciret
525 880 569 914 qui
582 880 704 908 Psalinos
714 880 821 912 cecinit,
840 880 938 908 aiebat:

158 926 216 957 (μω
232 926 273 952 ibo
287 935 302 951 η
317 927 413 959 spiritu
428 926 492 952 tuo?
506 925 536 952 Si
550 926 692 952 ascendere
710 927 738 952 in
750 926 853 957 caelum,
868 930 895 952 tu
906 925 941 951 il-

159 971 194 996 lic
212 978 239 997 es
258 978 265 996 :
283 972 305 997 si
320 971 476 998 descendere
488 972 515 998 in
529 972 673 1006 infernum,
689 972 752 998 ades
764 972 799 998 ".
815 971 844 998 Si
861 971 943 1005 igitur

161 1023 209 1049 per
227 1015 355 1049 Spiritum
370 1017 462 1051 implet
477 1018 567 1044 omnia
584 1016 663 1048 Deus,
678 1017 755 1043 adest
770 1023 858 1044 autem
882 1017 943 1043 ubi-

158 1071 230 1094 que:
250 1061 319 1089 Deu:
344 1062 424 1097 igitur
436 1066 478 1090 est
505 1061 632 1097 Spiritus,
654 1062 744 1089 omnia
769 1062 882 1096 impletis
905 1067 934 1088 tit

165 1107 244 1135 Deus.
261 1108 293 1134 Et
309 1108 335 1135 in
349 1109 449 1136 eisdem
464 1118 470 1135 :
484 1108 541 1135 Non
557 1115 622 1143 ergo
635 1113 677 1135 est
701 1107 790 1135 factus
814 1107 941 1142 Spiritus,

160 1154 187 1180 iti
202 1162 257 1188 quo
271 1154 297 1180 Du
309 1162 350 1184 us.
369 1160 396 1182 ct
408 1162 457 1189 per
467 1162 546 1189 quem
574 1155 664 1181 omnia
679 1159 824 1188 operatur;
841 1158 868 1180 et
882 1161 943 1188 pro-

160 1203 219 1232 pter
237 1198 287 1225 hoc
318 1201 476 1226 honoratur.
503 1198 617 1233 Magnus
643 1198 820 1231 Athanasius,
845 1198 893 1226 lib.
921 1205 940 1224 ιι

159 1245 257 1271 Contra
269 1244 384 1272 Ariauos
398 1254 408 1278 ;
425 1245 579 1279 Apostolus,
596 1245 693 1279 inquit,
711 1245 825 1279 gentiles
850 1245 882 1270 ad
898 1252 941 1270 re-

159 1287 306 1315 verentiam
335 1295 398 1322 erga
416 1288 498 1315 Deum
518 1290 642 1316 excitans
658 1289 763 1315 aiebat:
793 1287 942 1314 lnrisibilia

157 1336 226 1362 enim
244 1335 324 1368 ipsius
338 1343 353 1361 a
367 1339 490 1361 creatura
501 1335 593 1361 mundi
606 1342 652 1368 per
665 1342 695 1360 ea
713 1341 769 1368 qui?
783 1333 854 1366 facta
868 1337 937 1364 sunt,

160 1381 292 1408 intellecta
309 1381 517 1414 conspiciuntur,
548 1382 707 1413 sempiterna
736 1387 837 1414 quoque
860 1380 942 1405 virtus

158 1429 215 1461 ejus
229 1432 252 1453 et
269 1427 393 1454 divinitas
410 1428 417 1443 '
432 1435 439 1456 ;
457 1434 516 1461 qtae
531 1433 619 1453 autem
649 1426 684 1453 sit
701 1425 746 1452 Dei
762 1426 857 1457 virtus,
869 1425 940 1452 idem

159 1473 257 1500 Paulus
287 1473 378 1503 dot-et.
394 1481 453 1499 cum
467 1475 521 1500 ait:
545 1473 666 1499 Christus
681 1472 731 1498 Dei
750 1473 843 1503 virtus,
854 1476 878 1498 et
894 1471 942 1498 Dei

158 1520 287 1552 sapientia
301 1520 321 1546 '.
343 1519 375 1545 Et
392 1520 479 1546 adhuc
496 1519 522 1545 in
549 1518 642 1545 eodem
658 1518 739 1545 libro:
766 1518 883 1544 Audiam
915 1521 940 1544 et

159 1567 193 1592 de
230 1566 396 1598 Sapientia:
432 1565 501 1595 Quia
523 1572 579 1590 non
609 1570 645 1591 est
675 1568 704 1589 ut
734 1564 811 1590 homo
839 1563 940 1597 Detts',

159 1618 194 1637 ne
217 1613 331 1637 humana
358 1612 488 1644 εοιςῑιιιιιι.
517 1610 550 1637 Et
573 1610 599 1637 in
616 1610 666 1637 hoc
689 1611 768 1642 libro,
799 1610 832 1637 de
858 1611 939 1644 ipso:

159 1656 266 1684 Ennim
297 1665 357 1684 cum
383 1658 505 1684 homines
535 1657 598 1684 iacti
627 1657 682 1684 sint
713 1657 767 1691 apti
789 1657 822 1684 ad
852 1657 941 1690 perci-

159 1702 283 1736 picndam
294 1703 464 1736 sapientiam,
477 1703 547 1730 Deus
561 1703 662 1730 nullius
673 1703 772 1737 alioqui
792 1703 940 1738 particeps,

159 1749 215 1783 ipse
233 1755 287 1774 siue
305 1747 450 1782 Sapientia:
461 1749 540 1776 Pater
554 1753 605 1781 est,
623 1747 701 1783 cujus
716 1748 762 1782 qui
775 1753 838 1776 sunt
855 1748 942 1781 parti—

157 1793 242 1826 cipes,
256 1793 394 1828 sapientes
424 1793 551 1828 appellari
567 1797 776 1820 consueverunt.
806 1793 940 1820 Prteterea

158 1844 250 1865 contra
265 1840 373 1866 eosdem
388 1839 521 1866 Arianos:
541 1838 568 1866 Si
584 1846 660 1874 ergo,
687 1839 784 1874 inquit,
800 1838 826 1865 in
842 1838 941 1865 divinis

158 1883 308 1918 Scripluris
325 1892 378 1912 non
391 1886 524 1919 reperitur
541 1884 591 1911 alia
608 1886 739 1919 sapientia
759 1889 855 1918 przetcr
870 1884 942 1911 ltunc

159 1928 265 1960 Filium,
281 1937 330 1956 nec
344 1937 375 1957 ex
391 1929 515 1956 Patribus
531 1930 676 1964 quidquam
696 1930 748 1956 tale
778 1929 940 1962 audivimus,

157 1981 196 2001 t-st
206 1981 295 2002 autem
310 1981 426 2008 certum,
448 1980 474 2002 et
487 1975 629 2009 scriptum,
643 1975 763 2002 increate
779 1976 938 2009 sapientiam

156 2021 376 2049 simulexsistere
389 2021 549 2053 cuutPatre,
561 2026 588 2048 et
604 2029 650 2056 per
666 2029 694 2048 se
711 2022 803 2048 tnundi
816 2022 938 2056 opiﬁcem

157 2074 215 2094 esse
229 2068 239 2082 ⁸
253 2075 262 2098 ;
280 2067 335 2100 ipse
352 2066 433 2093 fuerit
448 2065 541 2093 Filius.
553 2065 585 2092 Et
598 2066 685 2093 adhuc
701 2067 770 2093 idem
788 2067 813 2094 in
833 2069 939 2095 eodem:

158 2113 239 2144 Sane,
252 2112 349 2146 inquit.
364 2112 406 2138 his
431 2111 537 2138 duobus
551 2111 630 2139 dictis
645 2112 714 2138 inter
728 2119 758 2139 se
786 2113 940 2146 coutrariis,

991 239 1133 273 sapientia,
1145 245 1170 266 et
1179 240 1238 266 sine
1247 239 1355 269 virtute.
1366 247 1425 266 cum
1439 247 1491 266 non
1503 245 1575 266 esset
1592 239 1686 271 Filius,
1696 247 1760 267 crea

991 289 1052 311 tttra
1069 285 1139 311 enim
1150 285 1230 319 plane
1241 293 1274 312 ex
1290 285 1373 311 nihilo
1390 285 1415 310 lit
1430 292 1438 318 ;
1457 290 1484 311 at
1502 285 1609 319 sapiens
1626 289 1684 311 crat
1701 292 1773 312 sem-
1812 303 1816 308 .

992 337 1040 364 per
1052 335 1078 357 et
1088 335 1181 365 potens
1194 330 1262 357 Deus
1274 338 1281 363 ;
1295 335 1353 358 erat
1368 331 1449 364 igitur
1460 331 1482 357 ei
1495 329 1587 361 Filius.
1605 331 1649 365 qui
1666 335 1706 357 est
1716 338 1774 357 om-

994 378 1036 402 nia
1048 375 1114 403 hinc.
1137 376 1169 403 Et
1183 377 1267 402 adhuc
1280 377 1352 409 ipse:
1371 375 1524 407 Cottiiteris,
1541 377 1637 410 inquit,
1659 376 1719 403 licet
1734 377 1774 402 in-

993 421 1074 453 vitus,
1091 422 1226 453 haeretica,
1244 422 1402 456 sapientiam
1417 423 1463 449 Dei
1483 423 1641 449 naturaliter
1655 422 1773 454 insitam,

992 470 1020 493 et
1036 467 1160 493 virtuti-nt
1176 468 1307 495 exsistere
1325 468 1351 494 in
1370 468 1428 502 ipso
1443 469 1569 495 increate.
1597 467 1665 495 Cum
1693 469 1775 503 igitur

993 513 1087 540 audies
1105 511 1212 544 Filium,
1227 513 1269 539 (lic
1281 514 1360 540 etiam
1374 522 1467 540 rursus
1483 515 1534 541 tltto
1549 515 1685 541 increata:
1706 515 1776 540 hanc

995 565 1057 584 vero
1083 558 1167 592 ipsam
1184 558 1209 584 in
1233 558 1286 584 Deo
1304 559 1464 590 sapientiam
1476 564 1502 585 ct
1519 560 1645 586 virtutem
1658 560 1776 586 increate

993 609 1020 630 et
1032 605 1090 631 sine
1115 609 1234 639 tempore
1247 606 1418 631 cxsistcntem
1442 606 1576 634 credimus
1591 613 1650 633 esse
1665 605 1775 639 Filium,

993 650 1038 682 qui
1055 650 1145 676 omnia
1172 650 1283 688 creavit,
1302 655 1328 676 ct
1342 656 1450 685 propter
1465 658 1514 678 nos
1533 651 1620 678 factus
1646 656 1686 679 est
1698 659 1774 679 caro.

995 694 1027 721 Et
1040 695 1127 721 adhuc
1142 696 1197 729 ipse
1219 695 1244 721 in
1259 696 1374 728 srptimo
1391 697 1424 722 ad
1441 695 1578 723 Herntiam
1604 697 1671 724 libro
1682 698 1775 732 dispu-

995 745 1056 767 tans
1072 748 1144 766 more
1161 741 1258 774 dialogi
1270 750 1276 767 :
1290 741 1354 768 Cvn.
1376 741 1404 767 ln
1421 749 1474 775 quo
1492 747 1554 768 sunt
1566 742 1712 777 sapientes,
1728 742 1775 777 qui

995 786 1131 820 sapientes
1149 786 1237 812 ﬁunt?
1256 786 1343 813 llsntt.
1360 787 1387 813 lti
1414 787 1545 821 sapientia
1560 787 1625 814 Cra.
1653 787 1737 822 Igitur
1751 788 1776 814 si

996 831 1113 864 Spiritus
1127 833 1286 865 sapientiam
1303 833 1379 859 docet
1397 840 1426 859 ea
1444 840 1503 867 qua:
1519 838 1580 859 sunt
1597 839 1658 867 apta
1678 834 1710 860 ad
1728 842 1775 860 ca-

993 874 1118 908 piendum
1146 876 1317 909 sapientiam,
1340 877 1449 903 omnino
1466 877 1596 911 sapientia
1619 878 1683 911 erit,
1694 882 1721 905 et
1737 880 1777 905 itt-

995 921 1136 955 telligetur,
1153 922 1225 948 hunc
1245 928 1335 950 autem
1356 923 1473 951 diximus
1490 931 1550 951 esse
1565 925 1658 952 Deum.
1679 926 1709 953 Et
1727 928 1776 952 ad-

993 967 1046 994 huc
1066 969 1091 994 itt
1108 968 1139 994 iis
1151 976 1209 1002 qua:
1225 968 1258 995 de
1271 968 1373 1003 Spiritu
1396 974 1476 996 aucto
1505 971 1633 1005 scripsit.:
1655 971 1776 1000 Libenter

991 1013 1072 1047 igitur
1086 1015 1167 1048 magis
1186 1014 1320 1049 gloriabor
1333 1016 1359 1042 in
1371 1015 1575 1047 inﬁrmitatibus
1591 1019 1667 1049 meis,
1684 1025 1711 1045 ut
1732 1019 1776 1046 in-

992 1059 1088 1086 habitet
1107 1060 1134 1086 in
1155 1068 1194 1087 me
1218 1061 1302 1087 virtus
1314 1060 1412 1088 Christi
1423 1062 1433 1077 '
1447 1070 1458 1095 ;
1473 1063 1493 1089 si
1507 1068 1596 1090 autem
1606 1065 1723 1097 Spiritus
1734 1071 1777 1094 est

991 1104 1036 1137 qui
1055 1103 1157 1130 habitat
1172 1104 1197 1130 in
1215 1104 1303 1137 nobis,
1318 1110 1346 1131 et
1362 1113 1409 1139 per
1434 1106 1521 1141 ipsum
1537 1107 1671 1142 Christus,
1689 1110 1778 1139 virtus

993 1149 1074 1182 igitur
1092 1154 1134 1176 est
1144 1150 1202 1184 ejus
1220 1150 1338 1183 Spiritus
1360 1155 1489 1184 sanctus;
1511 1153 1534 1180 si
1560 1159 1648 1181 autem
1672 1156 1720 1182 hoc
1735 1157 1775 1184 sic

964 1189 974 1200 “
992 1199 1045 1226 est,
1061 1195 1195 1227 quomodo
1205 1197 1256 1222 erit
1271 1201 1406 1229 creatura,
1434 1198 1478 1232 qui
1494 1202 1589 1225 natura
1602 1200 1678 1227 adest
1691 1202 1716 1227 in
1729 1201 1775 1228 Fi-

993 1241 1047 1268 lio?
1060 1240 1116 1268 Nisi
1128 1245 1238 1276 tempus
1260 1247 1313 1274 cst,
1330 1247 1358 1269 ut
1374 1243 1455 1270 Deum
1486 1243 1616 1278 Verbum,
1647 1247 1691 1281 qui
1706 1248 1775 1276 nihil

993 1287 1088 1320 duplex
1106 1287 1196 1319 habet,
1217 1288 1397 1322 compositum
1417 1296 1477 1316 esse
1495 1291 1571 1318 dicas
1587 1300 1619 1318 ex
1633 1298 1734 1326 creato,
1748 1299 1776 1321 et

993 1340 1041 1359 sua
1058 1338 1164 1360 natura.
1175 1334 1276 1367 quodsi
1295 1334 1345 1361 hoc
1353 1335 1499 1362 absurdum
1516 1342 1574 1370 est,
1594 1346 1644 1365 non
1659 1345 1700 1366 est
1713 1341 1775 1375 Spi-

993 1380 1060 1405 ritus
1075 1384 1191 1412 creatus,
1205 1384 1251 1406 aut
1269 1379 1366 1413 factus,
1383 1381 1431 1408 sed
1458 1390 1489 1408 ex
1507 1383 1599 1411 divina
1611 1391 1638 1412 et
1655 1393 1714 1419 qua:
1734 1388 1775 1414 in-

993 1424 1138 1459 telligentia
1153 1425 1346 1459 comprehendi
1356 1433 1408 1454 non
1419 1432 1516 1461 potest,
1532 1429 1693 1464 substantia,
1708 1437 1776 1459 tani-

992 1477 1072 1504 quam
1089 1470 1173 1504 ipsius
1187 1470 1272 1498 virtus
1283 1477 1310 1498 et
1323 1472 1430 1507 energia
1446 1474 1587 1502 naturalis.
1613 1475 1645 1502 Et
1662 1485 1775 1513 magnus

955 1505 977 1537 (ἶ
995 1517 1168 1548 Athanasius,
1185 1515 1211 1543 in
1229 1517 1342 1551 epistola
1367 1505 1401 1545 ad
1416 1518 1607 1554 Serapionem:
1633 1522 1665 1549 Et
1680 1505 1775 1552 ruisus

994 1561 1056 1594 quia
1082 1560 1168 1589 Filius
1180 1566 1222 1588 est
1238 1562 1380 1595 sapientia,
1396 1567 1424 1589 et
1439 1564 1550 1598 veritas,
1571 1565 1701 1600 scriptum
1713 1572 1773 1594 est:

994 1607 1107 1640 Spiritus
1122 1608 1270 1641 supientiw,
1297 1600 1324 1634 et.
1335 1609 1454 1636 veiilalis
1467 1609 1486 1637 ⁵.
1506 1610 1539 1637 Et
1554 1619 1648 1639 rursus
1665 1620 1673 1639 :
1690 1612 1775 1641 Filius

992 1654 1101 1688 quidem
1122 1659 1164 1680 est
1179 1654 1263 1680 virtus
1277 1653 1335 1686 Dci,
1354 1659 1380 1681 et
1392 1653 1637 1691 Dominusglorim;
1658 1658 1776 1694 Spiritus

995 1705 1082 1727 autem
1097 1700 1194 1727 dicitur
1203 1701 1315 1734 spiritus
1331 1702 1449 1735 virtutis,
1463 1707 1489 1729 et
1503 1703 1614 1738 spiritus
1629 1704 1730 1738 gloria.
1742 1705 1776 1733 Et

995 1754 1100 1774 rursum
1112 1755 1119 1773 :
1131 1746 1232 1773 Deinde
1243 1754 1303 1772 cum
1319 1745 1398 1774 Pater
1406 1748 1451 1779 sit,
1462 1753 1491 1776 ut
1506 1748 1605 1777 Paulus
1616 1751 1683 1777 dixit
1693 1751 1714 1783 ',
1730 1759 1775 1778 so-

993 1792 1035 1818 lus
1051 1792 1160 1826 sapiens
1172 1791 1251 1824 Deus,
1265 1791 1350 1820 Filius
1365 1796 1406 1819 est
1416 1794 1548 1828 sapientia
1563 1795 1632 1829 ejus,
1649 1796 1774 1824 Christus

994 1837 1065 1864 enim
1082 1837 1127 1864 Dci
1148 1838 1244 1868 virtus,
1261 1842 1288 1864 et
1301 1837 1347 1864 Dei
1363 1839 1506 1873 sapientia,
1523 1845 1550 1867 et
1564 1848 1623 1868 Clllll
1650 1841 1737 1869 Filius
1749 1843 1772 1870 si

993 1882 1039 1910 Dei
1050 1883 1193 1916 sapientia,
1203 1883 1366 1917 accipientes
1374 1892 1424 1912 nos
1436 1883 1564 1919 Spiritum
1577 1887 1774 1921 sapientiae,“-

990 1928 1056 1955 liutn
1076 1927 1225 1961 habemus;
1257 1929 1326 1956 etin
1350 1930 1406 1963 ipso
1430 1931 1564 1964 sapientes
1582 1932 1722 1961 ellicimur.
1740 1935 1774 1962 Et.

992 1981 1087 2001 rursus
1106 1975 1187 2007 idem,
1202 1980 1296 2002 contra
1313 1983 1359 2002 cos
1374 1976 1418 2010 qui
1434 1977 1668 2006 servinotvcrbis:
1680 1980 1771 2008 Gloria

991 2021 1074 2053 enim.
1092 2021 1189 2055 inquit,
1219 2021 1319 2048 dicitur
1345 2020 1524 2056 Uuigenitus:
1541 2022 1572 2049 Et
1590 2023 1700 2050 vidimus
1714 2026 1772 2059 θέο..

991 2067 1058 2093 riam
1074 2066 1141 2101 ejus,
1153 2066 1265 2101 gloriam
1278 2067 1354 2100 quasi
1381 2067 1509 2100 unigeniti
1522 2075 1536 2093 a
1556 2067 1635 2094 Patre
1648 2069 1670 2101 ⁸;
1687 2078 1771 2104 quare

991 2112 1072 2140 illttd:
1086 2111 1158 2138 Deus
1174 2111 1443 2139 Dontiuinostrileru
1457 2113 1557 2140 C/tt't'sti
1568 2115 1577 2129 °
1595 2116 1706 2148 perinde
1717 2121 1771 2147 est.

142 2157 226 2191 ~juste
252 2158 312 2190 quis
328 2157 408 2189 dicat,
440 2157 546 2185 vincere
574 2158 765 2192 proprietatem
793 2157 938 2192 Uuigeniti,
957 2173 977 2200 ο
993 2158 1055 2184 utsi
1083 2158 1207 2185 dicatur:
1235 2157 1306 2184 Deus
1324 2159 1415 2184 carnis
1432 2157 1543 2190 Christi,
1564 2159 1644 2187 Pater
1667 2161 1770 2193 gloriaz,

156 2203 219 2236 quia
236 2210 287 2229 nou
310 2202 345 2229 sit
358 2202 434 2242 aliud
445 2203 573 2235 Verbum,
590 2203 630 2230 vel
648 2204 698 2230 alia
716 2203 863 2238 Sapientia,
889 2205 939 2232 nisi

157 2248 200 2275 hic
219 2249 303 2275 solus.
322 2247 354 2274 Et
366 2250 495 2275 rursusin
511 2250 622 2275 eodem:
641 2248 939 2282 Dccebatenim,unius

156 2292 201 2319 Dei
220 2302 299 2320 unatn
321 2302 381 2320 esse
393 2294 547 2328 imaginem,
564 2299 591 2321 et
607 2302 688 2320 unum
715 2294 793 2329 lntjns
810 2294 936 2327 Verbum,

155 2344 180 2364 ct
193 2347 271 2365 unam
290 2339 373 2372 ipsius
385 2339 545 2372 sapientiam
558 2348 565 2370 ς
594 2348 678 2373 quare
696 2340 788 2373 miror,
803 2342 937 2375 quotnodo

155 2392 213 2410 tum
224 2385 257 2410 sit
275 2393 344 2411 unus
362 2386 443 2416 Dens,
468 2386 564 2412 multas
580 2385 623 2412 isti
639 2386 770 2419 imagines
787 2392 814 2412 et
827 2387 936 2420 sapien-

155 2431 204 2456 Iias
224 2431 369 2457 secundum
401 2439 463 2458 suos
480 2431 656 2466 cogitationes
685 2433 848 2466 excogitant.
867 2433 936 2459 San-

154 2481 212 2501 ctus
236 2476 351 2509 Cyrillus
369 2476 395 2502 in
413 2476 556 2502 Tltesanris
575 2483 583 2502 .'
602 2476 629 2503 Si
654 2476 740 2503 factus
765 2483 816 2508 est,
837 2478 935 2511 inquit,

154 2520 248 2553 Filius,
264 2527 375 2548 vocatur
395 2529 484 2548 autem
514 2527 541 2549 et
554 2527 594 2548 cst
613 2521 659 2548 Dci
678 2523 772 2553 virtus,
787 2528 813 2548 ct
831 2522 876 2549 Dei
893 2530 936 2549 sa-

569 2569 591 2584 “
607 2569 678 2595 Psal.
706 2575 837 2601 cxxxvm,
856 2568 882 2599 7,
914 2568 940 2595 8.

588 2604 598 2619 '
613 2603 633 2629 ll
649 2604 710 2630 Cor.
726 2611 773 2634 xu,
786 2605 812 2629 9.

187 2569 210 2584 "
239 2569 338 2596 Jt-rcin.
360 2576 440 2598 nni,
472 2568 515 2595 2L

155 2605 192 2630 l9.
242 2604 252 2619 ⁸
267 2603 346 2630 Prov.
362 2612 421 2632 \‘ltl.
435 2603 480 2632 ‘22.
496 2603 540 2630 25.

154 2646 171 2671 ι,
183 2638 210 2669 5.
251 2639 272 2654 ¹⁹
286 2638 430 2669 lsa.xxxv,
441 2640 464 2670 t,
479 2638 506 2664 2.

867 2605 878 2618 ⁶
898 2604 948 2630 lsa.
964 2612 1001 2635 xi,
1022 2606 1048 2630 2.

558 2638 578 2654 “
590 2638 642 2665 lsa.
658 2646 701 2668 XL.
716 2637 747 2669 5;
765 2637 830 2665 Luc.
847 2646 876 2670 ιι,
895 2638 922 2670 5,
935 2639 961 2665 6.

991 2204 1071 2231 Pater
1083 2205 1231 2231 divinitatis
1245 2204 1294 2238 ii).
1309 2203 1428 2231 Gloriam
1440 2205 1510 2231 enim
1526 2212 1602 2232 vocat
1617 2206 1700 2233 Isaias
1712 2207 1772 2234 Sal-

988 2255 1107 2276 vatoretn
1120 2250 1266 2276 secundum
1280 2250 1436 2285 dignitatem
1445 2250 1602 2278 divinitatis.
1616 2251 1684 2279 Cum
1697 2253 1768 2280 enitn

988 2299 1125 2321 narrasset
1142 2294 1281 2326 miracula,
1297 2302 1356 2329 qua:
1383 2294 1409 2321 in
1429 2295 1537 2322 deserto
1563 2297 1633 2324 facta
1655 2304 1729 2329 sunt,
1745 2305 1773 2325 ct

985 2339 1195 2373 exangelizusset
1207 2340 1323 2366 deserto:
1336 2339 1466 2372 Exsultet,
1477 2340 1574 2375 inquit,
1582 2341 1696 2369 solitudo
1706 2344 1770 2370 Jor-

987 2385 1060 2416 dani,
1081 2390 1103 2411 et
1117 2385 1209 2418 ﬂoreat
1224 2389 1350 2419 tanquam
1364 2385 1466 2418 lilium,-
1485 2387 1609 2420 I/uonittm
1626 2389 1710 2422 gloria
1726 2388 1772 2416 Li-

987 2430 1047 2456 bani
1059 2430 1123 2457 data
1134 2435 1170 2457 est
1181 2431 1215 2460 ei,
1224 2437 1247 2457 et
1261 2431 1345 2457 honor
1353 2430 1467 2458 Carmeli
1481 2432 1513 2464 ‘°;
1528 2436 1566 2465 et,
1579 2433 1692 2464 Populus
1699 2443 1772 2462 meus

987 2475 1079 2502 ridebit
1095 2477 1208 2510 gloriam
1222 2476 1327 2503 Domini
1344 2482 1367 2504 et
1382 2478 1546 2504 altitudinem
1564 2478 1622 2511 Dei,
1638 2485 1661 2505 et
1675 2481 1769 2508 videbit

987 2530 1071 2548 anim:
1091 2530 1152 2549 caro
1172 2522 1292 2549 salutare
1307 2523 1354 2550 Dei
1376 2525 1407 2551 ¹¹.
1429 2525 1519 2551 Gloria
1539 2525 1620 2560 igitur
1632 2532 1698 2554 esta
1711 2528 1769 2560 glo-

1005 2570 1012 2584 ¹
1034 2568 1111 2596 liom.
1141 2577 1161 2598 ι,
1188 2569 1232 2595 20.
1283 2571 1293 2585 '
1309 2570 1317 2596 l
1335 2570 1398 2597 Cor.
1428 2579 1447 2603 ι,
1465 2572 1510 2598 24.

1559 2573 1569 2589 ³
1594 2573 1673 2601 Num.
1691 2584 1769 2608 mir,

1094 2605 1103 2619 ⁷
1129 2604 1210 2631 Rom.
1232 2613 1286 2637 im,
1308 2605 1352 2632 27.

1391 2605 1401 2621 ³
1418 2605 1498 2634 Joan.
1515 2616 1533 2640 ι,
1551 2609 1593 2636 H.
1646 2611 1656 2626 ’
1670 2605 1768 2645 lipltcs;

893 2685 1030 2718 Scholia.

186 2737 225 2770 (l)
252 2735 332 2763 Pater
346 2737 448 2770 gloritt.
468 2736 549 2763 Pater
574 2738 730 2764 diuinitatis.
761 2737 840 2763 Pater
867 2737 934 2763 divi-

154 2772 248 2798 nitatis
261 2772 370 2804 dicitur,
385 2772 410 2797 id
426 2777 477 2804 cst,
508 2772 566 2798 lt'ilii
581 2781 588 2804 ;
615 2772 782 2798 divinitatem
807 2772 890 2801 enim.
908 2772 934 2798 id

152 2812 191 2833 est
205 2807 349 2834 essentiam
379 2806 497 2833 divinam
528 2807 631 2840 accepit
658 2815 705 2840 pro
735 2814 847 2840 persona
875 2806 933 2834 lt'ilii

987 2744 1097 2772 propter
1120 2739 1288 2767 identitatem
1302 2741 1352 2772 rei,
1388 2746 1417 2768 ut
1433 2741 1520 2769 Graeci
1547 2741 1642 2771 Patres
1669 2743 1768 2772 solent.

986 2775 1058 2808 qttOti
1071 2775 1153 2803 etiam
1168 2779 1281 2803 sanctus
1294 2774 1414 2804 Thomas
1429 2778 1595 2805 observavit.
