1954 3071
160 100 213 132 945

156 163 195 189 cit
212 163 284 192 Patri
303 175 308 192 :
333 165 458 201 Cleri/ica
475 177 514 196 me
528 170 625 205 gloria,
638 180 717 203 quant
742 174 823 199 huhui
842 183 857 200 α
871 175 943 207 priu-

156 209 223 239 cipio
238 212 308 245 apud
320 217 354 246 te,
375 219 517 250 antequam
531 221 644 243 mundus
655 223 723 245 esset
740 220 771 246 ¹⁹.
788 219 858 246 Deus
872 222 945 247 cnim

157 255 289 292 Verbum,
306 259 352 294 qui
370 263 572 290 antemuudum
584 264 696 298 gloriam
715 265 803 293 Patris
817 267 944 300 habebat,

154 303 218 337 quia
236 306 366 334 extremis
376 307 473 335 diebus
495 308 584 337 fastus
598 316 640 337 est
658 311 749 344 homo,
764 313 904 346 opnru-hat
917 319 944 340 ut

154 358 221 379 caro
233 357 343 388 propter
355 354 483 381 unionem
497 363 559 383 cum
576 356 675 389 Verbo,
698 359 762 386 illud
776 359 851 386 ﬁeret
871 361 943 395 quod

157 397 277 426 Verbum
295 404 355 433 est;
371 399 400 427 [it
412 405 503 428 autem
517 402 578 434 hoc,
590 403 652 437 quia
664 403 728 432 illud
743 407 857 440 accepit,
874 409 945 442 quod

155 443 275 471 habebat
291 450 354 472 ante
369 447 498 473 mundum
517 457 523 480 ;
554 448 605 476 huc
633 455 722 477 autem
740 458 799 478 erat
825 453 945 487 Spiritus

154 497 277 522 sanctus.
295 493 363 520 nihil
377 494 448 520 enim
466 494 538 522 aliud
555 500 598 523 est
613 502 677 524 ante
701 499 799 525 szncula
833 506 947 534 praetcr-

154 544 236 568 qnam
252 537 373 573 Patrem,
390 545 417 566 et
446 539 545 568 Filium
560 546 588 569 et
605 542 735 576 Spiritrnu
751 551 889 580 sauctnru,
904 548 946 574 id-

153 584 231 611 circo
246 585 281 611 ait
298 586 341 613 ltic
360 595 367 613 :
389 585 530 621 Gloriatur,
554 597 633 623 quam
659 590 756 617 dedisti
779 592 853 624 nti/ri.
885 594 945 621 dedi

152 629 229 663 ipsis,
249 636 335 663 utper
346 640 404 658 eam
419 633 445 660 iu
455 641 538 661 unum
554 643 655 662 mecum
677 637 842 671 copulentur,
860 646 884 666 et
900 649 945 674 per

152 685 194 703 mc
209 682 293 704 tecum
323 678 357 705 ¹⁹.
378 678 484 706 Rursus
515 680 597 714 idem,
630 681 699 709 libro
731 685 818 719 prium
850 692 943 714 contra

154 723 336 751 (innantium:
357 725 483 752 Siautem
504 734 612 762 semper
626 734 668 756 est
688 730 825 764 gtoriosus
850 732 941 768 Pater,

153 770 202 804 qtti
218 775 259 796 est
278 775 342 798 ante
359 772 474 806 saecula;
490 773 575 808 glaria
597 783 662 802 vero
679 775 766 804 Patris
785 783 826 804 cst
845 778 941 813 Filius,

153 817 200 844 aui
214 822 251 843 est
266 822 329 844 aute
345 826 443 850 arvum,
461 819 588 847 similiter
602 827 692 849 autem
712 823 796 856 gloria
825 824 884 851 Filii
901 831 942 852 est

152 862 271 893 Spiritus
285 863 399 896 Christi,
422 864 467 898 qui
481 872 588 899 semper
597 873 658 893 cum
674 854 742 894 Filio
765 873 792 895 et
804 867 884 896 Patre
903 871 940 896 in-
958 854 979 884 Β

151 909 302 942 telligitur;
322 910 393 936 unde
408 911 516 945 sapiens
534 912 597 945 iste,
615 917 643 939 et
670 920 702 940 ex
720 921 774 948 qua
796 915 939 950 disciplina

150 957 309 987 pronuntiat
341 958 478 992 antiquius
505 959 530 985 in
561 960 595 986 iis
616 968 676 995 qua:
699 963 860 989 naturaliter
877 969 941 990 sunt

154 1001 306 1030 Itnuurata?
334 1003 371 1030 Ex
388 1003 430 1031 bis
448 1005 564 1032 rliicitur
592 1007 778 1041 manifestum,
810 1011 882 1044 quod
913 1011 939 1037 in

150 1047 295 1078 Trinitatis.
316 1058 375 1082 quae
387 1058 466 1084 supra
480 1052 660 1081 substantiam
676 1059 727 1085 est.
758 1056 832 1082 nullo
854 1057 937 1084 modo

151 1095 206 1120 alia
224 1100 265 1122 est
279 1097 401 1132 euergia,
419 1098 476 1124 sive
489 1100 621 1133 operatio,
640 1107 665 1127 et
677 1109 771 1128 manus
791 1111 839 1137 per
860 1111 939 1136 «luant

151 1138 223 1166 Deus
236 1139 316 1167 Pater
330 1141 421 1174 omnia
443 1147 516 1169 creat
532 1149 559 1170 et
582 1143 658 1176 facit,
675 1145 725 1172 nisi
753 1146 829 1174 solus
849 1146 936 1174 Filius

150 1189 178 1211 et
206 1184 325 1219 Spiritus
353 1192 474 1219 sanctus,
503 1189 549 1222 qui
574 1194 638 1216 sunt
659 1198 755 1218 manrts
781 1191 827 1218 Dei
855 1201 938 1227 supra

146 1237 229 1265 quant
239 1231 440 1266 substantiales,
450 1234 628 1263 sicut’alicubi
638 1237 768 1270 scriptum
778 1243 820 1266 cst
830 1238 939 1267 :Manus

148 1281 202 1304 tute
216 1277 392 1312 feceruntme,
403 1285 427 1305 et
438 1280 636 1314 plasmaverunt
652 1291 691 1309 me
704 1284 737 1317 ²¹,
754 1291 803 1311 nec
822 1285 875 1312 alia
892 1293 937 1312 sa-

148 1325 248 1356 pientia
258 1328 286 1351 ct
299 1326 384 1352 virtus
393 1325 449 1356 Dei.
461 1327 511 1354 uisi
523 1327 580 1355 lunc
588 1329 643 1363 ipsa
654 1337 734 1363 supra
745 1331 935 1360 substantiam.

151 1367 236 1396 Vrrbo
247 1371 319 1397 enim
333 1371 437 1399 nomini
450 1373 508 1399 caeli
520 1374 621 1407 firmati
632 1380 706 1408 sunt,
716 1383 739 1403 et
753 1377 856 1412 Spiritu
882 1379 936 1405 oris

146 1414 205 1447 eius
221 1416 306 1442 omnis
320 1417 403 1444 uirtus
416 1426 506 1446 eorum
519 1420 540 1435 “
552 1422 571 1453 ',
583 1429 632 1448 nec
647 1422 698 1448 alia
711 1423 799 1457 imago
812 1428 838 1450 ct
850 1424 935 1458 gloria

147 1466 280 1488 comtcrua
297 1462 362 1496 Deo,
378 1464 429 1492 nisi
446 1465 543 1499 Filius,
562 1468 606 1501 qui
625 1473 667 1496 est
684 1471 935 1504 supraquarupriu-

612 113 735 145 DECAS
757 117 807 146 IX.
829 131 863 135 —
886 119 933 148 DE
954 120 1181 155 lNFiNl'I‘A'l‘E
1205 127 1243 156 IN
1261 128 1348 160 ΒΕΘ,

1740 134 1793 166 916

958 178 978 204 Α
996 181 1039 202 ιιιι·
1050 184 1087 203 cst
1102 179 1134 205 iis
1149 181 1192 215 qui
1206 182 1360 216 advertunt,
1375 185 1446 219 quod
1461 186 1580 215 excitato
1600 195 1726 223 corporo,
1746 190 1791 217 Fi-

998 222 1049 248 lius
1059 223 1157 251 dicitur
1168 228 1236 260 apud
1247 227 1358 255 Paulum
1372 229 1506 258 excitatus
1519 239 1602 259 ossea
1619 222 1732 261 mortuis
1745 236 1767 251 θ’
1782 244 1789 268 ;

997 275 1095 302 corpus
1110 271 1180 297 enim
1195 272 1294 300 dicitur
1309 282 1357 308 pro
1375 282 1500 308 persona,
1512 278 1552 305 sic
1565 287 1629 312 ergo
1646 287 1708 306 cum
1723 281 1790 307 dici-

1000 319 1062 341 tur:
1085 315 1170 342 Vitam
1196 318 1271 345 dedit
1293 319 1373 348 Pater
1397 321 1476 355 Filio,
1498 324 1649 359 intelligere
1683 332 1791 359 ομυιίιιι

1000 361 1082 388 vitam
1101 364 1176 391 carui
1193 365 1292 393 datam.
1311 366 1338 394 Si
1356 369 1427 395 enim
1446 370 1498 396 vita
1525 375 1568 398 est
1585 372 1669 406 ipsius
1686 374 1788 404 curuis.

999 409 1136 440 quotrtodo
1166 410 1220 436 vita
1256 413 1336 439 vitam
1362 415 1485 449 accipit?
1513 415 1630 444 Sanctus
1659 418 1787 453 Cyrillns,

998 452 1067 480 libro
1079 456 1173 489 qttiuto
1186 456 1362 493 Dialogorum
1374 461 1407 487 ad
1434 461 1572 489 Hermiam
1600 471 1607 489 :
1638 463 1666 490 Si
1684 452 1787 499 igitur,

997 500 1095 535 inquit,
1111 510 1162 529 notr
1174 508 1215 530 est.
1233 504 1316 532 Filius
1328 506 1382 533 vita
1397 508 1547 534 secundum
1569 514 1706 541 naturam,
1733 512 1787 538 erit

997 546 1107 574 omnino
1122 548 1147 574 in
1160 550 1267 583 propria
1281 551 1369 584 aliqua
1382 556 1477 579 natura
1490 554 1603 581 sortitus
1615 554 1696 581 vitam
1710 563 1786 582 suam

997 593 1077 620 aliam
1094 602 1174 628 quam
1193 596 1264 630 quod
1294 597 1350 632 ipse
1362 603 1414 626 est.
1441 599 1633 634 Respondeaut
1658 609 1724 636 ergo
1742 605 1786 636 qui

997 640 1037 666 sic
1049 647 1175 674 corrupta
1191 648 1218 669 et
1241 644 1388 678 depravata
1406 646 1532 681 dogmata
1561 647 1719 681 defendunt,
1738 651 1787 676 sub

996 693 1050 720 quo
1067 695 1166 721 genere
1181 689 1233 716 erit
1250 691 1336 723 nobis,
1351 696 1379 717 ιιι
1399 691 1436 718 illi
1465 693 1635 726 opinantur?
1664 695 1787 721 Denton-

995 738 1111 760 strnluru
1128 735 1200 761 cuiru
1214 739 1267 766 cst,
1286 744 1339 762 non
1357 745 1418 764 esse
1430 737 1542 765 factum.
1568 738 1636 766 llr-1n.
1654 739 1726 771 Vita,
1745 741 1788 767 in-

995 780 1064 814 quit,
1078 780 1146 807 facta
1164 787 1205 808 est
1219 790 1232 808 a
1256 782 1350 814 Patre,
1367 784 1435 810 dixit
1450 785 1522 811 enim
1548 784 1665 812 Joannes
1682 795 1687 813 :
1708 787 1785 819 Quod

995 827 1094 860 factum
1107 834 1144 855 est
1154 830 1180 855 in
1196 831 1262 863 ipso,
1275 831 1327 857 vita
1337 836 1392 857 erat
1405 831 1560 859 “.Vcrbum
1577 833 1655 866 cujus
1669 834 1722 860 vita
1735 841 1786 860 est.

994 873 1059 901 Cru.
1077 874 1127 907 Qui
1142 875 1277 909 colligavit
1295 876 1377 911 igitur
1392 877 1482 907 ambo.
1496 883 1521 904 et
1539 879 1564 904 iu
1583 886 1665 905 unum
1685 879 1786 912 aliqtrid

993 921 1110 947 contulit
1128 921 1212 947 vitam
1229 926 1256 949 ct
1273 921 1386 955 Filium,
1407 930 1457 950 nou
1477 924 1550 950 aliud
1563 931 1623 951 esse
1639 925 1703 951 dicit
1718 933 1787 958 pne-

997 972 1120 1000 ti-rquam
1134 967 1228 999 vitam,
1254 975 1315 1002 qua:
1344 969 1369 995 in
1395 968 1453 1003 ipso
1478 974 1544 997 est:
1572 970 1607 996 ita
1625 976 1650 996 ut
1673 971 1786 998 diversis

994 1012 1151 1040 nominibus
1186 1019 1282 1041 natura
1313 1014 1396 1042 unius
1429 1015 1474 1050 qui
1509 1016 1677 1050 intelligitur,
1708 1017 1786 1044 nobis

992 1059 1160 1092 signiﬁcetur
1186 1060 1244 1087 sive
1266 1060 1351 1087 Filius
1365 1080 1373 1091 .
1389 1061 1446 1088 sive
1463 1061 1517 1088 vita
1534 1061 1602 1088 forte
1617 1063 1720 1089 dicatur
1734 1064 1783 1096 (α).

992 1105 1069 1132 "ER.
1092 1105 1158 1139 Sir,_
1185 1107 1306 1141 inquaru.
1331 1108 1364 1136 Et
1401 1117 1495 1136 rursus
1519 1109 1588 1136 idem
1620 1109 1687 1137 lihro
1717 1119 1753 1138 vn
1774 1120 1780 1138 :

992 1152 1186 1186 Stlibjlclellltll‘,
1202 1154 1300 1188 inquit,
1316 1155 1458 1182 nobiscuru
1475 1156 1563 1183 sacris
1581 1160 1609 1183 et
1621 1157 1720 1184 divinis
1737 1158 1781 1184 lit-

990 1198 1069 1230 toris,
1089 1207 1149 1233 quae
1171 1205 1266 1233 aperte
1283 1201 1442 1234 praedicant,
1458 1208 1510 1227 non
1523 1202 1586 1228 vitm
1598 1202 1632 1229 ab
1653 1202 1706 1229 alio
1724 1211 1782 1229 ma-

991 1245 1247 1272 uautisruiuisrrrtru
1264 1253 1336 1278 esse,
1365 1246 1413 1286 sed
1442 1255 1472 1274 re
1497 1255 1558 1275 esse
1584 1247 1670 1282 ipsam
1698 1249 1779 1275 vitam

989 1292 1112 1325 Spiritum
1145 1293 1207 1320 vitae
1232 1292 1382 1320 secunduur
1414 1298 1540 1320 naturam
1573 1294 1711 1320 vivilieum
1753 1300 1780 1322 et

989 1344 1111 1364 sanctum
1125 1346 1131 1369 ;
1147 1339 1185 1365 sic
1196 1339 1268 1366 enim
1286 1340 1323 1366 ait
1338 1338 1436 1366 alicubi
1458 1339 1578 1367 Paulus:
1598 1339 1628 1367 Si
1649 1341 1779 1374 Spiritus,

988 1385 1032 1418 qui
1050 1385 1182 1411 suscitavit
1200 1384 1293 1412 Iesum
1303 1394 1319 1412 α
1334 1386 1455 1417 mortuisI
1465 1387 1568 1413 habitat
1582 1387 1608 1413 iu
1625 1387 1698 1413 trabis
1711 1396 1721 1416 :
1733 1388 1778 1421 qui

988 1430 1126 1456 suscitavit
1145 1430 1235 1457 Jesum
1248 1439 1264 1457 a
1283 1432 1407 1463 mortuis,
1425 1431 1566 1466 viviﬁcabit
1598 1437 1622 1458 et
1654 1432 1781 1459 mortalin

988 1483 1098 1505 corpora
1113 1482 1202 1503 nostra
1229 1485 1274 1510 per
1300 1477 1492 1504 inltubitautem
1515 1477 1645 1512 Spiritum
1671 1478 1727 1512 ejus
1753 1479 1779 1504 iu

148 1508 260 1542 ripium,
276 1515 302 1536 et
320 1509 439 1545 Spiritus
465 1513 534 1548 ejus,
547 1515 594 1548 qui
615 1519 657 1542 est
684 1521 747 1543 aute
779 1518 889 1549 satellla,
908 1522 934 1544 ct
949 1524 970 1552 ο
989 1522 1061 1547 nobis
1079 1522 1114 1549 ".
1129 1508 1258 1556 Spiritum
1276 1523 1358 1558 igitur
1386 1524 1448 1550 vita).
1464 1525 1613 1551 secundum
1643 1530 1778 1556 traturznu,

145 1559 173 1581 et
188 1554 248 1581 siue
261 1555 314 1582 ulla
333 1558 482 1586 variatione
503 1560 592 1596 imago
614 1566 640 1589 et
666 1562 751 1597 gloria
779 1562 825 1590 Dei
846 1563 935 1592 Patris

145 1607 198 1626 non
211 1599 336 1630 [tabentis
355 1611 475 1632 causam.

439 1650 555 1680 CAPUT
578 1651 633 1681 VII.

145 1690 222 1723 Quod
238 1693 424 1732 itrTrinitute,
440 1706 499 1730 quo;
510 1704 547 1725 est
573 1708 653 1732 supra
665 1702 853 1730 substantiam.
877 1711 933 1730 non

178 1732 216 1767 est
235 1729 289 1769 alio
303 1730 367 1769 vita,
384 1733 422 1769 uel
439 1729 572 1765 uoluntas.
597 1729 635 1762 uel
658 1736 787 1769 clrarr‘tas,
809 1737 847 1764 uel
870 1729 933 1765 ben;

179 1763 326 1803 tittrdo._t-cl
345 1767 522 1798 pulchritudo.
544 1763 582 1796 vel
595 1771 734 1802 sanctitas,
757 1763 839 1803 neque

179 1802 231 1831 tas,
247 1799 285 1825 vel
305 1800 401 1840 forma,
415 1803 588 1840 eglrreguuut,
614 1807 666 1833 nisi
690 1799 743 1839 ipse
771 1799 857 1834 Filius
874 1808 931 1840 Dei,

177 1839 202 1859 et
230 1840 336 1862 saltatus
346 1836 402 1870 ejus
422 1836 549 1872 Spiritus.

176 1878 388 1915 Chrysostomus
423 1885 574 1918 explauans
604 1887 695 1914 illud:
727 1888 760 1915 lu
794 1889 850 1922 ipso
874 1891 930 1917 vita

141 1930 207 1954 erat,
221 1930 244 1952 et
263 1926 314 1952 vita
327 1933 383 1954 erat
396 1929 442 1956 tua;
454 1930 599 1959 hominum.
616 1932 685 1960 Cum
706 1934 809 1966 audies.
832 1935 928 1970 inquit,

141 1967 175 1996 In
189 1970 244 2001 imo
261 1972 314 1999 t‘lltt
326 1979 393 2004 erat,
412 1983 444 2002 ne
461 1977 601 2006 existimes
619 1979 700 2006 Deum
722 1983 900 2014 compositum
921 1992 928 2010 :

141 2015 273 2050 siquidem
295 2019 423 2053 prodictus
446 2029 476 2048 cx
498 2022 586 2056 Patre,
603 2024 658 2052 ait:
674 2025 748 2052 Sicut
765 2025 847 2054 Pater
879 2029 930 2055 Im-

141 2064 181 2089 bet
197 2065 275 2092 vitum
294 2066 320 2092 in
332 2068 482 2101 serrrrtipso,
497 2069 535 2096 sic
556 2071 627 2097 dedit
643 2076 666 2097 et
691 2071 761 2099 Filio
778 2075 856 2101 vitam
878 2076 927 2101 Ira-

140 2109 199 2136 bcre
213 2111 239 2137 iu
253 2113 393 2146 semetipso
405 2115 428 2130 "
443 2123 450 2147 ;
466 2117 566 2143 ctenim
582 2117 646 2144 alibi
665 2118 747 2145 etiam
762 2119 838 2151 dicit,
856 2122 927 2154 quod

140 2157 184 2183 lux
209 2162 252 2184 est
272 2158 342 2186 Dens
358 2160 417 2193 "';
441 2166 468 2187 et
491 2162 588 2189 iterum
606 2165 677 2198 quod
703 2166 788 2192 lucetu
825 2167 928 2194 habitat

141 2202 364 2230 iuaccesmbiletu
382 2205 425 2237 ¹³;
450 2205 506 2232 haec
518 2208 609 2234 omnia
627 2207 699 2235 dicta
716 2215 790 2241 sunt,
821 2219 873 2237 uon
901 2217 929 2237 ut

139 2249 310 2283 suspicentur
325 2252 552 2286 compOsitiouern
569 2273 576 2285 ,
604 2255 651 2281 sed
683 2261 711 2282 ut
736 2257 863 2290 paulatim
895 2259 928 2284 ad

139 2296 322 2324 excelsitatcm
344 2298 500 2333 dogmatum
519 2301 665 2328 eleveruur.
698 2301 766 2334 Quia
786 2304 857 2330 enim
876 2311 928 2330 uou

139 2341 218 2368 facile
235 2343 296 2376 quis
313 2351 345 2370 ex
365 2344 444 2379 vulgo
458 2346 630 2379 cogitaverit.
649 2349 785 2381 quomodo
812 2354 852 2377 est
875 2351 928 2377 vita

139 2386 197 2420 ejus
215 2396 264 2423 per
275 2397 303 2415 se
313 2390 461 2424 exsistens,
480 2393 595 2426 primum
612 2394 719 2427 quidem
754 2395 820 2422 illud
845 2397 925 2428 dixit,

139 2435 208 2463 quod
227 2435 354 2463 humilius
371 2442 430 2470 est;
446 2437 544 2466 deinde
564 2439 620 2474 jam
637 2441 757 2467 eruditos
782 2442 827 2467 ad-
844 2443 924 2470 altius

138 2481 220 2508 ducit.
237 2481 287 2514 Qui
308 2483 380 2509 cuitu
394 2483 482 2510 dixit:
501 2484 581 2511 Dedit
597 2493 620 2512 et
644 2487 724 2513 vitam
740 2487 835 2515 habere
847 2508 855 2519 ,
876 2489 921 2515 hit:

139 2534 232 2555 rursus
247 2528 306 2555 ait:
327 2528 383 2564 Ego
399 2538 456 2556 sum
477 2532 530 2558 vita
557 2532 588 2558 “.
606 2532 719 2567 Magnus
743 2535 921 2568 Athanasius,

137 2573 163 2601 iu
179 2574 247 2602 libro
260 2574 296 2603 De
310 2576 423 2604 aduentu
441 2577 488 2605 Dei
505 2579 531 2605 iu
552 2587 630 2606 carne
648 2587 658 2606 :
677 2580 849 2608 Manifestum
866 2582 920 2617 igi-

171 2666 194 2682 “
207 2665 286 2695 Joau.
316 2677 384 2700 xvu,
398 2670 424 2697 5.
480 2671 502 2687 ¹⁰
515 2672 581 2700 ibid.
596 2673 642 2700 22.

136 2701 217 2739 εἶβε.»
241 2703 314 2739 _"l
337 2705 407 2733 'l‘rm.
437 2714 473 2739 vt,
500 2707 544 2734 16.

135 2735 157 2753 ⁸⁸
165 2737 228 2765 ibid.
238 2737 266 2765 2.

600 2709 621 2724 ⁸⁵
649 2709 728 2738 Joan.
767 2719 823 2743 xlv,
854 2712 881 2739 6.

695 2675 716 2691 "
732 2675 802 2702 Psal.
815 2683 909 2708 cxvut,
926 2675 969 2702 75.
1008 2676 1041 2692 ’¹“
1056 2675 1127 2702 Psal.
1148 2682 1152 2701 1

695 2719 728 2738 ιιι.
767 2719 823 2738 xtv.
854 2712 881 2738 6.
936 2712 959 2727 ’⁵
982 2711 1072 2738 Galat.
1098 2717 1116 2738 ι.
1144 2711 1152 2735 ι

990 2719 1072 2739 autat.
1098 2719 1116 2742 ι,
1144 2719 1165 2737 ι.

989 1575 1100 1600 prorsus
1113 1568 1177 1594 nihil
1191 1569 1262 1596 aliud
1277 1574 1374 1603 pra-ter
1388 1569 1474 1604 ipsam
1485 1571 1566 1596 vitam
1578 1575 1617 1596 est
1629 1570 1776 1597 secundum

988 1618 1089 1641 rectam
1111 1615 1257 1642 rationem.
1274 1616 1305 1642 Et
1323 1616 1411 1643 adhuc
1423 1616 1449 1643 in
1466 1617 1601 1651 capitibus
1615 1616 1653 1643 De
1673 1617 1777 1647 Splt‘iltt

986 1665 1078 1687 sancto
1098 1668 1107 1687 :
1125 1661 1261 1695 Scriptum
1275 1667 1316 1689 est
1329 1670 1422 1689 rursus
1438 1670 1445 1689 :
1461 1662 1491 1690 Si
1503 1662 1630 1696 Spiritus,
1642 1663 1779 1698 quisusci-

987 1706 1049 1732 tuuit
1065 1705 1156 1733 Jesum
1172 1706 1305 1734 Christum
1319 1716 1334 1734 a
1346 1708 1470 1741 mortuis,
1501 1708 1606 1735 habitat
1633 1709 1661 1735 iu
1688 1708 1774 1738 nobis,

985 1752 1029 1787 qui
1042 1752 1177 1780 suscitavit
1191 1752 1282 1780 Jesuut
1299 1753 1436 1781 Christum
1461 1763 1476 1781 a
1491 1755 1615 1787 mortuis,
1631 1755 1777 1788 vit'i/icabit

984 1804 1008 1826 et
1025 1799 1148 1826 mortalia
1155 1808 1267 1834 corpora
1281 1805 1372 1827 nostra
1384 1809 1430 1835 per
1442 1801 1632 1828 inhabitantem
1646 1800 1776 1836 Spiritum

983 1844 1039 1878 ejus
1055 1845 1175 1872 intrabis.
1193 1845 1245 1872 Sed
1260 1846 1281 1872 si
1294 1845 1412 1880 Spiritus
1425 1851 1536 1874 sanctus
1545 1852 1672 1873 creatura
1688 1852 1775 1880 esset,

983 1895 1010 1918 et
1027 1892 1124 1924 factus,
1152 1896 1181 1918 ut
1205 1892 1299 1918 insane
1329 1892 1438 1919 tradunt
1470 1892 1603 1924 harrctici,
1631 1894 1771 1927 quaruodo

983 1942 1065 1965 totam
1080 1938 1263 1973 operationem
1278 1938 1323 1965 Dei
1337 1938 1534 1965 ltabcrct?Non
1544 1939 1614 1966 cnim
1626 1939 1769 1973 rlttisqtt‘tru

984 1989 1099 2016 tantum,
1111 1989 1140 2010 ut
1155 1985 1261 2018 opinor,
1280 1992 1294 2010 a
1313 1991 1378 2010 sana
1391 1989 1481 2011 rueutc
1495 1984 1611 2016 excidet,
1629 1989 1659 2010 ut
1675 1984 1773 2012 audeat

982 2031 1024 2056 vel
1035 2031 1126 2057 dicere
1143 2031 1243 2062 solum,
1254 2030 1353 2057 divina:
1362 2031 1523 2058 substantia:
1533 2039 1580 2065 per
1593 2032 1770 2058 instrumenta

982 2077 1104 2110 (puellam
1121 2075 1185 2101 foris
1202 2081 1293 2102 creata
1309 2076 1459 2103 miuisu-ari
1480 2076 1512 2103 ad
1536 2079 1721 2112 operationem
1737 2086 1770 2104 ex

981 2121 1078 2154 suipsa
1112 2122 1273 2148 naturaliter
1306 2126 1492 2149 transeuntem
1514 2123 1547 2149 ad
1573 2123 1678 2157 aliquos
1694 2142 1702 2155 ,
1724 2124 1769 2156 qui

981 2172 1046 2193 sunt
1061 2166 1094 2193 ad
1108 2166 1294 2200 recipiendum
1309 2167 1381 2194 illam
1393 2167 1482 2194 idonei
1494 2173 1522 2196 et
1539 2169 1607 2202 apti.
1623 2168 1690 2201 Quia
1707 2176 1770 2195 Verri

981 2212 1068 2239 Filius
1089 2212 1142 2238 vita
1163 2217 1204 2240 cst
1224 2213 1373 2240 secundum
1392 2218 1529 2247 naturam,
1557 2214 1675 2247 Spiritus
1706 2222 1770 2241 vero

980 2258 1014 2284 ab
1029 2259 1088 2293 ipso
1102 2259 1183 2285 datus
1197 2258 1331 2291 vivilieat,
1358 2259 1521 2294 relinquitur
1542 2262 1706 2292 necessario,
1740 2266 1770 2287 ut

979 2305 1165 2332 conliteudum
1180 2306 1216 2332 sit
1231 2313 1290 2332 esse
1307 2313 1340 2332 ex
1359 2307 1513 2334 substantia
1538 2307 1608 2340 cjus,
1629 2315 1690 2334 cum
1709 2316 1768 2333 utu-

979 2358 1040 2377 neur
1061 2350 1121 2377 Fdii
1141 2356 1167 2378 et
1184 2351 1230 2378 Dei
1248 2351 1374 2378 virtutem
1393 2356 1420 2378 et
1448 2353 1634 2386 operationem
1658 2353 1766 2385 habent,

979 2402 1008 2424 ut
1020 2398 1041 2424 si
1057 2405 1139 2430 Vapor
1158 2405 1191 2424 ex
1215 2405 1282 2432 aqua
1296 2399 1435 2429 ascendat,
1449 2404 1476 2425 et
1492 2407 1540 2432 per
1551 2405 1581 2426 ea
1598 2407 1657 2433 quae
1671 2408 1767 2434 opera-

982 2450 1037 2475 tur,
1054 2451 1100 2470 eus
1109 2445 1178 2478 apud
1189 2451 1257 2478 quos
1268 2449 1319 2476 est,
1333 2444 1485 2479 refrigeret,
1497 2450 1525 2472 et
1537 2453 1663 2472 Ilztlttraltt
1676 2455 1766 2481 aqute.

980 2491 1050 2515 unde
1063 2490 1205 2519 eutitiilur,
1227 2489 1372 2522 signiticet.
1387 2489 1414 2515 Ιιι
1434 2489 1536 2516 eisdem
1553 2498 1559 2516 :
1578 2489 1643 2522 Lex,
1668 2492 1766 2526 iuquu,

978 2535 1093 2569 Spiritus
1109 2536 1167 2562 vita:
1195 2535 1230 2564 ".
1265 2542 1298 2562 tte
1328 2535 1446 2569 Spiritus
1473 2542 1583 2563 sumtus
1616 2539 1768 2571 reperiatur

979 2587 1083 2609 tantum
1113 2581 1199 2616 legem
1227 2580 1311 2614 ferre,
1339 2582 1385 2608 sed
1413 2582 1565 2616 reperiatur
1593 2583 1649 2617 jattt
1681 2585 1764 2611 etiam

1339 2675 1361 2690 "
1377 2675 1455 2702 Joau.
1483 2683 1498 2702 v
1510 2696 1516 2705 .
1534 2675 1580 2702 ‘36.
1629 2676 1663 2691 "'
1683 2676 1762 2704 Joan.

1500 2711 1521 2726 "
1537 2711 1614 2738 Itotu.
1640 2719 1697 2745 vtu,
1726 2715 1764 2740 tt.

1008 2676 1041 2692 ’¹“
1056 2673 1127 2702 Psal.
1148 2682 1235 2704 xxxtt,
1257 2674 1284 2701 6.

1221 2710 1243 2728 ³⁸
1269 2709 1346 2738 Joau.
1371 2718 1398 2744 ι,
1417 2712 1444 2738 ι.

168 2840 207 2874 (α)
225 2840 302 2873 Quod
326 2841 348 2869 si
367 2840 436 2869 nihil
460 2842 533 2870 aliud
551 2848 592 2871 est
608 2851 688 2879 quarti
707 2845 771 2878 vitaI
793 2849 866 2872 totus
881 2849 922 2872 cst
935 2850 999 2879 tua,
1019 2851 1104 2874 etsna
1123 2847 1175 2874 vita
1190 2853 1216 2874 ct
1229 2856 1308 2876 suum
1322 2855 1394 2882 che,
1411 2857 1437 2875 et
1453 2856 1505 2876 ιιυιι
1520 2849 1616 2878 lactus.
