1955 3076
189 117 240 149 947

764 119 831 149 JOA
838 119 929 150 NNIS
949 118 1236 152 CYPARISSIOTIE

1751 123 1817 156 948

191 173 306 205 spiritus
320 172 398 205 vitm;
415 177 441 200 et
453 180 512 206 quas
527 172 603 199 vita?
620 181 686 200 sane
695 172 831 207 Christus,
849 175 894 209 qui
912 175 970 203 ait:
985 179 1009 208 Α
1023 176 1136 211 Magnus
1156 178 1271 206 Basilius
1287 179 1406 207 scribens
1420 179 1453 207 ad
1479 180 1658 208 Ctesarienses
1682 189 1690 208 :
1709 179 1736 207 Si
1753 188 1813 207 non

188 218 245 254 Ego
261 227 319 246 sum
339 219 436 246 veritas
445 223 468 245 et
481 219 534 245 vita
551 220 583 245 ".
601 219 711 246 Christo
726 220 807 255 igitur
828 221 912 254 legem
933 221 972 248 Ie-

187 269 275 296 rente,
289 264 407 297 Spiritus
420 264 479 298 ejus
494 270 585 298 utpote
599 272 630 292 ex
647 266 716 300 ipso,
733 271 760 291 et
774 266 800 292 itt
819 266 877 299 ipso
890 272 953 294 natu
963 281 971 288 -

187 311 283 337 raliter
295 309 525 340 t-xsistensleeem
546 311 606 338 fert.
629 311 740 346 Magnus
753 312 928 343 Athanasius.
942 313 975 341 in'

187 363 241 382 uno
260 363 292 382 ex
308 354 384 382 libris
408 359 501 382 contra
523 357 635 384 Arianos
652 365 661 384 :
678 357 729 384 Sed
759 358 845 392 impii,
871 358 968 393 inquit,

191 408 243 426 non
256 401 410 428 concedunt
428 409 488 428 esse
505 401 601 428 Filiunt
621 401 749 433 Verbum.
776 409 803 430 et
829 404 970 431 consilium

188 446 295 477 vivens.
313 453 405 473 verum
424 446 528 481 ﬁngunt
541 448 665 476 accidere
681 448 737 475 Deo
751 449 869 476 humano
896 457 972 477 more

188 491 266 522 velle,
281 496 308 518 et
324 492 484 524 sapientiam
513 498 639 526 tauquam
661 495 779 521 ltabitum
807 496 927 529 habere;
943 501 971 524 et

187 537 276 563 munia
292 541 398 564 movent
409 545 440 565 ac
456 537 589 565 Valentini
603 540 803 573 intelligentiam
823 546 849 568 et
874 542 970 569 volun-

189 587 272 609 tatem
286 583 428 618 objiciunt.
449 585 565 612 Sanctus
587 585 704 621 Cyrillus
722 587 747 613 itt
766 586 905 614 Thesauri:
921 596 930 614 :
944 588 971 615 Si

187 628 341 659 consilium.
358 629 492 663 inquit,et
508 630 634 658 voluntas
665 631 754 658 Patris
767 637 809 658 est
825 631 921 665 Filius,
938 638 967 660 ιιι

187 674 296 708 quidem
313 679 364 707 est,
378 676 513 709 quomodo
530 676 655 704 voluntas
672 678 807 705 antecedit
821 680 968 706 essentiam

186 720 245 752 ejus
258 719 270 746 ?
298 719 329 746 Et
344 728 437 748 rursus
453 721 479 748 in
492 721 593 748 eisdem
608 731 615 748 :
634 722 687 749 Aut
706 723 777 750 enim
792 731 903 751 necesse
927 729 970 752 est

187 771 234 791 vos
252 765 330 792 aliam
349 766 450 800 ﬁngere
465 767 636 801 sapientiam,
653 768 677 795 iu
709 776 776 802 qua,
795 777 855 796 cttm
874 770 969 802 voluit,

187 809 285 837 Filium
297 812 413 846 peperit,
430 817 458 839 ut
475 820 522 840 vos
536 813 647 847 dicitis;
662 820 708 841 aut
719 814 742 842 si
765 816 816 842 alia
842 823 894 842 tton
917 820 969 848 est,

1023 227 1075 254 est,
1091 223 1188 257 inquit,
1214 224 1326 258 simplex
1345 223 1462 259 Spiritus
1488 230 1610 257 sanctus,
1636 225 1812 259 compositus

1023 273 1064 295 est
1075 275 1108 295 cx
1128 269 1290 301 substantia,
1307 273 1334 296 et
1352 277 1385 296 ex
1401 269 1569 297 sanctitate:
1586 274 1611 297 at
1637 270 1698 304 quis
1710 270 1746 296 ita
1764 277 1817 296 ve-

1023 320 1085 341 cors
1101 319 1153 345 est,
1169 320 1198 341 ut
1211 316 1390 348 compositum
1402 314 1475 343 dicat
1487 315 1618 350 Spiritum
1633 321 1770 347 sanctum,
1782 319 1816 341 et

1026 367 1079 386 non
1091 360 1241 394 simplicem
1255 360 1267 386 ?
1293 360 1324 386 Et
1338 360 1486 394 Gregorius
1501 360 1674 395 Theologus:
1690 360 1718 387 Si
1735 360 1815 387 enim

1024 405 1077 432 alia
1092 406 1278 434 estsanctitas
1305 412 1404 441 praeter
1431 406 1561 441 Spiritttnt
1586 412 1721 435 sanctum.
1749 413 1817 440 qua:

1026 451 1082 478 haec
1100 452 1276 486 intelligatur,
1306 453 1378 480 dicat
1396 452 1543 487 quispiam.
1559 453 1677 479 Sanctus
1690 451 1817 487 Cyrillus

1023 495 1162 523 disserens
1181 496 1215 523 de
1227 497 1329 531 Spiritu
1342 501 1459 524 sancto:
1480 497 1549 529 Quid
1565 504 1634 530 opus
1657 502 1697 524 est
1729 497 1817 531 longo

993 574 995 576 η
1023 539 1136 567 circuitu
1149 541 1290 567 verborum
1304 546 1330 567 et
1340 540 1535 574 multiplicibus
1545 541 1718 568 nationibus?
1728 540 1809 567 Illam

1023 585 1094 610 enim
1109 584 1192 618 ipsam
1210 584 1334 612 virtutem
1348 585 1561 612 sanctilicantem
1573 592 1606 612 ex
1631 585 1710 610 Patre
1736 591 1809 618 pro-

1024 628 1251 662 cctlentem.quae
1283 628 1478 663 perfectionem
1503 628 1669 662 imperfectis
1697 628 1812 658 tribuit.

1023 673 1139 701 dicimus
1150 681 1210 701 esse
1222 674 1351 708 Spiritum
1362 679 1498 702 sanctum.
1511 674 1543 701 Et
1556 681 1668 708 magnus
1684 673 1795 700 Athana
1806 687 1815 692 -

1023 720 1091 751 sius,
1121 720 1147 746 in
1163 720 1346 755 disputatione
1371 720 1522 747 Orthodoxi
1545 724 1572 747 et
1598 719 1721 746 Λυοωωὶ
1746 720 1814 746 ait:

1023 764 1068 792 Sic
1087 765 1154 792 dicis
1167 766 1264 792 bonttm
1276 765 1407 801 Spiritum
1427 766 1499 793 sicut
1514 766 1620 793 Patrem
1640 770 1667 792 et
1686 764 1787 791 Filium
1803 764 1818 791 ?

1023 810 1109 838 οιιτιι.
1140 811 1268 839 Maxime.
1294 811 1413 846 Spiritus
1442 811 1513 838 enim
1543 811 1570 838 itt
1600 810 1815 845 participatione

188 854 234 881 sed
250 859 293 882 est
305 855 362 890 ipse
375 856 448 883 solus
461 858 592 892 sapientia
606 857 712 892 Patris,
742 859 800 894 ipse
823 865 864 887 est
879 865 906 888 et
924 868 972 887 vo.
988 856 1009 884 Β
1025 856 1154 884 bonitatis
1166 857 1204 892 (I)
1221 858 1320 884 houutu
1342 862 1393 889 est.
1416 857 1466 885 sed
1482 864 1577 885 rursus
1593 856 1704 887 bonum,
1719 856 1743 883 id
1757 860 1814 886 est.

187 899 288 927 Iutttas.
304 901 336 928 Et
351 901 377 928 in
398 902 430 929 iis
446 910 505 934 qua:
523 904 556 930 de
583 904 687 939 Spiritu
705 911 799 933 sancto
828 906 939 941 scripsit
961 914 968 933 :

189 945 308 980 Spiritus
342 953 462 981 sanctus,
487 950 583 984 inqttit,
612 951 656 986 qui
689 956 732 979 est
758 959 835 979 meus
858 952 971 985 Christi,

188 992 278 1018 omnia
289 1000 349 1027 quae
363 993 389 1020 in
403 994 461 1028 ipso
476 999 549 1026 sunt.
566 996 692 1024 edisserit
703 997 856 1031 discipulis,
874 1006 927 1024 nott
943 999 968 1025 in

188 1039 296 1072 propria
314 1039 429 1073 quadam
445 1041 592 1072 voluntate.
618 1050 704 1077 neque
719 1050 813 1070 rursus
828 1044 854 1070 in
872 1043 970 1074 aliena.

188 1085 234 1111 sed
252 1090 380 1119 tanquam
393 1093 424 1112 ex
439 1086 588 1113 substantia
601 1088 658 1121 cjns
674 1089 833 1121 procedens,
846 1093 873 1116 et
886 1094 968 1116 totatn

188 1130 246 1163 ejus
259 1130 432 1162 voluntatem,
449 1131 520 1158 sicut
534 1137 561 1159 et
574 1134 763 1167 operationem
791 1134 905 1162 habens.
938 1134 972 1162 Et

189 1175 299 1203 divinus
327 1175 538 1204 Datnascenus:
569 1178 591 1206 0
622 1180 782 1207 tuiraCqutn
814 1188 911 1208 novum
939 1189 971 1208 cx

188 1221 317 1248 omnibus
328 1221 393 1249 olim
409 1223 568 1251 miraculis!
586 1225 632 1251 Dei
660 1227 730 1252 enitn
759 1227 901 1254 consilium
920 1232 972 1260 est,

188 1266 234 1298 qtti
253 1267 278 1293 itt
298 1272 374 1294 tttero
389 1273 509 1301 gestatus
526 1274 578 1301 est.
596 1275 624 1296 ιιι
649 1270 749 1297 infans.
774 1271 805 1298 Et
823 1271 972 1307 Gregorius

191 1312 357 1348 Thcologus,
373 1314 400 1340 in
412 1315 536 1342 oratione
552 1316 578 1342 in
591 1316 695 1343 laudem
710 1317 833 1351 Gregorii
846 1319 972 1354 Nysseni,

190 1359 268 1395 cujus
286 1360 450 1393 principium
469 1365 522 1394 est,
541 1361 627 1388 Amici
641 1361 726 1395 ﬁdelia
743 1371 750 1389 :
775 1363 856 1396 Deus,
874 1365 971 1399 inquit,

188 1405 275 1439 pacis.
294 1405 338 1444 qui
354 1405 535 1432 reconciliavit
549 1414 597 1434 ttos
610 1415 656 1440 per
667 1415 786 1439 crucem.
803 1410 847 1443 qui
864 1415 973 1444 propter

189 1455 332 1485 peccatum
367 1458 475 1479 eramus
503 1453 672 1486 oppugnati:
701 1454 746 1488 qui
776 1455 972 1489 evangelizavit

189 1503 282 1531 pacem
300 1496 333 1522 iis
350 1496 394 1530 qui
409 1497 497 1530 longe.
515 1502 542 1524 et
554 1497 587 1524 iis
602 1497 647 1532 qui
683 1506 774 1534 prope,
798 1500 832 1528 iis
856 1501 901 1534 qui
922 1502 973 1528 sub

189 1541 259 1576 lege.
279 1541 350 1568 etiis
360 1542 406 1575 qui
424 1547 499 1569 extra
514 1543 598 1577 legent
617 1549 708 1577 erant,
727 1545 805 1572 Pater
818 1546 970 1578 charitatis,

189 1587 331 1620 charitas;
355 1587 396 1614 his
408 1588 479 1614 enim
497 1589 651 1616 nominibus
684 1598 739 1624 prae
764 1592 869 1618 caeteris
881 1593 973 1619 vocari

190 1633 301 1668 gaudet.
315 1632 461 1668 Gregorius
478 1633 616 1669 Nyssenus
633 1636 659 1662 itt
669 1634 888 1665 Commentariiis
901 1638 974 1665 Cau-

191 1680 239 1706 tici
253 1679 421 1706 canticorum
438 1688 445 1706 :
461 1680 530 1713 Quia
544 1680 626 1715 igitur
645 1689 728 1708 unuttt
741 1687 781 1709 est
798 1683 974 1716 comtubittm,

190 1731 218 1754 et
237 1733 290 1753 una
302 1732 413 1760 sponsa,
429 1730 457 1753 et
469 1733 524 1753 uno
541 1734 643 1761 sponso
670 1727 820 1760 imp0uitur
847 1737 947 1756 corona
963 1739 972 1764 ;

192 1772 260 1800 uiltil
276 1772 347 1799 enim
363 1772 471 1807 penitus
486 1772 610 1805 interest,
639 1774 678 1800 vel
693 1772 790 1800 Filium
818 1774 865 1802 Dei
879 1783 975 1804 vocare

191 1818 361 1850 unigenitum
380 1817 510 1851 Verbum,
541 1818 583 1846 vel
604 1818 701 1848 Filium
733 1820 885 1848 dilectionis
903 1821 974 1856 ejus,

191 1870 221 1890 ut
239 1864 314 1893 Pauli
334 1871 399 1892 voce
416 1868 526 1892 utantur
540 1865 575 1892 '°.
591 1864 621 1891 Et
639 1870 749 1893 sanctus
771 1866 897 1901 Cyrillus,
914 1875 974 1895 cum

192 1909 226 1936 de
248 1909 351 1943 Spiritu
373 1914 467 1937 sancto
481 1910 577 1937 scribit
594 1919 601 1937 :
617 1909 751 1942 Quantam
781 1911 974 1947 benignitatem

192 1955 220 1980 in
237 1954 315 1981 nobis
332 1961 460 1989 operatus
486 1960 529 1983 est
557 1956 678 1982 omnium
705 1956 844 1989 Dominus,
876 1959 976 1986 docens

191 2000 291 2026 Paulus
305 2000 341 2027 ait
359 2009 366 2027 :
383 1999 452 2032 Quia
470 2000 586 2028 cltaritas
598 2001 643 2028 Dei
660 2001 757 2036 diffusa
765 2007 801 2028 est
815 2003 843 2028 in
853 2003 975 2030 cordibus

192 2045 288 2071 nostris
303 2053 348 2076 per
360 2044 490 2079 Spiritum
501 2051 636 2078 sanctum,
651 2048 695 2080 qui
711 2047 791 2074 datus
805 2053 842 2075 est
858 2049 930 2076 nobis
940 2049 973 2076 ³¹.

194 2089 223 2116 Si
236 2090 318 2124 igitur
336 2090 407 2117 Deus
422 2091 544 2119 charitas
559 2096 610 2124 est.
624 2097 653 2118 ut
669 2091 790 2119 Joannes
807 2093 927 2128 loquitur
942 2095 976 2127 ει,

192 2139 220 2160 et
236 2142 288 2162 tton
304 2140 347 2161 est
363 2135 435 2161 aliud
452 2135 519 2169 ipse,
532 2139 559 2162 et
578 2135 652 2162 aliud
671 2136 741 2169 quod
757 2136 784 2162 in
798 2136 856 2171 ipso
868 2141 910 2163 est
924 2137 977 2171 (est

1023 903 1131 930 bonitas
1145 908 1197 931 est.
1212 903 1283 930 Sane
1304 903 1446 931 .‘dttttlueus
1466 903 1576 936 quidem
1592 901 1759 936 evangelista
1773 902 1816 928 ait

1021 949 1123 976 dixisse
1133 949 1272 976 Dominum
1289 948 1339 976 :Si
1352 949 1433 983 igitur
1447 957 1492 976 vos
1506 956 1565 974 cum
1581 947 1645 974 mali
1662 947 1732 976 sitis.
1763 955 1815 972 no-

1022 996 1070 1021 stis
1086 996 1153 1022 bona
1167 996 1230 1022 (lata
1243 996 1307 1022 dare
1315 996 1379 1029 [iliis
1392 995 1504 1022 vestris:
1522 999 1621 1029 quanto
1633 994 1716 1028 magis
1729 992 1816 1019 Pater

1023 1041 1133 1068 ctzlratis
1142 1042 1216 1067 dabit
1225 1041 1291 1068 bona
1301 1041 1446 1076 petentibus
1457 1048 1516 1067 eum
1531 1040 1553 1056 ³³
1564 1040 1680 1069 iAtttlis.
1694 1039 1715 1065 si
1729 1046 1814 1065 aures

1025 1088 1128 1114 habes?
1159 1087 1230 1121 quod
1258 1086 1433 1120 evangelista:
1470 1093 1530 1112 cum
1554 1085 1656 1112 scirent
1679 1083 1814 1118 Spiritum

1022 1133 1092 1159 idem
1109 1139 1170 1159 esse
1185 1131 1256 1165 quod
1268 1131 1389 1160 bonitas.
1412 1136 1439 1158 et
1463 1131 1616 1158 bonitatem
1644 1130 1714 1156 idem
1732 1129 1810 1163 quod

1023 1178 1162 1212 Spiritus;
1187 1177 1232 1204 ille
1253 1177 1360 1209 quidem
1376 1178 1444 1204 bona
1466 1177 1535 1203 dixit
1555 1176 1640 1214 ipsum
1664 1175 1812 1208 Spiritum,

1023 1226 1090 1252 alius
1112 1232 1176 1252 vero
1192 1223 1320 1259 Spiritum
1333 1223 1388 1256 ipsa
1405 1223 1486 1249 bona.
1504 1222 1616 1255 Magnus
1639 1221 1764 1253 Basilius,
1783 1221 1812 1247 in

1023 1269 1156 1303 capitibus
1168 1269 1204 1295 De
1227 1267 1327 1302 Spiritu
1342 1271 1433 1294 sancto
1450 1275 1458 1294 :
1476 1266 1564 1292 Bonus
1585 1265 1712 1300 Spiritus.
1737 1265 1812 1291 sicut

1023 1316 1111 1343 bonus
1126 1315 1218 1347 Pater,
1234 1319 1262 1341 et
1277 1315 1364 1341 bonus
1377 1321 1410 1340 ex
1422 1313 1491 1339 bono
1506 1312 1612 1346 genitus
1627 1310 1810 1338 substantiam

1024 1362 1126 1389 habens
1144 1361 1230 1395 ipsattt
1248 1360 1406 1387 bonitatem.
1425 1358 1542 1385 Sanctus
1557 1357 1674 1392 Cyrillus
1683 1355 1812 1382 scribens

1024 1409 1056 1435 de
1075 1407 1175 1442 Spiritu
1185 1410 1278 1434 sancto
1292 1414 1299 1432 :
1317 1405 1438 1435 Accedit.
1452 1404 1547 1438 iuqttit.
1562 1403 1670 1438 quidam
1681 1403 1706 1428 in
1718 1401 1811 1429 Evan-

1023 1453 1110 1487 geliis.
1123 1457 1149 1479 et
1160 1452 1227 1479 dicit
1239 1451 1353 1479 Domino
1366 1455 1392 1478 ct
1408 1451 1462 1477 Deo
1478 1455 1570 1477 nostro
1583 1449 1650 1476 Jesu
1665 1449 1774 1475 Christo
1796 1456 1804 1474 :

1025 1498 1151 1534 Magister
1167 1498 1241 1525 bone.
1258 1498 1297 1524 Ad
1326 1498 1376 1524 hoc
1390 1496 1514 1524 Christus
1540 1495 1680 1529 respondit
1705 1501 1714 1520 :
1733 1493 1807 1525 Quid

1025 1553 1065 1571 me
1079 1544 1144 1570 dicis
1159 1544 1253 1570 bonum
1268 1543 1281 1570 .7
1300 1541 1383 1569 Nemo
1396 1542 1489 1573 bonus.
1516 1541 1567 1567 nisi
1591 1548 1658 1567 unus
1683 1539 1751 1566 Deus
1773 1537 1810 1565 “.

1025 1591 1134 1617 Christo
1149 1589 1231 1623 igitur
1245 1588 1354 1616 dicente
1367 1595 1449 1615 ttnum
1465 1593 1525 1614 esse
1539 1593 1601 1614 vere
1618 1591 1644 1613 et
1675 1585 1809 1613 substan-

1026 1635 1127 1663 tialiter
1139 1635 1249 1666 bonum.
1268 1633 1350 1661 David
1366 1634 1404 1661 ait
1420 1641 1427 1660 :
1445 1633 1560 1666 Spiritus
1582 1636 1644 1658 tuus
1661 1631 1742 1658 bonus
1765 1631 1812 1657 de-

1025 1683 1150 1709 ducetme
1163 1683 1188 1708 in
1201 1686 1297 1708 terram
1308 1685 1405 1707 rectam
1419 1679 1483 1706 ".Si
1494 1686 1559 1713 ergo
1570 1678 1641 1711 Filii,
1651 1677 1748 1712 quiest
1762 1676 1810 1704 bo-

1026 1737 1099 1761 nutu.
1108 1728 1225 1762 Spiritus
1237 1731 1276 1754 est
1295 1727 1406 1758 bonum,
1415 1725 1497 1760 liquet
1510 1725 1609 1751 divinae
1622 1728 1725 1750 natura;
1735 1729 1808 1754 esse,

1027 1776 1060 1804 de
1075 1775 1172 1810 quibus
1186 1782 1249 1801 vere
1260 1774 1360 1800 dicitur
1373 1772 1471 1800 bonum
1488 1770 1596 1806 proprie
1625 1774 1653 1796 et
1678 1768 1810 1803 singulari

1026 1823 1117 1849 modo.
1131 1821 1242 1856 Magnus
1256 1819 1398 1855 Apostolus
1411 1827 1417 1844 :
1431 1818 1482 1851 Qui
1496 1825 1554 1844 curn
1567 1817 1592 1844 in
1602 1817 1701 1851 forma,
1711 1815 1808 1849 inquit,

1026 1868 1074 1896 Dei
1085 1872 1162 1899 esset,
1172 1875 1223 1894 non
1234 1865 1504 1900 rapinamurbitralus
1517 1867 1554 1890 est
1571 1870 1627 1889 esse
1638 1870 1666 1888 se
1684 1861 1812 1895 aqualem

1027 1913 1080 1940 Deo
1093 1913 1124 1940 ".
1140 1913 1252 1947 Magnus
1264 1911 1379 1937 Basilius
1393 1919 1399 1937 :
1416 1910 1481 1936 Illud
1494 1910 1520 1935 in
1538 1908 1623 1943 forma
1642 1906 1695 1937 Dei.
1712 1906 1812 1940 inquit,

1027 1960 1186 1987 substantiae
1201 1958 1247 1985 Dei
1261 1962 1321 1990 est;
1336 1964 1387 1984 non
1406 1957 1478 1983 enim
1505 1954 1577 1981 aliud
1601 1957 1642 1980 est
1659 1951 1756 1981 forma.
1785 1955 1813 1978 et

1027 2006 1100 2032 aliud
1118 2003 1268 2031 substantia
1283 2002 1348 2035 Dei,
1376 2009 1409 2029 ue
1439 2000 1617 2034 compositum
1631 1999 1677 2025 sit.
1693 1998 1743 2032 Qui
1762 1998 1813 2031 igi-

1028 2056 1071 2079 tur
1085 2055 1126 2079 cst
1141 2049 1287 2078 secundum
1303 2048 1417 2075 formam
1432 2046 1556 2081 aequalis.
1573 2045 1724 2073 secundum
1744 2045 1812 2071 suh-

1028 2098 1156 2125 stautiam
1181 2101 1289 2129 quoque
1313 2093 1424 2128 atqualis
1440 2097 1494 2120 est.
1525 2091 1642 2119 Sanetus
1667 2090 1813 2125 Gregorius

1028 2143 1167 2179 Nyssenus
1199 2148 1261 2168 cutn
1283 2139 1410 2173 explanat
1438 2137 1526 2165 illud:
1548 2137 1677 2164 Adveniet
1704 2143 1812 2169 regnum

192 2180 264 2205 eniut
277 2179 405 2214 simplex.
427 2184 454 2206 et
469 2187 565 2213 expers
577 2180 809 2216 compositionis),
822 2179 920 2209 diﬂ‘ttsa
937 2187 978 2209 est
995 2191 1019 2221 υ
1035 2194 1107 2216 tum"
1120 2195 1131 2215 ε
1154 2187 1297 2218 Creamra,
1328 2185 1423 2220 inquit,
1455 2184 1539 2211 servit
1551 2203 1558 2216 ,
1580 2183 1697 2209 Servitus
1723 2185 1812 2207 aulelu

194 2230 282 2252 autent
296 2232 344 2260 per
356 2225 487 2260 Spiritum
503 2230 626 2252 sanctum
648 2225 815 2253 habitantem
829 2227 855 2254 in
874 2228 952 2255 nobis
969 2236 977 2255 :

194 2271 330 2305 estigitur
342 2271 462 2298 charltas
477 2269 595 2305 Spiritus
621 2275 744 2304 sanctus,
774 2273 819 2307 qui
849 2277 978 2307 tanquam

194 2317 303 2344 Deusitt
317 2317 397 2344 nobis
414 2316 517 2343 habitat
529 2322 575 2349 ,et
589 2316 690 2345 idcirco
706 2317 785 2352 plane
812 2318 892 2347 Deus.
906 2320 978 2348 Idem

193 2361 263 2388 libro
275 2362 362 2396 primo
378 2361 414 2388 ad,
427 2361 562 2388 Hermiam
585 2369 592 2387 :
609 2361 668 2395 Ipse
682 2363 766 2395 enim,
780 2363 827 2398 qui
859 2369 900 2391 est
916 2365 980 2400 pul-

193 2407 319 2435 chritudo
335 2407 490 2441 incorrupta
502 2406 548 2434 Dei
565 2407 663 2441 Patris,
693 2415 799 2436 summa
825 2409 977 2444 beatitudo,

194 2459 219 2480 et
233 2452 329 2483 forma.
348 2457 428 2487 atque
443 2453 567 2487 species;
597 2452 642 2488 qui
668 2461 700 2480 ex
716 2454 785 2489 ipso,
811 2459 838 2482 et
871 2455 896 2482 iu
919 2457 980 2491 ipso

194 2499 263 2527 Deus
294 2499 408 2527 Verbum
433 2498 531 2533 ahjecit
556 2499 675 2534 seipsum
699 2501 725 2527 itt
753 2501 978 2531 exinanitionem.

229 2567 252 2584 ²⁹
263 2567 341 2594 Jotn.
357 2574 411 2598 xtv.
430 2566 457 2594 6.

195 2602 238 2635 £8.
255 2603 296 2630 19.
334 2602 357 2618 ³⁸
368 2601 439 2629 I’sal.
453 2609 538 2635 CXLII,
552 2602 596 2628 10.
634 2601 657 2617 ³³
671 2602 787 2637 Philipp.
801 2611 831 2635 tt,
842 2604 869 2630 6.

496 2567 519 2583 ¹¹¹
534 2566 733 2603 Εοξοεεενιειὸν.
771 2567 794 2584 ³¹
821 2568 898 2597 ιίοηι.
915 2578 942 2603 v,
955 2570 982 2598 5.
1019 2570 1042 2586 ”
1056 2570 1067 2600 Ι
1080 2569 1157 2597 Joau.
1175 2576 1213 2601 tv,
1233 2567 1276 2596 16.

1029 2239 1135 2262 nonest
1151 2239 1282 2267 regnum,
1298 2230 1371 2264 atqui
1393 2237 1506 2265 regnum
1537 2232 1579 2255 est
1605 2227 1724 2262 Spiritus
1747 2233 1813 2253 san-

1028 2283 1107 2310 ctus;
1126 2285 1237 2312 regnum
1257 2283 1322 2304 vero
1338 2275 1416 2310 plane
1427 2279 1533 2309 regnat,
1549 2280 1603 2300 nou
1621 2277 1751 2308 regnatur
1765 2279 1775 2304 ;
1790 2271 1812 2298 si

1030 2323 1114 2358 igitur
1147 2321 1260 2357 rcg'num
1289 2325 1333 2348 est
1374 2320 1494 2354 Spiritus
1529 2322 1651 2349 sanctus,
1680 2316 1813 2351 quomodo

1030 2370 1116 2405 ipstttn
1131 2373 1233 2399 natura:
1248 2366 1376 2394 servienti
1390 2369 1569 2393 annumeraut
1593 2364 1680 2391 insani
1698 2362 1742 2390 isti
1755 2362 1766 2388 τ
1781 2361 1813 2388 Ει

1035 2416 1182 2451 Gregorius
1205 2414 1359 2449 Theologus
1382 2422 1388 2440 τ
1416 2412 1463 2439 His
1488 2411 1596 2446 quidem
1631 2410 1721 2436 lumen
1745 2407 1815 2443 quod

1032 2462 1154 2497 expromi
1171 2467 1223 2487 non
1241 2463 1342 2494 potest,
1357 2458 1489 2489 succedit,
1506 2460 1533 2483 et
1567 2453 1759 2487 contemplatio
1774 2459 1813 2479 re-

1033 2507 1099 2542 galis
1112 2504 1254 2532 Trinitatis
1270 2502 1435 2538 splendentis
1447 2501 1547 2529 clarius
1561 2505 1587 2529 ct
1601 2499 1703 2534 purius,
1716 2501 1744 2526 et
1757 2504 1814 2532 qua:

1315 2566 1338 2584 ³³
1354 2566 1448 2595 Matth.
1472 2567 1575 2598 vn,tt.
1614 2562 1715 2590 "Luc.
1737 2567 1812 2593 mn.

944 2658 1085 2690 Scholia.

230 2710 268 2745 (IV)
292 2709 408 2744 Spiritus
433 2709 460 2737 in
486 2709 687 2745 participatione
729 2709 862 2745 bonitatis.
879 2709 975 2737 bonum

195 2752 243 2774 ru.
254 2743 289 2772 'Id
305 2743 357 2776 est,
374 2746 400 2772 in
416 2743 620 2779 participatione
636 2749 726 2771 nostra
742 2743 870 2771 bonitatis
881 2749 979 2772 creatte

195 2786 235 2809 t'st
254 2781 340 2808 bonus
358 2780 476 2814 Spiritus
494 2785 620 2814 tanquam
634 2784 728 2806 auctor
740 2784 766 2814 et
779 2784 886 2807 creator
900 2779 977 2806 horti-

197 2817 260 2844 tatis
272 2823 286 2842 a
301 2815 379 2843 nobis
394 2815 574 2852 participatis;
594 2815 651 2851 ipse
668 2821 731 2841 vero
749 2813 866 2849 Spiritus
881 2819 977 2841 natura

1034 2714 1075 2736 est
1093 2709 1150 2743 ipsa
1164 2708 1272 2735 bonitas
1284 2715 1366 2741 supra
1383 2707 1541 2743 bonitatem,
1556 2706 1645 2739 itaque
1661 2712 1691 2743 ea
1708 2714 1768 2743 qua:
1780 2706 1810 2743 «lu

1033 2745 1087 2771 Deo
1105 2741 1178 2771 etde
1199 2743 1331 2769 creaturis
1347 2742 1483 2776 equivuce
1496 2741 1630 2769 dicuntur.
1655 2741 1687 2766 de
1709 2741 1762 2765 lim
1776 2742 1811 2765 tti-

1031 2783 1131 2806 cuntur
1146 2777 1294 2804 secundum
1312 2781 1436 2804 naturam
1450 2796 1458 2810 ,
1483 2777 1514 2804 dc
1531 2775 1663 2803 creaturis
1688 2782 1751 2802 vero
1765 2782 1812 2810 [M'I‘

1031 2813 1274 2846 participationem.
