1955 3076
103 175 158 207 949

541 178 661 209 DECAS
678 179 729 209 IX.
752 191 784 197 —
798 179 846 209 DE
870 179 1100 210 lNFlNlTATE
1120 180 1158 210 ΙΝ
1179 181 1264 210 DEO.

1672 177 1737 208 950·-

104 237 161 259 tnta
174 240 234 260 cum
256 233 322 261 totis
350 233 489 266 miscetur,
502 242 582 268 quam
615 243 727 269 regnum
753 236 884 263 rrelorutn
901 235 925 264 A
941 235 996 269 Ego
1011 244 1068 262 sum
1083 236 1136 262 vita
1151 236 1189 269 ³⁸;
1206 236 1284 263 Pater
1298 235 1380 262 habet
1401 235 1480 262 vitam
1503 235 1530 262 in
1546 242 1573 261 se
1595 235 1664 269 ipso,
1681 234 1722 260 Fi-

107 281 170 305 ess'c
186 286 296 306 censeo.
319 279 356 306 Ex
375 280 418 307 bis
450 281 626 307 manifestum
644 282 684 312 lit,
700 282 771 315 quod
792 282 816 307 in
830 281 890 307 Tri-

105 324 193 351 nitate
207 332 290 359 supra
305 325 494 357 substantiam,
509 326 573 352 nihil
589 333 620 352 ex
637 326 668 352 iis
684 334 744 360 quae
759 334 772 352 a
788 327 890 353 theolo-

106 370 147 403 gis
163 375 323 398 enumerata
345 375 418 403 sunt,
442 371 545 406 etlngit,
568 372 632 406 quin
658 372 777 399 declaret
803 372 890 399 soluat

107 422 169 442 esse
181 416 238 442 hate
251 416 275 441 in
295 414 349 442 Deo
364 414 454 448 Patre,
475 415 572 442 Filium
585 416 645 448 ejus
674 424 768 443 verum
798 417 890 448 Deum,

107 464 133 486 et
147 464 269 486 murium
287 460 346 493 ejus
364 460 506 495 Spiritum,
521 462 649 496 quocirca
673 462 719 496 qui
735 462 806 489 dixit
821 463 893 489 divi~

109 512 172 531 nam
188 505 434 540 Trinitatem,quaa
455 511 498 534 est
521 514 601 542 supra
630 507 806 542 principium,
837 507 894 535 hinc

109 549 191 576 simul
205 555 232 577 et
248 551 301 577 alia
311 551 469 586 complexus
484 555 539 578 est.

411 607 524 635 CAPUT
546 607 610 636 Vill.

111 649 188 683 Quod
210 651 236 678 in
254 650 383 678 Trinitate
400 653 466 679 nihil
480 657 518 680 est
534 654 604 688 quod
624 662 675 681 non
687 655 719 681 sit
735 655 897 688 substantia,

91 691 100 698 ⁸
146 691 171 712 et
188 693 318 722 persona;
334 695 379 713 nec
397 692 436 713 est
451 689 477 713 in
494 695 524 714 ea
540 689 641 722 aliquid
656 691 777 716 naturale
792 695 816 717 et
836 691 899 717 sub-

147 721 271 761 stantiola
294 720 381 753 Patri,
402 722 470 756 quod
491 720 597 761 quidem
624 732 676 750 nou
699 724 732 761 sit
758 724 853 761 Filius,
871 730 896 752 et

147 755 265 792 Spiritus
281 755 411 789 sanctus;
427 755 507 791 neque
532 758 679 792 quidquam
694 758 768 785 aliud
793 765 854 786 sunt
871 761 897 787 iu

149 790 331 830 Deo'ratioiies
345 799 435 830 egrum
451 790 509 826 quae
524 790 608 826 sunt,
621 793 672 820 nisi
688 793 815 828 implicita
839 796 899 821 tini-

109 846 116 850 .
148 826 263 858 genitum
279 824 327 852 Dei
347 824 467 853 Verbum.

150 870 267 897 Sanctus
278 871 395 906 Cyrillus
409 872 435 898 in
452 872 594 899 Thesauri:
606 872 674 900 libro
686 881 747 901 xtx:
765 873 824 902 Non
837 869 898 906 quia

113 916 140 943 in
159 916 237 943 nobis
249 914 380 950 Sapientia
394 922 421 944 et
440 918 555 945 scientia
575 926 630 946 non
646 924 688 946 est
701 920 727 946 in
746 927 793 946 sua
813 919 900 954 hypo-

113 961 195 993 stasi,
211 960 238 987 id
254 965 304 992 est,
323 968 375 989 non
387 962 495 989 exsistit
509 970 558 997 per
568 970 614 996 se;
632 964 734 991 idcirco
751 966 899 999 sapientia,

114 1013 176 1039 quae
194 1005 263 1032 inest
287 1006 315 1032 in
342 1006 408 1037 Deo.
437 1007 506 1034 idem
527 1008 691 1035 incommodi
717 1010 845 1044 patietur,
873 1015 902 1037 ut

116 1058 170 1076 non
186 1051 300 1078 exsistat
323 1059 370 1086 per
385 1060 424 1083 se.
449 1053 495 1080 sed
520 1054 738 1088 quandoquidem
763 1057 902 1083 conﬁteris

117 1104 172 1122 non
184 1103 245 1123 esse
261 1097 342 1124 Deum
359 1105 434 1125 more
451 1104 544 1126 nostro
556 1099 634 1134 plane
649 1101 797 1134 conﬁteris,
810 1103 900 1129 omnia

117 1149 179 1174 qua:
196 1141 268 1168 illius
284 1146 356 1174 sunt,
374 1150 427 1169 non
441 1151 502 1170 esse
518 1148 546 1170 ut
568 1149 660 1171 nostra
685 1150 758 1173 sunt.
785 1146 857 1173 Idem
875 1147 900 1173 in

117 1187 206 1220 primo
235 1187 426 1215 Thesaurorum
447 1197 456 1215 :
485 1189 667 1217 Considerent
701 1197 902 1225 oppugnatores

118 1233 218 1260 Christi
235 1234 448 1267 magnitudinem
462 1235 649 1270 imprudentia:
663 1244 735 1270 suat;
751 1245 810 1264 cum
829 1238 901 1265 enim

119 1278 224 1305 nollent
246 1279 336 1305 dicere
351 1287 433 1306 unum
454 1279 551 1307 Filium
568 1282 614 1309 Dei
637 1282 750 1309 similem
774 1291 834 1311 esse
853 1284 903 1311 Pa-

120 1323 166 1353 tri,
183 1323 250 1350 duos
264 1323 410 1358 dederunt;
432 1326 454 1352 si
472 1325 638 1353 Voluntatem
656 1327 716 1362 ejus
735 1328 828 1356 dicent
842 1336 904 1357 esse

119 1369 222 1402 aliquid
240 1377 288 1403 per
305 1377 334 1397 se
347 1371 491 1402 exsistens,
516 1372 538 1398 si
554 1379 620 1399 vero
644 1380 697 1400 non
719 1381 766 1408 per
780 1382 810 1401 se
826 1375 902 1402 exsi-

121 1415 178 1446 stit,
194 1422 245 1441 non
262 1415 314 1442 erit
328 1417 479 1447 character,
496 1417 520 1444 id
544 1422 596 1449 est.
611 1418 696 1452 ﬁgura
719 1426 764 1453 per
785 1427 813 1446 se
828 1420 903 1447 exsi-

120 1463 227 1493 steutis,
243 1462 313 1497 quod
329 1470 380 1489 non
396 1471 445 1498 per
464 1471 493 1491 se
510 1464 625 1492 exsistit.
641 1465 712 1492 Idem
729 1465 755 1492 in
775 1465 876 1493 eisdem
895 1476 902 1494 :

122 1507 240 1535 Omn‘no
263 1516 374 1536 necesse
397 1514 448 1541 est,
474 1511 544 1544 quod
569 1515 602 1538 ex
631 1511 721 1546 aliqua
745 1513 904 1540 naturaliter

944 283 1008 308 lium
1024 283 1137 316 scilicet,
1151 288 1177 310 et
1191 283 1256 310 nihil
1272 282 1343 309 aliud
1355 283 1499 317 quidquam
1513 287 1609 316 pra-ter
1626 281 1723 314 ipsum.

943 328 1016 355 1η1ριιι
1033 329 1059 356 in
1076 329 1177 356 eisdem
1193 337 1200 355 :
1216 328 1387 362 Quaacunque
1399 328 1524 355 dicuntur
1539 334 1598 353 esse
1621 326 1646 352 in
1671 325 1724 351 Deo

945 374 1026 402 Patre
1044 375 1214 406 naturaliter,
1232 379 1258 401 et
1275 374 1425 401 secundum
1448 373 1641 403 substantiam,
1669 371 1725 398 haec

944 420 1034 447 omnia
1051 419 1135 447 Filius
1158 425 1210 447 est.
1239 419 1319 447 Solus
1332 427 1412 446 verus
1432 418 1504 446 Deus
1521 418 1619 444 dicitur
1633 416 1723 447 Pater,

944 466 1007 500 quia
1030 465 1103 492 solus
1122 465 1203 492 habet
1217 464 1316 492 Filium
1334 464 1468 492 dicentem
1483 472 1490 491 ε
1514 463 1569 497 Ego
1585 470 1643 489 sunt
1661 462 1728 489 veri-

946 517 986 539 tas
999 513 1042 539 ":
1064 512 1138 539 solus
1163 513 1281 546 sapiens,
1309 515 1343 538 et-
1359 515 1453 545 potens
1473 509 1597 537 similiter
1610 508 1644 540 ⁵ο,
1666 507 1727 541 quia

946 558 1070 586 Christus
1085 557 1132 585 Dei
1150 558 1247 588 virtus,
1266 561 1294 584 et
1311 556 1357 583 Dei
1375 555 1506 589 sapientia
1521 555 1554 586 δι,
1571 553 1644 581 solus
1660 553 1729 579 (lici-

948 607 993 630 tur
1017 602 1139 630 habitare
1161 602 1247 630 lucem
1270 601 1483 629 inaccessibilem
1500 601 1539 633 i’;
1561 599 1642 626 habet
1658 599 1729 625 enim

948 650 975 676 iu
994 657 1024 676 se
1048 644 1107 686 ipso
1130 648 1225 675 Filium
1246 648 1380 675 dicentem
1399 656 1406 674 :
1426 646 1480 681 Ego
1497 654 1555 672 sum
1574 645 1620 672 tua:
1632 644 1666 675 ⁸³.
1685 652 1730 670 so-

950 695 991 722 lus
1005 695 1064 722 fons
1075 703 1151 729 aqua:
1164 695 1232 721 viva:
1244 693 1283 725 “;
1298 692 1430 727 siquidem
1445 691 1518 718 solus
1533 691 1613 718 habet
1634 690 1729 716 Filium

950 741 996 774 qui
1013 740 1077 767 dicit
1094 749 1101 767 :
1129 739 1182 774 Ego
1207 747 1264 766 sum
1284 739 1349 765 vita.
1367 738 1394 765 Si
1412 745 1475 771 ergo
1491 743 1570 763 omne
1596 734 1732 769 propriunt

953 785 1040 812 Patris
1057 789 1096 811 est
1121 784 1214 816 Filius,
1232 792 1292 810 cum
1319 783 1399 810 Pater
1415 783 1512 808 dicitur
1535 782 1636 807 habere
1652 780 1732 806 vitam

952 830 980 857 in
999 838 1028 857 se
1044 830 1102 865 ipso
1116 829 1150 862 ",
1167 829 1263 856 Filium
1292 828 1436 863 signiﬁcat,
1451 831 1477 853 ct
1493 834 1545 854 non
1566 825 1637 852 aliud
1653 825 1733 858 quid-

953 883 1032 908 quam
1048 880 1145 910 prteter
1163 875 1270 908 ipsum;
1289 882 1347 900 rum
1363 876 1450 899 autem
1470 872 1613 899 exsisteret
1629 871 1686 904 ipse
1706 870 1734 896 in

951 920 1020 947 Filio
1041 920 1186 947 secundum
1213 919 1392 947 substantiam
1413 918 1472 944 sine
1489 917 1543 943 ulla
1571 916 1735 946 variatione,

951 971 977 994 et
991 974 1053 993 cum
1071 970 1144 993 esset
1158 965 1210 992 vita
1229 964 1377 992 secundum
1399 968 1523 990 naturam
1538 983 1546 996 ,
1563 962 1633 989 dedit
1649 962 1734 995 ipsam

951 1012 1002 1039 sibi
1020 1011 1081 1045 ipsi.
1100 1011 1276 1042 Athanasius,
1287 1010 1356 1037 libro
1369 1013 1466 1045 quarto
1483 1009 1581 1036 Contra
1599 1007 1736 1035 Arianos:

952 1057 1176 1092 Quandoquidem
1197 1061 1254 1084 tota
1269 1056 1392 1083 essentia
1415 1055 1475 1083 Filii
1492 1054 1600 1089 propria
1619 1057 1660 1081 est
1674 1053 1737 1079 sub-

952 1103 1060 1130 stantia:
1077 1102 1176 1136 Patris,
1192 1107 1220 1128 ut
1244 1101 1373 1136 splendor
1395 1108 1427 1128 ex
1445 1100 1559 1133 lumine,
1574 1103 1600 1125 et
1614 1107 1645 1126 ex
1665 1099 1738 1126 fonte

910 1175 916 1183 ,
953 1149 1066 1181 ﬂuvius;
1092 1153 1121 1175 ut
1138 1148 1247 1175 tandem
1274 1148 1319 1181 qui
1346 1147 1418 1174 videt
1437 1147 1546 1178 Filium,
1562 1145 1650 1172 videat
1667 1145 1736 1178 quod

952 1194 1089 1228 proprium
1107 1193 1197 1220 Patris
1220 1196 1263 1219 est
1286 1201 1293 1219 :
1318 1196 1345 1218 et
1374 1192 1505 1224 intelligat
1527 1190 1598 1224 quod
1623 1189 1747 1216 essentia-

954 1239 1023 1271 Filii,
1039 1247 1099 1273 qua:
1116 1245 1147 1265 et
1169 1238 1250 1265 Patre
1272 1242 1324 1270 est,
1341 1237 1380 1264 sic
1398 1237 1423 1263 in
1441 1235 1520 1274 Patre
1538 1240 1591 1262 est.
1620 1235 1667 1261 Est
1692 1243 1739 1261 au-

953 1291 1006 1313 tem
1024 1290 1051 1313 et
1067 1284 1147 1312 Pater
1162 1285 1188 1311 in
1209 1283 1290 1316 Filio,
1308 1283 1372 1318 quia
1387 1282 1458 1317 quod
1481 1287 1523 1309 est
1537 1289 1570 1308 ex
1586 1280 1664 1307 Patre
1678 1287 1741 1315 pro-

954 1331 1053 1366 prium,
1069 1330 1121 1357 hoc
1142 1329 1226 1356 Filius
1246 1333 1296 1361 est,
1313 1329 1383 1355 sicut
1403 1327 1429 1354 in
1445 1327 1587 1361 splendore
1604 1325 1655 1357 sol,
1673 1330 1698 1352 et
1714 1325 1739 1350 in

955 1378 1059 1404 ratione
1074 1384 1162 1408 mens,
1175 1380 1203 1404 et
1222 1376 1248 1402 in
1270 1374 1351 1401 ﬂuvio
1371 1373 1449 1400 fons:
1466 1373 1504 1399 sic
1519 1372 1591 1399 enim
1609 1371 1652 1406 qui
1672 1378 1740 1398 con-

954 1422 1098 1456 templatur
1115 1421 1213 1449 Filium
1233 1419 1434 1454 contemplatur
1447 1418 1586 1452 proprium
1614 1416 1742 1443 substan-

955 1469 998 1494 liiﬁ
1024 1467 1130 1500 Patris;
1150 1471 1177 1493 et
1196 1465 1323 1499 intelligit
1344 1464 1415 1498 quod
1443 1462 1525 1490 Pater
1551 1463 1577 1489 in
1604 1461 1671 1488 Filio
1687 1466 1738 1488 est.

953 1513 1020 1541 Cum
1036 1513 1107 1540 enim
1122 1512 1229 1547 species
1246 1515 1273 1538 et
1291 1510 1420 1538 divinitas
1435 1509 1474 1543 (l)
1496 1508 1583 1535 Patris
1598 1508 1633 1534 sit
1647 1515 1741 1534 essen-

122 1553 230 1588 prodit,
263 1554 352 1582 simile
378 1555 403 1582 ei
432 1563 492 1583 esse
521 1557 670 1584 secundum
704 1558 941 1594 substantiam;c
960 1561 994 1585 tia
1020 1558 1090 1591 Filii,
1106 1564 1276 1591 consequens
1296 1560 1337 1583 est
1361 1556 1466 1583 Patrem
1486 1562 1548 1582 esse
1571 1554 1596 1580 in
1617 1553 1699 1586 Filio,
1715 1557 1742 1580 et

121 1600 245 1634 quamvis
261 1601 294 1627 ab
311 1601 356 1627 illo
373 1601 430 1635 ipso
452 1605 577 1636 tauquam
593 1610 685 1635 causa,
709 1604 807 1631 habeat
820 1610 848 1632 ut
863 1606 908 1641 sit.

123 1647 196 1673 Idem
218 1648 244 1674 in
267 1649 392 1676 eisdem:
412 1648 600 1683 lnquirendus,
620 1650 718 1684 inquit,
743 1655 786 1678 est
811 1651 907 1679 modus

123 1693 363 1725 dissimilitudinis,
378 1701 459 1729 quam
475 1695 556 1722 habet
576 1696 608 1722 ad
642 1696 751 1723 Patrem
775 1697 909 1723 voluntas.

124 1737 153 1764 Si
170 1738 242 1765 enim
259 1738 311 1764 ulla
331 1746 362 1766 ex
377 1743 453 1774 parte
468 1743 596 1774 tauquam
611 1741 699 1767 ntiuor
716 1742 784 1775 ipso,
797 1749 850 1769 non
863 1742 911 1769 ha-

125 1783 171 1809 bet
193 1782 396 1811 similitudinem
423 1785 493 1817 ejus,
522 1785 656 1812 videbitur
686 1792 778 1819 aperte
806 1787 910 1821 aliquid

124 1829 203 1857 exire
221 1835 253 1856 ex
271 1829 423 1856 substantia
448 1829 538 1857 Patris
553 1829 674 1857 deleritts
697 1839 729 1858 eo
757 1835 784 1858 et
808 1832 909 1863 minus.

125 1882 179 1901 non
195 1874 266 1901 enim
283 1874 407 1901 voluntas
424 1875 597 1902 extrinsecus
617 1877 731 1909 accedit,
759 1884 808 1904 nec
824 1877 911 1903 intro-

126 1921 207 1947 ducta
223 1925 274 1953 est,
297 1920 343 1947 sed
358 1928 390 1947 ex
408 1921 476 1955 ipso,
494 1925 521 1948 et
536 1922 562 1947 in
579 1921 657 1955 ipso;
674 1923 834 1950 deteriorem
849 1931 912 1950 vero

127 1966 237 2000 gignere
255 1973 304 1993 nec
321 1966 354 1993 iis
369 1967 415 2001 qui
438 1971 562 1993 naturam
583 1973 703 1994 creatam
719 1967 826 2000 habent,
842 1970 913 1996 acci-

128 2011 195 2037 dere
221 2011 348 2038 arbitror.
375 2011 487 2045 Maguus
513 2013 690 2045 Athanasius,
720 2013 790 2040 libro
817 2014 914 2048 quinto

129 2055 229 2083 Contra
249 2057 365 2083 Arianos
389 2057 451 2084 ait:
475 2058 562 2089 Sicut,
586 2058 683 2094 inquit,
701 2066 733 2086 ex
762 2059 816 2087 Deo
843 2060 914 2086 Deus

129 2107 180 2134 est,
193 2108 218 2130 et
229 2110 262 2129 ex
279 2103 400 2136 sapiente
415 2103 533 2137 sapiens,
551 2108 578 2131 et
593 2111 626 2130 ex
646 2104 778 2131 rationeut
799 2104 914 2132 habente

129 2147 226 2180 Λόγος.
239 2147 265 2174 id
280 2152 321 2175 est
337 2148 416 2181 ratio,
440 2149 496 2175 sive
509 2147 646 2181 Verbum,
666 2155 692 2176 et
709 2156 742 2176 ex
765 2148 844 2176 Patre
868 2148 914 2176 Fi-

131 2193 203 2227 lius;
234 2193 275 2220 sic
302 2201 335 2220 ex
361 2200 489 2227 persona,
509 2201 650 2228 personam
679 2194 798 2226 habens;
825 2199 852 2220 et
880 2203 913 2221 ex

960 1605 1056 1631 Filium
1074 1605 1099 1630 in
1116 1603 1205 1630 Patre.
1229 1602 1344 1629 Sanetus
1359 1601 1488 1636 Cyrillus,
1506 1600 1532 1626 in
1553 1599 1686 1632 capitibus
1705 1598 1742 1624 De

960 1649 1062 1684 Spiritu
1086 1651 1177 1675 sancto
1198 1653 1207 1673 :
1234 1645 1380 1680 lieperitur
1397 1645 1494 1672 alicubi
1522 1644 1662 1677 scriptum,
1688 1642 1742 1669 imo

959 1692 1026 1719 dicit
1042 1692 1135 1718 beatus
1150 1690 1268 1718 Joannes
1289 1689 1452 1724 evangelista
1467 1697 1474 1715 ε
1493 1687 1524 1714 In
1542 1688 1589 1714 hoc
1608 1686 1742 1721 cognosci-

960 1746 1018 1764 mus
1037 1737 1106 1772 quod
1120 1737 1148 1763 in
1170 1736 1244 1763 nobis
1261 1740 1299 1762 est
1322 1735 1402 1767 Deus,
1416 1742 1448 1761 ea:
1470 1733 1570 1767 Spiritu
1585 1740 1660 1767 quem
1673 1731 1743 1758 dedit

961 1785 1034 1811 nobis
1048 1783 1088 1815 “;
1107 1788 1134 1809 et
1159 1789 1253 1809 rursus
1276 1790 1283 1808 :
1301 1780 1335 1807 In
1355 1781 1404 1807 hac
1423 1779 1601 1814 cognoscimus
1626 1777 1695 1812 quod
1716 1777 1743 1802 t'u

960 1830 1016 1863 ipsa
1035 1836 1181 1859 manemus,
1199 1833 1221 1854 et
1237 1828 1292 1861 ipse
1308 1828 1334 1853 in
1351 1827 1435 1856 nobis,
1451 1825 1519 1861 quod
1533 1833 1564 1851 ex
1579 1824 1679 1856 Spiritu
1689 1823 1745 1849 suo

960 1875 1032 1901 dedit
1048 1874 1122 1901 nobis
1136 1873 1170 1901 ".
1189 1872 1218 1900 Si
1244 1873 1326 1907 igitur
1347 1872 1485 1898 habitante
1508 1871 1533 1896 in
1548 1870 1628 1897 nobis
1643 1867 1744 1902 Spiritu

961 1927 1010 1954 per
1029 1919 1274 1954 participationem,
1299 1917 1369 1945 Deus
1392 1921 1433 1943 est
1453 1916 1498 1951 qui
1523 1915 1635 1946 habitat,
1653 1918 1680 1941 et
1698 1921 1746 1940 nos

962 1972 1057 1993 smnus
1072 1965 1099 1991 in
1115 1964 1186 1997 ipso,
1200 1968 1227 1990 et
1245 1963 1303 1998 ipse
1316 1969 1411 1989 rursus
1427 1962 1452 1988 in
1469 1961 1557 1992 nobis,
1574 1960 1635 1993 quia
1659 1959 1745 1993 Spiri-

964 2015 1018 2038 tum
1036 2010 1147 2037 l'erimus
1157 2030 1165 2042 ,
1179 2009 1315 2043 quomodo
1328 2007 1444 2041 Spiritus
1458 2015 1511 2034 non
1526 2006 1578 2034 erit
1590 2005 1671 2038 Deus,
1683 2013 1745 2031 cum

963 2055 1061 2082 habeat
1077 2055 1103 2081 in
1120 2062 1149 2082 se
1161 2053 1311 2081 secundum
1328 2053 1509 2080 substantiam
1526 2056 1608 2079 totum
1624 2051 1746 2085 proprie-

965 2106 1046 2128 tatem
1073 2101 1118 2127 Dei
1142 2099 1243 2132 Patris,
1259 2099 1337 2134 cujus
1357 2098 1475 2133 Spiritus
1495 2105 1542 2132 per
1556 2097 1652 2124 Filium
1670 2104 1748 2123 crea—

967 2153 1032 2174 tura:
1043 2147 1188 2174 tribuitur?
1204 2146 1316 2180 Magnus
1332 2144 1486 2180 Dionysius,
1498 2151 1559 2179 cap.
1576 2143 1591 2171 5
1603 2143 1641 2170 De
1653 2143 1747 2169 diuitiis

965 2193 1136 2220 nominibus:
1152 2191 1320 2226 Exemplaria
1337 2197 1401 2217 vero
1423 2190 1537 2217 dicimus
1553 2197 1614 2216 esse
1630 2189 1748 2215 rationes

131 2238 283 2264 substantia
311 2238 508 2270 substantialis,
534 2238 769 2273 substantiaiuque
793 2240 914 2272 habens;
928 2229 954 2260 Ῑ)
969 2245 1058 2266 rerum
1084 2238 1110 2264 in
1127 2238 1191 2270 Deo,
1216 2236 1368 2263 ell'ectrices
1383 2235 1608 2264 substantiarum,
1631 2239 1658 2260 et
1674 2233 1749 2259 unite

130 2287 158 2310 et
180 2290 213 2309 ex
229 2283 378 2310 exsisteute
402 2283 547 2311 exsistens.
575 2284 604 2311 S.
627 2284 744 2319 Cyrillus
773 2285 841 2313 libro
870 2293 916 2312 xtv

132 2327 328 2356 Tliesaurorum
345 2336 354 2355 :
377 2328 488 2361 Paulus,
513 2330 612 2364 inquit,
632 2338 694 2357 cum
708 2331 773 2358 dicit
796 2332 919 2366 proprie-

132 2379 203 2400 tates
221 2374 357 2401 naturales
375 2378 402 2401 et
420 2375 621 2408 substantiales,
638 2383 697 2410 quae
724 2376 749 2402 iu
770 2377 821 2402 Deo
837 2377 917 2404 Patre

131 2424 207 2452 sunt,
222 2420 262 2446 sic
276 2420 313 2446 ait
327 2428 334 2446 :
356 2419 407 2453 Qui
423 2421 495 2447 solus
510 2419 585 2446 habet
604 2421 828 2448 immortalitatem
841 2422 873 2449 ³⁷.
887 2422 915 2448 Si

133 2474 199 2498 ergo
217 2465 282 2492 Ilillli
299 2465 370 2492 aliud
393 2465 526 2499 quispiam
552 2466 661 2492 deliniet
676 2474 737 2493 esse
755 2467 915 2495 immortali-

135 2515 227 2539 tatem.
245 2510 296 2537 nisi
315 2509 417 2543 vitam;
434 2511 487 2536 vita
503 2515 591 2537 autent
608 2515 649 2537 est
666 2510 760 2543 Filius,
773 2512 816 2544 qui
833 2511 913 2541 dicit:

169 2579 190 2595 ³⁷
206 2578 213 2604 l
227 2575 402 2609 TimJtJG.
441 2577 465 2593 ”
476 2577 553 2604 Joan.
575 2585 631 2609 xtv,
651 2576 678 2604 6.
727 2576 750 2593 "
778 2577 844 2605 ibid.

441 2577 465 2593 ”
476 2577 553 2604 Joan.
575 2585 631 2610 xtv,
651 2576 678 2604 6.

132 2615 155 2630 "
166 2614 243 2641 .loau.
256 2620 315 2647 vnt,
326 2613 366 2641 t2.

405 2613 428 2629 ”
442 2611 541 2640 Jerem.
553 2618 584 2644 ιι,
604 2613 646 2640 13.

965 2283 1191 2319 prteexsistentes,
1206 2290 1273 2317 quas
1296 2281 1512 2308 divinus'seruio
1532 2285 1610 2306 vocat
1626 2279 1749 2313 pratdcli-

964 2331 1092 2360 nitiones,
1103 2335 1129 2356 et
1147 2329 1253 2356 divinas
1265 2333 1346 2363 atque
1362 2329 1445 2354 bonas
1460 2327 1620 2358 voluntates,
1639 2333 1699 2360 qua:
1716 2325 1748 2350 al

964 2376 1182 2411 distinguendum
1199 2379 1226 2401 et
1243 2374 1412 2403 elliciendutn
1426 2381 1457 2400 ea
1471 2379 1531 2407 quae
1552 2377 1626 2404 .snnl,
1644 2371 1749 2400 valent;

965 2423 1113 2449 secundum
1132 2428 1198 2453 quas
1214 2420 1260 2454 qui
1275 2424 1317 2447 est
1337 2426 1417 2453 supra
1442 2417 1636 2446 substantiam,
1657 2415 1748 2442 omnia

966 2475 1026 2500 qua:
1041 2471 1114 2498 sunt,
1130 2464 1319 2500 prmdeiiuivit,
1344 2469 1371 2491 et
1389 2462 1525 2498 produxit.
1554 2462 1612 2495 Quo
1640 2461 1666 2487 iu
1690 2461 1750 2488 loco

966 2512 1072 2539 divinus
1094 2510 1245 2538 Maximus:
1261 2509 1446 2544 Exemplaria,
1463 2507 1560 2542 inquit,
1581 2514 1641 2542 qua:
1654 2509 1753 2532 vocant

893 2578 917 2594 ⁸⁸
932 2577 1011 2605 Rom.
1039 2585 1094 2608 xvt.
1126 2577 1172 2606 27.
1209 2576 1228 2592 "
1248 2576 1335 2604 ICor.
1362 2584 1382 2607 ι,
1411 2576 1456 2602 ει.
1495 2575 1518 2591 δ’
1535 2575 1543 2601 l
1558 2573 1628 2602 Tim.
1651 2580 1689 2603 Vl.
1708 2573 1751 2601 ίϐο

693 2611 715 2628 ⁸³
728 2611 807 2639 Joan.
818 2620 845 2644 v,
860 2612 905 2639 26.
942 2613 984 2640 “l
997 2612 1076 2640 Joan.
1094 2620 1135 2644 ιιι,
1147 2612 1192 2640 24.

1233 2612 1254 2628 ⁵⁷
1270 2611 1348 2639 loau.
1370 2619 1407 2643 Iv,
1422 2611 1464 2638 15.

885 2669 1020 2702 Scholia.

173 2734 212 2769 (ι)
233 2733 337 2768 Specie:
362 2738 385 2766 et
411 2733 535 2762 divinitas
558 2731 666 2769 Pat_ris._
681 2731 846 2769 Nonuvocat
860 2732 917 2769 “hic

138 2767 267 2802 speciem.
283 2769 436 2796 universale
451 2769 521 2802 quod
543 2769 574 2794 de
589 2767 711 2801 pluribus
734 2767 918 2802 dill'erentibns

138 2801 251 2831 numero
273 2804 452 2838 praedicatur;
475 2802 627 2838 hujusmgdi
642 2802 714 2838 enini
732 2802 835 2836 species
850 2801 918 2838 divi-

137 2839 221 2866 ditur.
238 2835 330 2873 Neque
346 2835 456 2872 ligni-am
473 2835 568 2869 vocat;
585 2835 654 2873 Deus
673 2835 834 2873 enini'earet
849 2835 916 2873 ligu-

139 2880 189 2907 ra;
204 2873 250 2901 sed
262 2870 379 2908 speciem
392 2878 468 2900 vocat
483 2873 606 2904 formam,
624 2870 651 2898 id
671 2876 722 2904 εει,
737 2871 915 2899 substantiam

972 2741 1036 2760 vere
1056 2738 1082 2761 ct
1102 2734 1221 2768 proprie.
1240 2740 1300 2767 qua:
1320 2740 1334 2768 a
1352 2731 1425 2768 nullo
1442 2732 1544 2759 scilicet
1559 2731 1666 2768 pendet,
1683 2730 1756 2768 sicut.

972 2768 1071 2796 Paulus
1085 2766 1161 2795 vocai
1185 2766 1299 2795 formam
1319 2767 1386 2794 Dei:
1404 2766 1454 2799 Qui
1467 2775 1525 2793 cum
1546 2766 1573 2793 in‘
1592 2767 1688 2799 (anna,
1713 2766 1756 2790 in-

971 2804 1040 2836 quit,
1056 2803 1103 2830 Dei
1119 2808 1193 2830 esset.
1213 2803 1240 2829 lu
1256 2803 1306 2831 hac
1318 2801 1518 2838 signiﬁcatione
1534 2801 1624 2837 posuit
1636 2800 1680 2827 hie
1693 2807 1756 2834 spe-

971 2839 1039 2866 ciem
1057 2838 1229 2866 Athanasius.
