1955 3076
147 127 216 158 “3'3

607 129 727 159 DECAS
746 131 799 160 IX.
814 130 908 160 —DE
931 132 1158 163 lNFlNlTATE
1180 132 1219 162 ΙΝ
1243 133 1327 162 DEO.

1724 131 1777 163 9’4

133 183 270 209 l'ert'vete
287 181 360 210 inter
377 189 406 210 se
422 186 516 210 mtttuo
529 183 683 218 singulatim
704 184 841 218 distincta,
865 193 932 212 cuu-
949 191 969 217 Α
986 193 1052 219 sirit,
1071 196 1116 222 par
1136 187 1264 221 Spiritum
1291 188 1348 222 ejus
1374 187 1563 215 iniaubitnmcm
1590 188 1615 214 in
1644 188 1717 214 nobis
1737 188 1772 217 ³⁷,

130 227 245 262 juncta
271 228 297 255 in
319 235 400 254 unum
419 229 546 261 discreto,
564 234 590 256 et
614 229 732 257 discreta
758 230 938 265 conjunctim.

137 273 216 300 "me
245 279 359 301 sanctus
388 274 522 301 Maximus
544 282 605 301 cum
634 276 745 311 adnotat
763 284 769 302 :
788 275 940 303 Adverti-ns

139 318 231 350 dum,
257 319 354 354 inquit,
372 326 413 346 est
438 320 504 347 illud
523 330 529 348 :
547 320 574 347 In
594 328 623 348 se
646 321 712 356 ipsis
727 322 861 356 vicissim,
880 330 941 350 esse

143 366 306 392 secundum
323 365 490 393 mansionem
508 358 534 394 et
555 367 759 394 collocationem
787 368 940 395 divinarum

145 419 347 445 personarum,
367 417 395 437 ιιι
410 419 471 438 cum
488 412 526 439 ait
541 412 681 446 Scriptura
697 422 703 440 :
725 413 780 448 Ego
797 414 823 440 in
846 414 941 445 Patre,

143 462 174 484 et
200 456 283 484 Pater
301 457 327 483 in
342 465 382 484 me
392 457 425 490 ",
442 457 480 484 sic
497 462 523 485 et
552 459 584 485 de
603 458 704 492 Spiritu
720 464 813 485 sam-to
829 460 943 493 Aposto-

146 502 197 528 lus
219 502 300 528 ait“.
329 501 446 528 Stnetus
468 502 587 530 Juauncs
604 503 788 531 Damascenus
805 504 830 531 iu
855 513 870 531 c
889 505 943 539 pile

149 548 193 575 De
221 548 371 576 Triuitate:
388 550 491 576 Etenim
508 557 640 577 creatum
665 556 691 577 rt
710 552 769 577 loco
787 553 899 584 distant,
916 557 944 578 ιιι

149 599 280 629 tempore
296 595 435 627 differunt,
450 601 476 622 et
493 597 631 623 voluntate
647 597 815 629 dividuntur,
832 603 859 625 et
878 599 943 624 viri-

149 641 219 673 bus,
234 646 260 668 et
279 641 375 673 forma,
390 641 415 668 id
433 647 473 668 est
490 642 585 676 figura,
603 648 627 669 et
645 643 749 675 habitu,
763 652 789 670 et
804 644 942 676 mistione,

148 691 180 713 et
198 687 341 721 dignitate,
368 692 395 713 et
410 688 510 720 studio,
531 693 558 714 et
585 689 711 715 omnibus
736 690 945 723 proprietatibus

152 733 349 766 signaulibus;
369 730 595 767 ac'potissintuut
620 734 646 761 in
663 742 695 762 eo
716 735 852 769 ditl‘eruut,
873 736 944 771 quod

151 785 213 804 non
231 784 291 804 sunt
307 779 333 805 in
351 787 379 806 se
398 779 462 812 ipsis
476 779 609 812 vicissim,
625 780 671 806 sed
685 781 832 814 separatim
849 789 857 808 :
873 782 945 809 ttude

152 830 183 851 ιιι
208 825 270 857 (Ιιιο,
291 830 317 851 et
344 830 410 858 tres,
432 831 458 852 ct
474 826 550 852 multi
566 826 691 853 dicuntur
706 835 712 858 ;
728 831 822 853 contra
840 834 904 854 vero
918 827 943 854 in

993 233 1075 260 Nullis
1097 239 1186 260 autem
1204 235 1228 260 iu
1251 233 1350 268 Spiiitn
1371 234 1521 265 \‘ivilicatis,
1540 234 1597 268 ipse
1612 234 1736 261 Christus
1749 235 1775 261 in

993 280 1071 306 nobis
1088 280 1187 306 dicitur
1207 279 1305 306 vivere.
1324 279 1428 305 Christo
1444 280 1527 307 enim.
1544 279 1606 312 iuqu
1619 283 1639 309 ι,
1654 280 1774 313 conﬁxit:

992 333 1048 351 sum
1063 333 1072 351 :
1092 324 1154 352 Vivo
1175 330 1260 351 autem
1285 333 1335 350 non
1355 325 1412 358 jam
1427 331 1483 359 ego.
1509 325 1568 352 uiuit
1586 330 1671 351 autem
1690 326 1717 351 in
1737 333 1778 351 me

993 371 1112 398 Christus
1128 371 1161 397 ⁸⁸.
1178 371 1208 398 Et
1223 379 1318 398 rursus
1334 380 1341 398 :
1359 371 1438 398 Sient
1459 378 1540 405 opera
1558 379 1616 404 qum
1637 371 1721 398 Filius
1735 371 1777 397 fa-

992 418 1090 448 ιιῖριιειι,
1103 418 1206 444 d’cehat
1226 417 1330 444 Patan
1353 419 1464 445 facere:
1485 417 1565 444 Pater
1579 417 1660 451 enim.
1686 418 1731 447 ait,
1749 418 1777 443 in

995 470 1036 487 me
1051 470 1168 493 "taurus,
1184 462 1235 493 iper
1248 462 1311 495 furit
1324 470 1399 494 opera
1411 470 1421 488 :
1436 470 1487 489 non
1502 463 1608 488 creditis
1623 463 1696 490 mihi.
1714 463 1776 496 quia
1816 477 1822 481 -

993 513 1039 539 ego
1056 506 1082 532 in
1105 505 1193 536 Patre,
1210 511 1233 532 et
1257 506 1336 532 I'aler
1353 507 1380 533 in
1406 515 1446 533 me
1468 508 1523 534 est?
1547 506 1652 539 Alioqui
1674 512 1778 540 prup‘rr

994 559 1071 581 opera
1101 552 1159 583 ipsa
1186 552 1284 577 credite
1298 552 1337 583 '9;
1365 552 1405 578 sic
1423 559 1482 584 qum
1510 552 1535 579 in
1564 553 1664 579 Vll‘lule
1691 552 1778 578 Pstll'H

994 596 1158 626 operabatur
1178 595 1286 628 Paulus,
1302 596 1390 622 aiebat
1405 596 1504 623 Christi
1523 605 1582 623 esse
1595 605 1677 630 opera
1691 606 1697 623 :
1717 596 1778 623 Non

994 642 1077 672 enim,
1093 642 1188 676 inquit,
1205 643 1304 669 audebo
1322 642 1422 676 aliquid
1441 643 1527 670 dicere
1542 652 1631 670 eorum
1647 651 1703 673 ante
1727 651 1777 669 non

995 693 1116 721 operatus
1131 693 1167 715 est
1183 688 1302 716 Christus
1317 698 1361 722 per
1379 698 1418 715 me
1435 690 1459 716 in
1477 689 1648 716 obrdientinm
1664 690 1778 723 gentium

995 735 1021 761 in
1038 734 1112 761 verba
1129 739 1153 760 et
1171 736 1330 768 operatione.
1350 736 1377 762 in
1401 737 1496 762 uirtute
1518 736 1653 767 siqnorant
1673 741 1696 761 et
1718 743 1779 769 pro-

995 779 1137 812 digiorum,
1157 781 1183 806 in
1199 781 1292 808 uirtute
1314 781 1429 814 Spiritus
1451 781 1578 808 sancti".
1596 781 1669 807 Talis
1684 781 1778 814 conju-

997 825 1069 859 gatio
1084 829 1111 851 et
1124 826 1213 852 unitas
1228 834 1289 853 cum
1306 827 1340 853 sit
1360 828 1384 854 in
1400 826 1542 858 Triuitate,
1558 827 1679 861 quisnam
1700 827 1778 852 dein-

151 875 251 897 sam-ta
275 869 418 901 Trinitate.
438 879 498 905 qua:
524 878 603 905 supra
626 871 802 899 substantiam
830 877 883 902 est.
910 878 938 900 et
961 859 980 886 Β
995 877 1060 904 eeps
1072 869 1168 897 Filium
1186 879 1199 896 a
1218 870 1311 901 Patre.
1328 878 1371 899 aut
1388 871 1516 904 Spiritum
1535 859 1657 899 sanctum
1672 880 1685 898 a
1700 871 1778 903 Filio,

153 917 227 943 ultra
251 916 352 947 omnia,
377 916 597 949 inrotnprehcnsa
613 925 621 950 ;
637 925 705 943 ttnus
722 918 793 945 enim
819 923 943 952 conatus,

154 961 216 989 sive
239 962 357 995 itrpetns
373 961 507 993 motionis,
524 965 549 988 et
575 970 626 988 ttna
647 963 806 993 substantia.
825 972 876 990 una
894 964 943 991 bo-

155 1008 241 1038 nitas.
257 1016 309 1034 una
325 1000 420 1040 virtus,
443 1017 493 1035 nua
516 1009 652 1041 voluntas,
672 1017 724 1036 una
745 1011 876 1044 operatio,
891 1018 944 1038 una

156 1058 291 1088 potestas.
309 1061 373 1084 una,
398 1054 519 1088 inquam,
535 1059 562 1081 et
585 1055 696 1087 eadem;
714 1060 741 1082 et
765 1063 815 1082 non
833 1061 889 1083 tres
909 1056 946 1083 si-

158 1099 238 1126 miles
252 1099 322 1126 inter
335 1107 384 1132 se;
409 1101 455 1127 sed
472 1108 522 1126 nua
547 1105 629 1134 atque
643 1101 737 1128 eadem
762 1103 844 1128 motio
862 1102 942 1128 trium

158 1150 349 1177 personarum.
367 1153 447 1170 unum
464 1145 534 1172 enim
558 1145 639 1172 habet
664 1153 830 1180 unaqua‘qne
853 1154 945 1174 earum

157 1197 220 1216 cum
235 1190 329 1221 altera,
348 1199 399 1217 nou
421 1191 509 1217 minus
526 1199 604 1225 quam
621 1199 711 1218 secum
734 1199 878 1218 commune
894 1200 901 1218 :
918 1192 944 1218 id

157 1240 213 1266 est.
226 1243 308 1262 unum
322 1242 384 1263 sunt
398 1237 545 1264 secundum
567 1237 656 1263 oumia
673 1237 761 1266 Pater.
780 1242 805 1264 et
819 1237 903 1265 Filius
919 1243 946 1264 ct

159 1281 278 1315 Spiritus
303 1288 422 1309 sanctus.
449 1282 560 1317 Magnus
582 1283 758 1315 Athanasius,
782 1283 809 1310 in
831 1284 945 1317 epistola

159 1328 192 1354 ad
209 1327 383 1362 Serapionem
401 1337 407 1354 :
426 1328 536 1358 Deinde.
551 1336 611 1356 cum
636 1328 715 1356 Pater
735 1329 780 1361 sit,
803 1335 831 1356 ut
847 1329 945 1357 Paulus

161 1374 239 1406 dixit,
258 1374 333 1400 solus
355 1375 474 1408 sapiens,
489 1375 534 1409 qui
560 1379 602 1402 est
631 1375 712 1407 Deus,
730 1374 816 1403 Filius
832 1381 874 1402 est
901 1383 946 1402 sa-

162 1419 261 1452 pientia
280 1419 360 1454 ejus;
388 1419 513 1447 Christus
526 1421 598 1447 enim
621 1420 668 1448 Dei
687 1421 773 1448 virtus
795 1426 820 1448 et
836 1421 882 1448 Dei
900 1429 946 1449 sa-

161 1465 260 1505 pientia
281 1474 288 1492 :
309 1470 335 1492 et
355 1473 416 1492 cum
436 1466 520 1494 Filius
535 1467 567 1494 sit
586 1466 730 1501 sapientia,
747 1475 798 1494 nos
815 1467 945 1501 Spiritqu

996 919 1042 942 aut
1061 915 1096 942 ab
1110 916 1167 950 ipso
1185 915 1264 943 Patre
1279 917 1435 949 separabit?
1454 917 1507 944 Aut
1521 918 1583 952 quis
1599 917 1652 944 erit
1673 917 1709 943 ita
1731 924 1780 942 au-

996 962 1058 993 dax,
1075 967 1101 988 ut
1120 963 1190 989 dicat
1213 963 1385 994 dissimilem,
1407 968 1434 990 et
1457 963 1568 991 alterius
1594 968 1697 990 natura).
1719 969 1780 989 esse

997 1008 1066 1038 apud
1083 1014 1112 1034 se
1137 1006 1295 1035 Trinitatem
1314 1008 1325 1035 ?
1343 1009 1384 1035 vel
1410 1009 1507 1036 Filium
1531 1016 1592 1036 esse
1620 1008 1780 1035 substantia;

997 1053 1090 1080 aliena:
1111 1061 1124 1080 a
1150 1053 1244 1081 Patre?
1263 1055 1304 1081 vel
1328 1054 1457 1089 Spiritum
1475 1059 1597 1083 sanctum
1622 1055 1739 1082 alienum
1751 1061 1780 1080 -a

996 1098 1084 1127 Filio?
1110 1099 1138 1127 Si
1167 1100 1230 1135 quis
1256 1107 1353 1128 rursus
1377 1101 1535 1136 interroget,
1559 1102 1694 1134 quomodo
1722 1101 1780 1128 haac

997 1145 1080 1173 sunt?
1098 1150 1256 1180 qtueratque
1277 1147 1430 1180 quomodo,
1449 1154 1509 1174 cum
1534 1146 1651 1181 Spiritus
1671 1151 1781 1174 sanctus

996 1194 1038 1217 est
1055 1191 1081 1217 in
1098 1191 1186 1224 nobis,
1214 1191 1294 1218 Pater
1310 1192 1408 1219 dicitur
1432 1199 1493 1220 esse
1517 1192 1543 1218 in
1564 1192 1651 1222 nobis,
1670 1195 1697 1219 et
1718 1199 1780 1218 cum

997 1236 1082 1263 Filius
1096 1241 1136 1263 est
1149 1236 1177 1264 iu
1195 1237 1283 1268 nobis,
1297 1236 1376 1264 Pater
1395 1237 1493 1264 dicilttr
1505 1245 1566 1265 esse
1581 1238 1606 1264 in
1624 1237 1718 1269 nobis;
1734 1241 1782 1264 aut

997 1282 1133 1316 quomodo
1148 1290 1208 1309 cum
1222 1281 1342 1310 Trinitas
1358 1286 1411 1315 est,
1426 1283 1452 1309 itt
1470 1290 1522 1309 uno
1538 1283 1707 1318 signiﬁcatur
1720 1281 1781 1309 Tri-

999 1330 1086 1359 nitas:
1103 1333 1148 1356 aut
1170 1330 1305 1364 quomodo
1324 1337 1386 1357 eum
1403 1337 1483 1356 unum
1509 1333 1551 1357 est
1575 1330 1601 1356 in
1619 1329 1708 1361 nobis,
1723 1329 1782 1356 Tri-

998 1375 1068 1402 nitas
1083 1375 1185 1402 dicitur
1198 1385 1205 1402 :
1219 1375 1259 1402 vel
1277 1380 1404 1410 separent
1420 1375 1537 1410 primum
1551 1383 1564 1401 a
1577 1374 1678 1401 lumine
1694 1374 1782 1408 splen<

997 1420 1101 1449 dorem.
1118 1424 1165 1446 aut
1179 1420 1340 1454 sapientiam
1355 1426 1370 1445 a
1386 1420 1516 1451 sapiente,
1531 1419 1573 1446 vel
1594 1419 1697 1450 dicant,
1712 1425 1782 1452 quo-

997 1465 1076 1491 modo
1098 1464 1154 1491 luec
1170 1469 1266 1497 erunt;
1282 1464 1352 1499 quod
1370 1464 1392 1491 si
1416 1465 1467 1491 hoc
1485 1472 1537 1491 non
1558 1468 1683 1499 possunt,
1699 1463 1783 1490 multo

160 1511 332 1546 acoipieutes,
351 1512 447 1538 Filium
465 1512 615 1546 habemus;
632 1518 658 1540 et
680 1513 705 1539 in
724 1514 782 1547 ipso
797 1521 890 1541 stunus
904 1522 946 1540 sa-
959 1519 982 1553 ο
999 1512 1084 1546 magis
1106 1518 1226 1545 quaerere
1244 1511 1302 1538 hzec
1315 1512 1347 1538 de
1363 1511 1429 1544 Deo,
1455 1511 1645 1538 insanientium
1669 1510 1782 1538 audacia

161 1559 231 1592 pieul
243 1566 273 1590 ~s,
294 1559 333 1585 sic
354 1559 428 1585 enim
454 1558 583 1592 scriptum
602 1564 662 1586 est:
677 1558 805 1586 Dominus
821 1560 898 1586 soluit
910 1560 944 1586 li-

161 1608 235 1638 gatos
251 1603 297 1639 [aL
313 1604 495 1640 compeditos].
520 1604 646 1632 Dominus
662 1606 748 1632 erudit
770 1604 819 1641 [ιιι.
841 1605 945 1632 illumi-

162 1649 219 1685 nat]
246 1658 327 1677 cwros
343 1651 376 1680 ",
406 1655 432 1676 et
452 1658 513 1677 cttm
533 1653 610 1677 datur
624 1653 700 1678 nobis
715 1652 855 1684 Spiritus:
883 1652 946 1688 (Ac-

162 1696 237 1728 ripite
263 1697 330 1722 enim
352 1695 479 1730 Spiritum
502 1702 621 1723 sanctum
635 1697 668 1730 ",
693 1698 782 1725 aiebat
811 1697 945 1731 Salvator)

162 1741 232 1769 Deus
255 1748 296 1768 est
315 1742 342 1769 in
367 1743 443 1769 nobis
458 1751 465 1776 ;
479 1744 518 1770 sic
533 1744 604 1770 enim
621 1743 739 1770 luannes
764 1744 871 1778 scripsit
889 1753 895 1771 :
915 1743 945 1770 Si

161 1788 293 1822 diligimus
308 1789 428 1820 invicem,
455 1789 523 1816 Deus
543 1789 571 1815 in
596 1789 669 1816 nobis
695 1793 733 1816 est
748 1797 757 1815 :
773 1790 896 1823 quoniam
917 1790 945 1816 in

162 1832 216 1866 ipso
230 1841 375 1865 manemus,
386 1838 410 1860 et
427 1834 480 1867 ipse
496 1834 523 1860 in
535 1834 628 1865 nobis;
642 1835 767 1868 quoniam
788 1842 820 1861 ea:
842 1833 945 1869 Spiritu

161 1887 208 1907 suo
226 1879 298 1906 dedit
316 1880 389 1905 nobis
404 1879 437 1906 “.
454 1879 520 1907 Cum
539 1884 628 1907 autem
652 1880 722 1908 Deus
743 1886 784 1908 est
804 1882 829 1908 in
855 1881 944 1913 nobis,

163 1931 201 1952 est
218 1927 298 1953 etiam
317 1925 403 1953 Filius
428 1926 454 1952 in
477 1926 572 1960 nobis;
589 1926 654 1953 dicit
668 1927 739 1953 enim
760 1927 817 1960 ipse
840 1927 944 1954 Filius:

164 1971 230 2006 Ego,
255 1976 279 1997 et
303 1970 384 1997 Pater
403 1971 544 2002 veniemus,
561 1977 584 1998 et
606 1972 766 1998 monstenem
791 1971 861 2006 apud
887 1980 946 1998 eum

165 2017 288 2051 faciemus
299 2017 334 2043 ⁵⁸.
359 2017 469 2047 Deinde,
495 2025 554 2043 cum
582 2018 635 2044 vita
660 2017 759 2051 alioqui
784 2018 819 2044 sit
839 2017 944 2045 Filius:

164 2063 229 2099 Ego,
247 2064 343 2096 inquit,
358 2071 416 2090 sum
433 2063 487 2090 vita
501 2063 542 2096 ";
564 2063 692 2090 vivilicari
719 2068 806 2090 tamen
830 2063 947 2090 dicimur

165 2110 191 2137 iu
221 2109 322 2144 Spll‘llll
348 2113 462 2136 sancto:
486 2110 538 2142 Qui
553 2110 622 2136 enim
645 2110 782 2137 suscitavit
810 2109 946 2137 Christum

165 2155 251 2182 Jesum
267 2164 283 2182 τι
298 2156 419 2186 mortuis,
442 2155 577 2182 suscitabit
599 2160 622 2182 et
638 2155 761 2182 mortalia
776 2163 886 2190 corpora
901 2164 948 2182 no-

996 1562 1047 1585 est.
1073 1557 1203 1584 Divinitas
1223 1557 1294 1584 enim
1319 1565 1371 1584 non
1389 1557 1415 1584 in
1432 1556 1663 1584 demonstratione
1686 1556 1782 1584 verbo-

997 1610 1055 1628 rum
1073 1602 1170 1628 tradita
1192 1607 1244 1633 est,
1268 1606 1296 1628 ut
1310 1602 1439 1634 diximus,
1461 1602 1508 1629 sed
1523 1602 1549 1628 in
1568 1602 1629 1633 (ide,
1643 1606 1670 1628 et
1684 1601 1726 1634 pia
1740 1608 1784 1626 ra-

997 1647 1174 1674 tiocinatiotte
1188 1655 1249 1674 cum
1272 1648 1432 1674 reverentia.
1458 1647 1490 1673 Et
1506 1647 1603 1674 iterum
1621 1646 1689 1673 idem
1714 1645 1783 1672 libro

998 1701 1024 1720 tv
1045 1693 1144 1720 Contra
1168 1693 1283 1719 Arianos
1298 1701 1307 1719 :
1328 1693 1396 1725 Quia
1419 1693 1502 1726 igitur
1527 1691 1612 1719 Filius
1627 1695 1669 1718 est
1693 1691 1783 1724 imago

996 1740 1098 1771 Patris,
1123 1746 1236 1766 necesse
1261 1744 1303 1766 est
1326 1739 1486 1773 intelligere,
1510 1739 1581 1773 quod
1605 1738 1732 1765 divinitas
1755 1741 1784 1764 et

997 1786 1149 1820 proprietas
1162 1784 1251 1812 Patris
1265 1784 1382 1811 essentia
1398 1783 1457 1811 Filii
1471 1789 1523 1816 est,
1536 1788 1562 1810 et
1579 1784 1629 1810 hoc
1640 1787 1682 1809 est
1697 1782 1781 1809 illud:

998 1831 1049 1863 Qui
1073 1839 1131 1857 cum
1149 1830 1175 1857 in
1199 1831 1283 1865 forma
1305 1829 1352 1857 Dei
1370 1834 1437 1856 esset
1451 1828 1491 1862 ⁶¹;
1513 1832 1540 1855 et
1556 1837 1563 1855 :
1581 1827 1663 1854 Pater
1683 1827 1711 1854 in
1730 1834 1782 1853 me.

996 1876 1054 1904 Non
1084 1881 1172 1903 autem
1200 1884 1231 1903 ex
1253 1880 1330 1910 parte
1355 1880 1398 1902 est
1427 1874 1512 1900 forma
1541 1872 1711 1901 divinitatis.
1736 1871 1784 1899 sed

998 1922 1136 1956 plenitudo
1160 1925 1280 1956 paterna:
1297 1919 1446 1946 divinitatis
1466 1918 1585 1945 essentia
1600 1922 1642 1943 est
1663 1915 1735 1947 Filii,
1757 1920 1785 1942 et

998 1968 1115 1995 Verbum
1131 1967 1201 1994 Deus
1215 1971 1258 1994 est
1274 1965 1370 1997 Filius,
1393 1964 1494 1991 idcirco
1507 1962 1620 1997 atqualis
1642 1962 1711 1988 Deus
1732 1969 1785 1988 non

997 2014 1119 2049 rapinam
1141 2013 1287 2040 arbitratus
1312 2015 1350 2038 est
1365 2018 1392 2037 ac
1413 2017 1468 2036 esse
1490 2008 1618 2043 wqualem
1635 2007 1688 2034 Deo
1701 2007 1734 2033 ⁶¹.
1752 2007 1785 2035 Et

999 2068 1103 2092 rursus,
1119 2059 1180 2094 quia
1201 2058 1260 2085 Filii
1276 2057 1404 2084 divinitas
1418 2060 1444 2082 et
1463 2056 1569 2089 species
1584 2062 1637 2081 non
1652 2058 1695 2080 est
1716 2053 1783 2080 alte-

999 2107 1055 2133 rius
1073 2113 1154 2140 quam
1172 2104 1278 2132 Patris:
1301 2102 1351 2129 hoc
1375 2107 1415 2129 est
1432 2102 1503 2135 quod
1530 2099 1667 2127 diximus:
1684 2098 1740 2134 Ego
1755 2098 1784 2130 in

999 2153 1096 2182 Patre;
1115 2150 1154 2177 sic
1175 2149 1245 2176 Deus
1264 2152 1324 2175 erat
1346 2147 1373 2174 in
1395 2146 1504 2174 Christo
1519 2145 1648 2172 mundum
1672 2144 1724 2171 sibi
1742 2152 1786 2170 re-

197 2213 220 2228 "
233 2213 311 2239 .luan.
333 2211 449 2247 nv,10.7
481 2212 503 2228 “
519 2212 527 2237 l
542 2211 605 2247 Cor.
620 2219 660 2244 ιιι,
674 2211 686 2236 1
702 2219 778 2247 seqq.
817 2212 840 2247 '7’
856 2211 927 2239 Psal.
942 2223 944 2235 ι

996 2231 1001 2240 ,
1023 2210 1049 2237 6.
1077 2209 1111 2247 A"
1125 2207 1203 2247 Joau.
1218 2215 1263 2238 xx,
1281 2205 1325 2231 22.
1337 2202 1541 2247 ,ξὶλζῐοιιῐιέιιιξε
1560 2201 1652 2232 12.15-
1670 2199 1785 2247 "307:2-

166 2249 271 2277 xtv.25.

319 2247 342 2263 "
357 2247 422 2273 ibid.
438 2246 465 2273 6.
512 2247 535 2262 ⁵⁷
553 2246 629 2273 lion].
643 2254 703 2279 vtlt,
718 2249 756 2274 ll.

167 2284 186 2299 ⁸¹
196 2283 311 2317 Philipp.
325 2290 355 2314 tt,
369 2281 396 2309 6.

435 2281 457 2298 "
469 2281 533 2309 ibid.

811 2246 834 2263 ⁸⁸
849 2247 936 2274 Galat.
949 2254 978 2279 tt,
994 2246 1038 2278 19,
1055 2243 1101 2271 20.

1139 2244 1161 2259 ⁵⁹
1177 2235 1321 2274 Ιυειιιίιιν,
1335 2239 1429 2272 11,12.
1475 2238 1498 2254 ⁶⁶
1524 2237 1601 2264 ltom.
1620 2244 1664 2269 xv,
1682 2235 1725 2268 i8,
1742 2235 1785 2261 19.

914 2337 1049 2369 Scholia.

169 2392 270 2417 lllOllem
294 2397 388 2417 eorum
407 2388 452 2422 qui
473 2388 614 2415 tradebant
634 2387 726 2414 lumen
742 2395 803 2415 ρςςε
817 2388 940 2415 substan-
960 2391 981 2418 ι)
999 2388 1066 2414 rium
1082 2383 1275 2413 incarnationis
1298 2381 1399 2422 retulit,
1418 2384 1452 2422 χι
1472 2379 1656 2422 Ρθςιιχωει-ιιξ
1670 2377 1785 2422 portavit,

170 2427 228 2452 tiam
253 2432 422 2457 corpoream,
444 2428 469 2450 et
495 2431 546 2450 non
574 2423 749 2456 qualitatem;
774 2424 845 2456 quod
870 2424 943 2450 enim

170 2461 252 2494 posuit
265 2459 408 2494 Dionysius
422 2459 521 2485 lumina
539 2458 721 2494 lampadarum
735 2465 781 2494 per
792 2465 821 2484 se
835 2458 948 2485 ersiste.

170 2493 213 2528 re;
228 2503 279 2521 non
295 2493 441 2521 ad'lumina
455 2494 555 2524 retulit,
569 2493 615 2519 sed
631 2500 644 2517 τι
656 2494 662 2518 l
676 2493 884 2528 lampadas-utne
901 2500 948 2525 per

169 2526 352 2560 sei-histum,
368 2529 438 2556 sicut
458 2529 530 2554 fact-9
541 2532 567 2554 et
588 2528 672 2554 laeda'.
697 2526 789 2558 Itaque
811 2527 883 2552 fares
903 2535 947 2553 ar-

170 2567 268 2596 dentes,
283 2565 340 2591 sive
361 2562 498 2598 lampadas
511 2569 637 2588 accrnsa~
654 2562 801 2588 luminibus
821 2564 847 2588 in
867 2569 947 2588 tnuun

170 2599 313 2632 conjunctis
331 2605 376 2633 per
391 2606 420 2625 se
435 2597 594 2633 exsistvtites
609 2604 669 2624 eum
685 2597 890 2633 proprietatibus
904 2598 950 2633 hy-

172 2631 304 2668 pusiatiris
320 2631 366 2666 per
379 2640 409 2660 se
422 2632 629 2668 subsistentibus
643 2633 669 2668 in
687 2631 947 2668 lutuinc‘suprasnb-

170 2665 283 2696 stantiali
303 2665 445 2695 Trinitatis
464 2667 580 2694 discreta
597 2666 688 2697 unitis,
709 2671 735 2692 et
752 2665 826 2692 unite
843 2666 946 2692 discre-

171 2705 200 2730 tis
211 2708 368 2736 comparat;
388 2708 413 2728 et
431 2701 502 2736 qttod
522 2701 644 2734 sequitur
662 2702 687 2726 in
705 2700 852 2735 Dionysio:
876 2700 906 2727 Et
924 2701 945 2727 si

171 2739 224 2772 quis
243 2735 322 2764 ummi
339 2738 482 2772 luutiuare,
498 2737 522 2763 id
537 2739 588 2772 est,
604 2743 683 2762 nmnu
699 2735 785 2772 facem
804 2742 946 2772 accensam

171 2770 261 2799 ιλιιιιριιι
271 2781 285 2799 e
298 2772 389 2802 domo.
403 2771 480 2798 simul
495 2771 578 2798 exibit
592 2775 675 2796 totum
690 2770 827 2804 proprium
846 2770 946 2799 lumen.

172 2808 230 2834 nahil
251 2807 395 2841 quidquam
418 2806 529 2832 aliorum
553 2805 684 2841 ltttttittutlt
703 2805 728 2831 in
746 2811 775 2831 se
793 2805 849 2841 ipsa
866 2805 946 2831 simul

172 2845 284 2875 trahens,
302 2839 349 2868 nec
362 2840 461 2874 aliquid
480 2841 520 2867 sui
547 2840 599 2867 illis
615 2839 784 2874 relinquens;
802 2839 835 2867 ad
856 2844 953 2875 mystc-

998 2412 1245 2455 initerpretatusque
1258 2423 1300 2446 est
1315 2417 1398 2455 illud:
1416 2415 1469 2455 Ego
1483 2424 1499 2442 a
1516 2412 1594 2455 Putre
1608 2414 1685 2455 exivi.
1703 2412 1787 2455 ιεςιιιιις

997 2449 1171 2484 enim-factus
1185 2449 1274 2484 homo,
1287 2453 1331 2486 qui
1346 2456 1405 2478 erat
1419 2449 1461 2478 fax
1473 2451 1593 2486 quaedam
1611 2449 1787 2486 humanitatis

998 2482 1110 2518 accensa
1124 2491 1224 2516 lumine
1235 2482 1392 2519 divniitatis,
1413 2494 1464 2512 non
1476 2482 1556 2523 (rasit
1568 2491 1657 2511 secum
1668 2482 1786 2523 Patrem,

999 2535 1086 2557 neque
1099 2525 1229 2559 Spiritum
1242 2527 1374 2559 sanctum,
1391 2520 1633 2559 nequequidquam
1651 2520 1787 2559 proprium

999 2554 1149 2589 divinitatis
1159 2560 1210 2586 illis
1220 2557 1328 2592 reliquit
1338 2565 1346 2588 ;
1357 2557 1419 2589 quin
1430 2554 1519 2592 potius
1527 2554 1647 2592 eantdeltn
1657 2557 1738 2592 totam
1749 2554 1789 2592 di:

1001 2587 1140 2624 vinitatem
1158 2602 1219 2629 qua:
1234 2594 1261 2629 in
1277 2587 1330 2619 illis
1344 2587 1396 2629 est,
1415 2587 1474 2629 tulit
1491 2597 1603 2629 tuauens
1620 2588 1645 2614 in
1664 2587 1786 2629 illis.‘Ad

998 2622 1249 2665 idemmyste'riutn
1258 2625 1452 2654 incarnationis
1467 2624 1557 2665 retulit
1570 2624 1621 2663 hoc
1634 2622 1786 2665 exemplum

997 2657 1127 2693 Leontius
1145 2663 1306 2692 monachus,
1326 2665 1423 2697 auctor
1441 2657 1787 2697 eruditissimum-iu_libru

997 2691 1180 2734 quemcontra
1197 2691 1350 2734 Νυειυι-ἰιιηι
1366 2699 1392 2734 et
1404 2695 1550 2734 Eutychent
1570 2692 1689 2734 scripsit.
1705 2691 1788 2734 Dulcet

996 2726 1067 2762 «iam
1080 2726 1119 2762 sit:
1130 2732 1293 2760 substantias
1307 2730 1375 2757 uniri
1392 2726 1469 2764 pas-se
1482 2729 1540 2765 sine
1552 2728 1688 2765 mistioue,
1702 2731 1731 2765 ut
1742 2726 1786 2752 hio

997 2771 1056 2797 sitne
1069 2769 1194 2796 mistione
1206 2767 1334 2794 uuinutur
1345 2763 1486 2798 qualitates
1497 2763 1638 2792 lutninmn,
1649 2766 1675 2787 et
1688 2763 1788 2798 nniunt

1001 2810 1045 2832 tur
1068 2804 1224 2839 splendores
1244 2801 1393 2839 stellarum,
1415 2800 1488 2839 salva
1510 2798 1673 2839 proprietate
1692 2800 1785 2829 quautt

1000 2841 1026 2867 itt
1049 2833 1120 2873 quali
1139 2839 1164 2866 in
1180 2846 1212 2866 eo
1231 2836 1301 2873 quod
1320 2841 1411 2862 manet
1428 2833 1511 2860 Filius
1531 2837 1646 2863 tantum»
