1955 3076
119 123 189 153 957

584 124 704 158 DECAS
727 127 777 157 IX.
799 138 832 146 ι-
854 129 902 158 DE
926 128 1153 160 INFINITATE
1175 131 1214 160 IN
1240 131 1324 162 DEO.

1715 128 1772 161 9Γ8

121 182 196 208 sine
208 180 342 215 principio
351 182 497 209 secundum
505 182 681 210 substantiam
691 184 806 219 genitor,
814 188 839 210 et
850 184 931 211 solius
947 185 967 212 Δ
982 184 1093 218 Caiplua,
1109 191 1135 213 et
1150 185 1260 218 Judaeis,
1280 191 1359 220 atque
1375 185 1492 213 Saluelluo
1507 185 1635 215 sentiunt.
1653 185 1772 213 incida';

125 232 253 254 aeternae
270 227 332 254 sine
350 232 478 262 tanquam
498 228 614 262 Spiritus
634 230 719 256 sant-ti
738 230 808 256 lous.
828 229 891 256 Item
909 230 934 256 iuu

127 276 264 301 set-unda
281 275 403 302 centuria
418 283 479 310 cap.
500 272 624 303 i:'Uuus
641 277 722 307 Deus,
739 277 866 310 quoniam
884 285 934 304 uua

128 320 294 354 divinitas;
308 322 397 348 unitas
410 323 469 349 sine
481 323 626 357 principio,
643 329 666 350 et
681 324 805 358 simplex,
818 329 844 351 ct
855 332 935 358 supra

129 366 337 398 Substantiam,
354 372 380 394 et
395 375 492 401 expers
515 369 608 401 partis.
624 373 650 396 et
670 369 818 402 individua,
841 370 936 397 eadem

133 413 248 443 unitas.
261 419 286 439 et
298 413 428 446 Trinitas,
442 418 496 441 tota
509 415 601 442 eadem
616 416 716 444 unitas.
732 421 758 442 et
775 419 830 442 tota
842 416 935 443 eadem

133 458 290 492 Trinitas;
320 461 409 487 unitas
443 465 497 487 tota
511 461 604 487 eadem
633 462 781 488 secuuuduun
807 462 936 489 substan-

133 504 227 534 tiam.
252 510 278 532 et
294 509 349 533 tota
365 507 461 534 eadem
474 506 594 535 Trinitas
609 507 757 534 sccnndutm
786 515 936 540 personas;

136 549 230 578 Pater
245 551 315 577 enim
336 555 362 577 et
382 551 479 583 Filius,
501 557 527 579 et
548 553 667 587 Spiritus
689 553 835 581 divinitas:
861 559 888 580 cl
909 553 936 580 itu

137 595 237 628 Patre,
258 601 284 623 et
307 596 384 629 Filio,
407 601 435 624 et
461 597 561 632 Spiritui
586 603 681 626 sancto
707 599 855 630 divinitas;
883 605 938 626 lota

135 641 241 668 eadem
260 642 286 668 in
303 647 358 669 toto
378 642 467 674 Patre,
483 647 509 668 et
526 643 552 669 in
571 643 664 670 eadem
681 648 736 670 tota
752 649 825 671 totus
839 643 937 676 Pater;

116 691 168 724 πει
192 691 246 713 tota
262 688 355 714 eadem
372 688 397 714 in
415 693 470 714 tuto
492 688 571 720 Filio,
589 695 615 715 et
631 689 658 715 itu
674 690 766 716 cadent
792 694 844 716 tota
866 694 939 716 totus

115 741 122 769 ι
139 732 245 765 Filius;
267 738 294 760 et
316 738 369 761 tota
385 734 478 761 eadem
496 735 521 760 iu
538 739 595 762 toto
620 734 720 768 Spiritu
745 741 849 766 saneto,
862 742 888 763 et
911 736 938 763 in

141 782 204 805 tota
228 778 321 805 eadem
348 783 420 807 totus
446 779 562 814 Spiritus
585 786 711 813 sanctus,
729 785 783 808 tota
800 781 890 813 Pater,
912 785 940 809 et

141 824 172 851 in
190 828 249 851 toto
270 824 369 858 Patre;
389 830 414 852 et
431 831 502 852 touuus
517 826 543 852 in
558 832 611 854 tota
635 826 725 858 Pater.
742 832 768 854 et
789 831 842 854 tota
866 831 940 854 totus

141 869 247 902 Pater;
263 874 288 896 et
306 874 360 897 tota
378 872 470 898 eadctn
492 876 564 898 totus
586 872 666 904 ﬁlius,
684 877 711 899 et
727 877 784 899 tota
801 872 894 900 eadem
910 873 937 900 in

145 917 207 940 toto
227 912 306 945 Filio,
324 920 350 941 et
364 919 435 942 tutus
458 919 524 948 tota,
548 921 574 942 et
588 916 614 943 iu
636 921 689 943 tota
714 916 807 943 eadem
832 916 916 944 Filius
929 938 937 949 ,

143 964 174 986 et
189 963 246 986 tota
262 959 355 985 cadent
379 959 495 993 Spiritus
519 965 640 995 sanctus,
665 965 691 987 et
706 961 731 988 in
756 966 811 988 toto
836 961 938 997 Spiritu

144 1010 256 1036 sancto,
270 1009 297 1032 et
309 1009 379 1032 totus
393 1004 509 1040 Spiritus
523 1010 633 1034 sanctus
645 1012 709 1041 tota,
724 1013 751 1035 et
763 1012 833 1035 totus
845 1009 870 1034 in
884 1013 937 1035 tota

144 1051 243 1076 eadem
261 1051 374 1085 Spiritus
389 1056 508 1078 sanctus.
521 1051 581 1078 Non
593 1051 664 1079 enim
679 1060 710 1080 ex
724 1058 800 1087 parte
814 1053 940 1080 divinitas

146 1095 175 1122 in
194 1095 283 1126 Patre,
297 1101 342 1122 aut
357 1104 389 1122 ex
411 1103 488 1131 parte
512 1097 582 1124 Deus
597 1097 677 1125 Pater
691 1106 740 1125 nec
767 1106 798 1126 ex
825 1099 938 1132 paruein

151 1140 256 1175 Spiritu
271 1147 364 1168 suncun
379 1142 514 1171 diuinitas.
530 1149 573 1170 aut
590 1152 622 1170 ex
644 1150 719 1178 parte
740 1144 809 1171 Deus
825 1144 939 1179 Spiritus

147 1190 280 1212 sanctus:
301 1194 348 1212 nec
362 1187 433 1212 enim
455 1188 588 1223 parti‘luilis
603 1194 640 1214 est
658 1189 795 1220 divinitas,
818 1198 866 1216 nec
886 1191 937 1216 im-

148 1232 287 1265 per'cctus
299 1233 369 1259 Drus
380 1232 466 1263 Pater.
481 1233 521 1260 vel
532 1233 669 1260 Filiusvel
683 1234 798 1269 Spiritus
810 1242 937 1267 sanctus;

150 1278 197 1304 sed
214 1277 304 1310 pntius
322 1283 374 1304 tota
394 1283 433 1304 est
447 1279 551 1309 eadem.
569 1279 687 1314 perfecta
705 1280 821 1315 perfecte
838 1282 862 1308 in
879 1289 939 1316 pcr-

152 1323 222 1350 fecto
232 1322 328 1355 Patre;
345 1328 370 1350 et
386 1329 437 1350 tota
459 1324 576 1358 perfecta
594 1325 710 1358 perfecte
730 1327 822 1353 eadem
839 1327 864 1354 in
878 1335 938 1362 per-

152 1369 223 1396 l'ec;o
234 1369 318 1402 Filio;
334 1375 359 1396 et
377 1373 430 1396 tota
455 1371 572 1404 per’eeta
591 1371 683 1398 eadem
701 1372 726 1397 iuu
741 1372 861 1406 perfecto
878 1373 940 1403 Spi-

152 1417 206 1443 ritu
229 1421 332 1448 san‘to,
361 1420 431 1444 totus
452 1417 522 1443 enim
547 1417 572 1443 in
595 1421 650 1444 toto
673 1417 762 1450 Patre,
788 1423 814 1445 et
838 1419 938 1453 Spiritui

152 1467 245 1489 sancto
262 1462 379 1496 perfecte
395 1461 556 1495 estj‘ilius;
581 1468 608 1489 et
628 1467 699 1490 totus
715 1463 741 1490 in
768 1468 824 1490 toto
847 1463 938 1497 Patre,

987 240 1072 265 neque
1082 233 1140 266 plus
1153 233 1194 260 luis
1202 232 1345 266 excogitat.
1359 240 1392 258 ue
1405 233 1435 258 ad
1449 232 1645 259 multitudinem
1659 233 1771 259 deorum

987 285 1048 303 cum
1070 277 1215 312 gentilibus
1228 278 1362 305 volvatur.
1377 277 1409 304 Et
1433 278 1501 311 quuod
1519 278 1574 304 haec
1592 278 1626 304 sit
1646 277 1774 305 Ecclesia:

989 323 1064 354 ﬁdes,
1085 321 1237 356 intelligant
1254 323 1390 358 quomodo
1412 323 1552 356 Dominus,
1573 332 1634 350 cum
1654 325 1774 351 mitteret.

991 372 1138 404 apostolus,
1165 373 1290 406 prteccpit
1316 372 1354 399 eis
1372 371 1463 406 jacere
1490 373 1541 400 luoc
1568 373 1772 400 ftnuulaunentuun

987 417 1132 443 Ecclesia):
1153 416 1261 448 Euam,
1275 417 1371 451 inquit,
1387 418 1475 445 docete
1491 416 1579 445 oimtes
1597 425 1693 453 gentes,
1712 418 1774 450 bap-

989 463 1100 489 tiznntrs
1114 470 1157 488 eos
1181 463 1209 488 in
1226 463 1330 489 nomine
1354 462 1443 490 Patris
1467 468 1492 489 et
1518 462 1592 495 Filii,
1609 469 1633 489 et
1657 463 1774 496 Spiritus

988 510 1072 541 sancti
1092 510 1126 536 ".
1154 509 1274 542 Apostoll
1300 514 1387 536 autem
1409 509 1521 543 profecti
1544 510 1583 537 sic
1605 509 1755 536 docuerunt

989 556 1021 581 Et
1042 555 1098 581 ba'c
1110 559 1151 581 est
1169 555 1193 580 in
1210 555 1334 582 universa
1352 554 1472 582 Ecclesia
1488 563 1547 589 qure
1565 555 1617 581 sub
1631 555 1702 581 cmlo
1721 559 1773 585 est,

989 600 1160 634 prmdicatio:
1176 604 1202 626 et
1219 600 1269 626 hoc
1280 605 1322 627 est
1336 600 1538 628 fundamentum
1555 601 1615 627 ﬁdei
1637 600 1774 628 Ecclesiae.

990 646 1029 672 Ex
1046 646 1086 672 his
1102 645 1209 679 plauuum
1230 645 1268 677 ﬁt,
1291 646 1361 679 quuod
1380 646 1468 673 omnis
1484 646 1619 680 plenitudo
1639 645 1770 673 divinita—

992 691 1025 719 tis
1040 697 1081 719 est
1096 691 1187 724 Pater,
1204 691 1298 723 Filius,
1315 697 1341 718 et
1355 691 1473 726 Spiritus
1493 696 1614 725 sanctus;
1633 696 1686 718 tota
1702 691 1773 719 enim

990 743 1018 766 et
1028 739 1085 765 sola
1109 738 1234 765 divinitas
1254 739 1287 765 de
1310 746 1473 773 unaquaque
1497 739 1577 765 triutun
1600 745 1775 772 personarum

995 783 1053 810 sine
1072 783 1225 811 ditl‘erentia
1242 783 1306 814 ulla,
1318 788 1344 809 et
1360 791 1391 810 ex
1412 783 1484 810 omni
1510 787 1585 817 parte
1603 782 1775 817 prtedicatur.

991 831 1018 855 et
1031 828 1216 862 reciprocatur
1238 827 1393 861 praedicatio
1416 827 1450 854 de
1465 827 1576 859 eodem;
1594 834 1644 854 nec
1658 827 1777 853 variatur

990 873 1016 899 in
1030 872 1082 899 ulla
1100 879 1139 904 re,
1160 872 1212 899 nisi
1230 872 1255 898 in
1281 872 1474 906 luypostaticis:
1493 877 1574 905 atque
1591 870 1641 898 hoc
1655 875 1696 898 est
1711 870 1774 898 illuud

988 918 1087 945 mirum
1099 918 1124 944 in
1137 917 1244 944 moduum
1256 917 1349 951 ingens
1363 920 1390 943 ct
1400 924 1539 947 arcanum,
1549 920 1629 951 atque
1641 915 1772 945 abditum,

989 967 1016 990 et
1029 963 1101 997 quuod
1118 962 1181 989 nulli
1204 968 1308 990 natura:
1328 962 1354 988 iu
1370 961 1423 989 nlla
1442 969 1470 988 re
1484 961 1626 996 contingit,
1642 961 1777 995 quomodo

989 1009 1069 1036 tritum
1087 1016 1272 1042 personarum,
1284 1013 1309 1035 et
1326 1007 1359 1043 (si
1377 1008 1417 1035 l'as
1435 1012 1476 1033 est
1491 1007 1591 1041 dicere)
1611 1007 1689 1033 trium
1709 1007 1773 1033 sub-

986 1053 1121 1087 jectorutn
1138 1061 1191 1080 una
1202 1057 1242 1080 est
1257 1052 1373 1080 essentia
1388 1055 1462 1082 actu,
1480 1051 1537 1078 sola
1555 1054 1582 1077 et
1596 1053 1652 1076 tota
1669 1049 1695 1075 in
1709 1055 1776 1076 una-

990 1106 1095 1134 quaque
1103 1102 1262 1133 persona,ut
1269 1097 1290 1125 si
1301 1105 1354 1124 unua
1362 1103 1477 1131 persona
1487 1094 1610 1122 absolute
1618 1094 1776 1121 exsisteret:

990 1152 1071 1171 tunam
1096 1144 1241 1172 essentiam
1258 1148 1319 1170 actu
1337 1143 1396 1170 dico
1412 1142 1497 1177 magis
1512 1149 1605 1172 unam,
1622 1148 1701 1175 quam
1720 1147 1778 1173 qua:

989 1195 1031 1217 est
1043 1190 1158 1217 maxime
1177 1189 1296 1216 omnium
1312 1187 1467 1223 singularis.
1484 1186 1616 1213 Utauuteuu
1634 1188 1779 1219 repetenda

991 1237 1148 1265 summatim
1165 1235 1308 1263 manifesta
1327 1235 1371 1261 ﬁat
1387 1233 1520 1269 expositio
1539 1233 1705 1265 matcriaria,
1718 1240 1778 1267 qua:

990 1284 1041 1311 hac
1055 1282 1156 1309 ulecade
1166 1281 1329 1312 continetur,
1341 1281 1553 1306 demonstratum
1567 1284 1605 1305 est
1621 1287 1667 1313 per
1679 1286 1778 1312 propn-

991 1329 1102 1359 sitiones
1114 1326 1290 1355 afﬁrmantes.
1302 1325 1371 1359 quod
1382 1332 1435 1351 non
1448 1330 1487 1351 est
1500 1324 1562 1356 alia,
1574 1329 1600 1351 et
1612 1323 1667 1350 sola
1684 1327 1778 1350 natura

990 1382 1043 1401 nun
1059 1377 1160 1404 creata.
1177 1372 1227 1399 nisi
1251 1372 1324 1398 solus
1348 1370 1439 1402 Pater,
1458 1375 1485 1397 et
1503 1369 1600 1400 Filius,
1614 1373 1640 1396 et
1662 1367 1779 1403 Spiritus

992 1424 1121 1450 sanctus;
1137 1425 1188 1445 nec
1210 1417 1263 1444 alia
1285 1416 1422 1446 divinitas.
1440 1419 1467 1441 et
1481 1415 1579 1446 virtuts,
1595 1419 1618 1441 et
1642 1413 1778 1448 operatio,

993 1467 1043 1494 nisi
1058 1466 1131 1493 solus
1145 1456 1214 1492 idem
1231 1465 1355 1495 Pater,et
1370 1462 1463 1493 Filius,
1476 1465 1503 1488 et
1518 1461 1634 1495 Spiritus
1648 1465 1777 1492 sanctus,

153 1512 178 1533 ct
193 1506 261 1534 Filio
277 1507 395 1541 perferte
407 1512 448 1535 est
471 1507 588 1542 Spiritus
612 1513 742 1541 sanctus;
766 1510 940 1543 quamobrem
957 1516 978 1545 (ς
995 1519 1043 1538 nec
1059 1515 1101 1538 est
1124 1510 1177 1537 alia
1201 1510 1292 1538 uuuitas
1315 1516 1478 1544 supraquam
1495 1508 1593 1537 divina.
1613 1508 1661 1534 nisi
1687 1506 1778 1538 Pater,

153 1557 180 1579 et
195 1560 264 1579 uunuus
282 1551 349 1579 Deuus
371 1551 462 1584 Pater.
477 1557 504 1580 et
523 1551 618 1586 Filius,
638 1558 664 1581 et
679 1553 796 1588 Spiritus
814 1560 936 1589 sanctus,

154 1606 205 1624 una
221 1599 291 1625 enim
306 1603 331 1623 et
347 1598 442 1625 eadem
460 1599 620 1631 substantia,
633 1604 660 1627 et
674 1600 769 1633 virtus,
783 1606 806 1628 et
819 1602 940 1636 operatio

154 1644 253 1677 Patris,
267 1651 292 1670 ct
307 1644 377 1677 Filii,
394 1649 420 1671 et
441 1644 561 1680 Spiritus
576 1646 671 1679 sancti,
686 1654 747 1674 cum
764 1647 853 1674 nullus
878 1649 938 1676 sine

154 1690 239 1716 altero
256 1690 304 1721 sit,
319 1694 364 1716 aut
385 1689 561 1724 intelligatur.
578 1689 689 1725 Magnus
714 1691 889 1724 Athanasius,
912 1693 939 1720 in

155 1735 265 1769 epistula
280 1734 313 1761 ad
329 1734 522 1769 Serapionem:
550 1735 693 1764 Videamus
716 1745 782 1764 vero
810 1743 938 1772 praeterea

155 1780 240 1815 ipsum
252 1781 332 1808 etiam
346 1788 360 1808 a
374 1781 506 1815 principio
517 1782 635 1809 relictam
649 1783 830 1815 tradiuiouuem,
852 1790 877 1811 et
895 1785 942 1811 uio-

156 1829 267 1857 ctrinam
280 1833 359 1862 atque
375 1828 453 1855 ﬁdem
468 1828 596 1857 Ecclesia;
612 1829 753 1857 catholicae
767 1839 774 1862 ;
789 1838 868 1864 quam
891 1831 942 1858 Do-

158 1875 245 1901 minus
268 1874 374 1908 quidem
397 1873 482 1906 dedit,
501 1874 616 1908 apostoli
634 1882 698 1901 vero
716 1876 940 1910 prmdicavcruut,

157 1925 179 1946 cl
196 1919 287 1947 Patres
297 1924 450 1945 servarunt.
463 1919 490 1945 ltt
502 1919 552 1945 luac
563 1920 634 1946 enim
649 1919 700 1946 ﬁule
714 1919 832 1947 Ecclesia
847 1921 943 1948 funda-

158 1969 182 1991 ta
196 1969 247 1996 est,
262 1964 295 1990 alt
310 1965 358 1991 hac
379 1964 424 1998 quui
442 1965 583 1993 exciderit.
602 1973 650 1992 nec
668 1966 719 1991 erit
736 1973 821 1999 neque
839 1967 942 1994 dicetur

157 2010 330 2037 Christianus.
345 2009 463 2037 Trinitas
475 2011 555 2045 igitur
569 2017 661 2037 sancta
677 2017 700 2038 et
719 2011 839 2045 perfecta
855 2018 896 2039 est
913 2012 939 2040 in

159 2055 244 2084 Patre.
260 2054 374 2092 rtFilin,
389 2059 416 2081 ct
432 2055 533 2090 Spiritu
549 2061 654 2089 sancto,
672 2056 738 2083 nihil
752 2057 879 2086 alienum.
894 2065 942 2083 nec

158 2100 324 2127 extrinsecus
338 2101 479 2127 collectum
498 2101 610 2131 lualncns,
628 2110 676 2128 nec
692 2110 723 2128 ex
742 2107 863 2129 creatore.
877 2110 941 2129 cout-

159 2151 242 2176 stans,
259 2146 305 2172 sed
323 2150 380 2172 tota
396 2146 524 2178 creatrix,
541 2151 567 2173 et
583 2146 723 2179 rilectrix;
739 2148 778 2173 sui
796 2147 901 2179 similis,
915 2151 942 2174 et

159 2191 300 2218 secundum
316 2195 437 2218 naturam
450 2192 599 2226 individua,
615 2197 639 2219 et
657 2200 708 2219 una
724 2193 803 2227 hujus
817 2193 936 2228 operatio

159 2237 236 2263 Pater
249 2237 319 2264 eniuuu
330 2244 377 2271 per
387 2237 502 2264 Verbum
514 2238 540 2264 iuu
554 2238 655 2272 Spiritu
668 2244 763 2265 sancto
772 2239 861 2265 oumia
873 2239 946 2270 facit.

159 2287 183 2309 et
196 2284 234 2309 sic
245 2288 366 2309 servatur
381 2282 470 2309 unitas
482 2282 641 2316 Trinitatis;
660 2289 684 2310 et
698 2284 737 2310 sic
752 2292 822 2311 unus
837 2284 906 2311 Deus
920 2285 944 2311 iu

161 2327 276 2354 Ecclesia
297 2328 472 2362 pradicatur.
498 2328 544 2362 qui
565 2334 605 2356 est
633 2337 714 2364 super
734 2330 835 2361 omnia,
854 2335 881 2357 et
898 2338 945 2365 per

160 2373 255 2402 omnia.
267 2377 294 2399 et
306 2373 332 2399 in
344 2374 483 2406 omnibus;
497 2382 578 2408 super
588 2375 677 2401 omnia
689 2375 807 2409 quidem,
818 2381 845 2401 ut
855 2375 943 2407 Pater.

162 2421 188 2444 ut
201 2417 372 2452 principium,
384 2422 412 2445 ut
426 2417 496 2451 fons;
508 2426 555 2453 per
567 2420 656 2446 ounnia
671 2427 734 2446 vero
749 2427 796 2454 per
810 2419 943 2453 Verbum;

162 2463 186 2490 itt
201 2462 326 2491 omnibus
347 2469 436 2490 autem
455 2464 481 2490 in
502 2464 603 2498 Spiritu
621 2469 725 2492 sancto.
743 2465 864 2493 Trinitas
880 2474 945 2494 vero

162 2513 196 2534 cst
217 2515 269 2534 non
285 2507 342 2534 solo
357 2509 503 2540 nomine,et
521 2510 628 2536 lictiouue
643 2509 780 2542 Verbi,seul
797 2511 909 2538 veritate
917 2517 945 2539 et

163 2553 314 2581 exsistcatia
326 2552 454 2581 Trinitas.
467 2555 540 2581 Sicut
555 2556 626 2582 enim
639 2556 683 2590 qui
697 2555 894 2589 est,estPater;
906 2558 947 2585 sic

163 2599 202 2634 qui
213 2603 263 2628 est.
275 2605 314 2626 est
327 2607 407 2634 super
416 2600 506 2626 omnia
519 2599 598 2627 Dens.
611 2602 655 2634 qui
670 2605 710 2627 est
728 2601 806 2635 hujus
815 2601 947 2634 Verbum;

164 2649 187 2672 et
200 2643 317 2678 Spiritus
331 2649 440 2671 sanctus
453 2651 506 2671 non
520 2650 562 2671 est
576 2653 628 2671 uuou
643 2646 788 2676 exsistens,
798 2645 845 2672 sed
859 2647 948 2680 potius

164 2690 261 2716 exsistit
284 2694 310 2716 et
332 2690 458 2717 Subsistit
475 2698 547 2717 vere.
573 2690 664 2725 Neque
688 2691 778 2719 minus
800 2691 842 2717 bis
865 2692 947 2719 sentit

165 2734 279 2764 Ecclesia
295 2735 440 2766 catholica.
457 2742 492 2762 ne
511 2736 538 2763 iuu
554 2743 674 2764 errorem
691 2744 797 2770 coruunt,
813 2737 858 2773 qui
882 2744 943 2765 cunn

198 2822 218 2838 “
233 2822 328 2849 “dull.
349 2831 445 2854 nutu,
465 2822 510 2851 18.

990 1557 1085 1588 Filius,
1102 1561 1128 1584 et
1143 1556 1259 1591 Spirituus
1277 1560 1406 1582 sanctus:
1422 1562 1471 1582 nec
1484 1558 1526 1581 est
1540 1554 1590 1580 alia
1604 1554 1630 1580 itu
1645 1553 1779 1580 Trinitate

990 1603 1127 1634 discretio,
1138 1602 1187 1629 nisi
1201 1602 1227 1628 in
1242 1609 1274 1627 eo
1287 1601 1358 1635 quod
1372 1605 1412 1627 est
1424 1607 1483 1627 esse
1495 1600 1614 1630 Patrem.
1628 1603 1654 1626 ct
1668 1598 1778 1634 Filium,

991 1654 1018 1676 et
1033 1647 1164 1682 Spiritum
1179 1650 1302 1674 sanctum
1315 1653 1323 1678 ;
1339 1653 1387 1672 nec
1397 1649 1435 1671 cst
1449 1645 1476 1671 in
1487 1644 1622 1672 Trinitate
1635 1644 1705 1671 alius
1717 1643 1777 1670 fons

990 1699 1017 1721 et
1040 1693 1198 1728 priueipiuun
1223 1692 1305 1718 totius
1330 1691 1488 1720 divinitatis.
1506 1690 1557 1717 nisi
1582 1690 1654 1717 solus
1678 1690 1777 1722 Pater;

991 1745 1018 1767 et
1035 1739 1105 1775 quuod
1131 1738 1269 1766 naturales
1293 1741 1319 1764 et
1337 1737 1527 1764 substantiales
1551 1735 1722 1770 operationes
1745 1743 1777 1762 ex

992 1787 1050 1820 ipso
1063 1785 1226 1820 prodeuntes
1239 1789 1301 1811 stunt
1312 1783 1406 1812 Filius.
1417 1788 1443 1809 et
1456 1782 1514 1817 ejus
1525 1781 1643 1814 Spiritus
1655 1786 1780 1813 sant-tus;

991 1839 1042 1858 nec
1060 1831 1110 1858 alia
1125 1835 1166 1858 est
1180 1829 1313 1864 operatio.
1328 1834 1354 1855 et
1369 1836 1475 1860 maunus,
1492 1832 1519 1854 et
1535 1827 1634 1861 digitus
1650 1826 1718 1861 ejus,
1733 1827 1779 1861 qui

991 1881 1033 1904 est
1045 1884 1123 1909 supra
1137 1876 1236 1901 bonum
1249 1883 1296 1909 per
1304 1881 1381 1908 quem
1395 1873 1484 1899 oumia
1499 1872 1569 1899 Deus
1580 1872 1778 1906 operatur.nisi

992 1921 1049 1956 ejuts
1072 1920 1166 1951 Filius,
1184 1919 1344 1955 principium
1366 1917 1506 1945 deillcaudi
1529 1925 1587 1949 nes,
1611 1921 1638 1944 et
1663 1916 1779 1953 Spiritus

992 1971 1120 1993 Sanctus:
1138 1972 1224 1999 utequte
1242 1971 1409 1998 quacunque
1426 1962 1582 1995 singulatim
1599 1963 1737 1989 naturales
1752 1968 1780 1988 et

992 2011 1182 2039 suulustantiJles
1194 2010 1320 2044 energia‘,
1333 2010 1387 2035 sive
1401 2009 1572 2043 operatiouues
1582 2008 1627 2036 Dei
1643 2009 1779 2041 dicuntur,

992 2057 1051 2085 aliae
1067 2062 1129 2084 sunt
1143 2061 1237 2090 praeter
1255 2055 1362 2085 Filium,
1381 2059 1407 2081 et
1421 2058 1541 2080 sanctum
1558 2054 1615 2087 ejus
1631 2053 1778 2087 Spiritum;

993 2110 1079 2137 neque
1090 2108 1258 2136 quaecunque
1272 2107 1326 2126 uno
1340 2099 1421 2125 verbo
1435 2098 1565 2124 naturalia
1579 2103 1606 2125 et
1619 2099 1782 2126 substantia-

994 2148 1028 2174 lia
1049 2148 1093 2174 Dei
1109 2147 1244 2178 dicuntur,
1260 2145 1311 2172 alia
1327 2149 1389 2172 suunt
1410 2149 1508 2179 prmter
1525 2145 1635 2177 Filium,
1649 2149 1677 2172 et
1694 2144 1781 2178 Spiri-

939 2222 946 2229 _
965 2183 985 2210 Ι)
1001 2198 1056 2219 tuunu
1071 2196 1216 2224 sanctum;
1232 2198 1318 2225 neque
1334 2197 1501 2224 quazcunque
1520 2190 1546 2216 in
1562 2190 1694 2217 Trinitate
1712 2191 1781 2217 reci-

998 2243 1152 2273 procantur,
1166 2239 1239 2273 pium
1257 2242 1299 2264 est
1314 2238 1404 2265 dicere
1418 2238 1563 2272 quidquam
1579 2237 1604 2263 iuu
1622 2238 1662 2264 eis
1680 2245 1738 2264 esse
1753 2242 1780 2264 et

995 2285 1049 2312 dici
1066 2285 1145 2311 utuius
1160 2291 1292 2318 persomc,
1305 2283 1376 2318 quod
1390 2291 1441 2309 non
1455 2283 1490 2309 sit
1502 2287 1529 2309 et
1541 2283 1646 2309 dicatur
1661 2281 1779 2309 essentia

995 2330 1122 2356 alterius:
1139 2336 1225 2363 neque
1236 2330 1296 2363 dua-
1312 2331 1375 2355 suut
1389 2334 1512 2361 persona:
1524 2327 1637 2358 deiﬁcm,
1649 2331 1675 2352 et
1689 2333 1780 2353 essen-

994 2376 1030 2402 tia
1054 2374 1208 2407 Trinitatis,
1228 2374 1301 2409 pium
1328 2378 1370 2400 est
1390 2373 1480 2400 dicere
1507 2373 1621 2399 alterum
1643 2379 1696 2398 uuouu
1718 2379 1780 2399 esse

993 2421 1140 2448 essentiam
1156 2419 1289 2452 alterius;
1306 2426 1387 2453 supra
1408 2425 1515 2446 omnem
1537 2425 1602 2444 vero
1620 2421 1736 2443 uneuutem
1752 2421 1779 2443 et

994 2466 1126 2493 rationem
1148 2465 1174 2492 in
1195 2465 1282 2492 tribus
1304 2463 1437 2498 personis,
1451 2463 1508 2490 sive
1522 2462 1653 2496 subjectis
1669 2469 1721 2488 uua
1737 2466 1780 2488 est

994 2517 1021 2539 et
1045 2517 1110 2543 tota,
1133 2515 1160 2538 ct
1173 2511 1231 2538 sola
1259 2510 1335 2536 trina
1358 2516 1438 2544 supra
1464 2512 1599 2540 naturam,
1615 2513 1642 2534 et
1668 2507 1781 2534 inﬁnita:

997 2556 1108 2583 unitatis
1120 2555 1236 2582 essentia
1249 2560 1414 2588 suupraquam
1430 2553 1531 2580 divina.
1547 2552 1670 2580 Perfecta
1687 2552 1779 2586 itaque

997 2607 1131 2632 suntqua:
1144 2601 1171 2628 in
1186 2601 1237 2627 luae
1260 2600 1360 2626 dccade
1381 2603 1506 2627 contexta
1527 2604 1589 2626 sunt
1604 2604 1631 2625 et
1644 2598 1779 2633 exposita,

997 2647 1032 2673 ita
1048 2652 1076 2673 ut
1092 2647 1158 2673 niluil
1173 2646 1253 2673 desit.
1268 2645 1314 2673 Est
1330 2650 1418 2673 autem
1434 2645 1564 2679 inscripta
1581 2645 1672 2676 (lt-cas,
1688 2643 1725 2669 De
1737 2644 1781 2669 in-

995 2693 1096 2725 ﬁnitate
1109 2693 1135 2717 in
1147 2690 1211 2720 Deo,
1226 2690 1287 2724 quia
1304 2690 1392 2717 omnis
1408 2689 1527 2716 inﬁnitas
1543 2690 1569 2715 in
1585 2689 1638 2715 Deo
1652 2692 1694 2715 est
1712 2686 1776 2713 Tri-

993 2737 1076 2771 nitas,
1088 2743 1148 2771 quae
1164 2743 1244 2771 supra
1261 2740 1397 2768 naturam,
1412 2739 1439 2762 ct
1459 2741 1621 2770 supraquaut
1640 2732 1777 2766 incognita
