1955 3076
214 94 268 124 95')

778 96 822 127 JO
831 97 943 127 \‘lNlS
961 97 1244 129 CYl’ARlSSIO'M!

1780 99 1857 129 900

211 157 272 184 est;
285 157 312 180 et
326 153 383 187 ipsa
396 152 452 180 sola
464 157 505 180 est
519 153 541 180 is
552 153 596 188 qui
608 160 690 188 super
699 154 997 190 omnia,etpcromnia.
1013 158 1035 186 Α
1051 156 1196 191 quidquam
1209 164 1262 183 non
1289 156 1451 185 subsistens:
1472 163 1523 184 nec
1545 161 1587 185 est
1607 157 1633 184 itt
1654 164 1688 184 eo
1708 157 1772 192 plus
1795 162 1857 184 aut

210 202 239 224 et
250 197 276 224 itt
287 197 412 224 omnibus
423 197 501 224 laude
508 202 534 224 et
543 198 625 231 gloria
634 198 786 226 celebratur
795 206 864 226 ttnus
874 204 900 226 et
911 200 997 227 trinas

211 243 303 270 Deus:
323 247 350 270 et
375 251 436 270 esse
461 244 521 278 ejus
544 249 585 271 est
608 245 772 276 substantia,
791 251 819 272 et
844 246 995 273 substantia

211 288 349 323 omnium;
368 293 396 316 et
415 296 468 317 non
493 294 532 317 est
551 290 578 317 in
605 290 664 325 ipso
688 291 742 318 ulla
766 291 893 326 privatio,
911 299 998 326 neque

997 373 1033 380 ..-

1049 202 1139 229 ntinus
1158 202 1208 229 nisi
1226 209 1287 237 quae
1306 202 1340 229 ab
1360 203 1418 236 ipso
1443 208 1519 230 extra
1539 210 1568 230 se
1586 203 1671 237 ipsum
1697 202 1857 229 voluntate

1051 250 1162 280 propter
1196 247 1399 282 exuperantiam
1439 247 1568 276 bonitatis
1608 254 1665 274 suat
1703 246 1855 282 prodltcla

1051 296 1125 319 sunt.

545 413 671 444 DECAS
695 414 850 446 DECIMA.
871 432 909 438 —
924 415 982 446 DE
1004 415 1152 447 DIVINA
1174 414 1494 446 SIMPLICITATE.

528 458 643 504 (item
664 477 683 503 ι.

214 547 291 580 Quod
304 555 356 572 non
380 549 478 578 oportet
494 554 610 579 qaa’rere
626 555 652 573 tn
678 546 824 577 Trinitate,
838 555 895 581 qua:
915 556 997 581 supra

248 583 421 608 substantiam
445 581 611 610 eat,/tabitns
637 587 660 607 et
687 582 891 616 dispositiones,
918 591 998 616 neque

249 622 310 643 sunt
327 617 424 653 aliqua
451 617 522 643 circa
545 616 631 651 ipsum
665 625 723 651 qua:
743 617 917 644 substantiam
939 619 996 653 ejus

249 651 403 685 contpleunt.

250 709 368 737 Sanctus
383 709 526 740 Maximus,
542 709 568 735 itt
580 710 702 736 centuria
720 715 828 744 quarta,
845 711 936 744 capite
951 718 998 738 0c-

214 760 298 780 lavo:
316 753 364 785 Ne,
380 754 477 788 inquit,
495 761 599 788 qureras
623 754 731 782 ltabittts
745 760 772 782 et
794 755 948 783 ltahilitates
971 756 996 782 in

213 799 329 833 simplici
343 803 371 826 et
389 799 492 826 itttittita
509 799 659 827 substantia
676 805 776 827 sancite
791 800 942 830 Trinitatis.
961 808 996 827 ne

215 851 275 871 eam
292 843 376 871 facias
390 845 579 879 compositam,
594 846 663 872 sicut
679 850 817 872 creaturas
833 854 840 878 ;
856 847 927 880 quod
942 847 1001 880 qni-

214 889 275 916 dem
292 890 318 917 in
333 889 388 917 Deo
408 890 526 926 cogitare
551 890 698 917 absurdum
728 896 755 918 et
789 892 920 918 nefarium
948 897 1000 920 est.
1016 880 1036 907 Β

215 934 328 962 Divinus
356 935 558 963 Dantascenus:
585 934 726 968 Voluntas,
750 941 778 962 et
804 937 949 971 sapientia.
974 942 1003 964 et

215 980 303 1008 virtus
315 981 404 1008 Patris
416 985 456 1008 est
471 981 552 1008 Filius
566 989 575 1013 ;
595 989 647 1008 non
662 982 733 1008 cnim
746 987 852 1016 oportet
866 983 954 1009 dlt‘cm
975 984 1000 1010 itt

216 1026 273 1054 Deo
288 1027 458 1061 qualitatem,
479 1034 513 1053 ne
535 1028 657 1054 dicamus
673 1035 735 1054 etttn
756 1035 789 1055 ex
807 1028 957 1055 substantia
974 1034 1002 1056 et

214 1073 346 1107 qualitate
358 1073 537 1106 cotttposituttt
557 1080 629 1100 essu.
644 1073 757 1106 Magnus
778 1074 947 1101 Athanasius
972 1075 998 1101 itt

215 1117 384 1151 apologetico
423 1125 470 1152 pro
506 1118 609 1153 synodo
631 1117 762 1151 Nicena,
795 1119 870 1152 cujus
902 1121 1003 1155 princi-

215 1164 288 1198 pium
306 1163 437 1196 est,Bene
461 1164 558 1198 fecisti,
574 1169 603 1191 ut
629 1165 781 1193 declarare;
801 1167 876 1194 mihi.
893 1168 920 1194 Si
945 1168 1005 1201 quis

216 1209 307 1243 igitur,
336 1210 432 1243 inquit,
461 1210 599 1236 existimat
620 1209 704 1237 Deum
729 1219 789 1238 esse
812 1213 1002 1246 compositum,

217 1259 243 1278 ttt
260 1253 329 1287 quod
342 1262 374 1280 cx
391 1254 542 1281 substantia
553 1259 581 1282 et
595 1255 735 1282 accidente
749 1257 929 1290 compositum
942 1263 983 1285 est
995 1266 1003 1290 ;

216 1303 265 1325 attt
285 1300 384 1327 habere
406 1300 576 1328 extrinsecus
601 1301 710 1335 aliqttod
736 1303 947 1337 operimentum,
974 1309 1001 1331 et

218 1347 292 1379 tegi;
311 1348 358 1372 aut
377 1353 437 1372 csse
452 1346 573 1379 qtttedam
592 1346 663 1373 circa
682 1347 781 1381 ipsttnt,
799 1355 858 1382 quae
874 1350 1002 1376 substan-

216 1391 281 1417 tiam
297 1390 355 1424 ejus
366 1390 518 1424 c0utpleant
530 1411 538 1423 ,
550 1389 585 1417 ita
599 1395 697 1418 utcum
713 1398 761 1419 nos
774 1393 889 1420 dicimus
901 1393 997 1427 Deum,

216 1436 258 1463 \‘cl
275 1436 448 1464 nominamus
466 1438 586 1471 Patrem,
602 1445 654 1465 non
668 1439 753 1472 ipsam
768 1438 999 1473 iuaspcctabilem,

216 1485 244 1508 et
261 1481 511 1516 iueomprehensam
528 1483 706 1511 substantiam
729 1484 788 1518 ejus
804 1485 999 1519 signiﬁcemus,

1048 479 1093 506 sed
1109 479 1198 512 potius
1212 477 1313 512 aliqttid
1331 478 1403 505 circa
1422 478 1522 513 ipsum,
1546 483 1675 506 accusent
1687 479 1856 514 synodum.

1048 532 1108 557 quae
1131 524 1252 558 scripsit,
1280 531 1312 551 ex
1340 524 1491 550 substantia
1520 524 1611 552 Patris
1637 532 1696 551 esse
1722 524 1850 553 Filium.

1047 569 1234 600 Considerent,
1247 569 1318 602 quod
1332 569 1384 594 dtto
1400 569 1569 602 blaspheme,
1584 575 1609 597 et
1625 570 1650 597 itt
1671 570 1754 597 Deum
1774 578 1853 597 Con-

1049 615 1188 641 tutneliosc
1202 614 1352 647 proferunt.
1366 622 1426 641 cum
1441 615 1479 641 sic
1491 616 1608 650 cogitant
1621 625 1628 642 :
1643 616 1724 643 Deum
1738 625 1850 650 quem-

1050 662 1110 688 dam
1129 669 1289 696 corporeum
1307 661 1493 692 introducunt,
1510 667 1536 689 et
1557 663 1698 689 Dominum
1727 671 1784 688 nott
1809 671 1848 689 ex

1050 707 1109 741 ipso
1125 707 1216 736 Patre.
1240 707 1286 733 sed
1303 715 1335 733 ex
1352 707 1385 734 iis
1400 714 1459 740 qum
1474 712 1535 734 sunt
1553 708 1625 734 circa
1641 708 1739 741 ipsum.
1758 716 1847 735 tuen-

1050 753 1154 780 tinntur
1181 761 1252 779 esse.
1269 753 1315 780 Sin
1340 757 1429 780 autem
1457 753 1570 787 simplex
1601 754 1738 788 quidpiam
1766 753 1847 781 Deus

1051 803 1103 828 est.
1122 802 1151 824 ut
1166 798 1272 832 quidem
1289 802 1342 829 cst,
1359 797 1531 824 manifestum
1558 798 1586 824 ﬁt
1601 799 1670 832 quod
1687 807 1747 825 cunt
1767 799 1846 825 dici-

1052 851 1111 870 mus
1133 843 1226 876 Deunt,
1249 847 1275 870 et
1292 844 1464 870 nominamus
1482 843 1599 876 Patrem,
1617 845 1682 870 nihil
1705 850 1841 876 tanquam

1052 889 1124 916 circa
1145 890 1243 922 ipsum,
1260 889 1307 915 sed
1337 889 1421 920 ipsant
1449 889 1507 923 ejus
1534 890 1714 917 substantiam
1733 891 1846 923 signiti—

1053 943 1145 962 catnus
1179 935 1228 970 (l).
1256 934 1288 961 Et
1315 943 1408 961 rursm;
1431 935 1500 961 idem
1538 936 1563 962 iu
1587 936 1710 963 oratione
1726 956 1733 966 ,
1758 935 1845 970 cujus

1051 980 1211 1014 principium
1230 985 1282 1011 est.
1300 980 1428 1007 Omnibus
1443 982 1514 1008 vobis
1533 982 1578 1016 qui
1593 983 1620 1008 in
1644 990 1723 1008 unum
1739 990 1824 1008 tantm
1836 996 1844 1002 -

1051 1026 1140 1056 tristis.
1169 1026 1201 1052 de
1216 1033 1248 1052 eo
1263 1025 1335 1059 qttod
1354 1025 1448 1053 Patres
1463 1027 1557 1061 synodi
1573 1027 1686 1054 Nicaeum
1703 1033 1777 1054 recte
1798 1028 1844 1054 tt-i

1050 1076 1112 1098 sunt
1128 1071 1209 1097 verbo
1224 1071 1371 1097 homousii:
1387 1072 1453 1104 Quia
1468 1073 1560 1106 igitur,
1580 1073 1677 1108 inquit.
1696 1074 1844 1100 excusatio
1863 1085 1867 1087 λ

1054 1117 1087 1144 dc.
1099 1117 1130 1142 iis
1145 1117 1189 1149 qui
1205 1118 1438 1149 scandalizantttr,
1452 1119 1637 1151 itttprohabilis
1651 1119 1843 1147 demonstrata

1054 1168 1107 1195 est,
1123 1164 1204 1190 dicito
1221 1164 1346 1198 deinceps
1369 1172 1428 1196 vos,
1442 1166 1576 1198 quoutodo
1590 1174 1642 1192 nott
1659 1166 1745 1200 placet
1761 1166 1844 1192 vobis

1054 1216 1154 1236 nomett
1167 1209 1349 1237 substantia?
1370 1210 1420 1238 hoc
1437 1211 1509 1237 enim
1529 1219 1638 1238 necesse
1659 1217 1700 1238 est
1722 1212 1842 1245 primu-tt

1056 1261 1183 1283 cxvtttcre
1197 1265 1203 1283 :
1222 1256 1296 1290 atqui
1313 1261 1339 1283 et
1356 1264 1404 1284 vos
1414 1257 1561 1291 scripsistis
1578 1265 1609 1284 ex
1621 1256 1702 1283 Patre
1715 1258 1843 1292 genitum

1054 1308 1113 1328 esse
1129 1300 1237 1328 Filium.
1258 1301 1286 1328 Si
1303 1301 1386 1336 igitur
1399 1309 1459 1329 cum
1474 1301 1580 1329 Patrem
1594 1302 1767 1336 :ttomiuatis,
1798 1303 1842 1330 rel

1056 1347 1102 1375 Dei
1131 1355 1228 1374 nomen
1253 1348 1352 1380 dicitis,
1384 1355 1436 1375 non
1461 1349 1638 1375 substantiam
1668 1349 1842 1383 signiﬁcatis,

1054 1401 1103 1420 net:
1117 1402 1176 1420 eum
1195 1393 1353 1428 intelligitis,
1371 1394 1416 1428 qui
1439 1398 1480 1421 est
1492 1394 1517 1420 id
1529 1394 1598 1429 quod
1612 1395 1761 1422 secundum
1775 1396 1844 1422 sub-

1054 1439 1183 1467 stantiam
1199 1445 1263 1472 cst;
1291 1440 1337 1467 sed
1358 1440 1430 1466 aliud
1451 1440 1515 1475 quid
1535 1441 1608 1467 circa
1626 1440 1712 1475 ipsum
1730 1440 1781 1475 (2),
1799 1441 1843 1468 vel

1053 1486 1154 1521 aliquid
1173 1486 1291 1513 deterius
1308 1486 1346 1520 (5)
1364 1485 1419 1521 (ne
1433 1493 1449 1513 a
1464 1493 1507 1514 me
1520 1487 1714 1522 expromatur)
1731 1487 1773 1514 Itis
1789 1495 1841 1514 no-

964 1544 1099 1576 Scholia.

255 1611 293 1641 (l)
311 1609 377 1637 Cum
401 1609 512 1636 dicimus
537 1610 617 1636 Deum
633 1614 657 1637 et
685 1611 851 1638 nominamur
882 1610 1000 1642 Patrem,
1019 1614 1040 1643 c
1059 1614 1102 1639 lia:
1117 1617 1218 1639 nostra:
1236 1619 1267 1639 ex
1288 1611 1422 1639 creaturis
1445 1615 1575 1643 snntptze;
1593 1611 1654 1643 quia
1671 1613 1722 1638 hoc
1743 1619 1839 1639 nomen

220 1646 296 1674 Nihil
325 1650 459 1681 tanqnanr
480 1645 550 1671 circa
567 1646 662 1681 ipsum,
685 1646 842 1679 sed'ipsam
864 1647 921 1681 ejus
943 1647 1004 1673 sub-

220 1681 348 1709 stantiam
375 1679 565 1714 signiﬁcamus.
600 1680 656 1707 Νοιι
692 1682 854 1707 contradicit
876 1679 1002 1708 ’Juauncs

221 1717 413 1747 Damasi-enus,
428 1722 490 1741 cum
514 1715 550 1741 ait
566 1715 633 1741 libro
659 1715 746 1749 primo
763 1715 919 1750 Theo/agite,
941 1724 1001 1750 cap.

219 1753 258 1779 9:
282 1750 394 1780 liouum.
417 1755 444 1775 et
463 1750 576 1783 iustum,
593 1754 618 1776 et
641 1755 777 1783 sanctum,
796 1755 824 1777 et
840 1752 890 1777 alia
909 1752 1002 1784 hujus-

221 1785 292 1813 tnodi
308 1790 512 1811 cottseuttuntttr
525 1789 660 1815 naturam,
674 1793 726 1810 non
739 1791 827 1811 autent
843 1786 926 1819 ipsam
939 1786 1003 1812 sub-

220 1820 347 1848 stantiam
364 1819 510 1846 declarant.
525 1819 556 1845 Et
578 1820 667 1851 capile
683 1820 733 1846 lt):
759 1819 848 1850 Pater.
873 1820 957 1847 Filius
977 1825 1004 1847 et

223 1855 342 1887 Spiritus
369 1859 481 1881 sanctus
499 1862 552 1881 non
578 1854 719 1881 detlarant
745 1855 938 1886 substantiam,
956 1856 1003 1882 sed

222 1890 394 1916 relationem.
419 1890 450 1916 Et
474 1889 553 1922 paulo
580 1895 660 1922 post:
688 1890 724 1925 Et:
756 1890 797 1917 ltis
821 1891 853 1916 ad
884 1891 1002 1925 divinam

221 1924 402 1951 substantiam
430 1925 603 1956 tnanuducti,
631 1932 684 1951 tton
712 1924 797 1958 ipsam
822 1925 1000 1951 substantiam

221 1959 487 1994 compreltcudimus,
505 1959 552 1985 sed
571 1966 630 1994 qute
644 1960 715 1986 circa
731 1960 910 1986 substantiam
924 1968 931 1990 :
952 1960 1002 1986 hoc

221 1995 293 2024 enim
321 1993 389 2020 dixit
415 1994 615 2025 Damasccmts,
645 1994 749 2021 scilicet
773 2002 824 2021 non
847 1994 1003 2028 signiﬁcare

222 2030 331 2058 nomina
352 2028 396 2054 Dei
417 2029 595 2055 substantiam
613 2029 681 2060 eius,
704 2029 766 2062 quia
788 2029 888 2055 mdium
903 2036 1000 2055 nomen

222 2064 351 2096 exprimit
367 2064 430 2098 quid
447 2069 490 2090 est
507 2064 527 2090 D
538 2071 576 2090 'llS
591 2063 708 2098 perfecte
722 2072 728 2095 ;
750 2063 797 2090 sed
813 2072 873 2090 eum
899 2064 1003 2098 signiﬁ-

223 2104 286 2127 cant
301 2099 468 2131 imperfecte.
494 2099 563 2125 sicut
578 2105 712 2125 creaturre
727 2098 886 2131 imperfecto
903 2105 1003 2132 reprae-

223 2138 353 2164 sentant;
372 2134 410 2159 «'ic
433 2133 503 2159 enim
529 2133 723 2160 Damascenuttt
753 2134 947 2167 itttcrpretatns
962 2137 1004 2159 est

223 2173 336 2195 sanctus
356 2167 452 2194 Thom.
475 2176 501 2201 p.
520 2176 538 2198 1,
555 2176 581 2201 q.
596 2168 639 2197 15,
657 2173 709 2194 art.
725 2167 752 2198 2,
771 2169 797 2194 in
819 2175 891 2202 resp.
908 2169 951 2194 ad.
968 2175 975 2194 t
992 2177 999 2195 :

224 2203 355 2230 l’ra‘terea
373 2203 567 2229 consuetudine
582 2203 767 2234 intelligentiae
783 2208 880 2230 nostra:
896 2203 1002 2230 locutus

225 2243 265 2265 est
283 2238 326 2264 hic
340 2238 541 2264 Damascenus:
559 2238 622 2270 quia
638 2239 710 2264 cuitu
732 2238 858 2272 imposita
875 2243 938 2264 sunt
954 2246 1004 2264 no-

224 2273 296 2298 tuina
313 2274 345 2298 ad
361 2272 556 2306 signiﬁeandas
571 2279 626 2300 res.
639 2276 773 2304 quatenus
787 2272 812 2298 itt
831 2280 949 2299 nostram
965 2273 1006 2299 iu-
1021 2279 1045 2308 ι)

224 2308 400 2339 telligentiatn
419 2308 536 2339 cadunt;
562 2312 673 2341 superat
689 2312 778 2333 autem
800 2307 1005 2341 intelligentiam

225 2347 356 2372 nostram,
377 2346 406 2368 ιιι
423 2349 483 2375 quas
504 2342 611 2375 propria
636 2346 699 2368 sunt
718 2341 832 2373 alicujus
848 2347 961 2372 naturai,
975 2350 1006 2368 ea

225 2377 410 2410 intelligamus
425 2383 486 2403 esse
509 2376 594 2409 ipsam
609 2381 732 2403 naturam
750 2384 796 2410 per
810 2383 839 2403 se
858 2377 1008 2404 subsisten-

225 2417 279 2438 tem
293 2412 302 2444 ;’
325 2411 396 2445 quod
422 2411 449 2437 in
475 2411 528 2438 Deo
547 2415 649 2437 tantum
667 2412 778 2442 evenit;
800 2412 899 2438 idcirco
925 2413 957 2438 de
975 2412 1007 2438 iis

224 2453 284 2480 qua:
301 2446 407 2480 propria
425 2450 488 2472 sunt
512 2446 670 2473 substantia!
697 2447 804 2476 divitttc,
822 2451 948 2480 tanquam
973 2446 1007 2472 de

225 2481 344 2515 propriis
361 2486 463 2507 natura:
483 2486 591 2512 creaue,
611 2489 672 2515 qum
690 2488 744 2507 nott
770 2481 932 2511 substantia,
960 2481 1007 2508 sed

224 2517 298 2543 circa
324 2516 504 2543 substantiam
526 2521 601 2548 sunt,
627 2521 654 2542 et
672 2516 744 2542 illam
764 2520 965 2549 consequuntur
983 2521 1010 2542 et

223 2551 360 2584 complent
376 2551 519 2584 loquimur,
530 2551 580 2584 sic,
594 2552 715 2586 inquam,
732 2551 850 2585 loquitur
867 2551 1008 2586 Damascef

225 2594 277 2613 ttus
291 2587 324 2612 de
345 2585 555 2619 perfectionibus
579 2585 676 2613 divinat
696 2586 864 2618 substantia,
890 2591 919 2612 ttt
935 2585 1006 2620 loqui

223 2622 343 2648 solemus
366 2621 399 2647 de
422 2621 539 2654 propriis
562 2621 755 2650 accidentibus.
773 2628 832 2655 qua:
856 2621 928 2647 circa
945 2623 1008 2646 sub-

224 2656 354 2684 stantiam
367 2657 592 2690 contemplamur,
613 2664 673 2690 qua:
689 2662 815 2682 naturam
837 2663 1007 2689 consequun—

223 2696 268 2719 tur
283 2690 428 2722 gsintiliter
448 2698 544 2718 nomen
571 2691 669 2723 Patris,
684 2691 757 2725 quod
784 2691 858 2724 prius
881 2691 1007 2717 court-nit

223 2726 290 2758 Ιιεη,
304 2734 383 2758 quam
396 2731 538 2758 creatum,
555 2732 582 2753 et
598 2734 695 2752 nomen
710 2725 783 2757 Filii,
796 2731 822 2752 ct
834 2733 930 2752 nomen
945 2725 1007 2758 Spi-

223 2762 292 2789 ritus
309 2761 405 2790 sancti.
427 2761 596 2791 rulalioucttt,
615 2767 641 2788 et
659 2769 711 2787 ttou
736 2761 915 2787 substantiam
942 2760 1009 2787 dicit

221 2796 391 2832 signiﬁcare;
403 2796 452 2824 hoc
468 2796 548 2824 etiam
565 2797 631 2824 dicit
644 2795 841 2824 c0ttsuctudtuc
855 2795 1008 2829 intelligen-

1057 1647 1145 1674 Patris
1160 1647 1309 1674 secundum
1325 1647 1432 1674 modum
1448 1646 1616 1680 signiﬁcandi
1629 1652 1656 1672 et
1672 1647 1838 1681 intelligendi

1058 1682 1134 1709 ttobis
1150 1682 1276 1709 ttsitatunt
1298 1689 1350 1708 nou
1375 1689 1530 1716 personam.
1547 1681 1593 1707 sed
1622 1681 1779 1708 relationem
1803 1682 1839 1707 si-

1056 1716 1177 1751 gniﬁcat,
1193 1724 1252 1750 qute
1273 1724 1320 1750 per
1331 1724 1359 1743 se
1385 1724 1436 1742 non
1455 1716 1589 1748 subsistit,
1605 1721 1634 1742 nt
1652 1716 1761 1749 quidem
1775 1717 1837 1742 sult-

1058 1752 1129 1778 sistit
1147 1752 1172 1778 in
1191 1751 1307 1782 divinis;
1325 1755 1351 1778 et
1373 1752 1432 1777 idco
1447 1759 1499 1776 non
1518 1756 1604 1782 potest
1623 1751 1777 1783 signiﬁcare
1792 1758 1836 1777 re-

1055 1786 1194 1816 lationem,
1209 1786 1273 1820 qttin
1287 1786 1420 1821 signiﬁcet
1435 1786 1612 1821 sul-stantiam
1628 1793 1761 1818 personae,
1775 1786 1835 1820 quia

1058 1822 1115 1852 ipsa
1133 1821 1228 1848 relatio
1246 1829 1293 1854 per
1313 1820 1343 1847 Se
1357 1821 1500 1847 subsistit:
1519 1820 1565 1846 sed
1582 1820 1643 1854 quia
1665 1821 1716 1847 ltoc
1729 1825 1838 1854 superat

1057 1856 1262 1889 intelligentiam
1290 1861 1424 1887 nostram,
1439 1856 1540 1881 idcirco
1557 1855 1704 1882 secundum
1722 1863 1836 1882 consuc-

1058 1891 1178 1917 ludiucnt
1195 1890 1373 1922 intelligendi,
1391 1896 1414 1916 et
1430 1890 1577 1916 secundum
1592 1894 1714 1916 nostrum
1732 1890 1836 1917 tttodunt

1057 1925 1229 1960 signiﬁcandi
1253 1925 1321 1951 dixit
1339 1925 1522 1951 Damasreuus
1547 1931 1600 1960 nou
1613 1924 1766 1956 signiﬁcare
1789 1933 1836 1960 no-

1058 1968 1119 1987 mett
1139 1959 1227 1986 Patris
1248 1961 1427 1986 substantiam
1450 1966 1570 1993 persona-
1586 1959 1684 1988 Patris.
1709 1959 1756 1986 sed
1772 1959 1837 1985 rela-

1057 1996 1166 2025 tionem,
1192 1995 1354 2026 Gregorium
1374 1994 1572 2020 Nazianzenum
1587 1999 1707 2025 secutus,
1726 1995 1769 2026 qui
1787 1994 1837 2020 hoc

1056 2030 1137 2056 etiam
1152 2030 1216 2056 dixit
1232 2030 1257 2056 itt
1271 2029 1393 2055 oratione
1412 2030 1498 2060 printa
1513 2029 1545 2055 de
1562 2028 1630 2055 Filio
1641 2048 1647 2058 ,
1663 2028 1724 2055 licet
1741 2029 1835 2055 ibidem

1056 2065 1187 2091 concedat
1203 2065 1237 2093 ei,
1252 2070 1344 2091 contra
1358 2071 1437 2098 quum
1451 2064 1578 2096 disputat,
1595 2063 1748 2095 signiﬁcare
1759 2064 1835 2090 etiam

1058 2100 1247 2126 substantiam.
1275 2099 1302 2125 Si
1341 2099 1411 2124 enim
1437 2097 1622 2124 existimasset
1646 2099 1835 2129 Damasceuus,

1057 2135 1118 2160 idco
1136 2143 1187 2160 non
1214 2134 1367 2165 signiﬁcare
1383 2133 1560 2160 substantiam
1579 2133 1604 2159 iu
1624 2133 1733 2162 divinis,
1753 2133 1830 2166 quasi

1057 2169 1217 2195 relationon
1240 2176 1290 2197 μοι·
1312 2176 1340 2194 se
1362 2169 1517 2196 exsisteret.
1542 2175 1619 2194 crtor
1641 2168 1718 2201 plane
1736 2167 1834 2200 fuisset|

1058 2209 1087 2230 ιιι
1106 2209 1216 2230 sanctus
1229 2203 1356 2234 Thomas,
1373 2210 1379 2228 ι
1397 2210 1424 2237 p.
1438 2210 1466 2236 q.
1481 2203 1525 2233 55,
1542 2207 1593 2228 art.
1607 2202 1634 2233 2,
1653 2203 1678 2228 in
1693 2210 1766 2235 resp.
1783 2204 1812 2228 ad
1826 2211 1832 2230 ι

1058 2239 1180 2265 notavit:
1211 2239 1391 2264 [tantast-enus
1408 2238 1479 2264 enim
1504 2243 1612 2263 notasse
1634 2237 1750 2269 videtur,
1777 2237 1834 2264 lit-rt

1061 2281 1111 2298 non
1132 2273 1301 2303 nominatim,
1318 2279 1365 2306 pro
1379 2280 1410 2298 ea
1426 2280 1477 2306 qua
1491 2271 1541 2298 fuit
1554 2272 1696 2302 modestia,
1712 2280 1771 2298 cunt
1782 2273 1833 2299 ait:

1060 2307 1213 2341 thttidutu
1229 2308 1294 2334 falso
1311 2307 1411 2339 opittati
1431 2313 1502 2333 situt.
1521 2307 1586 2332 lletn
1609 2308 1768 2334 Anastasius
1785 2309 1834 2333 Au-

1059 2343 1199 2369 tiochettus
1229 2343 1253 2368 in
1272 2342 1394 2368 oratione
1410 2343 1494 2375 prima
1511 2342 1544 2368 de
1575 2342 1656 2368 rectis
1672 2342 1833 2374 dogmatibus

1060 2377 1182 2403 veritatis
1197 2386 1203 2403 ε
1216 2377 1339 2408 Nomina,
1354 2377 1451 2410 inquit,
1469 2375 1622 2405 Trinitatis,
1639 2376 1727 2407 Pater,
1743 2376 1833 2408 Filius,

1058 2418 1084 2440 et
1101 2412 1217 2445 Spiritus
1237 2417 1348 2438 sanctus
1367 2419 1419 2437 nou
1444 2411 1596 2444 signiﬁcant
1624 2419 1694 2437 esse.
1714 2411 1760 2438 sed
1775 2419 1833 2445 quo-

1061 2448 1139 2473 tnodo
1154 2455 1226 2477 esse;
1243 2454 1292 2472 nec
1307 2446 1377 2472 enim
1393 2446 1437 2480 qui
1454 2445 1558 2472 Patrem
1573 2447 1648 2478 dix-t,
1662 2446 1831 2473 substantiam

1059 2482 1234 2516 signiﬁcavit,
1254 2483 1301 2507 sed
1322 2482 1433 2507 outnitto
1451 2480 1649 2516 Italtitudittettt.

1095 2517 1133 2551 (2)
1151 2516 1201 2543 Sed
1218 2517 1292 2542 aliud
1304 2515 1366 2549 quid
1385 2517 1456 2542 circa
1473 2516 1569 2549 ipsum.
1588 2514 1699 2542 Scilicet
1714 2515 1830 2543 accidens

1063 2551 1244 2583 indit-iduum,
1269 2552 1340 2585 quod
1357 2552 1533 2584 consequitur
1548 2551 1690 2577 materiam
1707 2551 1830 2582 ultimam,

1061 2587 1136 2619 Quod
1150 2588 1221 2612 enim
1238 2586 1310 2612 circa
1328 2586 1506 2612 substanttam
1533 2591 1584 2616 est,
1599 2586 1724 2612 accidens
1746 2594 1789 2619 per
1805 2594 1830 2612 se

1061 2626 1113 2652 est,
1131 2621 1158 2647 et
1172 2621 1365 2652 substantiale,
1382 2622 1452 2653 qttod
1465 2625 1548 2646 rotant
1565 2619 1681 2652 specimtt
1698 2622 1831 2654 consequi-

1062 2662 1114 2687 tur,
1131 2657 1202 2688 quod
1223 2664 1253 2682 ex
1273 2657 1411 2690 principiis
1428 2655 1539 2688 subjerti
1560 2655 1695 2688 elliettur;
1715 2656 1783 2688 quod
1807 2657 1828 2681 in

1062 2691 1118 2717 Deo
1131 2699 1190 2717 esse
1213 2699 1264 2716 tton
1292 2695 1389 2725 pob-sil,
1416 2691 1441 2716 in
1459 2698 1512 2723 quo
1530 2690 1594 2716 nihil
1617 2696 1657 2717 cst
1677 2692 1773 2717 factum
1787 2700 1793 2723 ;
1807 2696 1831 2716 et

1061 2726 1246 2752 multominus
1259 2725 1384 2751 acciti-eus
1401 2725 1551 2751 materiale.

1104 2760 1142 2794 (5)
1161 2761 1214 2786 Aut
1238 2760 1338 2793 aliquid
1363 2766 1444 2786 etiam
1471 2760 1596 2792 deterius,
1623 2759 1716 2791 idest,
1741 2760 1829 2793 aliquid

1062 2804 1114 2824 tton
1133 2798 1158 2822 llt
1175 2796 1233 2831 ip;o
1258 2801 1385 2830 tanquam
1401 2795 1538 2828 accidens,
1559 2803 1645 2830 neque
1668 2795 1739 2822 circa
1756 2797 1829 2828 ipsum
