1955 3076
104 152 169 185 961

574 153 693 183 DECAS
713 152 750 183 X.
769 152 856 183 —DE
877 149 1012 183 DIVINA
1031 150 1311 184 SIMPLIC‘lTATE.

1703 149 1758 181 9‘52

108 212 250 240 minibus
274 212 447 248 signiﬁcatis,
473 213 617 247 oportebat
633 219 727 240 utnon
754 213 913 241 scriberetis
929 212 954 241 Δ
968 211 1076 243 tiones;
1096 213 1145 239 n'ec
1168 219 1202 238 an
1223 213 1276 239 sint
1292 211 1367 238 circa
1387 210 1472 245 ipsam
1493 210 1582 245 aliqua
1605 211 1754 242 naturalia,

106 267 185 291 vos,
201 265 235 286 ex
252 259 334 286 Patre
346 259 446 286 Filium
466 260 587 294 genitum
604 267 674 290 esse.
693 260 739 287 sed
752 266 784 287 ex
802 259 843 286 his
856 267 916 293 qua:

107 306 200 333 circa
214 306 314 340 ipstun,
327 305 368 332 vel
385 305 412 332 in
430 305 489 340 ipso
512 310 591 337 sunt;
615 311 643 332 ut
660 313 721 332 cum
751 305 873 340 relugitis
899 312 914 331 a

109 351 242 378 dicendo
260 358 323 378 vere
350 350 458 378 Patrem
479 350 575 383 Detnn,
598 355 626 378 et
649 358 711 378 cum
732 351 777 386 qui
803 351 916 386 simplex

111 403 176 428 est.
198 397 377 432 compositum
401 401 429 423 ct
448 405 607 431 corporeum
632 398 768 431 cogitatis.
785 404 915 423 novarum

114 443 357 478 blasphemiarum
374 444 531 471 inventores
545 443 728 477 rcperiamiui.
745 442 812 469 Cum
826 449 916 470 autem

116 490 164 517 sic
183 489 322 527 cogitatis,
335 489 487 517 necessario
498 489 578 516 etiam
593 489 705 515 verbum
722 495 774 515 u0n
790 489 918 515 substan-

118 537 206 566 tiam.
223 536 270 562 sed
289 543 386 563 nomen
404 536 490 562 solum
504 534 678 566 existimatis,
693 536 813 569 denique
832 541 917 569 usque

118 582 157 609 ad
183 582 291 608 nomina
316 582 470 616 opinionem
489 585 607 608 vestram
622 580 724 608 all'ertis
737 591 743 613 ;
758 587 786 608 et
800 588 860 615 qua:
875 581 917 607 di-

118 628 202 659 citis,
213 635 266 654 non
281 627 395 654 creditis
410 635 480 660 esse,
497 620 542 654 sed
558 629 646 660 potius
659 635 712 654 non
725 635 785 654 esse
797 622 916 654 sentitis.

120 672 193 700 llaec
205 678 295 700 autent
307 672 418 699 audacia
432 672 644 699 Saddncmortun
659 672 747 706 potius
763 672 811 707 (l),
831 677 855 698 (ιι
873 679 919 698 co-

121 727 190 746 rum
204 719 249 753 qui
263 719 333 753 apttd
351 718 467 751 gentiles
481 719 539 745 sine
551 719 605 745 Deo
617 723 690 751 sunt,
707 718 826 746 CXSl>llL
842 719 917 752 Quo-

121 767 201 792 circa
220 772 305 799 neque
328 765 413 798 ipsam
434 769 589 791 creaturam
606 764 690 797 ipsius
706 765 751 798 qtti
778 764 847 792 Deus
864 769 916 797 est,

123 811 263 837 fabricam
281 817 341 838 esse
359 809 467 842 dicetis,
482 810 504 837 si
522 810 573 837 hoc
595 817 692 836 nomen
711 809 790 836 Pater
805 815 831 837 et
847 809 918 838 Deus

123 864 184 884 non
207 856 292 890 ipsam
308 862 420 883 causam
445 862 538 882 eorum
566 861 626 889 quae
650 860 725 888 sunt,
750 855 915 890 signiﬁcant,

124 903 176 930 sed
193 902 267 929 aliud
290 901 429 936 quidpiam
453 900 525 936 quod
541 908 589 928 vos
611 901 733 936 ﬁngitis:
756 908 848 928 verum
868 902 918 929 hoc

126 949 302 980 indecorum,
319 954 346 975 et
358 948 556 982 valdeimpium
568 952 610 975 est
623 949 663 975 vel
683 948 770 975 solum
787 949 918 983 cogitare.

127 994 179 1021 Sin
197 997 288 1021 autem
303 1001 365 1021 cum
382 994 506 1020 audimus
522 1002 529 1020 :
548 991 605 1028 Ego
619 1001 678 1020 sum
694 993 740 1028 qui
749 1001 808 1020 sum
821 995 842 1010 ⁸³
854 995 861 1004 ⁸
874 1002 880 1024 ς
892 997 920 1020 et

127 1040 208 1070 illud.
229 1039 262 1066 In
273 1040 403 1073 principio
415 1040 476 1073 fecit
492 1039 559 1066 Deus
574 1039 664 1066 uelum
676 1044 699 1066 et
717 1044 814 1066 terram
825 1039 857 1072 “,
870 1045 897 1067 et
910 1048 919 1068 :

129 1084 361 1118 Audi,lsrael,Do
368 1086 454 1112 minus
466 1085 534 1112 Deus
545 1091 615 1116 tuus,
626 1085 754 1112 Dominus
767 1093 834 1112 unus
844 1086 919 1119 est",

129 1137 156 1159 et
173 1131 252 1163 illud,
269 1131 334 1158 Ila'c
347 1131 411 1158 dicit
430 1131 558 1158 Dominus
579 1132 741 1167 omnipotens
753 1152 761 1165 ,
779 1139 832 1159 non
846 1132 920 1159 aliud

131 1181 317 1211 pra-terqnam
338 1176 505 1211 simplicem.
522 1181 550 1204 et
567 1178 686 1208 beatam,
711 1182 738 1204 et
768 1177 922 1212 incompre-

132 1224 247 1249 hensam
266 1223 326 1257 cjns
346 1223 391 1257 qui
408 1224 517 1257 proprie
535 1227 588 1256 est,
613 1224 794 1250 substantiam
818 1223 920 1250 ἱιιιιιιιί-

129 1268 219 1300 annus
245 1268 316 1302 (etsi
341 1268 412 1295 enim
438 1276 491 1296 non
516 1276 660 1302 possumus
693 1269 922 1302 comprehendere

132 1314 198 1348 quid
214 1316 320 1341 tandem
332 1320 384 1346 est,
404 1319 492 1342 tamen
506 1323 568 1342 cum
583 1315 737 1342 audivimus
749 1315 800 1342 dici
812 1314 920 1342 Patrem

133 1364 161 1387 et
177 1359 286 1391 Filium,
306 1365 332 1387 et
349 1361 573 1395 omnipotentem,
592 1361 657 1388 nihil
673 1361 744 1388 aliud
759 1369 841 1396 qutam
857 1361 923 1388 sub-

135 1407 264 1433 stantiam
289 1408 377 1442 ipsam
397 1408 456 1442 rjus
481 1409 526 1442 qui
545 1412 596 1441 est,
622 1408 768 1442 signiﬁcari
795 1407 923 1444 intelligi-

136 1460 214 1485 mus;
228 1458 255 1480 et
270 1461 316 1480 vos
328 1453 437 1481 dixistis
450 1462 483 1481 ex
497 1455 551 1482 Deo
568 1454 675 1487 Filium,
691 1455 797 1482 scilicet
809 1462 841 1482 cx
859 1457 923 1482 sub-

136 1500 236 1526 stantia
249 1500 338 1527 Patris
355 1508 416 1527 etnu
431 1500 547 1533 dixistis,
561 1501 625 1536 quia
638 1504 665 1528 et
680 1505 745 1527 ante
761 1508 811 1528 nos
827 1501 922 1528 dicunt

137 1545 286 1578 beriptura:
303 1545 443 1572 Dominum
468 1545 568 1573 Filium
595 1546 697 1577 Patris.
716 1551 743 1574 et
761 1550 824 1573 ante
849 1547 921 1581 ipsas

135 1591 204 1619 idem
219 1591 298 1618 Pater
306 1591 375 1618 dixit
386 1600 393 1618 :
406 1591 456 1619 Hic
470 1597 508 1618 est
522 1591 608 1619 Filius
621 1600 693 1619 meus
706 1592 816 1620 dilectus
826 1593 847 1608 ⁸³
860 1601 869 1626 ;
890 1593 921 1619 li.

136 1637 190 1664 lius
202 1643 291 1664 autent
307 1637 375 1664 nihil
389 1638 460 1664 aliud
473 1643 524 1669 est,
543 1638 591 1665 nisi
605 1638 675 1665 fetus
691 1646 724 1665 ex
743 1639 841 1673 patre),
853 1646 923 1673 quo-

140 1683 220 1710 modo
233 1691 287 1710 non
298 1684 424 1710 videntur
435 1683 529 1711 Patres
538 1684 604 1710 bene
617 1683 719 1711 dixisse
728 1691 758 1711 ex
771 1685 923 1712 substantia

136 1728 225 1756 Patris
236 1736 296 1756 esse
311 1729 418 1762 Filium,
436 1735 510 1757 recte
528 1729 652 1756 ιιι-ὺίιιείιί
671 1729 742 1756 idem
757 1737 818 1757 esse
831 1730 922 1757 dicere

135 1783 166 1802 ex
181 1774 246 1807 Dco,
261 1780 289 1802 et
305 1775 396 1803 dicere
411 1783 443 1803 ex
463 1775 617 1802 substantia
636 1775 706 1802 Dei?
724 1775 762 1802 Ex
778 1775 876 1810 quibus
891 1776 920 1802 lit

138 1820 311 1848 manifestum
337 1821 408 1855 qttod
434 1821 460 1848 in
477 1821 593 1853 unitate,
611 1828 670 1855 qua:
687 1828 769 1855 supra
793 1821 921 1848 substan—

139 1866 200 1893 tiam
221 1870 272 1898 cst,
290 1873 342 1892 non
360 1870 469 1901 oportet
488 1873 611 1900 quzercre
627 1865 735 1892 habitus
758 1869 785 1892 et
803 1865 920 1899 disposi-

172 1941 315 1969 "'Exod.
344 1947 384 1974 ιιι,
410 1939 453 1966 Μ.
493 1939 515 1955 ⁸⁸
541 1938 610 1966 Gen.
629 1947 650 1971 ι,
679 1938 703 1965 l.

741 1938 762 1954 "
784 1937 862 1967 Deut.
878 1947 918 1970 Vl.
935 1938 963 1966 4.

968 265 995 287 ct
1012 260 1170 286 substantizc
1191 260 1301 294 propria
1319 259 1351 286 ad
1365 258 1555 291 complendam
1571 258 1753 285 substantiam
1765 284 1773 294 θ

969 306 1053 339 ipsam
1067 313 1074 332 :
1092 306 1143 332 nisi
1160 305 1229 332 forte
1242 313 1256 332 a
1270 305 1349 332 nobis
1361 305 1401 332 sic
1416 304 1544 331 dicuntur
1558 303 1758 330 consuetudine

964 350 1154 385 intelligentia:
1168 356 1288 383 nostrae;
1306 355 1333 377 et
1353 350 1417 385 quia
1437 356 1489 376 non
1506 356 1650 383 possumus
1675 347 1758 374 aliter

967 396 1130 431 intelligere.
1145 397 1188 430 qui
1201 404 1271 424 nunc
1280 397 1362 424 vitam
1376 403 1424 431 per
1435 395 1586 430 speculum,
1597 399 1625 422 et
1633 394 1661 422 in
1672 394 1758 430 aenig-

969 447 1041 469 mate
1058 442 1247 477 transigimus.

1278 487 1393 516 CAPUT
1412 486 1445 515 ΙΙ.

969 544 1046 577 Quod
1070 553 1121 571 non
1137 549 1237 577 oportet
1265 552 1381 579 quau-tre
1404 544 1431 570 in
1456 543 1586 570 Trinitnte
1610 544 1757 570 accidentia

1004 581 1143 613 qmrpt'am,
1163 589 1222 614 qum
1245 580 1272 605 in
1296 579 1445 605 substantia
1467 579 1523 613 ejus
1544 581 1692 606 exsistant:
1712 587 1758 605 nec

1005 614 1169 648 di/ferenlias
1182 614 1372 641 substantiales
1393 614 1419 640 in
1436 615 1659 648 ipsaintelligere,
1677 614 1758 647 siqui-

1004 650 1062 675 dem
1075 655 1098 675 et
1118 650 1144 676 in
1160 650 1331 683 incorporeir,
1345 657 1403 683 qua:
1419 649 1451 675 ab
1470 650 1526 683 ipsa
1542 649 1670 680 produt-tn
1683 655 1756 683 sunt,

1005 692 1055 710 non
1077 690 1175 718 oportet
1198 693 1315 719 quaerere
1340 684 1517 719 di/frrcnlt'nm
1543 684 1709 714 substantiw.
1733 689 1757 710 et

1004 720 1125 754 erret-gite,
1142 727 1222 752 mque
1234 723 1359 755 tanquam
1375 719 1450 746 aliud
1467 719 1555 746 iualio
1569 720 1620 746 ista
1634 724 1662 745 ut
1674 718 1758 746 exsis-

1006 760 1073 787 tant,
1090 755 1219 781 accidere.

1005 812 1121 839 Sanctus
1147 811 1264 847 Cyrillus
1280 811 1326 838 lib.
1345 818 1408 838 χχχι
1425 810 1620 837 Thesaurorum
1633 818 1643 837 :
1660 809 1688 837 Si
1703 809 1758 844 igi-

968 861 1012 884 tttr
1027 865 1079 884 non
1098 865 1276 891 quaecumque
1305 857 1434 884 dicuntur
1450 857 1537 883 inesse
1553 857 1577 883 in
1593 856 1647 883 Deo
1657 863 1756 882 secun.

935 893 957 922 Β
970 905 1034 930 dum
1055 909 1191 936 naturam,
1214 904 1272 930 hinc
1286 904 1396 930 munitio
1411 908 1489 929 erunt
1506 903 1659 930 substantia
1685 903 1757 936 ejus,

974 951 1136 986 relinquitur
1151 955 1180 977 ut
1195 950 1319 977 dicamus
1333 956 1391 976 esse
1413 956 1445 975 ea
1467 948 1618 975 accidentia
1635 951 1760 975 substan-

972 998 1015 1024 tize
1036 998 1075 1024 sic
1094 1004 1161 1024 vere
1178 1003 1256 1023 tenus
1280 995 1415 1022 intellecta
1430 994 1480 1029 (α).
1497 993 1555 1021 Non
1570 995 1642 1021 enim
1670 999 1759 1029 potest

971 1047 1067 1069 natura
1093 1043 1210 1070 humana
1237 1041 1338 1075 aliquid
1364 1041 1451 1075 majus
1469 1040 1507 1074 (ὁ)
1531 1040 1558 1066 in
1577 1040 1631 1067 Deo
1656 1040 1759 1072 dicere,

972 1097 1053 1123 quam
1070 1089 1218 1116 secundum
1235 1095 1264 1115 se
1281 1087 1319 1122 (Ξ)
1333 1095 1342 1119 ;
1362 1087 1464 1114 ideirco
1483 1086 1680 1113 consuetudine
1696 1093 1759 1119 prn-

974 1135 1031 1170 pria
1052 1135 1164 1166 utimur,
1190 1141 1251 1161 cum
1272 1141 1304 1160 ea
1320 1140 1381 1167 qum
1405 1138 1510 1159 naturae
1537 1137 1637 1159 nostrae
1659 1139 1762 1159 Conve-

973 1182 1063 1212 niunt,
1080 1181 1213 1214 majorum
1229 1188 1320 1206 rerum
1335 1169 1460 1213 exetup‘la
1477 1179 1605 1210 iacimus,
1625 1183 1655 1205 ut
1670 1178 1715 1213 qtti
1732 1179 1760 1206 in

973 1235 1054 1262 parva
1077 1220 1165 1254 tabula
1181 1227 1278 1254 orbem
1297 1226 1358 1253 coeli
1384 1225 1552 1252 describunt.
1574 1225 1645 1252 Idem
1672 1226 1697 1252 in
1715 1233 1761 1252 eo-

971 1273 1031 1301 dem
1045 1273 1132 1300 libro:
1148 1272 1287 1307 Sapientis
1301 1277 1343 1299 est
1360 1272 1463 1302 dicere,
1476 1271 1542 1298 nihil
1558 1271 1682 1298 accidere
1697 1272 1761 1298 sub-

972 1319 1080 1346 stantiae
1106 1318 1163 1349 Dei,
1189 1318 1251 1352 quia
1277 1317 1358 1344 habet
1376 1325 1408 1345 ex
1428 1325 1456 1344 se
1471 1317 1528 1351 ipsa
1548 1317 1756 1352 perfectionem,

973 1366 1019 1392 sed
1044 1365 1170 1392 videmus
1186 1364 1258 1399 quod
1278 1364 1362 1390 tnulta
1382 1364 1450 1390 ratio
1467 1369 1546 1398 coget
1562 1371 1610 1390 nos
1630 1364 1662 1390 ad
1683 1364 1761 1390 intel-

973 1407 1110 1445 ligendum
1129 1410 1155 1437 in
1170 1409 1223 1436 Deo
1235 1413 1362 1444 tanquam
1377 1409 1528 1436 accidentia
1543 1417 1573 1436 ea
1592 1417 1651 1443 qua».
1665 1409 1760 1443 hujus-

973 1456 1045 1484 modi
1062 1461 1135 1488 sunt,
1163 1455 1213 1483 etsi
1237 1457 1346 1490 penitus
1370 1462 1423 1482 non
1448 1455 1617 1483 acciderunt.
1633 1456 1665 1483 Et
1688 1456 1759 1482 idem

973 1502 1080 1528 adhuc:
1109 1500 1137 1527 Si
1163 1507 1228 1535 ergo
1239 1501 1362 1535 quautam
1388 1507 1433 1527 res
1458 1505 1585 1534 tanquam
1610 1501 1760 1528 acridctttia

936 1565 957 1593 ο
976 1548 1041 1578 Deo,
1070 1546 1268 1580 intelliguntur,
1295 1546 1359 1580 quid
1387 1545 1489 1572 frustra
1514 1546 1682 1573 contenditis
1706 1555 1760 1573 non

974 1600 1033 1620 esse
1049 1592 1191 1619 dicendum
1210 1590 1345 1618 accidisse
1362 1590 1415 1617 Deo
1433 1589 1582 1624 ingenitum
1610 1599 1680 1622 esse,
1698 1598 1759 1618 CIIII]

973 1638 1095 1673 qundam
1109 1637 1262 1671 huiusmodi
1280 1641 1438 1671 appareant,
1456 1644 1515 1671 qua:
1531 1641 1594 1663 sunt
1610 1644 1648 1664 set
1659 1637 1760 1663 nudum

973 1684 1154 1710 substantiam
1169 1682 1249 1717 ejus?
1264 1681 1297 1709 Et
1313 1689 1408 1709 rursus
1432 1682 1502 1709 idern
1519 1690 1526 1708 :
1545 1682 1602 1709 Non
1625 1682 1697 1709 enini
1717 1687 1760 1709 est

973 1729 1125 1756 substantia
1149 1727 1195 1754 Dei
1213 1728 1373 1762 ingenitum,
1400 1732 1447 1754 attt
1472 1727 1689 1761 incorrttptilrle,
1715 1732 1762 1755 aut

975 1774 1139 1804 inunortale,
1156 1774 1197 1800 vel
1222 1773 1428 1808 inaspectabile,
1447 1781 1509 1800 nam
1532 1773 1554 1800 si
1583 1775 1759 1807 unumquod-

974 1828 1027 1855 que
1043 1820 1137 1846 boruin
1160 1819 1342 1846 substantiam
1357 1819 1396 1853 (5)
1419 1819 1565 1854 signiﬁcat,
1582 1827 1614 1846 cx
1638 1825 1677 1847 tot
1693 1820 1760 1847 sub-

974 1865 1084 1893 stantiis
1099 1864 1269 1900 compositus
1292 1864 1345 1891 erit
1362 1863 1444 1898 Deus,
1460 1870 1527 1899 quot
1546 1869 1612 1892 sunt
1634 1865 1685 1893 ista
1700 1873 1763 1900 qua:

1003 1938 1026 1954 "
1047 1937 1142 1964 Matth.
1160 1944 1226 1968 xvu,
1243 1936 1270 1964 5.

886 2006 1025 2037 Scholia.

140 2079 261 2108 tauquam
284 2072 422 2107 complens
442 2070 624 2108 substantiam
649 2069 727 2104 ejus,
744 2069 791 2096 sed
814 2069 915 2108 aliquid

139 2106 206 2137 circa
223 2110 309 2142 ipsum
333 2106 514 2137 extrinsecus,
539 2111 568 2133 ut
583 2107 781 2138 indumentum,
794 2110 823 2131 ut
837 2106 918 2138 paulo

139 2152 216 2178 supra
234 2144 337 2170 dixerat
354 2143 424 2169 idem
439 2142 614 2178 Athanasius.

173 2174 209 2214 il)
228 2178 434 2206 Sudduca’ornm
450 2178 547 2214 potius.
566 2174 678 2210 Antiqui
695 2175 849 2214 ignorantes
863 2174 916 2214 vini

140 2209 313 2248 intelligendi,
335 2218 361 2240 et
380 2221 433 2239 non
447 2212 647 2248 distinguentes
668 2218 775 2248 sensum
791 2210 825 2248 ab
841 2209 919 2248 intel-_

141 2244 429 2280 lcctufexistiuiarttnt
443 2247 509 2273 nihil
525 2244 584 2273 esse
601 2247 626 2272 in
643 2246 754 2276 mundo,
771 2245 824 2271 nisi
847 2244 917 2278 quod

141 2293 219 2312 sensu
236 2289 262 2310 ct
278 2283 419 2317 phantasia
436 2281 627 2317 cornprt-hemli
644 2285 732 2314 posset
748 2281 876 2317 ;_et_qnia
893 2280 918 2306 in

141 2315 308 2355 pltautasta'ut
331 2326 381 2345 non
404 2319 476 2344 cadit
498 2315 549 2355 nisi
576 2323 673 2355 corpus
691 2335 698 2345 ,
729 2315 922 2355 existimarunt

143 2350 238 2381 nullam
257 2361 312 2380 rctn
333 2361 392 2380 esse
407 2354 432 2378 in
454 2353 554 2378 mundo
571 2351 620 2377 nisi
636 2357 769 2384 corpus"
784 2354 814 2375 ut
837 2350 921 2376 Arist.

143 2397 166 2416 tv
186 2389 290 2423 P/tysic.
308 2389 389 2415 tradit
403 2396 411 2419 ;
427 2388 461 2415 ab
475 2387 533 2414 istis
551 2385 688 2421 proiectus
702 2390 746 2423 est
761 2391 840 2423 error
854 2384 924 2423 ξηα-

145 2419 309 2455 ducarorum,
334 2423 380 2457 qui
406 2423 525 2453 aiebant,
547 2419 599 2448 non
626 2427 687 2447 esse
702 2419 924 2457 Spiritum,”th

145 2460 277 2486 S.1‘hum.
294 2466 300 2485 I
314 2455 436 2492 p.'q.50,
453 2463 504 2484 art.
519 2457 532 2483 1
547 2465 554 2483 ;
570 2457 641 2483 Idem
658 2458 748 2481 evenit
764 2455 921 2492 gentilibus,

144 2496 185 2529 qui
197 2495 254 2521 sine
266 2489 321 2520 Deo
330 2489 409 2520 erant
424 2489 636 2529 colctites‘opera
647 2489 922 2529 manuuunlnuninnm

178 2530 215 2565 t2)
237 2529 293 2555 Hoc
312 2533 352 2555 est
368 2529 439 2565 quod
455 2528 519 2565 dicit
537 2525 682 2565 S_."l‘b_om.
704 2526 709 2550 i
726 2532 751 2558 ι).
770 2532 798 2557 q.
815 2525 861 2557 39,
877 2529 929 2565 art.

144 2568 170 2600 2,
181 2559 256 2600 quod
269 2571 340 2600 saepe
354 2559 420 2590 alias
438 2564 542 2600 repetit,
555 2561 707 2600 intellectus
724 2564 815 2586 uoster
831 2567 874 2586 res
890 2559 930 2584 di-

144 2597 214 2629 vinas
227 2597 356 2630 nominat,
372 2606 423 2625 non
441 2597 589 2625 secundum
612 2598 718 2622 u.odutn
734 2601 828 2620 earnm
841 2613 849 2625 ,
865 2601 928 2628 quia

147 2639 183 2665 sic
200 2643 247 2663 eas
267 2641 434 2668 cognoscere
453 2641 506 2660 nott
526 2636 624 2667 potest,
641 2630 687 2658 sed
704 2630 851 2656 secundum
871 2636 929 2655 mo-

145 2674 203 2700 dum
222 2678 248 2697 Ill
269 2674 351 2696 rebus
365 2668 465 2696 creatis
489 2669 638 2694 inventum.

177 2707 214 2742 (3)
237 2704 266 2732 Si
295 2703 614 2742 urtutitquodque__ltorunt
647 2700 824 2742 substantiam
844 2699 929 2742 pigui-

146 2734 224 2777 ﬁcat',
250 2747 282 2767 ex
306 2745 342 2766 tot
375 2734 533 2766 iubstlmtit's
563 2737 724 2771 compositus
754 2738 804 2763 erit
839 2734 927 2765 Deus,

179 2842 254 2878 tu)“
270 2846 309 2868 est
336 2838 483 2878 secundum
503 2837 628 2878 modum”
642 2836 812 2872 signiﬁcandi
825 2840 851 2866 et
879 2835 922 2864 itt-

147 2878 274 2913 tciltgtttttll
297 2877 374 2904 nobis
388 2878 545 2903 consuetum
561 2877 642 2907 caput.

966 2072 1027 2103 quot
1049 2073 1109 2094 sunt
1132 2067 1184 2093 ista
1209 2075 1266 2103 quis
1295 2066 1463 2103 reperiuntur
1484 2066 1620 2094 convenire
1642 2067 1684 2094 illi
1713 2077 1763 2096 mt-

967 2102 1097 2130 luraliter.
1113 2103 1212 2129 Contra
1244 2102 1404 2129 Eunomiqu
1439 2102 1578 2137 disputans
1599 2103 1650 2129 ltoe
1675 2105 1762 2137 dicit;

967 2139 1013 2165 ille
1025 2139 1108 2170 enim,
1124 2138 1184 2171 quia
1202 2137 1348 2171 ingenitum
1370 2137 1468 2164 dicitttr
1497 2136 1531 2163 de
1548 2137 1602 2164 Deo
1627 2138 1708 2166 Patre
1733 2146 1762 2166 et

966 2174 1113 2208 ingenitum
1129 2173 1201 2198 aliud
1217 2180 1314 2199 nomen
1328 2177 1369 2199 est
1398 2179 1411 2197 a
1426 2172 1535 2208 genito,
1551 2175 1762 2207 argumentaba—

974 2207 1019 2235 tur
1039 2208 1118 2234 aliam
1138 2209 1316 2234 substantiam
1339 2207 1496 2241 signiﬁcare
1519 2207 1677 2241 ingenitum,
1691 2213 1761 2236 cta—

974 2243 1037 2270 liatn
1059 2244 1201 2277 genitum,
1217 2243 1293 2277 quasi
1310 2250 1360 2268 una
1379 2243 1529 2268 substantia
1544 2249 1596 2268 non
1616 2249 1704 2276 posset
1718 2245 1761 2269 (Ii-

976 2276 1232 2305 versis’uominiluts
1252 2276 1333 2304 allici.
1350 2277 1396 2303 Sic
1412 2277 1482 2303 enim
1501 2283 1611 2303 sam-tus
1630 2277 1762 2306 Maximus

978 2314 1004 2340 in
1025 2321 1057 2339 eo
1077 2314 1134 2339 loco
1154 2313 1285 2339 orationis
1312 2312 1405 2346 prima:
1433 2311 1557 2346 Gregorii
1583 2311 1761 2346 Nazianzeni,

972 2348 1006 2375 de
1015 2347 1094 2380 Filio,
1107 2348 1149 2374 ubi
1161 2348 1259 2381 quaerit
1275 2347 1422 2374 Eunomius
1433 2367 1440 2378 ,
1456 2348 1519 2380 quid
1530 2346 1609 2374 Pater
1617 2349 1761 2380 signiticet,

972 2384 1112 2417 cxpltcans
1126 2391 1200 2408 eunt:
1218 2382 1433 2416 lutcrrogabant,
1446 2381 1545 2415 inqttit,
1563 2383 1694 2414 lueretiri,
1715 2383 1762 2410 list

974 2426 1007 2445 ne
1024 2418 1103 2444 Pater
1119 2425 1215 2444 nomen
1225 2417 1393 2449 substantiae,
1406 2424 1440 2443 an
1455 2417 1585 2451 energies?
1599 2423 1627 2443 ttt
1643 2417 1664 2444 si
1684 2418 1761 2444 diu:-

976 2453 1059 2479 rimtts
1074 2460 1135 2479 esse
1161 2460 1258 2478 nomen
1286 2452 1454 2484 substantia;
1471 2451 1534 2478 hinc
1559 2452 1698 2485 colligant,
1715 2451 1762 2479 Fi-

973 2487 1036 2514 linm
1051 2495 1111 2515 esse
1127 2488 1260 2514 iltVersatn
1275 2487 1453 2513 substantiam
1467 2494 1481 2511 a
1496 2487 1646 2513 substantia
1664 2488 1761 2514 Patris:

978 2523 1015 2554 ὡς
1027 2523 1076 2557 τῆς
1093 2522 1175 2556 αὐτῆς
1192 2522 1283 2554 οὐσίας
1299 2522 1346 2547 δύο
1364 2523 1401 2555 μὴ
1416 2520 1610 2557 ἐπιδεχομένης
1630 2523 1677 2548 καὶ
1702 2523 1763 2549 διάη

978 2556 1158 2593 φορίκυρίως
1167 2557 1327 2590 ὸνόματα,ἰ‹1
1339 2562 1380 2582 est
1395 2556 1475 2593 quasi
1488 2564 1541 2583 una
1552 2559 1698 2593 substantia
1710 2566 1762 2584 non

978 2591 1111 2626 reciperet
1135 2594 1190 2619 duo
1209 2597 1236 2618 ct
1259 2593 1366 2618 diversa
1387 2591 1495 2626 proprie
1512 2592 1632 2625 noatina,
1652 2593 1674 2619 si
1690 2596 1763 2619 enim

978 2633 1054 2662 pater
1065 2634 1105 2654 est
1119 2635 1215 2654 nomen
1226 2627 1398 2662 substantiae,
1411 2633 1546 2662 nunquam
1558 2628 1680 2661 ejusdem
1698 2629 1762 2655 sub-

978 2660 1084 2689 istanna:
1101 2669 1200 2688 nomen
1219 2663 1271 2688 erit
1289 2660 1386 2688 Filius.
1402 2661 1538 2687 Hactenus
1551 2660 1661 2689 sant-tus
1676 2661 1763 2690 Maxi—

978 2705 1048 2730 mus,
1068 2703 1095 2724 et
1112 2698 1206 2724 beatus
1222 2696 1338 2724 Dastlius
1352 2696 1420 2723 libro
1436 2703 1453 2722 II
1464 2694 1562 2723 Contra
1575 2698 1733 2724 Eunomium
1751 2705 1761 2724 :

977 2733 1117 2765 Quomodo
1135 2732 1229 2766 igitur,
1250 2732 1348 2766 inqutt,
1368 2739 1385 2758 o
1401 2732 1612 2766 sapientissime,
1630 2733 1655 2760 si
1669 2733 1761 2760 diver-

1016 2833 1053 2869 lb)
1070 2834 1098 2861 ld
1106 2820 1169 2867 est,~
1182 2833 1283 2868 aliquid
1297 2833 1396 2869 majus,
1409 2841 1490 2868 quam
1507 2838 1535 2861 ιιι
1546 2841 1579 2862 ex
1592 2833 1672 2861 rebus
1686 2839 1760 2859 crca‘

980 2871 1015 2899 tis
1028 2871 1130 2903 didicit,
1142 2878 1174 2897 ex
1201 2870 1298 2905 quibus
1313 2872 1455 2898 scientiam
1471 2869 1554 2900 canit.
