1955 3076
147 144 208 178 969

581 141 702 173 DECAS
724 141 760 173 X.
783 153 816 160 -
851 141 897 170 DE
917 140 1052 171 DIVINA
1075 141 1354 172 SIMPLICITATE.

1728 141 1782 173 970

145 206 228 232 dlcns
247 203 273 230 in
289 203 372 235 bono,
392 205 420 229 et
429 209 461 229 ex
477 201 548 228 bono
562 201 589 228 in
603 204 744 228 creaturas
769 206 892 231 manans,
911 203 937 225 et
951 199 975 228 A
990 204 1030 226 est
1045 198 1152 234 prodire
1165 208 1196 226 rx
1213 207 1242 227 se
1256 207 1313 234 ipsa
1328 200 1385 226 sine
1402 199 1541 232 distantia,
1553 203 1581 226 et
1605 200 1663 227 sine
1688 207 1780 233 causa,

147 258 246 278 rursus
259 250 285 277 in
301 249 401 276 bonum
422 255 556 280 remeans,
574 247 600 274 in
618 255 672 281 quo
686 252 713 274 et
726 247 780 275 [ine
795 252 822 274 et
836 245 938 281 princi-

147 298 195 331 pio
209 303 303 323 carere
318 295 427 322 divinus
445 301 521 321 amor
539 293 646 328 egregie
665 293 847 325 demonstrat,
868 293 939 320 sicut

147 342 261 376 quidam
275 345 421 375 perpetuus
434 344 460 367 et
473 339 658 373 sempiternus
673 338 749 366 orbis
758 342 869 373 propter
889 338 938 364 bo-

148 395 215 414 num
231 385 411 413 c0nversione
426 385 564 411 inerrantc
582 391 612 412 se
631 383 861 417 circumvolvens,
872 387 898 410 ct
913 383 939 409 in

148 433 246 461 eodem
259 432 408 460 secundum
419 431 488 458 idem
504 436 530 457 et
545 430 695 465 procedens
712 437 828 464 semper,
843 434 870 456 ct
882 437 940 456 ma-

151 474 231 512 nen's,
244 482 433 506 etrevertens.
456 476 573 504 Sanctus
586 475 721 503 Maximus
746 476 775 503 iu
787 475 900 502 sclioliis
915 475 940 501 in

152 524 311 560 Dionysium
330 524 391 555 c.1,
412 523 448 550 De
462 522 557 549 divinis
574 521 699 549 naminib.
712 529 719 548 :
732 521 760 548 In
784 521 941 548 universum

153 571 235 606 igitur
249 577 303 598 non
327 575 369 597 εει
384 570 539 596 audendum
560 568 633 603 loqui
658 575 746 602 neque
773 567 894 602 cogitare
910 566 942 592 de

151 617 295 644 divinitate
318 623 400 650 supra
416 615 610 647 substantiam.
630 619 657 642 et
685 614 787 640 abdita.
811 613 943 640 Divinitas

152 665 226 692 enim
243 663 326 690 solius
342 661 388 689 Dei
408 661 537 688 omnibus
553 660 660 688 occulta
685 659 772 686 virtus
790 663 832 686 est
860 659 944 694 θεαρ-

154 709 222 745 χικὴ
247 716 343 736 eorum
363 708 410 743 qui
444 707 480 735 dii
503 706 647 739 dicuntur,
679 710 735 732 tum
756 704 858 740 angeli,
886 710 942 731 tum

154 755 292 786 homines,
335 756 469 787 quatenus
505 750 629 778 cﬂectrix
677 753 718 776 est
771 755 864 776 eorum
899 747 942 781 qui

154 799 364 835 participatione
406 797 560 824 el'liciuntur
594 796 659 828 dii;
693 796 764 830 ipsa,
794 802 853 828 qua:
881 802 944 821 Vere

152 854 188 873 ex
203 853 233 873 se
246 850 273 872 et
287 845 346 872 sine
360 851 444 872 causa
460 848 501 870 est
514 850 563 878 per
574 849 605 870 se
620 841 762 868 divinitas.
796 840 943 875 Gregorius

155 892 311 927 Theologus
325 900 332 918 :
349 890 381 918 Et
395 889 427 917 ad
439 897 536 922 unum,
552 896 648 916 eorum
664 888 709 923 qui
725 895 758 915 cx
779 887 848 922 ipso,
878 894 943 913 cott-

153 946 263 967 sensus.
277 937 364 971 Quem
380 937 470 964 locnm
487 942 550 963 cum
578 934 704 962 edisserit
725 939 835 961 sanctus
860 932 946 960 Maxi-

155 993 216 1013 mus
232 994 239 1012 :
255 983 312 1012 Nisi
326 983 417 1016 fallor,
429 981 529 1016 inquit,
549 987 630 1009 unam
662 980 728 1008 dicit
755 979 943 1011 divinitatem;

154 1038 187 1057 rx
205 1030 264 1064 ipso
276 1032 366 1056 autem
378 1034 430 1055 uno
443 1033 499 1055 tres
519 1033 662 1062 personas.
693 1024 806 1052 Divinus
824 1030 826 1032 '
849 1024 946 1051 Dama-

156 1082 281 1104 scenus:
308 1073 482 1102 Divinitatrm
496 1073 523 1100 in
552 1073 638 1100 tribus
666 1071 864 1108 splendentem.
893 1078 947 1097 uno

156 1121 303 1157 splendore
314 1127 346 1147 ex
368 1127 420 1146 una
436 1119 582 1146 Divinitate
603 1118 684 1144 trium
704 1124 882 1152 personarum
897 1117 947 1144 iul-

156 1173 253 1202 geute.
265 1165 373 1193 Patrem
386 1166 445 1192 sine
456 1164 601 1200 principio,
614 1163 736 1199 ejusdem
753 1169 857 1190 natura)
880 1162 947 1189 Ver-

157 1215 219 1240 bum
235 1212 334 1245 Patris,
352 1216 378 1238 et
394 1216 608 1246 conreguantem
637 1210 760 1245 ejusdem
787 1209 947 1238 substantiae

157 1259 299 1295 Spiritum.
315 1258 434 1287 Sanctus
444 1256 626 1292 Theophanes
642 1265 649 1284 :
663 1255 752 1283 Unum
767 1256 846 1282 trium
861 1255 947 1289 lulgo-

156 1313 214 1334 rem
226 1304 417 1333 subsistentem
425 1310 457 1331 ex
464 1310 516 1330 una
529 1303 704 1337 prodeuntem
714 1301 865 1333 divinitate,
876 1301 946 1328 idem

157 1353 245 1381 tribus
265 1352 415 1388 fulgoribus
431 1349 576 1384 splendens
590 1357 623 1377 ex
638 1356 691 1376 una
713 1348 855 1376 divinitate
882 1356 946 1383 pro-

156 1399 311 1427 deuntibus.
324 1397 358 1425 Et
374 1398 493 1426 iterum:
513 1395 655 1431 Tanquam
675 1396 750 1423 enim
771 1403 803 1423 ex
814 1402 867 1422 uno
890 1395 947 1423 sole

158 1445 278 1474 Trinitas
296 1444 453 1479 splendens.
487 1443 515 1471 lu
532 1443 602 1470 actis
626 1446 712 1470 sexta:
739 1442 835 1478 synodi
869 1449 945 1469 uaru-

159 1493 283 1524 nenicm,
300 1491 448 1526 Utriusque
462 1495 578 1523 naturae,
609 1489 707 1524 inquit,
726 1494 869 1524 utramque
884 1496 946 1523 opo-

992 250 1019 274 et
1033 246 1093 274 sine
1109 246 1257 279 divisione;
1277 247 1337 273 utsi
1349 250 1420 273 eSSeI
1434 246 1520 273 virtus
1538 246 1658 279 qumdam
1675 246 1784 273 absoln-

995 297 1030 326 ta,
1042 297 1069 321 et
1078 298 1165 320 motus
1179 293 1303 328 simplex:
1317 300 1364 328 per
1371 292 1409 320 sei
1420 300 1494 326 psam
1506 292 1620 323 mobilis,
1629 300 1675 327 per
1683 300 1712 320 se
1721 302 1761 327 0p:
1770 307 1784 314 -

995 348 1068 372 rans.
1085 348 1117 368 ex
1129 348 1157 367 se
1169 340 1236 375 ipsa,
1250 348 1297 375 per
1309 347 1337 366 se
1354 339 1448 374 ipsam,
1459 339 1491 366 ad
1504 346 1532 366 se
1547 339 1631 372 ipsam
1643 345 1783 367 revertens

995 392 1021 414 et
1031 386 1064 413 ad
1080 387 1165 421 ipsam
1178 393 1285 420 semper
1304 387 1399 413 eodem
1418 386 1496 413 modo
1521 392 1550 412 se
1566 385 1704 413 revolvens
1719 406 1726 417 ,
1755 392 1782 413 et

996 433 1175 460 conversione
1196 432 1333 460 incrrante
1364 432 1539 459 circumiens.
1573 431 1659 459 Simul
1691 437 1781 460 tamen

997 481 1213 507 demonstratum
1231 485 1335 506 estnon
1347 484 1472 512 oportere
1500 479 1655 514 ubicunque
1681 479 1782 514 aliquid

996 533 1028 552 ex
1044 527 1135 559 aliquo
1152 525 1395 559 dicitur,qua:rere
1419 523 1598 550 differentiam
1627 532 1727 555 causae,
1758 529 1785 550 et

997 577 1029 596 ex
1045 577 1125 596 causa
1138 569 1352 603 proﬁciscentis;
1367 569 1596 600 demonstratum,
1610 568 1730 602 inquam,
1745 573 1786 594 est

997 622 1050 641 non
1064 615 1150 642 solum
1169 622 1200 642 cx
1220 615 1252 641 iis
1265 622 1324 648 quae
1336 614 1411 648 prius
1428 614 1556 646 diximus,
1571 614 1616 641 sed
1633 615 1715 641 etiam
1748 622 1782 641 ex

999 662 1032 689 Iis
1046 668 1105 695 quae
1120 661 1199 688 modo
1217 660 1338 694 subjecta
1361 664 1435 693 sunt,
1448 660 1546 694 quibus
1559 660 1710 686 ostenditur
1719 667 1785 686 con-

997 707 1129 735 ﬁtendum
1146 713 1205 734 esse
1223 711 1279 734 tres
1308 713 1440 741 personas
1471 713 1502 733 ex
1551 713 1602 732 una
1642 705 1785 732 divinita'e

998 753 1118 788 prodire.
1137 753 1165 779 Si
1179 760 1242 788 ergo
1258 753 1311 780 dici
1328 760 1360 780 ex
1372 752 1474 786 aliquo,
1491 751 1591 786 ubique
1604 751 1784 778 dili‘ereutiam

999 807 1098 830 causai,
1111 803 1137 825 et
1164 806 1274 825 causam
1295 798 1437 830 habentis,
1470 797 1664 830 introduceret,
1690 805 1786 825 nece:-

999 845 1070 872 sario
1087 850 1140 871 tota
1155 843 1274 871 Trinitas
1288 851 1398 871 causam
1415 844 1526 870 haberet
1543 852 1549 875 ;
1564 851 1595 870 ex
1620 851 1672 878 quo
1697 844 1785 876 (iere:.

998 896 1026 918 ut
1041 891 1158 918 Paterin
1176 891 1310 918 Trinitate
1323 897 1354 917 ex
1371 898 1452 917 causa
1481 889 1622 924 profectus
1642 895 1733 922 esset;
1760 896 1785 916 at

998 937 1050 965 hoc
1064 937 1212 965 absurdum
1233 941 1284 963 est.
1306 935 1364 963 Non
1393 936 1475 970 igitur
1495 936 1550 970 jam
1579 935 1736 971 ubicunque
1753 943 1784 962 ex

998 982 1100 1017 aliquo,
1113 981 1140 1009 in
1159 981 1258 1009 divinis
1271 981 1381 1014 dicitur,
1402 980 1439 1008 ibi
1461 980 1615 1008 dili'erentia
1648 988 1746 1013 causae,
1761 985 1787 1008 et

998 1036 1030 1055 ex
1063 1035 1145 1056 causa
1177 1027 1381 1062 proﬁciscentis
1412 1028 1582 1061 Ostenditur;
1603 1035 1635 1055 ae
1655 1031 1785 1062 prmtcrca

999 1074 1146 1109 prodlrein
1172 1074 1270 1101 divinis
1294 1075 1352 1101 sine
1379 1073 1514 1101 divisione
1542 1074 1711 1101 tantumdem
1734 1078 1787 1106 cst,

998 1126 1128 1156 quantum
1154 1121 1213 1148 sine
1239 1121 1380 1153 distantia,
1402 1121 1461 1148 sive
1489 1119 1653 1153 dili‘erentia,
1678 1126 1705 1147 et
1731 1119 1789 1147 sine

998 1175 1080 1194 causa
1092 1174 1164 1199 esse,
1181 1166 1314 1200 siquidem
1326 1166 1414 1200 quoad
1428 1164 1604 1198 Trinitatem,
1627 1172 1686 1199 quas
1705 1173 1787 1200 supra

999 1212 1178 1240 substantiam
1204 1216 1254 1245 est,
1282 1216 1416 1245 quatenus
1450 1210 1571 1239 Trinitas
1595 1212 1706 1245 colitur,
1735 1217 1788 1239 non

999 1259 1080 1286 habet
1093 1259 1117 1286 iu
1127 1258 1258 1285 calocnm‘
1285 1257 1315 1284 τὺ
1343 1257 1507 1291 ἀδιαίρετον,
1521 1257 1548 1284 id
1567 1263 1620 1290 est,
1646 1257 1710 1284 illud
1731 1257 1790 1285 sine

999 1305 1142 1337 divisione,
1161 1304 1225 1338 quin
1257 1304 1347 1338 potius
1371 1303 1501 1330 dividitur
1520 1302 1620 1330 divinis
1630 1306 1657 1330 et
1685 1303 1790 1330 deiﬂcis

999 1351 1144 1386 personis:
1161 1350 1278 1384 eritque,
1293 1353 1430 1383 quatenus
1450 1348 1571 1376 Trinitas
1584 1354 1637 1382 est,
1652 1356 1716 1376 vere
1734 1350 1789 1378 dis-

998 1403 1070 1425 creta
1089 1396 1219 1428 Trinitas,
1248 1395 1335 1422 sicubi
1362 1401 1425 1422 vero
1456 1394 1563 1422 dicatur
1587 1394 1708 1423 Trinitas
1733 1400 1788 1422 non

999 1444 1099 1476 divisa,
1126 1451 1178 1469 non
1198 1447 1331 1477 quatenus
1343 1441 1464 1468 Trinitas
1477 1441 1587 1474 dii-itur,
1598 1441 1644 1469 sed
1657 1447 1790 1476 quatenus

1000 1491 1056 1526 ipsa
1072 1489 1192 1516 Trinitas
1205 1489 1295 1516 unitas
1309 1494 1350 1515 cst
1365 1496 1372 1521 ;
1389 1487 1472 1522 igitur
1485 1495 1538 1514 non
1553 1495 1614 1516 eSse
1630 1488 1790 1516 ilivisimieiu

158 1539 292 1566 rationem
304 1538 416 1570 ScimlIS.
433 1536 585 1564 naturalem
602 1536 674 1568 ἀίοο,
685 1540 711 1564 cl
721 1535 942 1566 substantialem.
960 1551 980 1579 ε
1000 1538 1025 1565 in
1035 1536 1125 1564 divina
1141 1537 1255 1566 unitate,
1265 1539 1304 1561 est
1318 1541 1370 1560 nou
1380 1540 1439 1560 esse
1450 1533 1631 1561 dili'ercntiam
1644 1534 1670 1561 in
1683 1541 1726 1567 ea,
1739 1541 1790 1561 nec

157 1591 184 1613 et
202 1592 349 1620 congruam
367 1584 428 1611 sine
442 1583 574 1611 divisione
586 1583 624 1619 (l)
636 1590 668 1610 ex
684 1586 799 1617 utraque
816 1582 944 1610 substan-

159 1633 231 1658 tiaet
245 1634 342 1657 natura
369 1629 548 1664 prodeuntem
576 1628 724 1656 secundum
758 1628 946 1662 operationem

158 1682 186 1704 et
201 1676 360 1712 qualitatem
373 1675 536 1702 naturaliter
552 1674 660 1702 insitam
681 1674 719 1709 (α)
736 1682 743 1708 ;
761 1679 788 1700 et
803 1673 883 1701 simul
899 1682 947 1700 ue-

158 1732 212 1759 que
226 1722 391 1757 partibilem,
411 1729 498 1757 neque
523 1721 665 1749 confusam
698 1721 854 1748 alterutrius
883 1722 948 1748 salu

161 1769 269 1796 stantia
286 1768 475 1802 operationem
495 1767 643 1802 conjuncte
657 1766 698 1802 (Ξ)
717 1767 868 1799 inductam,
899 1766 952 1794 hoc

162 1815 227 1842 facit
244 1813 426 1841 diﬂ'erentiam
439 1813 628 1847 operationum
651 1812 676 1839 in
694 1812 815 1845 Christo,
848 1812 953 1839 sicuch

162 1860 344 1888 «limarentiam
364 1858 585 1887 naturarum.Ex
602 1859 701 1893 quibus
723 1857 838 1886 efﬁcitur
868 1859 954 1885 mani—

165 1907 273 1940 testum,
298 1907 325 1933 in
356 1906 470 1938 unitate,
500 1913 559 1939 qum
583 1913 663 1940 supra
694 1905 875 1932 substantiam
902 1909 954 1937 est,

163 1962 215 1981 non
241 1957 367 1987 oportere
397 1953 570 1979 considerare
601 1951 672 1986 quod
704 1958 736 1980 cx
765 1959 795 1979 se
826 1952 883 1985 ipsa
909 1959 956 1978 ea-

162 2002 258 2029 sistere
281 2001 403 2033 dicitur,
431 1999 472 2027 vel
502 2007 534 2027 ex
561 2007 591 2026 se
617 1999 674 2033 ipsa
705 1999 795 2034 prodit
817 2001 956 2034 operatio;

164 2047 204 2074 vel
233 2055 264 2074 ex
299 2053 329 2078 se
356 2047 424 2080 ipsa,
453 2053 500 2080 per
523 2052 552 2072 se
577 2045 674 2080 ipsam,
693 2046 718 2072 in
740 2053 769 2072 se
793 2045 880 2081 ipsam
915 2054 957 2072 rr—

165 2094 282 2121 volritur
300 2113 307 2124 ,
326 2097 354 2120 et
383 2092 485 2120 idciico
516 2091 695 2119 dili'erentiam
728 2099 816 2119 causa:
838 2098 864 2120 et
889 2101 956 2119 cau-

164 2148 222 2167 sam
261 2139 385 2166 habentis
417 2138 524 2173 sequi:
554 2138 618 2173 quin
657 2138 746 2173 potius
780 2139 955 2166 manili-stum

997 1590 1057 1611 esse
1071 1589 1179 1610 causam
1192 1582 1260 1615 ejus.

1299 1636 1415 1664 CAPUT
1433 1637 1477 1664 IV.

1003 1708 1079 1741 Quod
1091 1708 1117 1734 in
1131 1708 1232 1734 unitate
1250 1706 1389 1732 Trinitatis
1407 1713 1457 1731 non
1470 1709 1571 1735 oportet
1585 1713 1702 1739 qun'rere
1713 1705 1789 1732 aliud

1036 1744 1223 1773 substantiam,
1243 1747 1265 1767 et
1281 1741 1354 1767 aliud
1369 1741 1502 1770 enen/iam
1513 1742 1566 1767 sive
1591 1741 1766 1774 operationem
1781 1749 1791 1768 :

1038 1786 1118 1812 neque
1132 1778 1183 1811 tegi
1204 1777 1371 1811 homonymin
1390 1775 1459 1802 uerbi
1474 1777 1607 1812 ctieugim,
1625 1783 1670 1801 nec
1700 1776 1792 1802 existi-

1039 1810 1175 1853 nttircnoh
1207 1813 1274 1838 idem
1300 1819 1355 1838 esse
1366 1811 1393 1837 in
1409 1819 1439 1837 ea
1471 1810 1645 1837 substantiam
1669 1814 1694 1836 et
1719 1819 1750 1837 en
1767 1819 1792 1837 r-

1039 1856 1125 1882 gmm.

1042 1908 1159 1935 Sanctus
1197 1906 1343 1940 Gregorius
1371 1905 1521 1940 Nyssenus,
1554 1903 1664 1931 Iibrotx
1691 1903 1792 1931 Contra

1007 1953 1184 1981 Eunomium:
1200 1951 1267 1985 Quis
1284 1955 1334 1982 est,
1350 1951 1446 1985 inquit,
1459 1950 1501 1976 die
1517 1950 1593 1982 mihi,
1613 1949 1701 1977 Deus?
1731 1950 1792 1984 qni-

1006 2000 1055 2027 bus
1071 1999 1238 2030 dominatur,
1255 1998 1299 2032 qui
1333 2002 1374 2023 est
1401 1996 1472 2022 aliud
1488 1995 1551 2030 quid
1578 2001 1674 2030 prmtcr
1700 2001 1794 2030 poti-n-

1005 2043 1320 2074 tiam?Sidominatur,
1345 2047 1372 2069 et
1400 2041 1470 2067 aliud
1483 2045 1525 2068 est
1551 2041 1681 2075 potentia,
1712 2042 1794 2075 igitur

1006 2093 1123 2120 \‘incitur
1137 2090 1256 2124 potentia
1276 2096 1290 2114 a
1305 2096 1357 2114 non
1392 2088 1510 2121 potentia
1528 2095 1535 2120 ;
1552 2087 1624 2121 quod
1649 2087 1722 2114 enim
1751 2093 1793 2114 est

1005 2140 1078 2167 aliud
1095 2145 1173 2173 quam
1186 2136 1305 2171 polentia
1323 2135 1373 2169 (5),
1386 2133 1503 2169 potentia
1521 2141 1537 2168 p
1553 2141 1635 2160 orsus
1660 2141 1713 2160 non
1725 2138 1767 2160 est
1785 2143 1791 2160 :

918 2196 1052 2228 Scholia.

203 2249 318 2285 (l)Siue
331 2248 472 2285 divisione.
505 2246 782 2285 Scilicet‘personie‘;
805 2253 857 2273 non
885 2247 958 2285 cpim

168 2281 478 2321 propterAdiﬂerentiaui
491 2283 709 2321 substantiarutu
723 2281 825 2321 divinae
849 2287 875 2308 ct
904 2282 956 2308 liu-

167 2317 253 2359 inauie
268 2319 373 2359 divis-us
387 2323 428 2345 est
450 2318 586 2359 Christus,
601 2318 665 2359 quin
694 2317 782 2350 potius
815 2317 884 2343 idem
914 2321 956 2356 est
975 2333 994 2359 η

167 2355 305 2391 perfectus
332 2353 455 2391 Deus,et
483 2351 620 2391 perfectus
646 2352 744 2383 homo;
770 2358 864 2378 rursus
897 2352 954 2391 sine

168 2387 312 2421 divisione,
325 2389 389 2424 quia
404 2388 526 2422 operatio
546 2387 760 2424 divintegnaturze
771 2391 811 2424 est
830 2387 953 2420 operatio

169 2426 250 2453 trium
266 2422 453 2459 personarum,
471 2430 586 2459 quarum
597 2422 698 2459 unitas
710 2422 844 2454 essentia,
860 2426 888 2447 ut
910 2426 955 2459 est

169 2461 196 2487 in
215 2457 319 2494 synodo
335 2465 424 2491 sexta,
451 2458 558 2494 actione
593 2457 637 2490 il,
654 2465 706 2494 non
731 2461 831 2494 potest
849 2457 954 2494 partiri,

170 2504 220 2523 nec
231 2491 306 2521 alteri
322 2496 417 2521 unitati
434 2493 563 2527 copulari,
579 2494 627 2519 sed
642 2491 730 2527 potius
746 2491 891 2527 singularis
903 2496 954 2524 est,

170 2537 245 2558 cura
261 2537 368 2556 οιιιιιειιι
384 2535 536 2555 ιιιιιιιειιιιιι.

205 2566 243 2599 i2)
255 2565 445 2599 Operatiouem
455 2562 610 2589 alter-utrius
630 2562 793 2599 substantiae
808 2561 956 2595 conjunch

170 2598 304 2628 inductum
322 2600 397 2629 dicit,
415 2598 477 2631 quia
493 2599 531 2624 sic
544 2598 707 2631 operabatur
719 2604 835 2632 utraque
857 2603 955 2623 natura

170 2638 240 2671 quod
257 2636 396 2670 proprium
415 2638 484 2671 erat,
517 2638 545 2659 ut
575 2633 660 2671 altera
686 2632 766 2671 simul
797 2637 957 2671 operaretur

170 2668 361 2699 (Ξιιιινιςιιὶειιιει-
374 2669 437 2697 sibi.
454 2674 481 2694 et
497 2673 525 2693 ut
538 2677 567 2695 se
587 2668 713 2700 decebat;
729 2668 786 2694 sive
802 2668 873 2693 enim
891 2673 955 2700 ope—

172 2708 291 2734 ratioues
309 2709 400 2731 eSsent
421 2704 476 2730 Deo
500 2703 703 2734 convenientes,
729 2708 758 2729 ut
783 2703 952 2733 miraculum,

171 2750 234 2768 caro
245 2742 409 2774 operabatur
421 2758 428 2770 ,
447 2743 476 2765 ut
503 2746 563 2765 cum
593 2743 726 2774 potestate
740 2738 831 2764 divina
860 2738 953 2774 remit-

173 2778 244 2804 tebat
263 2772 382 2811 peccata,
399 2780 424 2801 et
438 2781 484 2800 ore
494 2774 612 2806 diccbat,
638 2773 814 2801 Iieutitluntur
834 2772 881 2800 tibi
894 2779 953 2806 pec-

1015 2251 1075 2273 cata
1094 2250 1150 2276 tua,
1167 2249 1192 2270 cl
1211 2247 1345 2278 potestate
1359 2241 1448 2267 divina
1469 2240 1628 2268 restituebat
1650 2239 1752 2278 _visum_.
1768 2247 1794 2266 et

1014 2289 1094 2308 tiu-nu
1109 2286 1135 2306 et
1150 2275 1230 2313 sputo
1247 2278 1343 2303 liuibat
1361 2277 1454 2302 oculos
1467 2284 1473 2308 ;
1488 2278 1543 2313 sive
1555 2275 1724 2313 operatioues
1743 2275 1793 2300 liu-

1013 2323 1098 2342 manm
1119 2310 1221 2341 naturae
1236 2314 1424 2342 convenirent,
1442 2317 1470 2337 ut
1500 2311 1584 2341 sitire.
1616 2310 1727 2338 esurire,
1755 2311 1794 2336 fa-

1010 2351 1098 2386 tigari,
1116 2350 1230 2376 Verbum
1246 2348 1411 2386 cperabatur
1431 2346 1620 2386 permittendo,
1634 2350 1665 2385 et.
1679 2346 1793 2386 volentia

1009 2380 1066 2414 stic
1077 2380 1247 2419 operatinues
1264 2387 1356 2419 essent
1373 2382 1512 2419 uiistm,_id
1528 2385 1579 2412 est,
1597 2380 1695 2413 partim
1728 2381 1794 2406 divi-

1011 2429 1062 2452 na),
1081 2417 1176 2455 partim
1196 2420 1330 2455 humanae,
1342 2417 1391 2443 hoc
1415 2422 1457 2443 est
1473 2417 1526 2443 Deo
1541 2417 1743 2455 convenientes,
1758 2422 1794 2455 ιιι

1013 2450 1115 2483 homini
1130 2463 1137 2487 ;
1159 2460 1185 2481 ut
1203 2454 1341 2480 ambulare
1357 2459 1439 2485 super
1455 2459 1529 2478 mare
1537 2458 1549 2487 7;
1568 2450 1706 2487 auibuiare
1720 2451 1792 2476 enim

1015 2486 1318 2519 hominibunvenicbat,
1349 2494 1401 2514 uou
1429 2486 1543 2520 deprimi
1561 2486 1724 2512 ambulando
1750 2493 1795 2511 stt—

1012 2534 1060 2560 per
1081 2531 1164 2560 mare,
1189 2523 1270 2560 Deum
1294 2522 1422 2560 decebat,
1437 2529 1499 2560 que
1513 2520 1687 2560 operatioues
1702 2520 1795 2560 ,θεαιν-

1010 2555 1102 2597 optaui
1115 2569 1128 2586 a
1141 2559 1267 2594 Dionysio
1284 2558 1421 2588 dicuntur,
1437 2558 1462 2582 id
1488 2562 1540 2587 est,
1557 2555 1637 2583 simul
1653 2555 1752 2582 dxiuu:
1768 2559 1795 2581 «ι

1011 2597 1147 2623 humanas.

1046 2632 1084 2666 (ὅ)
1106 2631 1175 2656 licus
1191 2635 1232 2656 est
1245 2636 1323 2666 suum
1341 2634 1432 2666 posse,
1446 2631 1473 2653 et
1491 2634 1569 2653 suum
1587 2634 1657 2666 esse,
1675 2631 1702 2666 et
1717 2633 1795 2651 suam

1009 2661 1125 2699 operari,
1140 2669 1166 2691 et
1186 2673 1238 2691 non
1256 2669 1294 2690 est
1312 2663 1336 2689 iu
1349 2670 1380 2688 eo
1396 2664 1468 2689 aliud
1499 2670 1589 2699 posse,
1619 2661 1691 2687 aliud
1724 2668 1796 2691 Uaﬁt',

1009 2697 1084 2728 aliud
1101 2701 1219 2735 operari.
1232 2700 1283 2735 sed,
1293 2699 1381 2732 potius
1394 2705 1464 2724 unus
1474 2697 1696 2735 simplicissimus
1707 2701 1794 2735 actus,

1007 2742 1034 2763 et
1051 2745 1104 2763 una
1120 2730 1330 2770 'simplicissinia
1347 2733 1499 2760 substantia
1513 2739 1545 2759 ac
1577 2732 1707 2766 potentia,
1737 2730 1796 2757 sive

1006 2774 1103 2799 virtus.
1530 2774 1538 2780 ’

207 2860 245 2893 (α)
265 2857 426 2891 Qualitatem
457 2855 605 2884 naturalem
632 2859 709 2881 vocat
727 2855 917 2889 proprietatem
936 2851 1076 2888 utriusque
1090 2859 1200 2880 naturas.

331 2906 467 2935 ι’,ιτιιοιη
491 2905 549 2934 Gn.
573 2902 662 2933 tJLll.

1545 2895 1581 2924 31
