1955 3076
194 150 227 181 97
238 148 243 180 ζ
775 152 935 183 JOANNIS
965 153 1248 185 CYl‘ABlSSlOT/E

1772 154 1830 186 9'72

194 213 276 242 atque
289 209 324 236 ita
361 208 507 244 reperitur,
537 212 673 244 quatenus
694 210 814 244 potentia
847 218 900 238 non
927 216 980 244 est,

1043 204 1157 246 'undere,
1172 219 1200 242 et
1212 214 1327 242 obscura
1353 198 1508 248 relinquere
1523 220 1565 246 ea,
1581 213 1613 240 de
1626 212 1725 247 quibus
1754 221 1831 248 qum-

195 255 328 282 dmninari
341 255 476 290 potentim.
495 253 621 283 Justinus
637 261 739 291 martyr
751 256 777 283 itt
795 256 829 284 iis
843 263 903 291 qua:
912 256 984 284 Plio-

197 304 251 330 tius
260 303 412 336 patriarcha
429 310 460 330 ex
483 309 515 330 eo
529 303 637 336 recitat,
651 302 711 330 Alia
737 303 857 337 qttidem,
886 305 983 339 inquit,

197 349 316 382 potentia
330 353 392 375 sunt
409 348 566 382 aliquando,
576 345 605 376 et
621 353 683 376 actu
699 358 705 382 ;
723 348 793 376 Deus
822 354 924 382 autem,
957 354 985 377 ut

199 401 274 420 mens
287 394 428 428 perspicax
439 394 590 430 intelligere
606 399 705 430 potest,
716 401 824 430 semper
835 400 876 423 est
905 402 985 422 ener-

197 440 251 474 gia,
265 440 291 466 id
309 444 366 472 est,
382 444 456 473 actu,
475 448 527 468 non
540 441 612 468 enim
628 449 660 468 ex
675 441 834 476 imperfecto
861 441 895 470 ad
921 449 985 477 per-

197 486 296 513 I'cctum
315 486 455 521 procedit;
472 494 521 519 net-
537 487 610 515 aliud
625 487 772 522 quidquam
786 492 885 523 praeter
899 488 986 523 ipsum

197 540 244 567 per
258 541 286 560 sc
303 537 404 565 actum,
420 538 462 560 est
478 533 536 567 ipsa
554 540 602 566 per
618 540 648 561 se
668 533 831 561 substantia.
859 532 986 561 Theodo-

198 586 243 605 rus
259 584 438 612 cognomento
449 578 503 605 τῶν
521 579 654 614 Γραπτῶν
665 600 672 612 ,
692 579 718 606 itt
735 586 783 607 sua
796 578 896 607 Contra
906 587 988 614 oppu-

196 630 318 659 gualores
343 626 487 659 imaginum
511 626 700 652 tractatione:
728 625 797 659 Non,
827 625 926 660 inquit,
957 630 987 653 ut

198 671 307 704 quidam
327 671 391 699 olim
407 670 497 705 nugati
513 676 587 702 sunt,
601 671 685 699 cados
703 679 718 698 a
734 679 848 707 persona
864 679 913 700 sua
938 680 985 700 va.

201 725 267 745 cuos
281 725 342 745 cum
358 726 467 746 Carnem
481 719 641 751 aSSnmpsit,
659 717 750 746 facere
763 718 858 750 voluit,
872 725 987 754 esseque

199 764 337 790 uobiscum
357 763 504 790 secundum
521 764 713 798 substantiam,
731 764 841 799 energia
862 771 928 791 vero
960 770 987 791 ct

197 810 329 844 dignitate
347 810 416 843 apud
432 809 516 836 Deum
532 809 651 842 Patrem,
669 811 732 843 quia
761 810 834 836 aliud
858 810 987 837 substan-

200 858 274 887 tiam,
290 856 361 882 alind
374 856 522 890 energiam,
541 860 570 882 ut
587 856 612 882 in
628 856 661 884 iis
696 863 756 890 quae
769 863 898 890 corporea
927 863 987 884 esse

197 903 364 938 cogitantur,
378 903 417 929 sic
432 903 458 929 in
472 901 561 929 Verbo
579 902 625 929 Dei
642 904 797 936 ponebant;
827 903 899 937 quod
929 903 989 937 qui-
1005 894 1026 920 Β

198 950 259 976 dem
274 949 308 983 pii
323 952 432 982 negant.
450 949 546 975 Sciunt
557 948 628 975 enim
642 949 667 975 itt
698 949 867 983 simplicibus
897 954 922 977 et
947 949 988 976 in-

199 995 338 1031 corporeis
353 994 390 1030 (1)
404 994 473 1022 nihil
487 994 538 1022 ista
554 993 663 1022 diﬂ'erre
679 1002 686 1021 :
703 995 768 1029 quia
782 1002 837 1022 non
850 1000 915 1023 sunt
933 996 990 1023 haec

198 1043 270 1069 inter
282 1050 311 1070 se
328 1041 521 1074 discernenda,
535 1048 569 1068 ne
598 1041 669 1079 quod
700 1045 742 1068 est
768 1048 851 1076 supra
880 1049 988 1069 omnem

200 1089 413 1123 simplicitatem.
429 1087 609 1122 compositum
641 1095 701 1115 esse
724 1088 898 1123 intelligatur.
922 1087 990 1114 San-

199 1141 258 1162 ctus
275 1134 405 1161 Maximus
422 1134 447 1161 in
471 1133 646 1160 adnotatione
667 1134 839 1161 extrinsecus
867 1134 987 1168 apposita

200 1181 232 1208 ad
250 1187 310 1215 cap.
324 1179 474 1207 secundum
493 1179 623 1206 centuria
636 1178 741 1213 primae:
754 1179 869 1213 Bonum,
888 1179 988 1213 inquit,

201 1227 308 1262 proprie
319 1226 466 1254 secundum
482 1225 661 1253 substantiam
675 1232 709 1252 ex
725 1225 759 1253 iis
770 1233 830 1262 qua:
839 1230 912 1259 suttt,
942 1233 988 1253 co-

200 1273 354 1307 gnnscimns
373 1277 559 1299 creaturarum
579 1270 745 1304 ell'ectorem,
765 1272 836 1306 quod
851 1277 904 1303 est,
936 1279 988 1299 non

200 1319 263 1354 quid
276 1319 424 1346 secundum
437 1322 560 1345 naturam
578 1321 633 1351 cst,
647 1317 795 1352 plurimutn
808 1318 880 1345 enim
899 1317 989 1348 dim-rt

199 1364 312 1392 credere
338 1364 438 1398 aliquid
452 1371 523 1397 esse,
545 1364 579 1392 ab
597 1371 630 1392 eo
649 1364 721 1399 quod
741 1368 793 1396 est,
830 1364 901 1392 scire
925 1365 988 1399 quid

201 1411 308 1438 demum
321 1410 432 1437 esthoc.
453 1409 489 1436 Ex
506 1409 630 1438 bonitate
655 1410 738 1444 igitur
765 1415 793 1436 et
818 1410 938 1445 energia,
962 1415 987 1437 et

201 1466 234 1485 ex
249 1457 376 1492 operibus
390 1456 569 1492 providentiae
579 1456 697 1491 propriis
711 1455 888 1490 cognoscitur
902 1455 988 1487 Deus,

200 1504 248 1531 sed
263 1512 315 1531 nun
333 1510 365 1530 ex
381 1503 545 1531 substantia.
568 1502 713 1537 Euergiam
730 1509 860 1530 vocamus
891 1502 934 1529 hic
957 1511 988 1529 o-

200 1557 275 1585 pera,
292 1557 344 1576 non
358 1553 447 1575 autent
463 1547 623 1583 potentiam.
643 1547 702 1575 sive
731 1547 860 1574 virtutem
889 1554 988 1582 opera-

203 1595 302 1628 tionis;
317 1595 374 1621 h:ec
388 1593 461 1621 enim
473 1593 538 1620 nihil
554 1592 625 1620 aliud
639 1597 691 1625 est,
715 1597 894 1628 prattcrquam
923 1593 989 1620 sub-

202 1641 302 1668 stantia
314 1640 370 1672 Dei,
384 1647 416 1666 ne
431 1638 593 1673 compositio
609 1638 637 1665 in
657 1638 712 1665 Deo
728 1645 789 1666 esse
806 1638 988 1666 existimetur.

203 1685 316 1719 Magnus
327 1683 489 1711 Athanasius
512 1682 581 1710 libro
616 1683 705 1717 primo
730 1688 825 1711 contra
851 1683 987 1711 Arianos:

203 1732 382 1764 lnterrogent,
404 1729 501 1764 inquit,
522 1728 642 1761 Grmcos,
660 1734 688 1755 ut
700 1737 760 1756 cum
773 1729 910 1756 audierint
924 1735 988 1763 quot

203 1777 416 1811 signiﬁcationes
429 1775 510 1803 habet
525 1775 651 1808 verbum,
667 1775 774 1803 discant
794 1783 824 1803 se
843 1783 897 1803 non
923 1777 991 1803 bene

204 1823 276 1851 scire
292 1823 324 1849 de
340 1822 438 1857 quibus
466 1821 624 1856 loquuntur.
640 1820 674 1848 Et
690 1821 719 1848 in
734 1821 847 1856 epistola
863 1822 896 1849 ad
912 1821 992 1848 Scra-

203 1867 311 1900 pionem
329 1875 336 1892 :
349 1865 416 1893 Cum
433 1865 489 1893 haec
501 1865 541 1893 sic
552 1866 616 1898 sint,
637 1870 664 1893 et
681 1871 757 1894 tanta
766 1866 918 1894 dill‘crentia
931 1868 990 1902 spi-

203 1913 302 1940 rituum
315 1912 485 1945 ostendatur,
499 1912 626 1940 meliores
653 1912 764 1946 essetis,
794 1913 816 1940 si
839 1913 872 1940 de
898 1917 992 1940 creato

204 1960 300 1993 spiritu
312 1958 464 1991 audientes,
484 1958 518 1986 de
536 1966 588 1986 uno
613 1959 741 1994 quopiam
772 1967 805 1987 ex
834 1959 913 1987 dictis
932 1966 993 1987 seu-

204 2005 302 2032 tirctis.
319 2003 352 2031 Et
365 2009 475 2032 sanctus
491 2003 637 2037 Maximus,
653 2005 680 2032 in
695 2005 880 2040 disputatione
893 2010 988 2034 contra

204 2050 356 2086 Pyrrhum:
377 2050 485 2084 Dicere,
502 2051 602 2086 inquit,
618 2056 645 2078 et
665 2059 718 2079 non
737 2052 813 2087 prius
828 2052 994 2086 distinguere

202 2097 355 2132 signiﬁcata
373 2096 459 2128 verbi,
477 2096 546 2123 nihil
561 2096 635 2124 aliud
648 2102 780 2132 estquam
796 2097 906 2125 omnino
929 2104 996 2125 con-

240 2187 261 2202 ”
277 2187 350 2216 l’sal.
369 2195 423 2220 Ctx,
440 2189 467 2215 5.
503 2186 528 2203 "
541 2186 622 2216 Joau.
637 2195 694 2220 xvt,
709 2186 756 2213 Ἦ.

1035 262 1089 290 ειίο
1102 266 1165 290 est:
1182 261 1254 295 quod
1279 259 1388 295 quidem
1407 259 1523 287 alienum
1541 265 1582 287 est
1599 260 1634 287 ab
1646 259 1757 287 homine
1782 267 1811 286 ra
1822 275 1831 279 -

1037 307 1119 335 tionis
1130 306 1273 341 participe.
1286 305 1360 333 idem
1388 305 1415 333 in
1440 305 1560 333 eodem:
1590 304 1721 340 Superius
1746 305 1830 332 etiam

1036 354 1140 381 dictum
1167 357 1220 386 est,
1240 357 1367 388 oportere
1379 359 1441 380 eum
1456 351 1502 387 qui
1518 353 1552 380 de
1569 353 1685 379 veritate
1704 351 1832 380 disserit.

1036 399 1204 434 distinguere
1216 406 1310 427 eorutn
1326 405 1386 432 qua:
1402 398 1538 430 dicuntur,
1563 397 1728 433 signiﬁcata,
1764 405 1832 432 pro-

1036 449 1097 480 pter
1116 452 1236 473 errorem
1258 452 1291 472 ex
1307 444 1478 480 homonymia
1504 443 1733 479 proficiscentem.
1760 442 1835 470 San-

1037 495 1096 519 ctus
1109 491 1271 519 Anastasius
1300 490 1488 518 Antiochenus
1515 491 1542 517 in
1572 490 1643 518 libro
1662 491 1707 525 qui
1731 490 1834 517 inseri-

1037 536 1121 569 bitur,
1137 535 1216 568 Quod
1238 535 1309 562 Deus
1324 540 1362 563 est
1381 535 1647 570 incircumscriptus:
1664 535 1833 569 Triplicitcr,

1037 581 1135 616 inquit,
1152 581 1253 609 dicitur
1268 581 1393 616 energia,
1414 586 1548 615 potestas,
1574 581 1634 608 sive
1646 581 1700 614 vis,
1727 588 1834 608 secunv

1038 628 1103 655 dum
1120 635 1200 662 quant
1216 627 1340 655 naturale
1353 633 1393 655 est
1407 627 1464 655 Deo
1486 627 1614 662 operari;
1640 631 1667 655 et
1697 627 1836 654 habitudu

1037 673 1176 708 operantis
1186 672 1219 700 ad
1232 680 1299 707 opus
1314 672 1416 700 factum
1427 692 1435 704 ,
1451 678 1478 700 et
1494 672 1582 707 ipsum
1609 672 1674 700 illud
1701 679 1770 707 opus
1788 672 1832 698 fas

1038 724 1123 748 ctum.
1138 718 1271 746 Praeterea
1288 723 1398 746 sanctus
1406 717 1524 746 Joannes
1538 718 1721 745 Damascenus
1735 718 1763 744 in
1773 725 1835 744 ser-

1039 773 1118 792 mone
1135 765 1276 799 inscripto,
1292 764 1329 792 De
1344 764 1551 798 proprietatibus
1565 764 1667 791 Christi
1680 772 1689 790 :
1701 763 1832 798 Energia,

1040 810 1137 845 inquit.
1160 810 1306 845 aliquando
1318 810 1453 846 signiﬁcat
1477 811 1604 838 virtutem
1615 809 1758 844 operandi,
1778 810 1833 837 ali-

1041 857 1152 891 quando
1163 856 1283 892 operari,
1297 856 1443 891 aliquando
1458 863 1528 891 opus
1553 856 1690 884 effectum.
1717 855 1835 890 Magnus

1043 903 1159 930 Basilius
1173 903 1199 930 in
1212 910 1238 929 ν.
1257 902 1467 938 Ἀντιρῤητικῶν
1481 911 1489 930 :
1504 903 1570 930 Illud
1580 910 1612 930 ex
1627 902 1717 937 aliquo
1729 901 1834 934 accipi-

1041 955 1095 981 tur,
1109 949 1207 984 inquit,
1222 949 1263 977 vel
1278 953 1413 984 quatenus
1431 950 1546 983 pertinet
1560 949 1594 976 ad
1607 948 1785 979 creationem,
1803 954 1835 974 ut

1041 1002 1101 1022 cum
1117 995 1234 1022 dicimus
1253 995 1344 1022 omnia
1358 1003 1390 1022 es
1410 996 1464 1022 Deo
1480 1004 1487 1027 ;
1501 995 1542 1022 vel
1561 995 1595 1022 ad
1626 995 1834 1029 generationem

1041 1045 1069 1068 ut
1084 1041 1147 1068 illttd
1164 1049 1172 1068 :
1190 1040 1233 1068 Ex
1250 1047 1322 1068 utero
1340 1046 1400 1068 ante
1421 1041 1559 1075 luciferum
1572 1041 1650 1076 genui
1662 1046 1686 1066 te
1703 1039 1743 1067 "z
1761 1045 1790 1066 et
1802 1040 1835 1065 il-

1041 1086 1086 1113 lud
1105 1085 1179 1122 :Ego
1192 1087 1261 1113 enim
1275 1094 1307 1113 ea:
1323 1085 1375 1113 Deo
1391 1087 1459 1113 exivi
1475 1086 1497 1102 ⁷⁸
1513 1094 1521 1119 ;
1538 1086 1578 1113 vel
1593 1085 1764 1116 naturaliter,
1801 1091 1834 1112 ut

1041 1141 1102 1160 eunt
1114 1133 1243 1164 dicimus,
1255 1132 1371 1166 Ettet-gia
1388 1137 1482 1159 nostra
1495 1140 1527 1160 ex
1538 1132 1615 1159 nobis
1627 1136 1667 1159 est
1679 1130 1729 1166 (α),
1741 1131 1835 1165 splen-

1039 1180 1090 1205 dor
1105 1179 1170 1206 solls
1183 1186 1215 1206 ex
1233 1178 1301 1213 ipso.
1322 1177 1349 1205 Si
1363 1179 1447 1214 igitur
1463 1185 1563 1213 corpus
1587 1177 1689 1206 Christi
1707 1178 1833 1204 divinum

1039 1233 1072 1252 ex
1087 1224 1190 1259 Spiritu
1205 1229 1301 1253 sancto
1316 1230 1369 1258 est,
1386 1232 1439 1252 non
1451 1230 1541 1260 potest
1567 1232 1631 1252 esse
1644 1231 1677 1252 ex
1694 1231 1726 1251 eo
1753 1224 1835 1259 geni-

1041 1276 1109 1304 tum,
1123 1271 1187 1306 quia
1209 1271 1280 1305 quod
1298 1274 1389 1298 natum
1414 1275 1456 1298 est
1470 1279 1503 1298 ex
1530 1278 1624 1302 carne.
1652 1277 1752 1305 corpus
1770 1274 1834 1301 est;

1040 1317 1114 1352 quod
1133 1323 1223 1344 autem
1236 1325 1268 1344 ex
1285 1317 1399 1351 Spiritu,
1411 1316 1535 1350 spiritus,
1550 1322 1638 1350 neque
1672 1321 1765 1342 rursus
1786 1322 1836 1341 na-

1042 1363 1165 1390 turaliter
1175 1370 1208 1390 ex
1222 1363 1280 1397 ipso
1295 1370 1367 1396 esse,
1387 1362 1458 1390 sicut
1476 1361 1584 1397 energia
1607 1361 1679 1396 ejus.
1703 1361 1835 1395 quoniam

1041 1409 1066 1436 in
1079 1408 1191 1443 simplici
1204 1409 1241 1443 (2)
1250 1413 1277 1435 ει
1289 1408 1446 1443 incorporea
1458 1412 1552 1435 natura
1565 1407 1688 1436 eamdem
1703 1407 1836 1435 rationem

1040 1455 1113 1482 subit
1125 1454 1276 1482 substantia
1293 1459 1320 1482 et
1344 1455 1453 1489 energia
1474 1454 1556 1490 ejus;
1571 1453 1735 1489 relinquitur
1751 1453 1836 1489 igitur

1041 1509 1072 1528 es
1084 1502 1143 1536 ipso
1157 1508 1218 1529 esse
1232 1506 1360 1535 tanquam
1384 1506 1539 1529 creaturam
1561 1500 1634 1536 ejus.
1662 1500 1734 1529 Ideni
1765 1499 1835 1528 libro

1041 1547 1161 1574 secundo
1177 1557 1184 1574 ;
1200 1545 1229 1574 Si
1255 1547 1363 1581 quidem
1389 1546 1455 1574 nihil
1482 1553 1627 1574 commune
1652 1546 1733 1574 habet
1748 1546 1835 1574 virtus

1044 1602 1105 1621 cum
1122 1594 1285 1628 substantia,
1297 1595 1432 1629 quomodo
1446 1602 1478 1622 ex
1506 1594 1651 1627 creaturis,
1679 1601 1741 1629 qua:
1769 1598 1835 1621 sunt

1043 1639 1154 1667 ell‘octus
1168 1639 1286 1670 virtutis.
1299 1639 1331 1666 ad
1345 1640 1526 1674 cognitionem
1543 1639 1602 1674 ejus
1629 1639 1697 1666 facta
1714 1644 1755 1667 est
1770 1639 1834 1666 via?

1043 1684 1089 1712 Sin
1110 1692 1199 1713 autem
1220 1686 1290 1713 idem
1314 1690 1356 1713 est
1380 1686 1534 1713 substantia
1551 1691 1633 1720 atque
1649 1685 1746 1718 virtus,
1764 1686 1834 1720 quod

1047 1733 1176 1759 virtutem
1192 1739 1291 1767 signat,
1305 1733 1420 1765 signabit
1441 1733 1521 1767 plane
1539 1733 1621 1761 etiam
1641 1733 1832 1761 substantiam.

1046 1776 1157 1804 Divinus
1167 1776 1325 1804 Theodorus
1350 1782 1530 1812 cognomento
1552 1777 1686 1812 Γραπτὸς,
1715 1782 1834 1805 tractans

1045 1823 1145 1850 dictum
1163 1821 1255 1849 Basilii
1273 1831 1280 1849 :
1300 1822 1356 1855 Sic,
1376 1822 1472 1857 inquit,
1486 1823 1530 1857 pie
1542 1822 1714 1857 intelligatur
1743 1823 1834 1850 divina

1046 1868 1156 1904 energia
1176 1869 1234 1896 sive
1249 1869 1371 1904 operatio
1385 1873 1487 1896 aeterna
1505 1869 1589 1904 :quin
1616 1867 1705 1903 potius
1718 1868 1774 1904 ipsa
1787 1876 1836 1903 per

1046 1921 1076 1942 se
1092 1914 1212 1948 energia,
1229 1919 1258 1940 ιιι
1280 1922 1332 1942 non
1357 1913 1538 1948 distinguatur
1550 1921 1566 1942 a
1587 1914 1739 1942 substantia
1754 1934 1762 1946 ,
1787 1913 1836 1942 sed

1047 1961 1136 1995 potius
1151 1960 1274 1988 eatndem
1291 1959 1425 1987 "rationem
1444 1960 1544 1987 habeat
1558 1964 1668 1995 propter
1684 1960 1836 1994 proprieta-

1047 2011 1101 2034 tem
1114 2005 1307 2040 simplicitatis,
1334 2010 1362 2033 et
1384 2005 1553 2040 incorporeas
1581 2009 1696 2033 naturae.
1723 2004 1836 2039 Magnus

1047 2052 1224 2084 Athanasius,
1240 2052 1265 2078 in
1283 2051 1468 2086 disputatione
1478 2050 1604 2078 Anommi
1621 2051 1707 2086 (5),iu
1719 2058 1834 2086 persona

1048 2097 1199 2126 adversarii
1214 2106 1220 2125 :
1235 2098 1292 2130 Dic,
1305 2097 1444 2132 inquiunt,
1469 2097 1589 2132 energiae
1612 2097 1756 2132 imaginum
1782 2096 1833 2132 (4).

950 2229 1090 2261 Scholia.

240 2297 278 2329 (t)
297 2296 326 2322 In
343 2295 505 2329 sitttplicibtts
516 2300 539 2322 et
551 2295 710 2328 incorporei:
726 2293 791 2321 nihil
809 2294 860 2320 ista
875 2292 995 2329 dri/ferre.
1011 2294 1035 2323 Ι)
1050 2301 1057 2320 t
1073 2300 1100 2327 p.
1115 2300 1144 2328 q.
1159 2293 1202 2320 54.
1220 2295 1249 2320 in
1284 2294 1378 2329 angelo
1389 2295 1460 2322 enim
1495 2303 1549 2323 non
1575 2299 1616 2324 est
1630 2296 1699 2323 idem
1717 2299 1833 2323 essentia

203 2331 313 2359 Scilicet
326 2328 507 2357 substantiam
521 2335 548 2357 et
563 2332 718 2365 energiam.
733 2328 866 2363 Loquitur
881 2328 914 2355 de
928 2328 993 2355 sim-

204 2367 319 2400 plinilttts
335 2371 361 2391 ct
375 2366 552 2399 incorporeis,
581 2373 640 2400 qme
653 2370 716 2392 sunt
734 2372 814 2392 suum
839 2370 911 2396 esse,
944 2369 991 2400 εμ-

202 2398 322 2434 jusmndi
362 2406 425 2426 sunt
454 2408 576 2433 persona:
590 2398 886 2433 diviuze,unaqua'que
921 2398 994 2425 enim

205 2444 298 2462 carum
315 2439 356 2462 est
368 2443 444 2461 suum
467 2442 537 2466 esse,
553 2440 580 2462 et
593 2442 670 2462 artus
684 2442 769 2468 purus
782 2454 789 2466 ,
808 2437 835 2460 et
865 2434 924 2460 ideo
941 2441 993 2460 non

206 2475 366 2505 potestcssc
383 2469 452 2497 Deus
467 2471 620 2505 subjectum
650 2470 814 2501 aet-ldentis;
840 2468 993 2505 subjectum

205 2503 276 2532 cui...
326 2513 501 2539 comparatur
519 2503 570 2532 'ad
589 2506 725 2538 accidens,
742 2505 813 2532 sicut
832 2503 949 2538 potentia
962 2504 995 2530 ad

205 2547 307 2569 ttcluut.
571 2562 578 2569 ,

242 2577 281 2610 (2)
296 2575 327 2602 Itt
344 2575 455 2609 simplici
469 2581 492 2602 el
509 2577 663 2609 iurorporea
675 2580 773 2602 natura
800 2574 922 2602 eamdem
951 2581 994 2600 ra-

206 2613 304 2639 tionem
322 2611 393 2637 subit
414 2611 565 2638 substantia
582 2617 609 2637 et
633 2611 751 2645 encrgia.
785 2610 813 2637 ΙιΙ
840 2614 893 2640 est.
920 2609 992 2635 idem

205 2652 268 2674 situt
284 2647 401 2673 essentia
422 2651 448 2672 et
466 2646 550 2673 \irtus
562 2646 621 2679 ejus
635 2646 786 2679 onerandi;
804 2645 838 2672 de
866 2645 994 2672 substan-

206 2689 240 2708 tia
258 2683 385 2717 simplici,
400 2689 460 2716 qua:
476 2687 514 2708 est
541 2690 624 2715 purus
648 2682 785 2717 M‘lllSﬂlli
804 2681 888 2717 solus
924 2680 994 2717 Deus

204 2725 256 2749 est,
270 2714 472 2751 intelligendum
486 2722 528 2744 est
542 2714 618 2744 'sicut
651 2716 860 2751 intelligendum
870 2719 910 2742 est
921 2714 994 2749 quod

204 2754 272 2780 dixit
315 2752 435 2784 Boetius,
473 2752 588 2780 formam
632 2752 781 2785 simplicem
828 2758 880 2777 nou
913 2757 994 2784 posse

206 2797 265 2816 esse
302 2788 526 2822 subjectum;sic
557 2784 751 2822 interpretatus
780 2791 822 2813 est
849 2784 993 2813 S.’l‘bom.

1048 2329 1119 2363 ejus,
1145 2332 1174 2355 et
1212 2329 1300 2365 virtus
1333 2329 1393 2363 eius
1432 2330 1615 2364 intellectiva;
1664 2331 1712 2358 sed
1747 2333 1834 2365 potius

1046 2364 1103 2391 haec
1125 2367 1165 2391 est
1194 2364 1319 2390 accidens
1342 2372 1357 2391 a
1387 2367 1500 2392 materia
1518 2366 1632 2393 liberum
1659 2366 1686 2393 itt
1712 2364 1829 2394 essentia

1045 2397 1272 2435 anggliilanquam
1293 2400 1318 2435 in
1333 2400 1455 2434 subjecto
1468 2406 1586 2435 recepta.

1082 2433 1121 2468 (3)
1134 2434 1163 2471 in
1180 2434 1361 2471 disputatione
1372 2433 1490 2462 Anomwt‘
1501 2433 1536 2462 et'
1547 2436 1707 2468 Orthodoxi,
1723 2444 1783 2471 qute
1796 2442 1835 2463 to-

1048 2474 1073 2505 ta
1089 2473 1130 2495 est
1144 2469 1177 2505 de
1191 2469 1322 2505 ingenito,
1339 2474 1365 2495 et
1380 2471 1482 2505 genito,
1507 2472 1671 2498 Anommutn
1687 2469 1767 2498 vocat
1797 2473 1834 2498 Λ-

1050 2504 1193 2542 thanasius
1212 2504 1426 2542 linitomiunt,’e_t
1438 2505 1554 2538 ditium,
1570 2506 1617 2542 qui
1634 2506 1730 2533 Filium
1755 2507 1835 2533 facie-

1049 2541 1114 2566 hant
1131 2538 1288 2577 dissimilem
1303 2539 1388 2573 Patri,
1415 2540 1466 2568 hoc
1489 2542 1562 2568 enim
1579 2538 1727 2577 'signiticat
1764 2542 1836 2569 Ἀνό-

1046 2582 1133 2608 μοιος,
1150 2575 1207 2601 sive
1222 2575 1383 2602 Anommus.

1043 2614 1046 2616 ’
1081 2609 1120 2644 (4)
1132 2609 1198 2649 1ης,
1215 2610 1354 2649 inquiunt:
1374 2611 1487 2649 energiw
1511 2611 1663 2649 imaginem.
1695 2612 1834 2645 Quatenus

1045 2645 1155 2679 energia
1171 2650 1217 2681 est
1233 2646 1319 2672 virtus
1339 2645 1384 2681 Qui
1413 2647 1548 2678 eﬂ'ectrix,
1568 2645 1648 2675 iidem
1679 2654 1720 2674 est
1755 2653 1835 2681 atque

1045 2679 1195 2718 substantia
1209 2680 1253 2707 Dei
1266 2688 1275 2718 νς
1292 2679 1424 2718 ethFilius
1440 2687 1481 2709 est
1514 2681 1603 2716 imago
1632 2683 1748 2718 ertergi.e
1778 2679 1834 2709 D'et.

1046 2715 1116 2751 sicut
1128 2721 1168 2742 εει
1186 2715 1353 2742 invariabilis
1368 2716 1456 2751 imago
1471 2715 1642 2750 substantiae,
1659 2715 1776 2749 consilii,
1792 2725 1835 2742 vu-

1049 2750 1172 2787 luntatis,
1187 2751 1304 2787 virtutis,
1317 2751 1374 2787 sive
1390 2752 1557 2785 potettti:e,et
1571 2752 1672 2787 glorias,
1700 2754 1772 2780 sicut
1800 2753 1835 2779 ait

1050 2785 1119 2812 idem
1135 2786 1300 2813 Athanasius
1318 2786 1343 2813 itt
1366 2788 1460 2814 eadem
1485 2785 1669 2822 disputatione
1698 2788 1834 2820 Anomat.

238 2876 277 2913 (ιι)
292 2877 406 2914 Encrgia
422 2885 510 2906 nostra
526 2886 558 2906 ex
574 2877 661 2910 nobis,
679 2883 706 2904 ut
724 2875 877 2911 respiratio,
892 2875 944 2903 cibi
958 2874 1099 2903 concoctio
1109 2879 1136 2903 et
1155 2875 1260 2904 similes
1278 2876 1461 2910 operationes.
