1955 3076
172 169 224 199 (ΤΙ

598 171 715 201 DECAS
734 170 815 200 Χ.-
835 168 883 199 DE
904 167 1037 197 DiVINA
1055 168 1335 200 SIMPLlClTATE.

1741 163 1794 195 9'18

170 225 268 259 inquit,
282 223 327 251 Dei
345 230 420 256 esset,
436 233 487 252 non
503 227 625 260 rapinam
640 227 785 253 arbitratus
803 230 840 256 est
862 224 957 258 serene
970 222 994 252 Δ
1009 225 1094 260 ipsius
1108 231 1218 260 .ineque
1240 224 1325 252 forma
1344 222 1442 258 ipsius,
1457 228 1546 256 neque
1563 221 1615 247 vita
1634 221 1731 255 ipsius,
1747 228 1796 248 ue-

170 269 298 305 a-quatem
315 270 368 297 Deo
388 272 421 298 τ’.
439 271 549 299 Divinos
564 271 773 307 Chrysostomus
791 272 816 298 in
833 271 955 299 oratione

171 320 259 346 sexta,
277 316 310 342 de
327 315 564 351 lncomprelteuso,
589 317 629 344 sic
652 317 689 344 ait
708 325 715 344 :
730 316 798 344 Cum
812 337 819 349 ,
849 316 955 351 inquit,

172 360 293 394 ejusdem
312 360 415 393 formae,
435 365 462 387 et
481 361 601 394 ejusdem
619 361 711 396 figura:
725 367 787 388 esse
802 360 878 394 dicit,
892 360 956 394 quid

170 404 400 437 aliudideclarat,
421 412 502 439 quam
523 405 700 432 substantiam
722 411 803 431 unam
826 405 884 432 sine
904 404 955 431 ulla

171 450 323 478 varietate?
336 449 393 477 Non
411 450 482 478 enim
498 455 538 478 est
554 451 626 478 circa
646 451 727 478 Deum
744 451 841 482 forma,
858 450 899 478 vel
915 450 955 477 fa-

171 496 238 523 cies.
255 496 372 524 Sauctus
384 496 500 532 Cyrillus
517 507 524 524 :
543 496 650 531 Forma,
664 496 760 531 inquit,
777 496 803 524 in
822 497 875 524 Deo
894 496 957 524 sub-

173 542 272 570 stantia
288 543 420 577 accipitur
434 551 448 570 a
461 543 594 576 Patribus,
605 543 676 571 sicut
687 543 721 571 ab
733 542 869 578 Apostolo;
882 542 957 570 nefas

172 586 244 613 enim
266 591 307 614 cst
325 593 353 615 et
369 587 493 622 impium,
511 589 538 616 in
554 589 618 622 Deo,
633 588 679 623 qui
700 588 727 615 in
743 592 879 623 aspectum
903 595 956 615 non

170 633 255 665 cadit,
273 632 386 661 formant
402 635 491 662 dicere
505 635 634 669 speciem.
650 634 778 662 Dominus
793 635 819 661 in
836 634 957 668 Evange-

171 675 207 702 lio
223 684 231 702 :
246 676 312 711 Ego,
330 677 427 711 inquit,
440 687 498 706 sum
513 681 669 706 resurrectio
692 684 717 707 et
729 681 782 706 vita
793 679 826 706 ".
842 679 958 707 Sanctus

170 721 286 756 Cyrillus
304 723 330 750 in
353 724 420 751 actis
438 729 539 752 sanctzc
561 730 587 752 et
611 726 787 753 meumenica
804 730 888 753 sexta:
912 734 958 761 sy-

171 768 345 795 nodi:Sicut
372 770 473 802 unitas,
505 771 602 805 inquit,
633 779 685 798 non
713 776 799 806 potest
823 771 904 799 dividi
931 772 957 799 in

171 812 239 842 duas
254 815 369 843 unitates
385 816 527 851 (siquidem
539 817 630 844 unitas
644 818 671 844 iu
684 818 730 844 bas
741 817 826 845 divisa
843 826 896 845 non
908 818 959 845 erit

171 859 272 893 unitas,
292 862 339 888 sed
363 861 439 897 duo),
455 861 494 889 sic
508 863 579 900 quod
597 869 638 890 est
655 871 737 890 unutn
752 871 856 891 summa
873 871 958 900 copu-

171 904 284 938 latione,
300 914 352 934 non
368 912 457 942 potest
470 899 553 936 dividi
572 909 598 936 in
615 908 687 942 duo;
704 909 804 944 alioqui
826 917 879 937 non
899 917 956 936 am»

172 951 242 985 ptius
254 952 303 980 erit
326 953 395 981 Deus
413 955 531 981 universi
554 955 668 989 simplex
685 960 780 983 natura
793 976 800 988 ,
825 955 955 990 siquidem

171 1001 214 1024 est
229 998 280 1025 alia
299 1004 397 1032 praeter
412 995 513 1034 ipsum:
525 1007 583 1034 quae
597 1005 638 1028 est
654 1001 680 1028 in
697 1001 755 1036 ipso
767 1001 831 1029 vita.
848 1001 880 1029 Et
897 1009 952 1029 rur-

171 1050 219 1070 sus
236 1044 306 1071 idem
324 1044 462 1072 :Primum
479 1046 599 1080 quidem,
612 1054 663 1074 non
677 1051 719 1073 est
730 1046 843 1081 simplex
859 1051 957 1074 natura

173 1088 243 1116 Deus
267 1090 467 1122 universorum,
494 1093 541 1119 sed
564 1091 652 1126 potius
675 1092 851 1126 compositus,
873 1096 898 1120 et
924 1099 957 1120 ex

170 1132 276 1161 duobus
291 1139 436 1168 constans;
452 1132 586 1170 siquidem
615 1140 657 1164 est
684 1136 736 1164 alia
755 1142 852 1171 praeter
873 1144 936 1165 eum
950 1158 958 1170 ,

171 1186 232 1212 quia:
261 1180 288 1207 in
318 1188 350 1209 eo
376 1186 417 1209 est
442 1182 506 1210 rita.
523 1182 670 1218 Gregorius
692 1183 830 1218 Nyssenus
845 1184 873 1211 in
897 1183 958 1212 Vita

172 1224 270 1260 Moysis
287 1234 294 1252 :
313 1226 367 1256 Ens
387 1228 491 1255 entium
506 1232 548 1256 est
561 1236 626 1256 vera
640 1229 715 1261 vita;
732 1228 783 1257 hoc
799 1235 890 1257 autem
911 1237 958 1258 co-

172 1272 264 1306 gnosci
289 1280 342 1299 non
367 1278 476 1307 potest;
499 1275 561 1309 quia
577 1274 660 1310 igitur
679 1275 860 1310 cognitionem
877 1276 960 1304 vincit

173 1317 229 1344 vita
244 1318 359 1351 vivifica,
375 1327 455 1347 omne
473 1319 543 1354 quod
560 1320 742 1355 cognoscitur,
759 1328 811 1348 non
836 1326 877 1348 cst
893 1321 958 1349 vita.

172 1362 283 1391 Divinus
296 1365 458 1398 Apostolus:
474 1365 603 1398 Christus,
628 1366 737 1401 inquit,
764 1366 813 1394 Dei
827 1367 919 1400 uirtus,
936 1373 959 1394 et

174 1407 223 1435 Dei
235 1410 363 1443 sapientia
380 1409 412 1437 ".
430 1410 550 1438 Sanctus
569 1411 716 1446 Gregorius
733 1411 871 1447 Nysseuus
892 1413 961 1441 libro

171 1461 206 1480 ru
221 1455 247 1479 in
262 1453 373 1481 Cantica
385 1455 547 1481 canticorum
565 1464 574 1482 :
589 1455 731 1489 Dominus,
746 1456 844 1491 inquit.
864 1462 959 1485 natura

170 1506 220 1526 sua
245 1499 270 1526 id
295 1499 381 1533 ipsum
407 1500 477 1534 quod
499 1505 550 1533 est,
575 1501 707 1533 veritatis,
729 1505 757 1529 ct
769 1502 920 1536 sapientiae,
934 1507 962 1530 et

170 1544 279 1571 virtutis
295 1545 443 1572 substantia
462 1549 520 1578 est;
543 1546 645 1574 idcirco
665 1548 737 1582 quod
758 1547 842 1575 David
859 1548 928 1575 dixit
949 1556 995 1594 ια

172 1589 269 1617 Omnia
295 1591 322 1617 in
339 1591 468 1625 sapientia
489 1592 619 1626 fecisti_",
638 1592 833 1627 interpretatus
846 1594 960 1629 Aposto-

171 1636 213 1662 lus
229 1635 402 1670 Prophetam,
421 1637 447 1663 in
469 1636 528 1672 ipso
553 1637 591 1665 ait
616 1640 706 1665 omnia
733 1643 823 1666 creata
852 1647 912 1667 esse
927 1640 959 1672 ",

173 1686 299 1716 tauquam
316 1681 366 1709 hoc
392 1682 526 1717 Propheta
544 1683 745 1718 ’signiﬁcaverit
763 1684 894 1712 vocabulo
914 1694 960 1712 sa-

171 1728 287 1760 pientitz.
305 1727 378 1754 ldem
404 1727 550 1763 Gregorius
572 1729 599 1756 in
624 1729 726 1757 eisdem
742 1739 749 1756 :
765 1730 815 1763 Qui
839 1731 959 1758 omnium

172 1774 354 1808 cognitionem
369 1774 396 1801 in
413 1782 443 1802 se
460 1775 519 1808 ipso
535 1776 761 1810 comprehensam
776 1776 866 1809 habet,
883 1776 960 1811 cujus

172 1819 277 1847 Infinita
293 1820 436 1854 sapientia,
447 1821 510 1855 quin
528 1822 617 1855 potius
632 1822 709 1856 cujus
720 1822 837 1850 essentia
852 1823 959 1858 sapien-

172 1865 206 1893 tia
223 1869 273 1893 est.
290 1865 410 1900 Cyrillus
421 1866 447 1893 itt
464 1866 602 1896 Thesauri:
628 1875 635 1895 :
656 1867 728 1894 Non‘
740 1867 804 1902 quia
825 1868 958 1903 sapientia

172 1911 199 1938 in
217 1911 305 1944 nobis,
320 1916 347 1938 tt
363 1911 475 1939 scientia
493 1920 544 1940 non
560 1913 666 1941 exsistit
685 1921 733 1948 per
746 1921 786 1947 se,
800 1914 900 1942 idcirco
913 1922 959 1942 sa-

172 1957 282 1991 pient‘a,
299 1964 360 1991 quae
374 1958 399 1984 in
413 1958 467 1985 Deo
483 1963 534 1990 est,
551 1966 603 1986 non
620 1966 667 1994 per
681 1967 711 1987 se
728 1959 850 1994 exsistet,
870 1959 918 1988 scd
935 1960 957 1988 si

169 2002 307 2030 confiteris
323 2009 374 2029 non
390 2010 451 2030 esse
464 2007 566 2031 natura:
579 2009 676 2032 nostrae
690 2005 785 2036 Deum,
799 2005 878 2039 plane
893 2013 957 2034 con-

171 2048 266 2078 ﬁteris,
283 2048 373 2075 omnia
387 2055 447 2083 quae.
461 2049 522 2083 ejus
544 2054 616 2082 sunt,
632 2057 685 2077 non
709 2057 772 2078 esse
789 2057 822 2077 cx
845 2051 957 2084 nostris,

169 2093 218 2120 sed
233 2094 323 2128 potius
339 2098 432 2121 nostra
449 2101 589 2129 superant,
616 2103 648 2123 ac
673 2101 777 2124 tantum
804 2102 935 2132 superant
948 2117 956 2130 ,

170 2146 300 2174 quantum
316 2145 445 2176 superant
467 2146 495 2170 et
510 2142 638 2170 diﬁ‘erunt
655 2144 803 2172 secundum
822 2145 956 2173 rationem

170 2187 338 2215 summatim.
357 2187 395 2215 Ex
413 2188 511 2223 quibus
525 2188 554 2216 fit
569 2189 754 2223 manifestum,
766 2191 836 2225 quod
851 2191 878 2217 iu
898 2191 957 2218 uui-

1009 280 1060 308 que
1073 273 1216 306 sapientia,
1234 279 1320 307 neque
1333 272 1417 298 virtus
1430 270 1515 305 ipsius
1527 269 1577 296 alia
1596 268 1716 303 quantum
1732 273 1795 296 eunt

1010 325 1107 354 praeter
1125 319 1302 347 substantiam
1319 317 1403 352 ipsius
1418 325 1425 343 :
1442 317 1506 351 quin
1525 316 1613 349 potius
1630 316 1686 342 haec
1702 315 1793 341 omnia

1010 365 1087 392 unica
1106 364 1162 399 ejus
1176 363 1323 391 substantia
1345 367 1417 390 sunt.

1304 405 1418 433 CAPUT
1445 404 1502 432 γη.

1012 454 1087 487 Quod
1103 455 1132 481 in
1147 454 1257 482 unitate.
1275 461 1333 487 qut?
1347 460 1428 487 supra
1444 450 1615 478 substantiam
1630 453 1678 481 est,
1690 457 1744 487 non
1758 454 1795 487 est

1045 488 1211 523 qumrendum
1227 484 1300 523 aliud
1315 496 1370 514 esse
1380 484 1556 523 cognitionem
1575 493 1642 523 ejus,
1656 484 1695 511 uel
1709 484 1796 523 ειη]γί-

1046 519 1124 550 ialem
1133 524 1199 558 ejus.
1211 522 1249 549 vel
1257 519 1474 558 pulchritudinem
1486 521 1553 558 eius,
1565 520 1602 558 cet
1610 519 1797 558 immortalita-

1048 563 1097 585 tem
1107 554 1175 592 ejtis,
1187 562 1209 584 et
1225 557 1280 584 alia
1291 556 1492 591 ejusdemmliutt
1501 563 1560 582 vero
1574 554 1734 592 singuiqtrm
1742 554 1797 586 ejus

1045 588 1233 625 substiztttiam,
1243 597 1266 619 et
1281 588 1457 618 eisisterttiam
1473 588 1632 624 supraquam
1644 588 1771 615 diuinam.

1047 638 1162 666 Sanctus
1173 637 1301 673 Cyrillus,
1315 637 1342 664 in
1357 636 1509 668 Tltesauria,
1522 636 1593 662 libro
1601 642 1681 661 xxxrv
1694 642 1700 660 :
1711 634 1795 660 Deum

1012 691 1074 712 esse
1094 683 1258 717 simplicem,
1274 687 1300 710 et
1316 682 1521 717 compositionis
1548 686 1684 716 expertem
1701 687 1796 707 omnes

1013 729 1184 761 fatebuntur;
1200 729 1347 756 absurdum
1364 728 1446 762 igitur
1458 732 1497 755 est
1520 726 1610 754 dicere
1622 725 1720 752 habere
1732 732 1795 752 eum

1013 774 1165 808 bujusmodi
1182 774 1364 809 cognitionem
1379 773 1421 801 sui
1434 793 1441 805 ,
1457 773 1564 807 qualem
1583 779 1640 803 nos;
1658 771 1757 798 etenim
1773 771 1796 796 si

1013 819 1084 846 aliud
1101 823 1143 847 est
1164 819 1232 854 ipse,
1255 824 1281 846 et
1307 818 1379 846 aliud
1400 822 1497 852 praeter
1515 817 1605 852 ipsum
1625 816 1744 851 cognitio
1768 815 1796 842 in

1015 866 1081 900 ipso,
1095 866 1261 900 compositus
1275 871 1327 898 ed,
1343 869 1370 892 et
1387 872 1440 892 non
1457 860 1568 898 simplex
1583 872 1590 896 ;
1609 868 1635 890 at
1651 863 1713 898 quia
1730 862 1798 889 siut-

978 898 999 926 Β
1014 911 1072 946 plex
1090 911 1259 939 confessione
1274 911 1393 941 omnium
1410 914 1466 943 est,
1486 918 1538 937 non
1556 914 1596 937 est
1613 909 1685 936 aliud
1702 913 1799 943 pra-ter

1008 964 1094 996 ipsum
1112 957 1228 992 cognitio
1240 957 1266 984 in
1285 957 1354 990 ipso.
1377 955 1432 983 Nos
1449 954 1539 983 autem
1555 962 1607 982 nou
1625 955 1684 986 sic;
1703 961 1799 981 sutnus

1009 1003 1080 1031 enim
1096 1002 1194 1036 aliquid
1209 1002 1317 1037 proprie
1331 1002 1478 1029 secundum
1488 1001 1677 1032 substantiam;
1696 1000 1721 1026 in
1735 1000 1799 1027 sul.-

1009 1049 1107 1076 stantia
1127 1051 1217 1075 autem
1233 1047 1362 1074 habemus
1391 1047 1507 1081 positam
1537 1045 1731 1080 cognitionem,
1766 1049 1796 1071 ut

1009 1093 1125 1120 colorem
1141 1091 1167 1119 in
1182 1098 1304 1126 corpore.
1323 1092 1439 1119 Sanctus
1455 1091 1596 1122 Maximus,
1626 1090 1652 1117 in
1672 1090 1797 1117 centuria

1011 1136 1101 1169 tertia,
1121 1143 1180 1170 cap.
1198 1136 1214 1163 5
1232 1144 1239 1162 :
1262 1135 1368 1168 Omnis,
1383 1135 1481 1170 inquit,
1501 1136 1622 1170 cognitio
1638 1142 1731 1162 earum
1755 1142 1798 1162 re-

1010 1190 1068 1209 rum
1085 1189 1144 1216 qua:
1157 1187 1232 1213 sunt,
1258 1181 1389 1209 habitudo
1406 1185 1448 1208 cst
1464 1189 1523 1216 qua:
1535 1185 1658 1208 extrema
1673 1181 1798 1215 quadam

1010 1227 1133 1262 colligat;
1150 1235 1196 1255 eos
1210 1227 1271 1254 dico
1287 1227 1332 1262 qui
1345 1231 1526 1261 cognoscunt,
1537 1231 1565 1254 et
1575 1234 1607 1254 ea
1625 1234 1685 1261 quae
1699 1233 1800 1260 cogno—

1011 1278 1137 1305 scuntur;
1157 1275 1214 1301 haec
1227 1278 1317 1301 autem
1331 1281 1383 1301 non
1396 1273 1434 1308 (ί)
1448 1273 1621 1308 cognoscitur
1633 1271 1667 1299 ab
1681 1272 1740 1299 istis
1752 1272 1797 1307 qui

1011 1324 1188 1354 cognoscunt,
1206 1326 1292 1354 neque
1307 1318 1388 1346 simul
1403 1319 1578 1353 cognoseitur
1596 1326 1656 1344 cum
1669 1318 1799 1353 cognitis;

1011 1372 1064 1393 non
1078 1365 1149 1392 enim
1163 1364 1282 1399 cognitio
1297 1369 1357 1399 apta
1368 1368 1409 1391 est
1420 1369 1517 1391 natura
1533 1371 1580 1390 sua
1593 1363 1646 1390 ulla
1661 1371 1693 1390 ex
1710 1369 1798 1396 parte,

1012 1416 1041 1438 ut
1057 1415 1238 1446 cognoscatur
1257 1420 1265 1439 :
1282 1410 1352 1439 Deus
1369 1414 1461 1438 autetn
1479 1410 1630 1437 secundum
1648 1409 1797 1437 essentiam

1012 1465 1098 1489 suam,
1116 1457 1298 1492 quodcunque
1313 1460 1355 1483 est
1368 1456 1516 1483 secundum
1533 1455 1712 1482 substantiam
1725 1462 1799 1486 ,κρο-

1013 1505 1096 1540 gnitio
1113 1508 1155 1531 est
1170 1502 1323 1534 incffabilis,
1334 1509 1393 1536 quae
1406 1502 1434 1528 in
1452 1499 1540 1528 Mente
1555 1506 1580 1527 et
1596 1500 1682 1528 Vt'l'itO
1696 1505 1721 1527 et
1737 1500 1800 1534 Spi-

1013 1550 1066 1578 ritu
1081 1556 1129 1584 per
1143 1556 1173 1577 se
1195 1548 1313 1576 exsistit.
1341 1548 1411 1574 Deus
1440 1547 1522 1582 igitur
1536 1546 1648 1573 omnino
1665 1551 1705 1573 est
1720 1553 1799 1572 crea-

1013 1597 1080 1623 turis
1097 1594 1215 1630 ignotus,
1232 1598 1324 1628 utpote
1341 1593 1396 1627 ipsa
1421 1599 1469 1627 per
1484 1599 1512 1619 se
1532 1591 1662 1626 cognitio,
1687 1591 1738 1619 nisi
1756 1592 1799 1619 cui

1012 1641 1116 1677 plaeea‘t
1141 1641 1231 1668 dicere
1258 1647 1318 1667 esse
1334 1639 1417 1666 etiam
1443 1639 1526 1666 Deutn
1543 1645 1625 1672 supra
1652 1638 1724 1665 hanc
1750 1638 1800 1665 im-

1013 1694 1113 1715 mense.
1137 1687 1171 1714 Et
1196 1693 1291 1714 rursus
1307 1684 1426 1720 Cyrillus
1445 1684 1471 1712 in
1488 1684 1623 1719 capitibus
1638 1684 1671 1711 de
1695 1683 1798 1718 Spiritui

1011 1737 1124 1761 sancto:
1138 1731 1220 1763 Deus,
1236 1731 1334 1766 inquit,
1347 1730 1467 1757 cbaritas
1478 1733 1530 1762 est,
1542 1734 1571 1756 ut
1582 1729 1702 1757 Joannes
1716 1729 1797 1760 ait";

1010 1785 1038 1806 et
1056 1785 1107 1806 non
1123 1782 1164 1805 est
1179 1777 1326 1812 quidquam
1341 1776 1413 1803 aliud
1426 1777 1494 1810 ipse,
1509 1779 1536 1802 et
1551 1775 1623 1802 aliud
1637 1775 1712 1809 quid,
1725 1775 1797 1810 quod

1011 1825 1037 1852 in
1055 1824 1112 1858 ipso
1125 1827 1185 1853 est;
1200 1822 1314 1856 simplex
1331 1822 1401 1848 enim
1414 1825 1442 1848 et
1455 1821 1513 1848 sine
1529 1821 1726 1854 compositione
1741 1826 1792 1847 est.

1011 1869 1082 1896 idem
1097 1868 1185 1896 adhuc
1196 1868 1266 1895 libro
1283 1874 1365 1894 uult
1388 1865 1584 1893 Tltesaurorum
1599 1875 1608 1893 :
1623 1866 1716 1893 Omnia
1733 1865 1798 1892 mihi

1009 1914 1109 1942 tradita
1121 1919 1180 1941 sunt
1194 1922 1211 1940 a
1227 1911 1309 1940 Patre
1325 1920 1390 1945 meo,
1404 1917 1427 1939 el
1444 1919 1518 1938 nemo
1535 1911 1666 1946 cognoscit
1686 1910 1799 1944 Filium,

1009 1960 1060 1987 nisi
1075 1959 1172 1992 Pater;
1189 1965 1270 1993 neque
1288 1957 1398 1984 Patrem
1413 1958 1470 1991 quis
1486 1956 1556 1983 novit
1582 1957 1632 1983 nisi
1650 1955 1739 1983 Filius
1757 1955 1798 1987 ";

1009 2005 1071 2040 quia
1087 2004 1191 2033 scilicet
1203 2003 1275 2031 nulla
1291 2010 1367 2030 mens
1379 2007 1469 2030 creata
1484 2006 1574 2037 potest
1590 2002 1645 2030 ullo
1664 2003 1742 2030 tttodo
1756 2004 1798 2031 di-

1009 2052 1098 2078 vinam
1114 2051 1294 2078 substantiam
1309 2049 1464 2084 compleCti,
1478 2049 1541 2083 quia
1555 2056 1665 2077 omnem
1679 2053 1795 2078 mentem

1009 2097 1092 2124 vincit
1103 2105 1110 2124 :
1120 2101 1147 2124 et
1159 2104 1238 2131 supra
1250 2102 1357 2123 omnem
1372 2095 1508 2122 notionem
1523 2094 1610 2122 fertur
1625 2095 1797 2130 pulchritudo

1008 2143 1067 2178 ejus
1080 2150 1142 2177 qua:
1157 2149 1237 2177 supra
1254 2146 1378 2168 naturam
1394 2144 1453 2173 est,
1470 2145 1497 2168 et
1514 2140 1598 2168 deleri
1615 2147 1668 2168 non
1685 2147 1774 2176 potest
1789 2151 1796 2169 :

1007 2193 1034 2216 et
1049 2196 1064 2216 a
1082 2196 1112 2216 se
1126 2187 1182 2215 sola
1199 2187 1263 2222 quid
1279 2186 1316 2215 sit
1329 2186 1478 2214 secundum
1494 2192 1636 2220 naturam,
1651 2188 1797 2222 cognosci-

172 2238 235 2265 tate,
253 2240 313 2268 quae
341 2240 422 2268 supra
447 2235 630 2263 substantiam
655 2240 708 2268 est,
735 2243 823 2270 neque
851 2236 957 2264 bonitas
974 2244 996 2272 ι)
1011 2240 1065 2262 tur.
1080 2235 1197 2262 Sanctus
1213 2232 1360 2268 Gregorius
1373 2231 1524 2268 Nyssenus,
1544 2233 1571 2260 in
1589 2233 1799 2263 Commentariis

205 2322 230 2361 '_’_
251 2321 414 2361 Pliilipp._t_t,
430 2323 456 2351 6.
494 2323 517 2340 ⁷³
545 2325 624 2354 .loan.
639 2335 676 2360 ιι,
696 2327 742 2356 25.
781 2328 803 2344 ⁷⁴
817 2328 826 2355 1
840 2328 904 2356 Cor.
919 2328 964 2361 με

1034 2329 1056 2344 ⁷⁸
1069 2327 1204 2361 PsaLctu,
1215 2328 1259 2355 24.
1298 2327 1323 2344 "
1338 2322 1443 2354 Coloss-
1457 2332 1476 2356 ι,
1489 2324 1533 2352 16.
1572 2325 1612 2353 "i
1624 2325 1704 2354 Joon.
1723 2327 1793 2359 11.8.

169 2355 194 2372 η
207 2356 301 2384 nunc
316 2355 410 2392 11,27.

910 2405 1046 2438 Scholia.

170 2469 335 2506 nominatur:
349 2469 422 2506 Quid
437 2474 532 2498 natura
549 2471 585 2498 sit
601 2470 682 2502 Deus.
701 2471 815 2506 intelligi
832 2479 884 2498 non
903 2478 953 2506 po.

171 2509 243 2540 test;
260 2511 309 2540 nec
328 2504 372 2540 hic
385 2506 531 2540 Gregorius
545 2506 715 2538 contradicit,
736 2504 835 2540 qui‘in
859 2505 953 2533 eodetu

171 2538 241 2566 libro
256 2539 295 2566 ait
308 2549 315 2566 :
328 2539 395 2572 Ouid
411 2538 534 2574 oporteat
560 2541 646 2567 solum
661 2542 694 2567 de
709 2538 763 2567 Deo
777 2547 954 2574 cognoscere,

172 2574 273 2601 scilicet
290 2574 355 2601 nihil
370 2582 464 2610 eorum
481 2582 542 2602 esse
558 2582 618 2610 quae
634 2575 751 2610 humana
767 2583 843 2602 tuens
854 2582 955 2610 cogno-

171 2615 248 2636 scere
264 2614 362 2643 potest.
380 2609 520 2645 Signiticat
535 2610 616 2645 igitur
642 2609 684 2636 hic
707 2609 854 2645 Gregorius
870 2609 954 2637 Deum

171 2644 364 2679 excreaturis,
380 2652 447 2679 quas
465 2644 649 2678 intelligimus,
676 2644 788 2679 intelligi
804 2645 874 2678 quod
898 2644 933 2671 sit
947 2665 954 2674 ,

171 2683 198 2704 et
213 2678 254 2704 illa
272 2685 331 2706 esse
348 2678 495 2706 secundum
508 2686 628 2710 causam.
643 2683 702 2706 esto
717 2678 896 2713 perfectiones
913 2688 960 2707 no-

172 2713 290 2740 minibus
306 2714 350 2741 Dei
366 2713 530 2747 signiticatas
552 2714 606 2741 Duo
629 2714 749 2748 proprie,
772 2718 800 2741 et
824 2714 910 2748 prius,
933 2718 959 2741 et

172 2748 353 2786 essentiali‘ter
372 2748 535 2786 conVcnire,
552 2753 587 2786 ct_
603 2757 617 2774 a
639 2749 775 2786 creaturis
798 2749 955 2786 participari

173 2785 276 2809 certum
297 2783 348 2815 est,
372 2788 399 2810 et
416 2784 440 2810 in
457 2790 487 2810 ea
503 2783 672 2814 excellentia,
699 2784 725 2810 in
747 2791 798 2817 qua
824 2783 878 2810 Dco
894 2792 957 2811 cott-

174 2817 295 2852 Vcniunt.
312 2823 364 2844 non
381 2826 457 2852 posse
468 2825 483 2844 a
499 2819 577 2846 nobis
591 2818 712 2852 intelligi.

212 2851 249 2885 (l)
265 2851 385 2888 Cognitio
401 2860 454 2881 non
471 2853 645 2888 cognoscitur
661 2854 748 2888 primo
766 2854 798 2880 ab
817 2853 959 2885 intelleCI-u.

1005 2471 1121 2497 humano
1136 2475 1330 2505 cognoscente,
1348 2470 1410 2504 quia
1423 2471 1539 2504 primum
1564 2469 1701 2505 obiectum
1719 2468 1799 2495 intel-

1005 2505 1090 2531 lectus
1103 2506 1186 2532 nostri
1205 2506 1232 2532 iu
1246 2505 1372 2539 praesenti
1384 2510 1456 2533 statu
1473 2510 1515 2533 est
1526 2512 1575 2533 ens
1589 2510 1616 2533 et
1629 2511 1723 2531 verum
1734 2511 1800 2530 con.

1004 2540 1152 2575 sideratum
1183 2540 1309 2575 inirebus
1330 2540 1535 2575 materialibus;
1566 2540 1795 2575 cognitio_autcm

1005 2578 1047 2601 est
1063 2573 1261 2610 ίιιινιιιειιετίιιιίς,
1276 2579 1304 2601 et
1323 2574 1384 2602 ideo
1392 2575 1566 2610 cognoscitur
1581 2573 1643 2609 post
1655 2573 1792 2610 obiectum

1006 2609 1146 2637 materiale
1158 2610 1233 2644 prius
1243 2609 1382 2644 cognitutn
1394 2619 1400 2642 ;
1415 2607 1502 2644 n'cque
1526 2607 1701 2642 cognoscitur
1714 2607 1795 2635 sintut

1006 2650 1067 2670 cum
1081 2644 1189 2678 objecto
1200 2645 1320 2679 cognito,
1339 2649 1368 2670 ιιι
1382 2645 1501 2679 cognitio
1517 2644 1615 2679 lapidis
1630 2650 1796 2679 nonrcoguo-

1009 2678 1093 2705 scitur
1117 2677 1196 2714 Simul
1219 2677 1280 2706 cum
1305 2679 1404 2713 lapide,
1418 2677 1481 2713 quia
1495 2677 1660 2714 cognoscere
1683 2677 1797 2711 lapidem

1009 2719 1060 2739 non
1075 2718 1116 2740 est
1134 2713 1265 2748 perfectio
1290 2714 1389 2748 lapidis
1408 2713 1644 2750 coguiti;’alioqui
1660 2721 1714 2740 uno
1735 2718 1796 2739 actu

1007 2754 1226 2782 cognosceretur,
1243 2750 1316 2776 sicut
1343 2750 1517 2783 cognoscitur
1530 2757 1583 2776 uno
1599 2753 1661 2776 actu
1673 2755 1719 2783 res
1736 2754 1797 2783 eum

1007 2782 1171 2816 perfectione
1195 2791 1265 2816 sua;
1281 2784 1351 2811 sicut
1375 2782 1486 2818 angelus
1515 2791 1569 2811 uno
1584 2788 1647 2810 actu
1671 2782 1800 2814 intelligit

1005 2824 1082 2854 suam
1094 2819 1303 2854 essentiampet
1315 2826 1394 2854 suum
1411 2819 1577 2854 intelligere,
1591 2818 1719 2854 quodest
1733 2824 1797 2854 pe:-

1005 2852 1084 2880 fectio
1099 2853 1224 2883 essentia:
1247 2850 1316 2888 ejus,
1327 2861 1360 2883 cx
1369 2853 1397 2880 S.
1410 2850 1527 2883 Thomft
1546 2861 1585 2888 p.,
1600 2850 1628 2888 ξι.
1639 2852 1683 2884 87,
1698 2850 1750 2880 art.
1766 2850 1795 2881 ἆ-
