1955 3076
143 157 199 190 979

732 160 791 190 iOA
797 160 820 190 Ν
825 160 887 190 NIS
904 160 1186 200 CYPARISSIOLE

1718 173 1773 204 980

143 227 170 253 in
185 215 320 249 comica:
338 218 414 251 Quod
433 224 497 245 vere
516 217 624 244 beatum
641 220 694 249 est,
714 217 770 252 ipse
787 217 857 245 Deus
871 221 913 244 est
928 226 935 250 ;

992 220 1068 252 habet
1078 225 1258 256 dili‘erentiam
1271 237 1279 262 ;
1293 230 1365 264 quod
1378 235 1468 258 autem
1482 237 1534 258 non
1548 230 1629 258 habet
1640 230 1772 257 diﬂ'eren-

146 264 278 300 quidquid
297 264 406 292 tandem
421 269 482 291 esse
500 270 562 290 cum
578 269 719 296 ponamus;
736 261 876 289 beatitudo
892 266 934 289 est

147 311 191 340 illa
206 311 260 338 vita
278 309 448 342 immortalis,
463 312 490 337 et
512 308 577 336 illud
600 307 701 336 bonum
726 307 891 341 immortale,
906 312 935 336 et

146 357 219 390 quod
235 355 347 390 intelligi
364 363 418 382 non
433 359 532 390 potest;
545 354 717 389 pulchritudo
731 361 791 389 quae
814 361 869 382 non
885 361 933 381 ex-

146 403 290 438 promitur,
314 406 342 430 ct
364 402 421 437 ipsa
449 409 497 437 per
516 409 545 429 se
565 401 663 436 gratia,
688 406 715 429 et
738 401 882 437 sapientia,
905 405 933 429 et

146 450 242 476 virtus.
259 448 292 476 Et
310 455 423 483 magnus
436 447 601 476 Athanasius
622 447 650 474 in
673 446 790 482 quadam
812 446 934 482 disputa-

144 496 218 523 tione
232 494 382 523 Orthodotti
397 494 560 522 etAnomtei
579 502 586 521 :
603 492 692 520 Onrn.
708 493 795 520 Aliam
812 497 839 521 et
853 493 932 520 aliatn

147 548 292 576 personam
319 540 468 574 habemus;
493 548 546 568 non
573 545 663 567 autem
693 540 775 568 aliam
801 544 828 567 et
851 539 932 567 aliam

146 586 391 618 immortalitatem,
409 593 491 620 quam
504 594 550 621 per
568 593 650 613 unum
673 586 837 621 baptismum
851 593 930 614 acce-

145 634 254 666 pimus;
281 633 304 660 si
331 633 403 660 enim
428 633 480 661 alia
499 637 527 660 et
551 633 604 661 alia
630 633 819 660 immortalitas
832 637 885 665 est,
907 636 934 660 et

145 679 218 707 aliud
230 684 257 707 et
272 679 345 707 aliud
358 679 503 714 baptisma,
517 684 544 707 et
556 679 609 706 alia
621 683 649 707 et
663 679 713 706 alia
724 679 806 706 fides:
823 686 877 706 non
890 683 933 706 est

146 733 216 753 titius
235 725 360 759 Christus
373 746 381 759 ,
398 733 450 753 una
473 725 551 758 ﬁdes.
575 733 658 753 unum
684 725 829 760 baptisma.
844 725 930 752 Αιιοιι.

147 773 182 799 At
197 777 290 800 nostra
310 779 427 807 persona
443 772 494 800 alia
513 775 554 799 est
571 777 670 807 pratter
688 771 930 803 immortalitatem,

147 823 176 846 et
187 818 319 852 baptisma
336 826 343 844 :
358 817 439 852 igitur
451 824 566 852 persona
583 817 685 844 Christi
698 817 750 844 alia
763 823 878 852 persona
891 823 932 844 est

148 869 246 899 praeter
265 863 507 894 immortalitatem.
522 863 645 892 On'rnou.
658 863 788 897 Minime;
805 863 860 891 imo
876 864 932 890 haec

149 913 206 943 ipsa
224 917 338 944 persona
352 915 379 937 et
391 910 580 939 immortalitas
594 915 635 938 est
647 918 655 942 ;
666 915 693 938 et
709 917 760 938 non
780 910 868 938 solum
882 909 933 936 im-

149 955 312 988 mortalitas,
337 955 392 983 into
407 955 490 983 etiam
509 956 687 990 incorruptio,
704 960 732 983 et
750 955 858 990 iustitia
875 975 883 987 ,
906 959 934 982 ct

149 1000 339 1032 sanctiﬁcatio,
352 1005 380 1028 et
398 1000 560 1035 redemptio.
576 1005 604 1029 et
617 1000 780 1033 dominatio,
795 1005 823 1029 et
834 1000 932 1027 virtus.

150 1047 189 1074 Ex
203 1046 303 1080 quibus
317 1046 408 1081 pateﬁt
420 1066 428 1080 ,
445 1046 517 1080 quod
535 1047 562 1074 itt
578 1046 682 1074 unitate
702 1053 783 1081 supra
808 1046 935 1075 substan-

150 1093 217 1121 tiam
232 1102 286 1121 non
300 1097 408 1128 oportet
422 1100 546 1128 quaerere
557 1112 565 1124 ,
580 1092 651 1120 aliud
667 1100 728 1120 esse
742 1093 783 1121 sui
805 1093 936 1128 cognitio-

151 1147 225 1173 nem,
241 1139 303 1174 quia
321 1139 421 1167 habere
434 1147 494 1168 eam
510 1139 620 1172 dicitur,
637 1143 686 1167 aut
710 1139 835 1168 similiter
862 1139 935 1167 aliud

150 1193 212 1214 esse
226 1193 302 1212 suam
318 1185 491 1217 charitatem,
507 1184 548 1211 vel
563 1184 804 1220 pulchritudinem,
820 1184 861 1212 vel
887 1184 937 1212 im-

151 1230 358 1262 mortalitatem,
373 1231 415 1258 vel
429 1230 499 1262 alia;
518 1231 565 1258 scd
587 1238 665 1259 suam
692 1230 855 1265 singularem
875 1229 937 1258 sub-

150 1278 295 1310 stantiam,
310 1281 337 1304 et
355 1277 543 1304 exsistentiam
563 1277 649 1312 ;quin
674 1277 765 1312 potius
791 1284 853 1304 cum
880 1277 938 1303 haec

152 1323 259 1351 abunde
274 1325 319 1357 sit,
334 1331 366 1350 ca
382 1328 410 1350 ut
426 1331 456 1351 se
471 1323 557 1358 ipsam
576 1323 666 1351 habet.

447 1379 562 1408 CAPUT
578 1380 645 1408 Vill.

151 1428 230 1461 Quod
239 1428 267 1455 in
286 1430 387 1455 unitate
413 1435 493 1461 supra
507 1427 684 1454 substantiam
695 1435 745 1453 non
756 1431 856 1461 oportet
866 1435 939 1461 quie-

187 1471 254 1494 rere,
267 1464 330 1497 quia
345 1463 399 1490 [nec
414 1463 557 1493 ettomnia,
569 1461 669 1488 idcirco
680 1462 762 1488 multa
776 1462 835 1496 ejus
847 1470 902 1488 esse
915 1467 940 1488 et

192 1499 298 1526 diversa
317 1498 417 1529 omnia,
433 1503 473 1524 est
487 1500 573 1523 autem
591 1505 623 1525 ea
638 1497 728 1524 omnia
744 1497 802 1530 ipsa
813 1497 902 1524 divina
915 1502 940 1524 et

166 1552 170 1558 .
186 1534 262 1561 beata
274 1533 330 1567 ejus
345 1532 570 1567 aubst~anlia,qtue
586 1531 662 1559 habet
679 1532 768 1558 omnia
785 1536 873 1567 nonut
880 1532 935 1558 alia

186 1558 354 1599 led
371 1558 428 1594 sine
443 1558 599 1593 habitudine
613 1558 639 1594 et
665 1566 784 1595 collecte.
800 1566 867 1593 nihil
882 1567 933 1594 htt-
948 1558 971 1590 (ἶ

187 1603 249 1630 bene
260 1602 366 1636 duplex,
379 1605 405 1629 et
416 1609 497 1635 supra
514 1608 589 1628 otttne
600 1609 692 1629 sunt.

188 1649 307 1677 Sanctus
319 1647 452 1675 Maximus
469 1647 496 1674 in
513 1654 548 1674 eo
558 1646 629 1675 libro
646 1647 692 1683 qui
708 1647 859 1683 inscriptus
874 1652 916 1675 est
930 1656 938 1675 :

154 1695 232 1728 Quod
252 1694 279 1721 in
301 1692 407 1722 Christe
427 1697 467 1721 est
488 1700 588 1725 rerum,
604 1693 632 1720 id
655 1698 704 1725 eu,
724 1693 939 1720 subetmtiarust

133 1759 138 1764 .
153 1740 305 1775 differentia
317 1747 327 1767 :
340 1738 447 1770 Omnis,
472 1738 571 1773 inquit,
587 1738 751 1773 differentia,
771 1747 832 1774 quae
857 1739 940 1767 dissi-

155 1785 348 1817 militudinem,
367 1785 409 1812 vel
432 1784 619 1812 diversitatem
641 1784 756 1812 aliorum
772 1785 807 1813 ab
822 1785 884 1813 aliis
895 1793 938 1813 se-

154 1832 272 1860 cuttdum
287 1831 418 1858 rationem
431 1830 523 1865 aliquo
540 1831 620 1858 modo
645 1830 793 1858 exsislendi
810 1831 940 1863 declarat.

154 1877 335 1913 quantitatem
348 1883 439 1904 rerum
457 1875 642 1904 diﬂ‘crentium
669 1883 763 1904 secum
779 1877 942 1904 naturaliter

156 1923 270 1955 inducit,
283 1922 343 1950 sive
364 1922 593 1953 substantiarum,
609 1921 668 1948 sive
683 1922 860 1956 qualitatum,
884 1923 941 1950 sive
959 1930 964 1934 ‘

155 1968 369 2002 proprietatum;
388 1967 459 2002 quod
478 1973 543 1994 vero
555 1967 664 2000 penitus
686 1967 803 2002 simplex
815 1972 868 2000 est,
887 1975 942 1995 non

155 2013 274 2042 admittit
290 2013 479 2045 diﬁ'erentiam,
488 2012 554 2048 quid
571 2013 641 2040 idem
656 2013 764 2049 penitus
772 2019 814 2041 est
822 2013 874 2041 sibi
889 2014 942 2048 ipsi

154 2066 182 2089 et
214 2060 371 2095 singulare.
398 2064 426 2087 et
452 2063 539 2087 totum
556 2066 591 2087 ex
622 2063 681 2086 toto
708 2059 874 2087 habitudine
894 2067 945 2086 nu-

155 2108 230 2140 dum,
248 2107 319 2135 sicut
350 2113 435 2141 genus
459 2105 491 2134 in,
520 2110 652 2140 quantum
680 2112 732 2133 non
765 2105 846 2134 habet
870 2107 945 2141 quod

155 2155 192 2181 de
218 2161 249 2181 se
277 2153 438 2189 praedicetur
456 2161 463 2181 :
479 2157 506 2180 et
533 2152 569 2180 ob
595 2159 656 2180 eam
685 2160 796 2181 musam
832 2155 944 2182 omnino

157 2209 210 2228 non
223 2206 393 2232 numeratur,
421 2206 508 2233 neque
517 2199 657 2227 dividitur.
671 2199 846 2235 ldemfcapite
860 2201 941 2236 quin-

156 2247 324 2282 quagesimo,
338 2247 371 2273 de
385 2247 504 2280 enorgfis
529 2249 557 2272 et
577 2245 762 2274 voluntatibus
776 2253 783 2272 :
803 2246 871 2274 Cum
886 2254 943 2274 om-

158 2293 196 2323 ni,
217 2292 315 2324 inquit.
332 2290 484 2318 dill'erentia
500 2288 580 2316 simul
593 2289 735 2317 inducitur
748 2291 899 2325 quantitas.
913 2297 940 2320 et

157 2345 220 2366 cum
235 2337 310 2364 omni
324 2336 475 2372 quantitate
501 2335 665 2370 conjunctus
689 2341 729 2364 est
745 2345 884 2372 numerus,
901 2340 947 2373 qui

157 2392 217 2412 eam
235 2383 355 2410 declarat
372 2390 380 2415 ς
397 2389 449 2409 non
477 2382 548 2408 enim
572 2381 628 2409 lleri
645 2387 743 2416 potest,
762 2388 790 2410 ut
815 2384 856 2411 vol
870 2385 948 2413 dilic-

159 2430 245 2458 rentia
277 2430 311 2457 sit
335 2429 394 2457 sine
407 2429 570 2464 quantitate,
600 2428 641 2455 vel
666 2430 804 2463 quantitas
821 2431 880 2458 sine
899 2440 949 2459 llll-

159 2483 246 2508 mero,
260 2476 305 2510 qui
316 2482 376 2502 eam
385 2474 515 2507 declaret,
528 2474 714 2509 dignoscmur.
729 2476 800 2502 idem
817 2477 906 2510 capite
931 2478 948 2505 5

158 2522 288 2553 centuria:
301 2528 331 2548 ιιι
351 2530 359 2548 :
376 2520 454 2554 Quod
471 2525 511 2547 est
531 2520 640 2555 penitus
653 2527 735 2548 unum
761 2523 881 2558 proprie,
895 2532 946 2552 non

195 2576 427 2609 "Joan.xvn,l5.
464 2574 660 2607 '°Joan.xvn,
688 2575 730 2603 ιο.

986 271 1061 305 tiam,
1079 278 1157 302 extra
1182 282 1291 304 omnem
1309 276 1391 304 etiam
1415 277 1602 306 habitudinem
1620 282 1661 304 est
1677 278 1772 311 ;quod

984 322 1073 346 autem
1089 319 1275 349 habitudinem
1301 329 1354 350 non
1370 322 1463 356 habet,
1477 322 1561 351 etiam
1592 330 1646 350 non
1660 330 1773 350 coerce-

984 367 1045 397 tur;
1061 365 1133 400 quod
1152 370 1242 394 autem
1258 374 1312 394 non
1334 362 1486 402 coercetur,
1514 367 1647 408 principio
1673 372 1771 400 caret;

984 412 1056 444 quod
1068 418 1133 439 vero
1148 412 1281 448 principio
1291 417 1378 446 caret,
1394 413 1477 442 etiam
1493 418 1535 442 est
1549 413 1706 447 inﬁnitum;
1724 421 1771 441 so-

984 456 1026 484 lus
1043 457 1124 492 igitur
1154 458 1224 487 Deus
1237 463 1279 486 est
1294 459 1356 488 sine
1383 460 1529 495 principio,
1544 465 1573 488 et
1589 460 1725 493 inﬁnitus,
1744 464 1773 488 et

983 502 1042 530 sine
1056 503 1226 537 habitudine,
1237 509 1263 532 et
1274 505 1335 534 sine
1349 506 1516 540 differentia;
1533 506 1595 542 quia
1608 506 1716 541 proprie
1731 511 1773 534 est

984 549 1217 584 singularissimus
1232 558 1340 585 natura,
1355 557 1383 580 et
1397 553 1524 588 simplex,
1543 557 1570 580 et
1584 560 1637 580 non
1652 553 1769 580 circum-

983 596 1113 629 scriptus,
1143 596 1194 625 hoc
1209 603 1251 625 est
1277 598 1409 627 inﬁnitus.
1434 599 1507 627 idem
1521 600 1548 626 in
1565 607 1627 634 cap.
1645 600 1663 627 4
1696 599 1774 634 ejus-

984 641 1044 667 dem
1064 641 1213 669 centuriat:
1231 642 1304 670 Nihil
1320 650 1415 671 eorum
1433 651 1493 679 qua
1505 648 1580 675 sunt,
1592 649 1635 672 est
1650 651 1702 671 non
1715 644 1776 671 cir-

983 685 1191 722 cumscriptum,
1220 688 1349 721 quoniam
1372 696 1459 723 neque
1483 689 1596 717 liberum
1614 697 1628 716 a
1643 689 1778 724 praedica-

983 737 1094 760 mento:
1121 733 1194 761 solus
1223 733 1294 762 Deus
1308 739 1351 763 est
1377 740 1454 762 extra
1474 736 1726 770 praedicamentum.
1745 740 1775 762 et

984 780 1086 807 idcirco
1098 780 1132 807 ab
1146 781 1222 808 omni
1235 782 1489 816 circumscriptione
1503 782 1584 814 liber,
1598 786 1692 816 utpote
1710 781 1776 809 inii—

984 824 1039 852 nitc
1049 825 1074 852 in
1086 824 1218 852 inﬁnitum
1229 826 1329 854 celsior
1337 827 1409 854 omni
1419 827 1582 858 substantia,
1596 831 1623 854 et
1633 831 1735 858 mente,
1747 831 1777 854 et

947 885 970 915 Β
983 871 1099 903 ratione,
1107 877 1135 898 et
1149 872 1336 908 intelligentia.
1348 873 1465 901 Sanctus
1479 874 1653 905 Athanasius,
1670 873 1698 900 in
1712 880 1779 900 ora-

985 917 1154 952 tionc,‘quam
1173 917 1309 952 inscripsit
1319 919 1492 954 Κηρυκτικόν
1503 919 1529 946 in
1543 918 1781 946 annuntiationem

985 963 1164 991 sanctissimae
1181 963 1303 992 Dominae
1316 969 1427 998 nostra,
1444 965 1538 993 Matris
1555 965 1619 992 Dei:
1633 964 1777 996 Quamob—

984 1018 1051 1043 rem,
1066 1010 1165 1045 inquit,
1182 1015 1210 1038 et
1239 1011 1298 1046 ipse
1325 1008 1486 1047 Unigenitus
1504 1012 1574 1040 Deus
1601 1011 1658 1039 ait:
1675 1011 1779 1038 Omnia

984 1062 1044 1089 qua:
1059 1054 1136 1082 habet
1158 1054 1250 1088 Pater,
1266 1063 1324 1082 mea
1343 1061 1404 1084 sunt
1417 1056 1461 1087 ";
1480 1060 1508 1083 et
1522 1055 1595 1083 Patri
1619 1055 1702 1082 dicit:
1721 1055 1782 1082 Mers

986 1103 1086 1132 omnia,
1105 1106 1152 1128 tua
1164 1105 1237 1134 sunt,
1261 1106 1287 1130 et
1299 1106 1344 1129 tua
1365 1110 1433 1135 utea,
1447 1107 1472 1129 et
1486 1101 1655 1137 glori/ica!“
1675 1109 1734 1128 sunt
1749 1100 1780 1126 iis

986 1147 1051 1183 ipsis
1064 1147 1098 1175 ”.
1112 1146 1141 1175 In
1173 1148 1299 1175 omnibus
1321 1149 1410 1180 enim,
1428 1148 1456 1175 in
1484 1147 1581 1182 quibus
1610 1146 1781 1181 glorificatur

989 1194 1078 1228 Pater,
1092 1201 1153 1222 cum
1169 1194 1202 1222 de
1216 1194 1270 1222 Deo
1285 1201 1376 1222 sermo
1392 1194 1433 1225 tit.
1446 1193 1615 1227 gloriﬁcatur
1627 1192 1708 1220 ctiam
1726 1192 1774 1218 Fi-

988 1241 1051 1273 lius,
1063 1247 1090 1269 et
1104 1241 1222 1276 Spiritus
1232 1246 1345 1268 sanctus
1357 1249 1365 1272 ς
1377 1241 1440 1268 hinc
1449 1240 1548 1268 dicitur
1560 1239 1694 1274 perfectus
1704 1237 1779 1266 Deus

991 1287 1080 1319 Pater,
1101 1287 1237 1321 perfectus
1253 1287 1325 1315 Deus
1342 1285 1437 1320 Filius,
1452 1286 1591 1321 perfectus
1607 1286 1677 1312 Deus
1689 1283 1778 1317 Spiri-

990 1339 1032 1362 tus
1052 1338 1179 1361 sanctus:
1202 1333 1265 1366 quia
1283 1332 1347 1359 nihil
1378 1339 1411 1360 ex
1437 1331 1606 1364 plenitudine
1628 1329 1781 1358 divinitatis

991 1379 1139 1413 unicuique
1161 1385 1285 1412 personat
1298 1377 1392 1410 deest;
1410 1376 1459 1404 sed
1485 1376 1574 1410 potius
1587 1375 1659 1402 ἰσίαν
1679 1374 1705 1401 id
1725 1379 1780 1404 est.

991 1423 1176 1460 aequalitatem
1188 1423 1269 1451 habet
1285 1423 1406 1450 omnium
1436 1421 1633 1457 proprietatum
1647 1430 1654 1453 ;
1669 1421 1696 1447 in
1711 1426 1782 1454 qua-

992 1479 1051 1498 rum
1074 1470 1232 1506 atqualitate
1249 1469 1390 1505 plenitudo
1415 1468 1565 1496 divinitatis
1588 1466 1783 1500 cernatur;:ib

993 1517 1050 1544 ῐςου
1057 1515 1177 1547 enim,id
1191 1514 1338 1549 estmquali
1350 1521 1402 1542 vox
1420 1513 1549 1541 lemlnina
1563 1512 1618 1539 ιστα
1632 1512 1783 1543 derivatur,

986 1563 1013 1591 iul
1029 1568 1071 1591 est
1086 1561 1241 1597 aqualitas,
1254 1569 1314 1596 quae
1326 1566 1368 1588 est
1388 1559 1596 1595 comprehensio
1613 1558 1783 1587 constituens

990 1607 1175 1644 :cqnalisatem
1185 1607 1333 1634 multorum
1346 1614 1354 1638 ;
1370 1612 1487 1640 quorum
1496 1604 1568 1632 enim
1580 1604 1694 1639 aqualis
1707 1610 1784 1638 quc-

991 1655 1052 1681 dam
1068 1651 1221 1681 substantia
1237 1655 1280 1679 est
1293 1650 1481 1679 diderentium
1505 1650 1712 1685 proprietatum,
1727 1649 1785 1676 ista

991 1700 1101 1733 dicitur,
1132 1703 1261 1733 tanquam
1287 1696 1349 1724 ὁσία
1362 1697 1410 1724 καὶ
1433 1697 1493 1731 μία,
1517 1696 1544 1723 id
1562 1701 1615 1726 est.
1646 1700 1741 1723 saneta
1756 1699 1785 1722 «ἰ

991 1754 1065 1779 una;
1081 1749 1108 1773 et
1131 1744 1195 1780 quia
1222 1743 1279 1771 tota
1301 1743 1400 1770 dicitur
1418 1742 1566 1770 secundum
1593 1741 1786 1777 etymologiam

993 1792 1142 1820 Inntatione
1166 1801 1174 1818 I
1200 1790 1226 1817 in
1248 1798 1272 1823 ο,
1294 1794 1320 1817 et
1336 1790 1492 1817 accessione
1505 1789 1603 1817 "item
1619 1797 1645 1821 υ,
1668 1787 1787 1815 efﬁcitur

993 1837 1208 1874 interpretando,
1232 1837 1321 1870 οὐσία,
1341 1836 1367 1864 id
1395 1840 1448 1868 est,
1473 1835 1638 1865 substantia,
1653 1840 1785 1868 tanquam

992 1885 1116 1921 quaedam
1135 1883 1254 1912 essentia
1270 1891 1302 1910 ex
1320 1882 1445 1916 pluribus
1460 1882 1489 1909 in
1509 1889 1594 1908 unum
1608 1879 1785 1914 congregatis

992 1930 1107 1959 conﬂata
1123 1939 1131 1963 ;
1146 1929 1278 1957 hactenus
1291 1927 1467 1956 Athanasius.
1482 1926 1632 1962 Gregorius
1644 1925 1784 1962 Nyssenus

994 1980 1022 2007 in
1033 1983 1160 2005 sermone
1177 1973 1406 2003 catechetico:Si
1417 1970 1503 2006 enim,
1519 1973 1617 2008 inquit,
1632 1972 1742 2004 bonum,
1758 1976 1788 1999 et

991 2023 1105 2058 justum,
1128 2025 1155 2048 et
1173 2021 1298 2055 sapiens.
1321 2024 1350 2046 et
1377 2023 1474 2054 potens
1508 2017 1636 2046 similiter
1667 2017 1788 2050 dicatur,

995 2069 1059 2096 item
1076 2062 1280 2098 immortalitas,
1296 2070 1324 2093 et
1335 2064 1550 2099 sempiternitas,
1563 2067 1590 2091 et
1600 2063 1690 2090 omnis
1707 2069 1787 2089 utens

995 2116 1037 2150 pia
1051 2114 1147 2142 eodem
1158 2113 1238 2140 modo
1247 2111 1410 2139 confiteatur
1420 2110 1494 2137 omni
1510 2109 1614 2136 ratione
1625 2108 1788 2136 dill‘erentiae

995 2157 1122 2186 sublata:
1140 2155 1296 2183 necessario
1315 2155 1397 2182 simul
1410 2153 1513 2180 tollitur
1536 2153 1708 2188 exjdogmate
1719 2152 1789 2179 mni.

999 2203 1088 2230 titudo
1103 2202 1226 2232 deorum,
1243 2208 1305 2228 cum
1321 2200 1392 2227 idem
1410 2199 1497 2234 ipsum
1513 2206 1575 2227 esse
1604 2199 1631 2225 in
1644 2197 1787 2228 omnibus.

1001 2249 1080 2276 ﬁdem
1092 2248 1118 2275 in
1133 2246 1265 2274 unitatem
1278 2245 1470 2273 circumducit.
1480 2245 1553 2272 Idem
1566 2244 1594 2271 in
1602 2244 1714 2271 eodem:
1730 2242 1789 2269 Non

1001 2295 1074 2322 enim
1096 2297 1172 2320 extra
1191 2290 1418 2325 compositionem
1438 2289 1490 2316 erit
1507 2289 1662 2323 huiusmodi
1683 2287 1788 2322 opinio,

1002 2348 1062 2375 quae
1076 2339 1143 2367 dicit
1153 2338 1225 2365 aliud
1245 2337 1270 2364 in
1282 2337 1336 2364 alio
1350 2343 1422 2367 esse,
1438 2337 1485 2363 scd
1499 2336 1590 2371 potius
1605 2342 1715 2362 necesse
1730 2342 1789 2361 om-

1003 2386 1067 2414 nino
1081 2389 1132 2418 est,
1147 2383 1323 2418 simplicitate
1339 2387 1416 2409 extra
1443 2381 1655 2408 controversiam
1671 2385 1698 2406 ct
1709 2379 1790 2406 dubi-

1004 2432 1132 2460 tationem
1161 2429 1262 2466 posita,
1276 2429 1362 2463 ipsam
1389 2435 1438 2463 per
1452 2435 1482 2455 se
1496 2427 1579 2454 vitam
1593 2434 1655 2453 esse
1668 2425 1786 2452 Verbum

1005 2478 1063 2505 Dei.
1081 2476 1155 2504 idem
1167 2484 1175 2502 ι
1189 2474 1286 2507 Omne,
1302 2473 1403 2508 inquit,
1418 2473 1490 2507 quod
1503 2472 1575 2499 circa
1589 2471 1675 2498 Deum
1688 2470 1790 2498 intelli-

1004 2523 1134 2560 gitur(l),
1144 2520 1169 2548 id
1183 2524 1241 2549 erat
1252 2525 1317 2547 ante
1326 2520 1417 2547 mundi
1434 2518 1658 2547 constitutionem
1668 2525 1677 2550 ;
1689 2517 1736 2544 sed
1749 2521 1791 2543 ta.

908 2613 1046 2645 Scholia.

197 2665 330 2703 (l)0mnc_
354 2665 427 2703 quod
439 2666 509 2703 circa
541 2665 633 2703 Deum_
656 2664 823 2703 intelligitur,
847 2665 949 2703 idet-at

163 2700 333 2731 ante'mun-li
342 2701 574 2731 constitutionem,
586 2700 634 2728 sed
643 2704 731 2727 tamen
748 2701 801 2727 hoc
812 2701 948 2728 nominari

163 2739 291 2769 dicimus,
304 2741 445 2772 postquam
462 2736 552 2772 factus
583 2739 624 2772 est
638 2734 732 2772 homo,
752 2734 806 2772 lloc
818 2739 859 2762 est
875 2735 948 2770 quod

163 2775 203 2802 ait
219 2774 249 2801 S.
263 2768 362 2800 Thom.
374 2768 385 2799 ι
397 2779 423 2806 p.
435 2778 462 2806 q.
480 2771 520 2801 l3,
537 2775 588 2798 art.
602 2769 628 2798 6.
641 2768 714 2800 Haec.
726 2770 823 2804 inquit,
839 2768 949 2798 nomina

164 2809 210 2837 Dei
226 2809 324 2841 bonus,
354 2808 473 2842 sapiens,
492 2811 519 2833 et
534 2806 646 2842 similia,
676 2810 810 2842 quantum
843 2807 876 2832 ad
893 2814 949 2833 rem

163 2839 425 2879 siguilioatamprius
439 2841 610 2879 dicuntnrde
625 2839 690 2879 Deo,
700 2847 781 2879 quam
792 2839 828 2879 _dc
841 2846 951 2868 creata-

141 2875 218 2924 _gi§.
231 2879 293 2914 quia
309 2886 323 2906 a
341 2875 396 2907 Deo
413 2875 569 2913 bujusmodi
595 2875 776 2912 perlue-tiones
792 2875 818 2902 in
836 2881 942 2903 creatu-

1004 2674 1049 2693 ras
1066 2669 1189 2695 manant,
1206 2664 1252 2691 sed
1266 2668 1402 2699 quantum
1415 2662 1449 2689 ad
1462 2661 1675 2699 impositionem.
1694 2660 1792 2695 inquit,

1005 2701 1132 2732 nominis,
1147 2697 1353 2729 intnnsita'snnt
1366 2698 1510 2729 creaturis,
1527 2704 1594 2731 quas
1605 2697 1678 2730 prius
1690 2703 1793 2729 cogno-

1003 2737 1114 2766 scimus,
1131 2735 1283 2769 signiﬁcant
1298 2734 1369 2760 enim
1397 2733 1542 2769 bonitatem
1559 2737 1684 2769 creatam_
1695 2732 1792 2760 bonus,

1005 2777 1031 2798 et
1050 2765 1211 2804 sapientiam
1237 2773 1356 2795 creatam
1384 2767 1502 2804 sapiens,
1515 2772 1585 2804 etin,
1602 2773 1664 2804 qum
1676 2765 1730 2804 Deo
1746 2773 1790 2798 per

1006 2800 1150 2832 essentiam
1168 2804 1345 2834 conveniunt,
1362 2800 1587 2837 θιὲξῃρημένως,
1603 2805 1628 2826 ttl
1642 2801 1676 2826 :til
1692 2800 1793 2837 Dion!~

1005 2849 1018 2867 s
1031 2849 1072 2871 us,
1087 2839 1211 2873 t-ap.51)c
1222 2839 1317 2864 (livirtt's
1327 2838 1488 2874 nominibus.
1503 2837 1528 2863 nl
1542 2841 1593 2865 est,
1605 2836 1676 2861 t‘iule
1688 2839 1713 2874 et
1727 2836 1795 2861 emi—

999 2881 1104 2907 uenter,
1122 2876 1177 2909 ipse
1202 2874 1273 2901 enim
1295 2878 1336 2900 est
1358 2880 1406 2900 sua
1423 2873 1539 2904 bonitas,
1551 2877 1636 2899 etsua
1651 2873 1792 2905 sapientia.
