  <div class='ocr_page' id='page_1' title='image "/cluster/home/n/w/nwhite01/storage/ocr_20150623/152/njp.32101077773206/515.png"; bbox 0 0 1955 3076; ppageno 0'>
   <div class='ocr_carea' id='block_1_1' title="bbox 169 130 221 162">
    <p class='ocr_par' dir='ltr' id='par_1_1' title="bbox 169 130 221 162">
     <span class='ocr_line' id='line_1_1' title="bbox 169 130 221 162; baseline -0.019 0"><span class='ocrx_word' id='word_1_1' title='bbox 169 130 221 162; x_wconf 78' lang='lat'><strong>983</strong></span> 
     </span>
    </p>
   </div>
   <div class='ocr_carea' id='block_1_2' title="bbox 747 129 1211 166">
    <p class='ocr_par' dir='ltr' id='par_1_2' title="bbox 747 129 1211 166">
     <span class='ocr_line' id='line_1_2' title="bbox 747 129 1211 166; baseline 0.011 -4"><span class='ocrx_word' id='word_1_2' title='bbox 747 129 908 162; x_wconf 75' lang='lat' dir='ltr'><strong>JOANNIS</strong></span> <span class='ocrx_word' id='word_1_3' title='bbox 928 130 1211 166; x_wconf 80' lang='lat' dir='ltr'><strong>CYPARiSSlOT/E</strong></span> 
     </span>
    </p>
   </div>
   <div class='ocr_carea' id='block_1_3' title="bbox 1744 137 1801 181">
    <p class='ocr_par' dir='ltr' id='par_1_3' title="bbox 1744 137 1801 181">
     <span class='ocr_line' id='line_1_3' title="bbox 1744 137 1801 181; baseline 0.035 -14"><span class='ocrx_word' id='word_1_4' title='bbox 1744 137 1801 181; x_wconf 66' lang='grc' dir='ltr'><strong>ρξι</strong></span> 
     </span>
    </p>
   </div>
   <div class='ocr_carea' id='block_1_4' title="bbox 169 186 956 230">
    <p class='ocr_par' dir='ltr' id='par_1_4' title="bbox 169 186 954 223">
     <span class='ocr_line' id='line_1_4' title="bbox 169 186 954 223; baseline 0.001 -11"><span class='ocrx_word' id='word_1_5' title='bbox 169 194 249 221; x_wconf 70' lang='lat' dir='ltr'><strong>quam</strong></span> <span class='ocrx_word' id='word_1_6' title='bbox 264 187 379 223; x_wconf 78' lang='lat' dir='ltr'><strong>quiest:</strong></span> <span class='ocrx_word' id='word_1_7' title='bbox 401 194 485 222; x_wconf 86' lang='lat' dir='ltr'><strong>quare</strong></span> <span class='ocrx_word' id='word_1_8' title='bbox 499 186 520 215; x_wconf 99' lang='lat' dir='ltr'><strong>si</strong></span> <span class='ocrx_word' id='word_1_9' title='bbox 537 194 597 215; x_wconf 92' lang='lat' dir='ltr'><strong>cum</strong></span> <span class='ocrx_word' id='word_1_10' title='bbox 613 186 780 222; x_wconf 83' lang='lat' dir='ltr'><strong>intelligitsc</strong></span> <span class='ocrx_word' id='word_1_11' title='bbox 795 187 895 220; x_wconf 85' lang='lat' dir='ltr'><strong>ipsum,</strong></span> <span class='ocrx_word' id='word_1_12' title='bbox 913 187 954 213; x_wconf 57' lang='lat' dir='ltr'><strong>inv</strong></span> 
     </span>
    </p>
   </div>
   <div class='ocr_carea' id='block_1_5' title="bbox 1010 186 1799 230">
    <p class='ocr_par' dir='ltr' id='par_1_5' title="bbox 1010 195 1799 230">
     <span class='ocr_line' id='line_1_5' title="bbox 1010 195 1799 230; baseline 0.004 -11"><span class='ocrx_word' id='word_1_13' title='bbox 1010 197 1094 226; x_wconf 61' lang='lat' dir='ltr'><strong>neque</strong></span> <span class='ocrx_word' id='word_1_14' title='bbox 1118 201 1247 227; x_wconf 80' lang='lat' dir='ltr'><strong>movens;</strong></span> <span class='ocrx_word' id='word_1_15' title='bbox 1267 202 1354 230; x_wconf 89' lang='lat' dir='ltr'><strong>neqtte</strong></span> <span class='ocrx_word' id='word_1_16' title='bbox 1374 195 1549 230; x_wconf 83' lang='lat' dir='ltr'><strong>principium,</strong></span> <span class='ocrx_word' id='word_1_17' title='bbox 1569 196 1608 224; x_wconf 80' lang='lat' dir='ltr'><strong>vel</strong></span> <span class='ocrx_word' id='word_1_18' title='bbox 1638 196 1729 227; x_wconf 88' lang='lat' dir='ltr'><strong>linem,</strong></span> <span class='ocrx_word' id='word_1_19' title='bbox 1753 197 1799 222; x_wconf 68' lang='lat' dir='ltr'><strong>vel</strong></span> 
     </span>
    </p>
   </div>
   <div class='ocr_carea' id='block_1_6' title="bbox 169 232 955 268">
    <p class='ocr_par' dir='ltr' id='par_1_6' title="bbox 169 232 955 268">
     <span class='ocr_line' id='line_1_6' title="bbox 169 232 955 268; baseline -0.001 -9"><span class='ocrx_word' id='word_1_20' title='bbox 169 233 260 268; x_wconf 73' lang='lat' dir='ltr'><strong>tclligit</strong></span> <span class='ocrx_word' id='word_1_21' title='bbox 278 241 337 268; x_wconf 64' lang='lat' dir='ltr'><strong>quae</strong></span> <span class='ocrx_word' id='word_1_22' title='bbox 362 238 435 267; x_wconf 87' lang='lat' dir='ltr'><strong>sunt,</strong></span> <span class='ocrx_word' id='word_1_23' title='bbox 452 234 508 267; x_wconf 89' lang='lat' dir='ltr'><strong>ipse</strong></span> <span class='ocrx_word' id='word_1_24' title='bbox 523 238 565 261; x_wconf 87' lang='lat' dir='ltr'><strong>est</strong></span> <span class='ocrx_word' id='word_1_25' title='bbox 593 240 623 260; x_wconf 89' lang='lat' dir='ltr'><strong>ea</strong></span> <span class='ocrx_word' id='word_1_26' title='bbox 639 240 699 268; x_wconf 62' lang='lat' dir='ltr'><strong>quae</strong></span> <span class='ocrx_word' id='word_1_27' title='bbox 712 238 795 266; x_wconf 84' lang='lat' dir='ltr'><strong>sunt;</strong></span> <span class='ocrx_word' id='word_1_28' title='bbox 821 237 867 260; x_wconf 91' lang='lat' dir='ltr'><strong>aut</strong></span> <span class='ocrx_word' id='word_1_29' title='bbox 882 232 955 260; x_wconf 92' lang='lat' dir='ltr'><strong>enim</strong></span> 
     </span>
    </p>
   </div>
   <div class='ocr_carea' id='block_1_7' title="bbox 168 279 956 315">
    <p class='ocr_par' dir='ltr' id='par_1_7' title="bbox 168 279 956 315">
     <span class='ocr_line' id='line_1_7' title="bbox 168 279 956 315; baseline 0.001 -11"><span class='ocrx_word' id='word_1_30' title='bbox 168 279 298 314; x_wconf 68' lang='lat' dir='ltr'><strong>intelliget</strong></span> <span class='ocrx_word' id='word_1_31' title='bbox 306 287 335 306; x_wconf 84' lang='lat' dir='ltr'><strong>ea</strong></span> <span class='ocrx_word' id='word_1_32' title='bbox 345 286 404 314; x_wconf 65' lang='lat' dir='ltr'><strong>quae</strong></span> <span class='ocrx_word' id='word_1_33' title='bbox 411 279 474 308; x_wconf 83' lang='lat' dir='ltr'><strong>alibi</strong></span> <span class='ocrx_word' id='word_1_34' title='bbox 484 283 557 312; x_wconf 82' lang='lat' dir='ltr'><strong>sunt,</strong></span> <span class='ocrx_word' id='word_1_35' title='bbox 566 284 612 307; x_wconf 91' lang='lat' dir='ltr'><strong>aut</strong></span> <span class='ocrx_word' id='word_1_36' title='bbox 620 287 678 315; x_wconf 59' lang='lat' dir='ltr'><strong>quas</strong></span> <span class='ocrx_word' id='word_1_37' title='bbox 689 280 716 306; x_wconf 94' lang='lat' dir='ltr'><strong>in</strong></span> <span class='ocrx_word' id='word_1_38' title='bbox 724 287 753 308; x_wconf 88' lang='lat' dir='ltr'><strong>se</strong></span> <span class='ocrx_word' id='word_1_39' title='bbox 762 279 820 314; x_wconf 92' lang='lat' dir='ltr'><strong>ipso</strong></span> <span class='ocrx_word' id='word_1_40' title='bbox 828 284 956 314; x_wconf 86' lang='lat' dir='ltr'><strong>tanquam</strong></span> 
     </span>
    </p>
   </div>
   <div class='ocr_carea' id='block_1_8' title="bbox 167 322 954 361">
    <p class='ocr_par' dir='ltr' id='par_1_8' title="bbox 167 322 954 361">
     <span class='ocr_line' id='line_1_8' title="bbox 167 322 954 361; baseline -0.001 -9"><span class='ocrx_word' id='word_1_41' title='bbox 167 333 233 353; x_wconf 84' lang='lat' dir='ltr'><strong>sua:</strong></span> <span class='ocrx_word' id='word_1_42' title='bbox 251 334 311 360; x_wconf 70' lang='lat' dir='ltr'><strong>quzc</strong></span> <span class='ocrx_word' id='word_1_43' title='bbox 327 326 391 353; x_wconf 81' lang='lat' dir='ltr'><strong>alibi</strong></span> <span class='ocrx_word' id='word_1_44' title='bbox 409 331 482 358; x_wconf 91' lang='lat' dir='ltr'><strong>sunt,</strong></span> <span class='ocrx_word' id='word_1_45' title='bbox 499 334 553 354; x_wconf 92' lang='lat' dir='ltr'><strong>non</strong></span> <span class='ocrx_word' id='word_1_46' title='bbox 569 330 659 361; x_wconf 87' lang='lat' dir='ltr'><strong>potest</strong></span> <span class='ocrx_word' id='word_1_47' title='bbox 685 326 743 353; x_wconf 89' lang='lat' dir='ltr'><strong>lieri</strong></span> <span class='ocrx_word' id='word_1_48' title='bbox 759 322 789 353; x_wconf 84' lang='lat' dir='ltr'><strong>ut</strong></span> <span class='ocrx_word' id='word_1_49' title='bbox 804 324 954 359; x_wconf 84' lang='lat' dir='ltr'><strong>intelligat;</strong></span> 
     </span>
    </p>
   </div>
   <div class='ocr_carea' id='block_1_9' title="bbox 168 360 956 407">
    <p class='ocr_par' dir='ltr' id='par_1_9' title="bbox 168 360 956 407">
     <span class='ocr_line' id='line_1_9' title="bbox 168 360 956 407; baseline 0 -11"><span class='ocrx_word' id='word_1_50' title='bbox 168 372 212 397; x_wconf 79' lang='lat' dir='ltr'><strong>ubi</strong></span> <span class='ocrx_word' id='word_1_51' title='bbox 230 372 301 398; x_wconf 76' lang='lat' dir='ltr'><strong>enim</strong></span> <span class='ocrx_word' id='word_1_52' title='bbox 317 372 398 399; x_wconf 75' lang='lat' dir='ltr'><strong>sunt!</strong></span> <span class='ocrx_word' id='word_1_53' title='bbox 416 380 450 399; x_wconf 92' lang='lat' dir='ltr'><strong>an</strong></span> <span class='ocrx_word' id='word_1_54' title='bbox 463 372 489 399; x_wconf 91' lang='lat' dir='ltr'><strong>in</strong></span> <span class='ocrx_word' id='word_1_55' title='bbox 507 360 540 400; x_wconf 75' lang='lat' dir='ltr'><strong>iis</strong></span> <span class='ocrx_word' id='word_1_56' title='bbox 558 360 619 407; x_wconf 55' lang='lat' dir='ltr'><strong>quas</strong></span> <span class='ocrx_word' id='word_1_57' title='bbox 638 372 688 400; x_wconf 87' lang='lat' dir='ltr'><strong>sub</strong></span> <span class='ocrx_word' id='word_1_58' title='bbox 710 378 820 400; x_wconf 88' lang='lat' dir='ltr'><strong>sensum</strong></span> <span class='ocrx_word' id='word_1_59' title='bbox 837 370 956 399; x_wconf 80' lang='lat' dir='ltr'><strong>cadunt?</strong></span> 
     </span>
    </p>
   </div>
   <div class='ocr_carea' id='block_1_10' title="bbox 168 418 955 451">
    <p class='ocr_par' dir='ltr' id='par_1_10' title="bbox 168 418 955 451">
     <span class='ocr_line' id='line_1_10' title="bbox 168 418 955 451; baseline 0.001 -8"><span class='ocrx_word' id='word_1_60' title='bbox 168 423 194 443; x_wconf 87' lang='lat' dir='ltr'><strong>at</strong></span> <span class='ocrx_word' id='word_1_61' title='bbox 208 425 266 451; x_wconf 74' lang='lat' dir='ltr'><strong>qua:</strong></span> <span class='ocrx_word' id='word_1_62' title='bbox 277 418 326 444; x_wconf 87' lang='lat' dir='ltr'><strong>sub</strong></span> <span class='ocrx_word' id='word_1_63' title='bbox 340 425 453 444; x_wconf 85' lang='lat' dir='ltr'><strong>sensum</strong></span> <span class='ocrx_word' id='word_1_64' title='bbox 469 419 582 451; x_wconf 83' lang='lat' dir='ltr'><strong>cadunt,</strong></span> <span class='ocrx_word' id='word_1_65' title='bbox 595 425 648 446; x_wconf 89' lang='lat' dir='ltr'><strong>non</strong></span> <span class='ocrx_word' id='word_1_66' title='bbox 661 422 736 450; x_wconf 84' lang='lat' dir='ltr'><strong>sunt.</strong></span> <span class='ocrx_word' id='word_1_67' title='bbox 760 422 855 451; x_wconf 86' lang='lat' dir='ltr'><strong>utpote</strong></span> <span class='ocrx_word' id='word_1_68' title='bbox 867 421 955 444; x_wconf 85' lang='lat' dir='ltr'><strong>muta-</strong></span> 
     </span>
    </p>
   </div>
   <div class='ocr_carea' id='block_1_11' title="bbox 166 463 953 499">
    <p class='ocr_par' dir='ltr' id='par_1_11' title="bbox 166 463 953 499">
     <span class='ocr_line' id='line_1_11' title="bbox 166 463 953 499; baseline -0.001 -9"><span class='ocrx_word' id='word_1_69' title='bbox 166 463 242 495; x_wconf 85' lang='lat' dir='ltr'><strong>bilia,</strong></span> <span class='ocrx_word' id='word_1_70' title='bbox 253 467 280 490; x_wconf 89' lang='lat' dir='ltr'><strong>et</strong></span> <span class='ocrx_word' id='word_1_71' title='bbox 292 468 381 490; x_wconf 90' lang='lat' dir='ltr'><strong>ortum</strong></span> <span class='ocrx_word' id='word_1_72' title='bbox 400 468 481 498; x_wconf 87' lang='lat' dir='ltr'><strong>atque</strong></span> <span class='ocrx_word' id='word_1_73' title='bbox 492 464 631 491; x_wconf 88' lang='lat' dir='ltr'><strong>interitum</strong></span> <span class='ocrx_word' id='word_1_74' title='bbox 649 464 795 499; x_wconf 86' lang='lat' dir='ltr'><strong>capientia.</strong></span> <span class='ocrx_word' id='word_1_75' title='bbox 810 463 846 490; x_wconf 91' lang='lat' dir='ltr'><strong>Se</strong></span> <span class='ocrx_word' id='word_1_76' title='bbox 863 463 953 498; x_wconf 79' lang='lat' dir='ltr'><strong>igitur,</strong></span> 
     </span>
    </p>
   </div>
   <div class='ocr_carea' id='block_1_12' title="bbox 165 509 954 545">
    <p class='ocr_par' dir='ltr' id='par_1_12' title="bbox 165 509 954 545">
     <span class='ocr_line' id='line_1_12' title="bbox 165 509 954 545; baseline -0.003 -9"><span class='ocrx_word' id='word_1_77' title='bbox 165 515 189 536; x_wconf 88' lang='lat' dir='ltr'><strong>et</strong></span> <span class='ocrx_word' id='word_1_78' title='bbox 205 509 231 536; x_wconf 91' lang='lat' dir='ltr'><strong>in</strong></span> <span class='ocrx_word' id='word_1_79' title='bbox 242 516 272 536; x_wconf 80' lang='lat' dir='ltr'><strong>se</strong></span> <span class='ocrx_word' id='word_1_80' title='bbox 286 510 425 545; x_wconf 78' lang='lat' dir='ltr'><strong>intelligit;</strong></span> <span class='ocrx_word' id='word_1_81' title='bbox 440 511 503 545; x_wconf 91' lang='lat' dir='ltr'><strong>quia</strong></span> <span class='ocrx_word' id='word_1_82' title='bbox 525 517 589 538; x_wconf 84' lang='lat' dir='ltr'><strong>vero</strong></span> <span class='ocrx_word' id='word_1_83' title='bbox 602 509 673 537; x_wconf 85' lang='lat' dir='ltr'><strong>Deus</strong></span> <span class='ocrx_word' id='word_1_84' title='bbox 691 513 787 537; x_wconf 87' lang='lat' dir='ltr'><strong>auctor</strong></span> <span class='ocrx_word' id='word_1_85' title='bbox 802 513 844 537; x_wconf 81' lang='lat' dir='ltr'><strong>est</strong></span> <span class='ocrx_word' id='word_1_86' title='bbox 860 516 954 536; x_wconf 88' lang='lat' dir='ltr'><strong>eorttm</strong></span> 
     </span>
    </p>
   </div>
   <div class='ocr_carea' id='block_1_13' title="bbox 165 554 955 590">
    <p class='ocr_par' dir='ltr' id='par_1_13' title="bbox 165 554 955 590">
     <span class='ocr_line' id='line_1_13' title="bbox 165 554 955 590; baseline -0.001 -9"><span class='ocrx_word' id='word_1_87' title='bbox 165 562 224 587; x_wconf 71' lang='lat' dir='ltr'><strong>quze</strong></span> <span class='ocrx_word' id='word_1_88' title='bbox 237 558 301 582; x_wconf 91' lang='lat' dir='ltr'><strong>sunt</strong></span> <span class='ocrx_word' id='word_1_89' title='bbox 316 576 322 588; x_wconf 87' lang='lat'><strong>,</strong></span> <span class='ocrx_word' id='word_1_90' title='bbox 337 555 359 583; x_wconf 93' lang='lat' dir='ltr'><strong>si</strong></span> <span class='ocrx_word' id='word_1_91' title='bbox 374 556 401 582; x_wconf 93' lang='lat' dir='ltr'><strong>in</strong></span> <span class='ocrx_word' id='word_1_92' title='bbox 415 562 446 583; x_wconf 86' lang='lat' dir='ltr'><strong>se</strong></span> <span class='ocrx_word' id='word_1_93' title='bbox 469 562 500 583; x_wconf 90' lang='lat' dir='ltr'><strong>ea</strong></span> <span class='ocrx_word' id='word_1_94' title='bbox 522 563 574 583; x_wconf 91' lang='lat' dir='ltr'><strong>non</strong></span> <span class='ocrx_word' id='word_1_95' title='bbox 591 555 726 590; x_wconf 85' lang='lat' dir='ltr'><strong>intelligit,</strong></span> <span class='ocrx_word' id='word_1_96' title='bbox 743 554 912 589; x_wconf 66' lang='lat' dir='ltr'><strong>intelligcqin</strong></span> <span class='ocrx_word' id='word_1_97' title='bbox 923 560 955 581; x_wconf 89' lang='lat' dir='ltr'><strong>eo</strong></span> 
     </span>
    </p>
   </div>
   <div class='ocr_carea' id='block_1_14' title="bbox 164 600 952 636">
    <p class='ocr_par' dir='ltr' id='par_1_14' title="bbox 164 600 952 636">
     <span class='ocr_line' id='line_1_14' title="bbox 164 600 952 636; baseline -0.003 -9"><span class='ocrx_word' id='word_1_98' title='bbox 164 602 236 635; x_wconf 85' lang='lat' dir='ltr'><strong>quod</strong></span> <span class='ocrx_word' id='word_1_99' title='bbox 249 601 370 628; x_wconf 89' lang='lat' dir='ltr'><strong>nondum</strong></span> <span class='ocrx_word' id='word_1_100' title='bbox 390 606 443 630; x_wconf 82' lang='lat' dir='ltr'><strong>est.</strong></span> <span class='ocrx_word' id='word_1_101' title='bbox 457 603 490 629; x_wconf 76' lang='lat' dir='ltr'><strong>At</strong></span> <span class='ocrx_word' id='word_1_102' title='bbox 516 602 574 636; x_wconf 86' lang='lat' dir='ltr'><strong>ipse</strong></span> <span class='ocrx_word' id='word_1_103' title='bbox 592 602 768 636; x_wconf 73' lang='lat' dir='ltr'><strong>archetypum</strong></span> <span class='ocrx_word' id='word_1_104' title='bbox 790 605 843 632; x_wconf 79' lang='lat' dir='ltr'><strong>est,</strong></span> <span class='ocrx_word' id='word_1_105' title='bbox 859 600 885 627; x_wconf 89' lang='lat' dir='ltr'><strong>id</strong></span> <span class='ocrx_word' id='word_1_106' title='bbox 901 604 952 632; x_wconf 83' lang='lat' dir='ltr'><strong>est,</strong></span> 
     </span>
    </p>
   </div>
   <div class='ocr_carea' id='block_1_15' title="bbox 164 645 951 682">
    <p class='ocr_par' dir='ltr' id='par_1_15' title="bbox 164 645 951 682">
     <span class='ocr_line' id='line_1_15' title="bbox 164 645 951 682; baseline 0 -10"><span class='ocrx_word' id='word_1_107' title='bbox 164 647 280 681; x_wconf 86' lang='lat' dir='ltr'><strong>primum</strong></span> <span class='ocrx_word' id='word_1_108' title='bbox 302 647 440 682; x_wconf 76' lang='lat' dir='ltr'><strong>exemplar</strong></span> <span class='ocrx_word' id='word_1_109' title='bbox 463 647 594 676; x_wconf 76' lang='lat' dir='ltr'><strong>uuivursi.</strong></span> <span class='ocrx_word' id='word_1_110' title='bbox 611 651 637 675; x_wconf 89' lang='lat' dir='ltr'><strong>et</strong></span> <span class='ocrx_word' id='word_1_111' title='bbox 651 654 711 681; x_wconf 61' lang='lat' dir='ltr'><strong>qua</strong></span> <span class='ocrx_word' id='word_1_112' title='bbox 741 645 880 679; x_wconf 79' lang='lat' dir='ltr'><strong>intelligit,</strong></span> <span class='ocrx_word' id='word_1_113' title='bbox 899 653 951 672; x_wconf 89' lang='lat' dir='ltr'><strong>tton</strong></span> 
     </span>
    </p>
   </div>
   <div class='ocr_carea' id='block_1_16' title="bbox 164 690 953 728">
    <p class='ocr_par' dir='ltr' id='par_1_16' title="bbox 164 690 953 728">
     <span class='ocr_line' id='line_1_16' title="bbox 164 690 953 728; baseline -0.005 -8"><span class='ocrx_word' id='word_1_114' title='bbox 164 693 262 727; x_wconf 86' lang='lat' dir='ltr'><strong>accipit</strong></span> <span class='ocrx_word' id='word_1_115' title='bbox 279 699 371 720; x_wconf 89' lang='lat' dir='ltr'><strong>eorum</strong></span> <span class='ocrx_word' id='word_1_116' title='bbox 389 698 476 728; x_wconf 90' lang='lat' dir='ltr'><strong>typos,</strong></span> <span class='ocrx_word' id='word_1_117' title='bbox 493 693 519 720; x_wconf 90' lang='lat' dir='ltr'><strong>id</strong></span> <span class='ocrx_word' id='word_1_118' title='bbox 537 696 580 720; x_wconf 90' lang='lat' dir='ltr'><strong>est</strong></span> <span class='ocrx_word' id='word_1_119' title='bbox 592 694 709 726; x_wconf 79' lang='lat' dir='ltr'><strong>species,</strong></span> <span class='ocrx_word' id='word_1_120' title='bbox 723 691 781 719; x_wconf 83' lang='lat' dir='ltr'><strong>sive</strong></span> <span class='ocrx_word' id='word_1_121' title='bbox 803 690 904 718; x_wconf 78' lang='lat' dir='ltr'><strong>formas</strong></span> <span class='ocrx_word' id='word_1_122' title='bbox 920 691 953 717; x_wconf 90' lang='lat' dir='ltr'><strong>ab</strong></span> 
     </span>
    </p>
   </div>
   <div class='ocr_carea' id='block_1_17' title="bbox 164 736 954 774">
    <p class='ocr_par' dir='ltr' id='par_1_17' title="bbox 164 736 954 774">
     <span class='ocr_line' id='line_1_17' title="bbox 164 736 954 774; baseline -0.005 -8"><span class='ocrx_word' id='word_1_123' title='bbox 164 739 235 771; x_wconf 88' lang='lat' dir='ltr'><strong>aliis,</strong></span> <span class='ocrx_word' id='word_1_124' title='bbox 254 739 303 766; x_wconf 88' lang='lat' dir='ltr'><strong>sed</strong></span> <span class='ocrx_word' id='word_1_125' title='bbox 328 739 418 774; x_wconf 83' lang='lat' dir='ltr'><strong>potius</strong></span> <span class='ocrx_word' id='word_1_126' title='bbox 449 739 506 773; x_wconf 86' lang='lat' dir='ltr'><strong>ipse</strong></span> <span class='ocrx_word' id='word_1_127' title='bbox 525 743 566 766; x_wconf 88' lang='lat' dir='ltr'><strong>est</strong></span> <span class='ocrx_word' id='word_1_128' title='bbox 583 738 722 772; x_wconf 87' lang='lat' dir='ltr'><strong>exemplar</strong></span> <span class='ocrx_word' id='word_1_129' title='bbox 739 744 840 765; x_wconf 92' lang='lat' dir='ltr'><strong>rerum.</strong></span> <span class='ocrx_word' id='word_1_130' title='bbox 865 736 954 769; x_wconf 80' lang='lat' dir='ltr'><strong>Quare</strong></span> 
     </span>
    </p>
   </div>
   <div class='ocr_carea' id='block_1_18' title="bbox 165 784 953 819">
    <p class='ocr_par' dir='ltr' id='par_1_18' title="bbox 165 784 953 819">
     <span class='ocr_line' id='line_1_18' title="bbox 165 784 953 819; baseline -0.005 -7"><span class='ocrx_word' id='word_1_131' title='bbox 165 793 214 812; x_wconf 82' lang='lat' dir='ltr'><strong>nec</strong></span> <span class='ocrx_word' id='word_1_132' title='bbox 225 785 282 818; x_wconf 78' lang='lat' dir='ltr'><strong>ipse</strong></span> <span class='ocrx_word' id='word_1_133' title='bbox 290 785 368 812; x_wconf 85' lang='lat' dir='ltr'><strong>estin</strong></span> <span class='ocrx_word' id='word_1_134' title='bbox 383 785 453 817; x_wconf 84' lang='lat' dir='ltr'><strong>loco,</strong></span> <span class='ocrx_word' id='word_1_135' title='bbox 467 792 555 819; x_wconf 90' lang='lat' dir='ltr'><strong>neque</strong></span> <span class='ocrx_word' id='word_1_136' title='bbox 565 784 659 819; x_wconf 77' lang='lat' dir='ltr'><strong>quaeiu</strong></span> <span class='ocrx_word' id='word_1_137' title='bbox 673 784 732 818; x_wconf 87' lang='lat' dir='ltr'><strong>ipso</strong></span> <span class='ocrx_word' id='word_1_138' title='bbox 741 787 815 816; x_wconf 86' lang='lat' dir='ltr'><strong>sunt,</strong></span> <span class='ocrx_word' id='word_1_139' title='bbox 827 788 953 817; x_wconf 86' lang='lat' dir='ltr'><strong>tanquam</strong></span> 
     </span>
    </p>
   </div>
   <div class='ocr_carea' id='block_1_19' title="bbox 165 828 954 864">
    <p class='ocr_par' dir='ltr' id='par_1_19' title="bbox 165 828 954 864">
     <span class='ocr_line' id='line_1_19' title="bbox 165 828 954 864; baseline -0.003 -7"><span class='ocrx_word' id='word_1_140' title='bbox 165 831 191 857; x_wconf 92' lang='lat' dir='ltr'><strong>in</strong></span> <span class='ocrx_word' id='word_1_141' title='bbox 212 831 272 858; x_wconf 84' lang='lat' dir='ltr'><strong>loco</strong></span> <span class='ocrx_word' id='word_1_142' title='bbox 297 835 371 862; x_wconf 87' lang='lat' dir='ltr'><strong>sunt,</strong></span> <span class='ocrx_word' id='word_1_143' title='bbox 390 831 437 858; x_wconf 86' lang='lat' dir='ltr'><strong>scd</strong></span> <span class='ocrx_word' id='word_1_144' title='bbox 456 831 537 859; x_wconf 85' lang='lat' dir='ltr'><strong>habet</strong></span> <span class='ocrx_word' id='word_1_145' title='bbox 553 838 585 858; x_wconf 89' lang='lat' dir='ltr'><strong>ea</strong></span> <span class='ocrx_word' id='word_1_146' title='bbox 601 835 630 857; x_wconf 90' lang='lat' dir='ltr'><strong>ut</strong></span> <span class='ocrx_word' id='word_1_147' title='bbox 646 837 674 858; x_wconf 87' lang='lat' dir='ltr'><strong>se</strong></span> <span class='ocrx_word' id='word_1_148' title='bbox 689 830 778 864; x_wconf 91' lang='lat' dir='ltr'><strong>ipsum</strong></span> <span class='ocrx_word' id='word_1_149' title='bbox 798 828 914 860; x_wconf 82' lang='lat' dir='ltr'><strong>habens.</strong></span> <span class='ocrx_word' id='word_1_150' title='bbox 927 833 954 855; x_wconf 85' lang='lat' dir='ltr'><strong>et</strong></span> 
     </span>
    </p>
   </div>
   <div class='ocr_carea' id='block_1_20' title="bbox 165 874 951 911">
    <p class='ocr_par' dir='ltr' id='par_1_20' title="bbox 165 874 951 911">
     <span class='ocr_line' id='line_1_20' title="bbox 165 874 951 911; baseline -0.005 -7"><span class='ocrx_word' id='word_1_151' title='bbox 165 876 191 904; x_wconf 89' lang='lat' dir='ltr'><strong>in</strong></span> <span class='ocrx_word' id='word_1_152' title='bbox 203 877 242 904; x_wconf 88' lang='lat' dir='ltr'><strong>eis</strong></span> <span class='ocrx_word' id='word_1_153' title='bbox 255 877 541 908; x_wconf 66' lang='lat' dir='ltr'><strong>exsistettswmuibus</strong></span> <span class='ocrx_word' id='word_1_154' title='bbox 557 876 666 911; x_wconf 86' lang='lat' dir='ltr'><strong>quidem</strong></span> <span class='ocrx_word' id='word_1_155' title='bbox 693 875 773 903; x_wconf 90' lang='lat' dir='ltr'><strong>simul</strong></span> <span class='ocrx_word' id='word_1_156' title='bbox 794 874 951 902; x_wconf 83' lang='lat' dir='ltr'><strong>exsistenti-</strong></span> 
     </span>
    </p>
   </div>
   <div class='ocr_carea' id='block_1_21' title="bbox 165 919 951 956">
    <p class='ocr_par' dir='ltr' id='par_1_21' title="bbox 165 919 951 956">
     <span class='ocr_line' id='line_1_21' title="bbox 165 919 951 956; baseline -0.004 -8"><span class='ocrx_word' id='word_1_157' title='bbox 165 922 225 955; x_wconf 82' lang='lat' dir='ltr'><strong>bus,</strong></span> <span class='ocrx_word' id='word_1_158' title='bbox 257 928 282 950; x_wconf 87' lang='lat' dir='ltr'><strong>ct</strong></span> <span class='ocrx_word' id='word_1_159' title='bbox 298 923 324 949; x_wconf 92' lang='lat' dir='ltr'><strong>in</strong></span> <span class='ocrx_word' id='word_1_160' title='bbox 351 922 506 956; x_wconf 89' lang='lat' dir='ltr'><strong>impartibili</strong></span> <span class='ocrx_word' id='word_1_161' title='bbox 542 922 567 948; x_wconf 90' lang='lat' dir='ltr'><strong>itt</strong></span> <span class='ocrx_word' id='word_1_162' title='bbox 584 921 642 956; x_wconf 87' lang='lat' dir='ltr'><strong>ipso</strong></span> <span class='ocrx_word' id='word_1_163' title='bbox 669 919 951 952; x_wconf 79' lang='lat' dir='ltr'><strong>exsistentibus,dis~</strong></span> 
     </span>
    </p>
   </div>
   <div class='ocr_carea' id='block_1_22' title="bbox 165 965 952 1003">
    <p class='ocr_par' dir='ltr' id='par_1_22' title="bbox 165 965 952 1003">
     <span class='ocr_line' id='line_1_22' title="bbox 165 965 952 1003; baseline -0.004 -8"><span class='ocrx_word' id='word_1_164' title='bbox 165 968 255 995; x_wconf 81' lang='lat' dir='ltr'><strong>tinctis</strong></span> <span class='ocrx_word' id='word_1_165' title='bbox 278 976 344 996; x_wconf 89' lang='lat' dir='ltr'><strong>vero</strong></span> <span class='ocrx_word' id='word_1_166' title='bbox 367 969 393 995; x_wconf 95' lang='lat' dir='ltr'><strong>in</strong></span> <span class='ocrx_word' id='word_1_167' title='bbox 408 967 564 1003; x_wconf 87' lang='lat' dir='ltr'><strong>impartibili</strong></span> <span class='ocrx_word' id='word_1_168' title='bbox 579 967 789 1002; x_wconf 88' lang='lat' dir='ltr'><strong>impartibiliter.</strong></span> <span class='ocrx_word' id='word_1_169' title='bbox 808 965 890 1001; x_wconf 93' lang='lat' dir='ltr'><strong>igitur</strong></span> <span class='ocrx_word' id='word_1_170' title='bbox 903 973 952 993; x_wconf 89' lang='lat' dir='ltr'><strong>no-</strong></span> 
     </span>
    </p>
   </div>
   <div class='ocr_carea' id='block_1_23' title="bbox 164 1014 951 1048">
    <p class='ocr_par' dir='ltr' id='par_1_23' title="bbox 164 1014 951 1048">
     <span class='ocr_line' id='line_1_23' title="bbox 164 1014 951 1048; baseline 0.001 -9"><span class='ocrx_word' id='word_1_171' title='bbox 164 1014 252 1041; x_wconf 77' lang='lat' dir='ltr'><strong>tiones</strong></span> <span class='ocrx_word' id='word_1_172' title='bbox 267 1015 326 1048; x_wconf 78' lang='lat' dir='ltr'><strong>ejus</strong></span> <span class='ocrx_word' id='word_1_173' title='bbox 334 1018 396 1041; x_wconf 89' lang='lat' dir='ltr'><strong>sunt</strong></span> <span class='ocrx_word' id='word_1_174' title='bbox 412 1022 467 1047; x_wconf 86' lang='lat' dir='ltr'><strong>res,</strong></span> <span class='ocrx_word' id='word_1_175' title='bbox 479 1022 523 1042; x_wconf 89' lang='lat' dir='ltr'><strong>res</strong></span> <span class='ocrx_word' id='word_1_176' title='bbox 534 1018 624 1042; x_wconf 86' lang='lat' dir='ltr'><strong>autem</strong></span> <span class='ocrx_word' id='word_1_177' title='bbox 636 1014 728 1041; x_wconf 66' lang='lat' dir='ltr'><strong>formae</strong></span> <span class='ocrx_word' id='word_1_178' title='bbox 740 1018 813 1047; x_wconf 88' lang='lat' dir='ltr'><strong>sunt,</strong></span> <span class='ocrx_word' id='word_1_179' title='bbox 827 1014 951 1041; x_wconf 84' lang='lat' dir='ltr'><strong>notiones</strong></span> 
     </span>
    </p>
   </div>
   <div class='ocr_carea' id='block_1_24' title="bbox 164 1058 951 1093">
    <p class='ocr_par' dir='ltr' id='par_1_24' title="bbox 164 1058 951 1093">
     <span class='ocr_line' id='line_1_24' title="bbox 164 1058 951 1093; baseline 0 -8"><span class='ocrx_word' id='word_1_180' title='bbox 164 1066 228 1086; x_wconf 87' lang='lat' dir='ltr'><strong>vero</strong></span> <span class='ocrx_word' id='word_1_181' title='bbox 240 1066 292 1086; x_wconf 88' lang='lat' dir='ltr'><strong>non</strong></span> <span class='ocrx_word' id='word_1_182' title='bbox 312 1058 530 1093; x_wconf 75' lang='lat' dir='ltr'><strong>sic&#39;accipiendte</strong></span> <span class='ocrx_word' id='word_1_183' title='bbox 556 1063 629 1092; x_wconf 87' lang='lat' dir='ltr'><strong>sunt,</strong></span> <span class='ocrx_word' id='word_1_184' title='bbox 649 1064 679 1086; x_wconf 89' lang='lat' dir='ltr'><strong>ut</strong></span> <span class='ocrx_word' id='word_1_185' title='bbox 699 1058 762 1093; x_wconf 86' lang='lat' dir='ltr'><strong>quia</strong></span> <span class='ocrx_word' id='word_1_186' title='bbox 779 1059 830 1086; x_wconf 89' lang='lat' dir='ltr'><strong>hoc</strong></span> <span class='ocrx_word' id='word_1_187' title='bbox 845 1058 951 1092; x_wconf 80' lang='lat' dir='ltr'><strong>intelle—</strong></span> 
     </span>
    </p>
   </div>
   <div class='ocr_carea' id='block_1_25' title="bbox 164 1103 952 1138">
    <p class='ocr_par' dir='ltr' id='par_1_25' title="bbox 164 1103 952 1138">
     <span class='ocr_line' id='line_1_25' title="bbox 164 1103 952 1138; baseline 0 -8"><span class='ocrx_word' id='word_1_188' title='bbox 164 1105 212 1136; x_wconf 94' lang='lat' dir='ltr'><strong>xit,</strong></span> <span class='ocrx_word' id='word_1_189' title='bbox 229 1103 279 1131; x_wconf 84' lang='lat' dir='ltr'><strong>luit</strong></span> <span class='ocrx_word' id='word_1_190' title='bbox 298 1104 367 1137; x_wconf 90' lang='lat' dir='ltr'><strong>hoc;</strong></span> <span class='ocrx_word' id='word_1_191' title='bbox 385 1104 538 1138; x_wconf 74' lang='lat' dir='ltr'><strong>huiusmodi</strong></span> <span class='ocrx_word' id='word_1_192' title='bbox 553 1104 624 1131; x_wconf 90' lang='lat' dir='ltr'><strong>enim</strong></span> <span class='ocrx_word' id='word_1_193' title='bbox 640 1104 779 1131; x_wconf 91' lang='lat' dir='ltr'><strong>notionem</strong></span> <span class='ocrx_word' id='word_1_194' title='bbox 799 1107 906 1138; x_wconf 86' lang='lat' dir='ltr'><strong>oportet</strong></span> <span class='ocrx_word' id='word_1_195' title='bbox 922 1108 952 1130; x_wconf 96' lang='lat' dir='ltr'><strong>ut</strong></span> 
     </span>
    </p>
   </div>
   <div class='ocr_carea' id='block_1_26' title="bbox 164 1138 952 1185">
    <p class='ocr_par' dir='ltr' id='par_1_26' title="bbox 164 1138 952 1185">
     <span class='ocr_line' id='line_1_26' title="bbox 164 1138 952 1185; baseline 0 -8"><span class='ocrx_word' id='word_1_196' title='bbox 164 1154 350 1181; x_wconf 72' lang='lat' dir='ltr'><strong>antegressum</strong></span> <span class='ocrx_word' id='word_1_197' title='bbox 368 1150 403 1177; x_wconf 91' lang='lat' dir='ltr'><strong>sit</strong></span> <span class='ocrx_word' id='word_1_198' title='bbox 417 1150 519 1184; x_wconf 90' lang='lat' dir='ltr'><strong>aliquid</strong></span> <span class='ocrx_word' id='word_1_199' title='bbox 534 1150 606 1184; x_wconf 86' lang='lat' dir='ltr'><strong>quod</strong></span> <span class='ocrx_word' id='word_1_200' title='bbox 625 1149 796 1185; x_wconf 76' lang='lat' dir='ltr'><strong>intelligitur,</strong></span> <span class='ocrx_word' id='word_1_201' title='bbox 821 1138 894 1184; x_wconf 73' lang='lat' dir='ltr'><strong>quod</strong></span> <span class='ocrx_word' id='word_1_202' title='bbox 913 1149 952 1177; x_wconf 85' lang='lat' dir='ltr'><strong>fe-</strong></span> 
     </span>
    </p>
   </div>
   <div class='ocr_carea' id='block_1_27' title="bbox 164 1195 952 1231">
    <p class='ocr_par' dir='ltr' id='par_1_27' title="bbox 164 1195 952 1231">
     <span class='ocr_line' id='line_1_27' title="bbox 164 1195 952 1231; baseline 0.001 -8"><span class='ocrx_word' id='word_1_203' title='bbox 164 1195 201 1223; x_wconf 91' lang='lat' dir='ltr'><strong>cit</strong></span> <span class='ocrx_word' id='word_1_204' title='bbox 215 1199 244 1221; x_wconf 90' lang='lat' dir='ltr'><strong>ut</strong></span> <span class='ocrx_word' id='word_1_205' title='bbox 259 1195 317 1230; x_wconf 77' lang='lat' dir='ltr'><strong>ipse</strong></span> <span class='ocrx_word' id='word_1_206' title='bbox 331 1195 513 1230; x_wconf 86' lang='lat' dir='ltr'><strong>intelligeret;</strong></span> <span class='ocrx_word' id='word_1_207' title='bbox 543 1196 588 1223; x_wconf 87' lang='lat' dir='ltr'><strong>sed</strong></span> <span class='ocrx_word' id='word_1_208' title='bbox 619 1196 709 1230; x_wconf 83' lang='lat' dir='ltr'><strong>potius</strong></span> <span class='ocrx_word' id='word_1_209' title='bbox 737 1196 871 1231; x_wconf 72' lang='lat' dir='ltr'><strong>intelligit,</strong></span> <span class='ocrx_word' id='word_1_210' title='bbox 892 1203 952 1230; x_wconf 83' lang='lat' dir='ltr'><strong>quae</strong></span> 
     </span>
    </p>
   </div>
   <div class='ocr_carea' id='block_1_28' title="bbox 164 1242 951 1277">
    <p class='ocr_par' dir='ltr' id='par_1_28' title="bbox 164 1242 951 1277">
     <span class='ocr_line' id='line_1_28' title="bbox 164 1242 951 1277; baseline 0 -7"><span class='ocrx_word' id='word_1_211' title='bbox 164 1247 239 1274; x_wconf 85' lang='lat' dir='ltr'><strong>sunt,</strong></span> <span class='ocrx_word' id='word_1_212' title='bbox 252 1249 349 1277; x_wconf 85' lang='lat' dir='ltr'><strong>nempe</strong></span> <span class='ocrx_word' id='word_1_213' title='bbox 360 1242 513 1277; x_wconf 85' lang='lat' dir='ltr'><strong>intelligens</strong></span> <span class='ocrx_word' id='word_1_214' title='bbox 526 1249 555 1269; x_wconf 89' lang='lat' dir='ltr'><strong>se</strong></span> <span class='ocrx_word' id='word_1_215' title='bbox 572 1243 672 1277; x_wconf 84' lang='lat' dir='ltr'><strong>ipsum,</strong></span> <span class='ocrx_word' id='word_1_216' title='bbox 687 1247 786 1270; x_wconf 86' lang='lat' dir='ltr'><strong>etcum</strong></span> <span class='ocrx_word' id='word_1_217' title='bbox 801 1243 835 1270; x_wconf 92' lang='lat' dir='ltr'><strong>iis</strong></span> <span class='ocrx_word' id='word_1_218' title='bbox 846 1250 906 1277; x_wconf 76' lang='lat' dir='ltr'><strong>qua:</strong></span> <span class='ocrx_word' id='word_1_219' title='bbox 924 1243 951 1270; x_wconf 88' lang='lat' dir='ltr'><strong>in</strong></span> 
     </span>
    </p>
   </div>
   <div class='ocr_carea' id='block_1_29' title="bbox 164 1287 953 1322">
    <p class='ocr_par' dir='ltr' id='par_1_29' title="bbox 164 1287 953 1322">
     <span class='ocr_line' id='line_1_29' title="bbox 164 1287 953 1322; baseline -0.001 -7"><span class='ocrx_word' id='word_1_220' title='bbox 164 1287 225 1322; x_wconf 87' lang='lat' dir='ltr'><strong>ipso</strong></span> <span class='ocrx_word' id='word_1_221' title='bbox 246 1287 349 1320; x_wconf 87' lang='lat' dir='ltr'><strong>insunt,</strong></span> <span class='ocrx_word' id='word_1_222' title='bbox 361 1287 514 1322; x_wconf 86' lang='lat' dir='ltr'><strong>copulatus.</strong></span> <span class='ocrx_word' id='word_1_223' title='bbox 540 1287 578 1314; x_wconf 87' lang='lat' dir='ltr'><strong>Ex</strong></span> <span class='ocrx_word' id='word_1_224' title='bbox 594 1288 636 1315; x_wconf 91' lang='lat' dir='ltr'><strong>his</strong></span> <span class='ocrx_word' id='word_1_225' title='bbox 651 1288 746 1322; x_wconf 88' lang='lat' dir='ltr'><strong>liquet,</strong></span> <span class='ocrx_word' id='word_1_226' title='bbox 762 1289 834 1322; x_wconf 80' lang='lat' dir='ltr'><strong>quoi</strong></span> <span class='ocrx_word' id='word_1_227' title='bbox 853 1288 879 1314; x_wconf 91' lang='lat' dir='ltr'><strong>in</strong></span> <span class='ocrx_word' id='word_1_228' title='bbox 891 1288 953 1314; x_wconf 81' lang='lat' dir='ltr'><strong>uni-</strong></span> 
     </span>
    </p>
   </div>
   <div class='ocr_carea' id='block_1_30' title="bbox 166 1333 952 1369">
    <p class='ocr_par' dir='ltr' id='par_1_30' title="bbox 166 1333 952 1369">
     <span class='ocr_line' id='line_1_30' title="bbox 166 1333 952 1369; baseline 0.001 -8"><span class='ocrx_word' id='word_1_229' title='bbox 166 1339 230 1367; x_wconf 86' lang='lat' dir='ltr'><strong>tate,</strong></span> <span class='ocrx_word' id='word_1_230' title='bbox 246 1341 305 1369; x_wconf 70' lang='lat' dir='ltr'><strong>qua!</strong></span> <span class='ocrx_word' id='word_1_231' title='bbox 321 1341 402 1368; x_wconf 80' lang='lat' dir='ltr'><strong>supra</strong></span> <span class='ocrx_word' id='word_1_232' title='bbox 414 1333 595 1362; x_wconf 65' lang='lat' dir='ltr'><strong>substantiam</strong></span> <span class='ocrx_word' id='word_1_233' title='bbox 611 1339 663 1366; x_wconf 80' lang='lat' dir='ltr'><strong>est,</strong></span> <span class='ocrx_word' id='word_1_234' title='bbox 679 1341 732 1361; x_wconf 91' lang='lat' dir='ltr'><strong>non</strong></span> <span class='ocrx_word' id='word_1_235' title='bbox 755 1337 864 1369; x_wconf 84' lang='lat' dir='ltr'><strong>oportet</strong></span> <span class='ocrx_word' id='word_1_236' title='bbox 878 1342 952 1368; x_wconf 74' lang='lat' dir='ltr'><strong>qua:-</strong></span> 
     </span>
    </p>
   </div>
   <div class='ocr_carea' id='block_1_31' title="bbox 167 1379 952 1414">
    <p class='ocr_par' dir='ltr' id='par_1_31' title="bbox 167 1379 952 1414">
     <span class='ocr_line' id='line_1_31' title="bbox 167 1379 952 1414; baseline 0.001 -8"><span class='ocrx_word' id='word_1_237' title='bbox 167 1387 226 1407; x_wconf 88' lang='lat' dir='ltr'><strong>rere</strong></span> <span class='ocrx_word' id='word_1_238' title='bbox 242 1379 367 1412; x_wconf 87' lang='lat' dir='ltr'><strong>multa,et</strong></span> <span class='ocrx_word' id='word_1_239' title='bbox 380 1379 500 1412; x_wconf 78' lang='lat' dir='ltr'><strong>diversa,</strong></span> <span class='ocrx_word' id='word_1_240' title='bbox 511 1387 572 1414; x_wconf 68' lang='lat' dir='ltr'><strong>quae</strong></span> <span class='ocrx_word' id='word_1_241' title='bbox 589 1381 616 1406; x_wconf 89' lang='lat' dir='ltr'><strong>in</strong></span> <span class='ocrx_word' id='word_1_242' title='bbox 632 1379 689 1414; x_wconf 86' lang='lat' dir='ltr'><strong>ipsa</strong></span> <span class='ocrx_word' id='word_1_243' title='bbox 711 1385 884 1414; x_wconf 86' lang='lat' dir='ltr'><strong>spectantur:</strong></span> <span class='ocrx_word' id='word_1_244' title='bbox 898 1380 952 1414; x_wconf 91' lang='lat' dir='ltr'><strong>pri-</strong></span> 
     </span>
    </p>
   </div>
   <div class='ocr_carea' id='block_1_32' title="bbox 165 1425 952 1461">
    <p class='ocr_par' dir='ltr' id='par_1_32' title="bbox 165 1425 952 1461">
     <span class='ocr_line' id='line_1_32' title="bbox 165 1425 952 1461; baseline 0.001 -10"><span class='ocrx_word' id='word_1_245' title='bbox 165 1433 239 1452; x_wconf 73' lang='lat' dir='ltr'><strong>mum</strong></span> <span class='ocrx_word' id='word_1_246' title='bbox 256 1426 375 1459; x_wconf 80' lang='lat' dir='ltr'><strong>quidem,</strong></span> <span class='ocrx_word' id='word_1_247' title='bbox 385 1426 447 1461; x_wconf 86' lang='lat' dir='ltr'><strong>quia</strong></span> <span class='ocrx_word' id='word_1_248' title='bbox 461 1431 556 1453; x_wconf 76' lang='lat' dir='ltr'><strong>natura</strong></span> <span class='ocrx_word' id='word_1_249' title='bbox 568 1425 762 1459; x_wconf 78' lang='lat' dir='ltr'><strong>tliﬂ&#39;erontium,</strong></span> <span class='ocrx_word' id='word_1_250' title='bbox 774 1426 952 1459; x_wconf 86' lang='lat' dir='ltr'><strong>quantitatem</strong></span> 
     </span>
    </p>
   </div>
   <div class='ocr_carea' id='block_1_33' title="bbox 165 1471 953 1506">
    <p class='ocr_par' dir='ltr' id='par_1_33' title="bbox 165 1471 953 1506">
     <span class='ocr_line' id='line_1_33' title="bbox 165 1471 953 1506; baseline 0.004 -10"><span class='ocrx_word' id='word_1_251' title='bbox 165 1474 192 1497; x_wconf 87' lang='lat' dir='ltr'><strong>ct</strong></span> <span class='ocrx_word' id='word_1_252' title='bbox 208 1478 352 1497; x_wconf 78' lang='lat' dir='ltr'><strong>numerum</strong></span> <span class='ocrx_word' id='word_1_253' title='bbox 369 1471 472 1498; x_wconf 84' lang='lat' dir='ltr'><strong>inducit</strong></span> <span class='ocrx_word' id='word_1_254' title='bbox 485 1471 510 1498; x_wconf 94' lang='lat' dir='ltr'><strong>in</strong></span> <span class='ocrx_word' id='word_1_255' title='bbox 523 1472 686 1506; x_wconf 87' lang='lat' dir='ltr'><strong>sitnplici,et</strong></span> <span class='ocrx_word' id='word_1_256' title='bbox 700 1471 758 1498; x_wconf 83' lang='lat' dir='ltr'><strong>sine</strong></span> <span class='ocrx_word' id='word_1_257' title='bbox 780 1471 953 1506; x_wconf 75' lang='lat' dir='ltr'><strong>confusione,</strong></span> 
     </span>
    </p>
   </div>
   <div class='ocr_carea' id='block_1_34' title="bbox 1009 240 1800 277">
    <p class='ocr_par' dir='ltr' id='par_1_34' title="bbox 1009 240 1800 277">
     <span class='ocr_line' id='line_1_34' title="bbox 1009 240 1800 277; baseline 0.004 -12"><span class='ocrx_word' id='word_1_258' title='bbox 1009 241 1126 266; x_wconf 87' lang='lat' dir='ltr'><strong>medium</strong></span> <span class='ocrx_word' id='word_1_259' title='bbox 1145 240 1258 273; x_wconf 80' lang='lat' dir='ltr'><strong>habens,</strong></span> <span class='ocrx_word' id='word_1_260' title='bbox 1280 249 1328 268; x_wconf 86' lang='lat' dir='ltr'><strong>nec</strong></span> <span class='ocrx_word' id='word_1_261' title='bbox 1347 242 1372 269; x_wconf 93' lang='lat' dir='ltr'><strong>in</strong></span> <span class='ocrx_word' id='word_1_262' title='bbox 1395 242 1520 277; x_wconf 88' lang='lat' dir='ltr'><strong>quopiam</strong></span> <span class='ocrx_word' id='word_1_263' title='bbox 1534 250 1626 270; x_wconf 83' lang='lat' dir='ltr'><strong>eorum</strong></span> <span class='ocrx_word' id='word_1_264' title='bbox 1647 250 1708 276; x_wconf 62' lang='lat' dir='ltr'><strong>qua:</strong></span> <span class='ocrx_word' id='word_1_265' title='bbox 1721 249 1800 273; x_wconf 81' lang='lat' dir='ltr'><strong>sunt.</strong></span> 
     </span>
    </p>
   </div>
   <div class='ocr_carea' id='block_1_35' title="bbox 1008 287 1799 323">
    <p class='ocr_par' dir='ltr' id='par_1_35' title="bbox 1008 287 1799 323">
     <span class='ocr_line' id='line_1_35' title="bbox 1008 287 1799 323; baseline 0.004 -11"><span class='ocrx_word' id='word_1_266' title='bbox 1008 290 1066 319; x_wconf 87' lang='lat' dir='ltr'><strong>est;</strong></span> <span class='ocrx_word' id='word_1_267' title='bbox 1080 293 1167 320; x_wconf 89' lang='lat' dir='ltr'><strong>neque</strong></span> <span class='ocrx_word' id='word_1_268' title='bbox 1182 287 1329 322; x_wconf 86' lang='lat' dir='ltr'><strong>quidquam</strong></span> <span class='ocrx_word' id='word_1_269' title='bbox 1346 295 1439 316; x_wconf 87' lang='lat' dir='ltr'><strong>eorum</strong></span> <span class='ocrx_word' id='word_1_270' title='bbox 1458 292 1518 320; x_wconf 84' lang='lat' dir='ltr'><strong>est;</strong></span> <span class='ocrx_word' id='word_1_271' title='bbox 1540 295 1626 322; x_wconf 88' lang='lat' dir='ltr'><strong>neque</strong></span> <span class='ocrx_word' id='word_1_272' title='bbox 1649 289 1758 323; x_wconf 80' lang='lat' dir='ltr'><strong>penitus</strong></span> <span class='ocrx_word' id='word_1_273' title='bbox 1772 290 1799 316; x_wconf 90' lang='lat' dir='ltr'><strong>ci</strong></span> 
     </span>
    </p>
   </div>
   <div class='ocr_carea' id='block_1_36' title="bbox 1009 333 1801 369">
    <p class='ocr_par' dir='ltr' id='par_1_36' title="bbox 1009 333 1801 369">
     <span class='ocr_line' id='line_1_36' title="bbox 1009 333 1801 369; baseline 0.003 -10"><span class='ocrx_word' id='word_1_274' title='bbox 1009 333 1135 360; x_wconf 86' lang='lat' dir='ltr'><strong>convenit</strong></span> <span class='ocrx_word' id='word_1_275' title='bbox 1149 333 1295 367; x_wconf 85' lang='lat' dir='ltr'><strong>quidquam</strong></span> <span class='ocrx_word' id='word_1_276' title='bbox 1309 341 1403 361; x_wconf 91' lang='lat' dir='ltr'><strong>eorum</strong></span> <span class='ocrx_word' id='word_1_277' title='bbox 1421 341 1481 369; x_wconf 62' lang='lat' dir='ltr'><strong>qua:</strong></span> <span class='ocrx_word' id='word_1_278' title='bbox 1498 333 1524 361; x_wconf 91' lang='lat' dir='ltr'><strong>in</strong></span> <span class='ocrx_word' id='word_1_279' title='bbox 1538 341 1596 361; x_wconf 67' lang='lat' dir='ltr'><strong>aevo</strong></span> <span class='ocrx_word' id='word_1_280' title='bbox 1616 339 1664 361; x_wconf 89' lang='lat' dir='ltr'><strong>aut</strong></span> <span class='ocrx_word' id='word_1_281' title='bbox 1679 335 1705 361; x_wconf 91' lang='lat' dir='ltr'><strong>in</strong></span> <span class='ocrx_word' id='word_1_282' title='bbox 1728 340 1801 361; x_wconf 86' lang='lat' dir='ltr'><strong>teru-</strong></span> 
     </span>
    </p>
   </div>
   <div class='ocr_carea' id='block_1_37' title="bbox 1008 379 1800 415">
    <p class='ocr_par' dir='ltr' id='par_1_37' title="bbox 1008 379 1800 415">
     <span class='ocr_line' id='line_1_37' title="bbox 1008 379 1800 415; baseline 0.005 -11"><span class='ocrx_word' id='word_1_283' title='bbox 1008 386 1072 412; x_wconf 79' lang='lat' dir='ltr'><strong>pore</strong></span> <span class='ocrx_word' id='word_1_284' title='bbox 1085 379 1235 413; x_wconf 83' lang='lat' dir='ltr'><strong>exsistunt;</strong></span> <span class='ocrx_word' id='word_1_285' title='bbox 1252 380 1317 415; x_wconf 89' lang='lat' dir='ltr'><strong>quin</strong></span> <span class='ocrx_word' id='word_1_286' title='bbox 1336 380 1426 415; x_wconf 81' lang='lat' dir='ltr'><strong>potius</strong></span> <span class='ocrx_word' id='word_1_287' title='bbox 1438 385 1515 408; x_wconf 80' lang='lat' dir='ltr'><strong>extra</strong></span> <span class='ocrx_word' id='word_1_288' title='bbox 1533 385 1652 415; x_wconf 81' lang='lat' dir='ltr'><strong>tempus,</strong></span> <span class='ocrx_word' id='word_1_289' title='bbox 1665 386 1690 408; x_wconf 87' lang='lat' dir='ltr'><strong>et</strong></span> <span class='ocrx_word' id='word_1_290' title='bbox 1708 388 1800 408; x_wconf 76' lang='lat' dir='ltr'><strong>saecu-</strong></span> 
     </span>
    </p>
   </div>
   <div class='ocr_carea' id='block_1_38' title="bbox 1007 425 1800 462">
    <p class='ocr_par' dir='ltr' id='par_1_38' title="bbox 1007 425 1800 462">
     <span class='ocr_line' id='line_1_38' title="bbox 1007 425 1800 462; baseline 0.004 -11"><span class='ocrx_word' id='word_1_291' title='bbox 1007 425 1072 457; x_wconf 90' lang='lat' dir='ltr'><strong>lum,</strong></span> <span class='ocrx_word' id='word_1_292' title='bbox 1097 425 1154 453; x_wconf 93' lang='lat' dir='ltr'><strong>sive</strong></span> <span class='ocrx_word' id='word_1_293' title='bbox 1176 432 1274 462; x_wconf 79' lang='lat' dir='ltr'><strong>tevum,</strong></span> <span class='ocrx_word' id='word_1_294' title='bbox 1298 430 1325 453; x_wconf 91' lang='lat' dir='ltr'><strong>et</strong></span> <span class='ocrx_word' id='word_1_295' title='bbox 1347 430 1423 454; x_wconf 88' lang='lat' dir='ltr'><strong>extra</strong></span> <span class='ocrx_word' id='word_1_296' title='bbox 1440 426 1531 453; x_wconf 92' lang='lat' dir='ltr'><strong>omnia</strong></span> <span class='ocrx_word' id='word_1_297' title='bbox 1556 434 1614 461; x_wconf 66' lang='lat' dir='ltr'><strong>quae</strong></span> <span class='ocrx_word' id='word_1_298' title='bbox 1633 428 1659 454; x_wconf 89' lang='lat' dir='ltr'><strong>in</strong></span> <span class='ocrx_word' id='word_1_299' title='bbox 1682 428 1800 459; x_wconf 65' lang='lat' dir='ltr'><strong>saeculo,</strong></span> 
     </span>
    </p>
   </div>
   <div class='ocr_carea' id='block_1_39' title="bbox 1007 471 1800 506">
    <p class='ocr_par' dir='ltr' id='par_1_39' title="bbox 1007 471 1800 506">
     <span class='ocr_line' id='line_1_39' title="bbox 1007 471 1800 506; baseline 0.005 -11"><span class='ocrx_word' id='word_1_300' title='bbox 1007 474 1052 497; x_wconf 88' lang='lat' dir='ltr'><strong>aut</strong></span> <span class='ocrx_word' id='word_1_301' title='bbox 1068 474 1189 504; x_wconf 89' lang='lat' dir='ltr'><strong>tempore</strong></span> <span class='ocrx_word' id='word_1_302' title='bbox 1204 474 1278 502; x_wconf 85' lang='lat' dir='ltr'><strong>sunt,</strong></span> <span class='ocrx_word' id='word_1_303' title='bbox 1291 474 1332 498; x_wconf 89' lang='lat' dir='ltr'><strong>est</strong></span> <span class='ocrx_word' id='word_1_304' title='bbox 1345 480 1352 504; x_wconf 90' lang='lat'><strong>;</strong></span> <span class='ocrx_word' id='word_1_305' title='bbox 1365 471 1428 506; x_wconf 87' lang='lat' dir='ltr'><strong>quia</strong></span> <span class='ocrx_word' id='word_1_306' title='bbox 1444 471 1531 505; x_wconf 86' lang='lat' dir='ltr'><strong>ipsum</strong></span> <span class='ocrx_word' id='word_1_307' title='bbox 1547 479 1595 506; x_wconf 88' lang='lat' dir='ltr'><strong>per</strong></span> <span class='ocrx_word' id='word_1_308' title='bbox 1609 479 1638 499; x_wconf 88' lang='lat' dir='ltr'><strong>se</strong></span> <span class='ocrx_word' id='word_1_309' title='bbox 1652 480 1752 504; x_wconf 54' lang='lat' dir='ltr'><strong>aevum,</strong></span> <span class='ocrx_word' id='word_1_310' title='bbox 1769 477 1800 500; x_wconf 77' lang='lat' dir='ltr'><strong>ct</strong></span> 
     </span>
    </p>
   </div>
   <div class='ocr_carea' id='block_1_40' title="bbox 1008 516 1802 553">
    <p class='ocr_par' dir='ltr' id='par_1_40' title="bbox 1008 516 1802 553">
     <span class='ocr_line' id='line_1_40' title="bbox 1008 516 1802 553; baseline 0.006 -12"><span class='ocrx_word' id='word_1_311' title='bbox 1008 516 1095 548; x_wconf 69' lang='lat' dir='ltr'><strong>ipsum</strong></span> <span class='ocrx_word' id='word_1_312' title='bbox 1112 523 1161 551; x_wconf 81' lang='lat' dir='ltr'><strong>per</strong></span> <span class='ocrx_word' id='word_1_313' title='bbox 1176 523 1205 544; x_wconf 88' lang='lat' dir='ltr'><strong>se</strong></span> <span class='ocrx_word' id='word_1_314' title='bbox 1226 520 1344 551; x_wconf 82' lang='lat' dir='ltr'><strong>tempus,</strong></span> <span class='ocrx_word' id='word_1_315' title='bbox 1358 521 1384 545; x_wconf 92' lang='lat' dir='ltr'><strong>et</strong></span> <span class='ocrx_word' id='word_1_316' title='bbox 1400 524 1461 552; x_wconf 62' lang='lat' dir='ltr'><strong>quae</strong></span> <span class='ocrx_word' id='word_1_317' title='bbox 1474 522 1547 550; x_wconf 86' lang='lat' dir='ltr'><strong>sunt,</strong></span> <span class='ocrx_word' id='word_1_318' title='bbox 1560 521 1587 545; x_wconf 88' lang='lat' dir='ltr'><strong>et</strong></span> <span class='ocrx_word' id='word_1_319' title='bbox 1602 526 1662 552; x_wconf 65' lang='lat' dir='ltr'><strong>quae</strong></span> <span class='ocrx_word' id='word_1_320' title='bbox 1675 519 1720 546; x_wconf 87' lang='lat' dir='ltr'><strong>illa</strong></span> <span class='ocrx_word' id='word_1_321' title='bbox 1736 526 1802 553; x_wconf 66' lang='lat' dir='ltr'><strong>qua:</strong></span> 
     </span>
    </p>
   </div>
   <div class='ocr_carea' id='block_1_41' title="bbox 1007 562 1803 598">
    <p class='ocr_par' dir='ltr' id='par_1_41' title="bbox 1007 562 1803 598">
     <span class='ocr_line' id='line_1_41' title="bbox 1007 562 1803 598; baseline 0.005 -10"><span class='ocrx_word' id='word_1_322' title='bbox 1007 566 1080 592; x_wconf 84' lang='lat' dir='ltr'><strong>sunt,</strong></span> <span class='ocrx_word' id='word_1_323' title='bbox 1098 562 1258 594; x_wconf 87' lang='lat' dir='ltr'><strong>metiuntttr,</strong></span> <span class='ocrx_word' id='word_1_324' title='bbox 1270 563 1362 590; x_wconf 86' lang='lat' dir='ltr'><strong>omnia</strong></span> <span class='ocrx_word' id='word_1_325' title='bbox 1379 570 1426 596; x_wconf 85' lang='lat' dir='ltr'><strong>per</strong></span> <span class='ocrx_word' id='word_1_326' title='bbox 1441 563 1542 598; x_wconf 89' lang='lat' dir='ltr'><strong>ipsum,</strong></span> <span class='ocrx_word' id='word_1_327' title='bbox 1556 569 1582 591; x_wconf 89' lang='lat' dir='ltr'><strong>et</strong></span> <span class='ocrx_word' id='word_1_328' title='bbox 1596 565 1628 590; x_wconf 89' lang='lat' dir='ltr'><strong>ab</strong></span> <span class='ocrx_word' id='word_1_329' title='bbox 1643 564 1711 598; x_wconf 86' lang='lat' dir='ltr'><strong>ipso.</strong></span> <span class='ocrx_word' id='word_1_330' title='bbox 1727 565 1803 592; x_wconf 77' lang='lat' dir='ltr'><strong>San-</strong></span> 
     </span>
    </p>
   </div>
   <div class='ocr_carea' id='block_1_42' title="bbox 1007 609 1799 646">
    <p class='ocr_par' dir='ltr' id='par_1_42' title="bbox 1007 609 1799 646">
     <span class='ocr_line' id='line_1_42' title="bbox 1007 609 1799 646; baseline 0.008 -13"><span class='ocrx_word' id='word_1_331' title='bbox 1007 613 1065 634; x_wconf 77' lang='lat' dir='ltr'><strong>ctus</strong></span> <span class='ocrx_word' id='word_1_332' title='bbox 1086 609 1228 643; x_wconf 79' lang='lat' dir='ltr'><strong>Maximus,</strong></span> <span class='ocrx_word' id='word_1_333' title='bbox 1240 610 1266 637; x_wconf 92' lang='lat' dir='ltr'><strong>in</strong></span> <span class='ocrx_word' id='word_1_334' title='bbox 1278 610 1400 637; x_wconf 89' lang='lat' dir='ltr'><strong>centuria</strong></span> <span class='ocrx_word' id='word_1_335' title='bbox 1412 610 1510 644; x_wconf 91' lang='lat' dir='ltr'><strong>prima,</strong></span> <span class='ocrx_word' id='word_1_336' title='bbox 1524 619 1583 646; x_wconf 82' lang='lat' dir='ltr'><strong>cap.</strong></span> <span class='ocrx_word' id='word_1_337' title='bbox 1593 611 1621 644; x_wconf 88' lang='lat'><strong>7,</strong></span> <span class='ocrx_word' id='word_1_338' title='bbox 1638 612 1694 639; x_wconf 81' lang='lat' dir='ltr'><strong>ait:</strong></span> <span class='ocrx_word' id='word_1_339' title='bbox 1707 611 1799 639; x_wconf 81' lang='lat' dir='ltr'><strong>Omne</strong></span> 
     </span>
    </p>
   </div>
   <div class='ocr_carea' id='block_1_43' title="bbox 1006 655 1801 692">
    <p class='ocr_par' dir='ltr' id='par_1_43' title="bbox 1006 655 1801 692">
     <span class='ocr_line' id='line_1_43' title="bbox 1006 655 1801 692; baseline 0.006 -12"><span class='ocrx_word' id='word_1_340' title='bbox 1006 655 1165 689; x_wconf 81' lang='lat' dir='ltr'><strong>principium</strong></span> <span class='ocrx_word' id='word_1_341' title='bbox 1190 660 1217 682; x_wconf 88' lang='lat' dir='ltr'><strong>ct</strong></span> <span class='ocrx_word' id='word_1_342' title='bbox 1236 655 1366 689; x_wconf 90' lang='lat' dir='ltr'><strong>medium,</strong></span> <span class='ocrx_word' id='word_1_343' title='bbox 1381 661 1408 683; x_wconf 89' lang='lat' dir='ltr'><strong>et</strong></span> <span class='ocrx_word' id='word_1_344' title='bbox 1432 656 1492 684; x_wconf 88' lang='lat' dir='ltr'><strong>linis</strong></span> <span class='ocrx_word' id='word_1_345' title='bbox 1520 664 1573 684; x_wconf 93' lang='lat' dir='ltr'><strong>non</strong></span> <span class='ocrx_word' id='word_1_346' title='bbox 1597 665 1801 692; x_wconf 79' lang='lat' dir='ltr'><strong>usquequaque</strong></span> 
     </span>
    </p>
   </div>
   <div class='ocr_carea' id='block_1_44' title="bbox 1007 700 1799 736">
    <p class='ocr_par' dir='ltr' id='par_1_44' title="bbox 1007 700 1799 736">
     <span class='ocr_line' id='line_1_44' title="bbox 1007 700 1799 736; baseline 0.001 -10"><span class='ocrx_word' id='word_1_347' title='bbox 1007 705 1105 733; x_wconf 73' lang='lat' dir='ltr'><strong>negant</strong></span> <span class='ocrx_word' id='word_1_348' title='bbox 1129 701 1193 735; x_wconf 89' lang='lat' dir='ltr'><strong>quin</strong></span> <span class='ocrx_word' id='word_1_349' title='bbox 1217 701 1364 728; x_wconf 87' lang='lat' dir='ltr'><strong>secundum</strong></span> <span class='ocrx_word' id='word_1_350' title='bbox 1391 700 1575 728; x_wconf 82' lang='lat' dir='ltr'><strong>habitudinem</strong></span> <span class='ocrx_word' id='word_1_351' title='bbox 1600 702 1799 736; x_wconf 62' lang='lat' dir='ltr'><strong>pradicentur,</strong></span> 
     </span>
    </p>
   </div>
   <div class='ocr_carea' id='block_1_45' title="bbox 1007 746 1801 775">
    <p class='ocr_par' dir='ltr' id='par_1_45' title="bbox 1007 746 1801 775">
     <span class='ocr_line' id='line_1_45' title="bbox 1007 746 1801 775; baseline 0.003 -2"><span class='ocrx_word' id='word_1_352' title='bbox 1007 746 1076 774; x_wconf 83' lang='lat' dir='ltr'><strong>Deus</strong></span> <span class='ocrx_word' id='word_1_353' title='bbox 1092 751 1182 774; x_wconf 88' lang='lat' dir='ltr'><strong>atttem</strong></span> <span class='ocrx_word' id='word_1_354' title='bbox 1200 748 1225 774; x_wconf 89' lang='lat' dir='ltr'><strong>in</strong></span> <span class='ocrx_word' id='word_1_355' title='bbox 1244 746 1398 774; x_wconf 87' lang='lat' dir='ltr'><strong>universum</strong></span> <span class='ocrx_word' id='word_1_356' title='bbox 1413 748 1486 774; x_wconf 89' lang='lat' dir='ltr'><strong>omni</strong></span> <span class='ocrx_word' id='word_1_357' title='bbox 1513 747 1670 774; x_wconf 72' lang='lat' dir='ltr'><strong>habitudine</strong></span> <span class='ocrx_word' id='word_1_358' title='bbox 1687 748 1801 775; x_wconf 82' lang='lat' dir='ltr'><strong>inﬁnite</strong></span> 
     </span>
    </p>
   </div>
   <div class='ocr_carea' id='block_1_46' title="bbox 1006 792 1798 827">
    <p class='ocr_par' dir='ltr' id='par_1_46' title="bbox 1006 792 1798 827">
     <span class='ocr_line' id='line_1_46' title="bbox 1006 792 1798 827; baseline 0.001 -8"><span class='ocrx_word' id='word_1_359' title='bbox 1006 792 1032 819; x_wconf 87' lang='lat' dir='ltr'><strong>itt</strong></span> <span class='ocrx_word' id='word_1_360' title='bbox 1055 793 1189 820; x_wconf 78' lang='lat' dir='ltr'><strong>infinitum</strong></span> <span class='ocrx_word' id='word_1_361' title='bbox 1214 793 1338 827; x_wconf 88' lang='lat' dir='ltr'><strong>superior</strong></span> <span class='ocrx_word' id='word_1_362' title='bbox 1363 800 1424 820; x_wconf 92' lang='lat' dir='ltr'><strong>cum</strong></span> <span class='ocrx_word' id='word_1_363' title='bbox 1451 793 1496 825; x_wconf 91' lang='lat' dir='ltr'><strong>sit,</strong></span> <span class='ocrx_word' id='word_1_364' title='bbox 1516 799 1733 821; x_wconf 80' lang='lat' dir='ltr'><strong>consentaneum</strong></span> <span class='ocrx_word' id='word_1_365' title='bbox 1753 800 1798 821; x_wconf 83' lang='lat' dir='ltr'><strong>est</strong></span> 
     </span>
    </p>
   </div>
   <div class='ocr_carea' id='block_1_47' title="bbox 1006 837 1798 874">
    <p class='ocr_par' dir='ltr' id='par_1_47' title="bbox 1006 837 1798 874">
     <span class='ocr_line' id='line_1_47' title="bbox 1006 837 1798 874; baseline 0.003 -9"><span class='ocrx_word' id='word_1_366' title='bbox 1006 842 1035 865; x_wconf 86' lang='grc' dir='ltr'><strong>ιιι</strong></span> <span class='ocrx_word' id='word_1_367' title='bbox 1061 845 1147 872; x_wconf 89' lang='lat' dir='ltr'><strong>neque</strong></span> <span class='ocrx_word' id='word_1_368' title='bbox 1165 837 1337 872; x_wconf 84' lang='lat' dir='ltr'><strong>principium,</strong></span> <span class='ocrx_word' id='word_1_369' title='bbox 1357 846 1444 873; x_wconf 87' lang='lat' dir='ltr'><strong>neque</strong></span> <span class='ocrx_word' id='word_1_370' title='bbox 1469 838 1600 871; x_wconf 87' lang='lat' dir='ltr'><strong>tnediuttt,</strong></span> <span class='ocrx_word' id='word_1_371' title='bbox 1625 847 1713 874; x_wconf 91' lang='lat' dir='ltr'><strong>neque</strong></span> <span class='ocrx_word' id='word_1_372' title='bbox 1731 840 1798 867; x_wconf 86' lang='lat' dir='ltr'><strong>linis</strong></span> 
     </span>
    </p>
   </div>
   <div class='ocr_carea' id='block_1_48' title="bbox 1005 883 1802 919">
    <p class='ocr_par' dir='ltr' id='par_1_48' title="bbox 1005 883 1802 919">
     <span class='ocr_line' id='line_1_48' title="bbox 1005 883 1802 919; baseline 0 -8"><span class='ocrx_word' id='word_1_373' title='bbox 1005 885 1057 916; x_wconf 80' lang='lat' dir='ltr'><strong>sit;</strong></span> <span class='ocrx_word' id='word_1_374' title='bbox 1076 891 1163 918; x_wconf 89' lang='lat' dir='ltr'><strong>neque</strong></span> <span class='ocrx_word' id='word_1_375' title='bbox 1177 883 1323 918; x_wconf 87' lang='lat' dir='ltr'><strong>quidqttatu</strong></span> <span class='ocrx_word' id='word_1_376' title='bbox 1341 883 1452 911; x_wconf 91' lang='lat' dir='ltr'><strong>omnino</strong></span> <span class='ocrx_word' id='word_1_377' title='bbox 1470 883 1551 911; x_wconf 87' lang='lat' dir='ltr'><strong>habet</strong></span> <span class='ocrx_word' id='word_1_378' title='bbox 1565 890 1672 917; x_wconf 92' lang='lat' dir='ltr'><strong>eorum,</strong></span> <span class='ocrx_word' id='word_1_379' title='bbox 1696 884 1723 910; x_wconf 90' lang='lat' dir='ltr'><strong>in</strong></span> <span class='ocrx_word' id='word_1_380' title='bbox 1736 885 1802 919; x_wconf 85' lang='lat' dir='ltr'><strong>qui-</strong></span> 
     </span>
    </p>
   </div>
   <div class='ocr_carea' id='block_1_49' title="bbox 1005 925 1809 965">
    <p class='ocr_par' dir='ltr' id='par_1_49' title="bbox 1005 925 1809 965">
     <span class='ocr_line' id='line_1_49' title="bbox 1005 925 1809 965; baseline -0.001 -8"><span class='ocrx_word' id='word_1_381' title='bbox 1005 930 1055 957; x_wconf 91' lang='lat' dir='ltr'><strong>bus</strong></span> <span class='ocrx_word' id='word_1_382' title='bbox 1081 935 1176 957; x_wconf 87' lang='lat' dir='ltr'><strong>natura</strong></span> <span class='ocrx_word' id='word_1_383' title='bbox 1197 925 1346 958; x_wconf 88' lang='lat' dir='ltr'><strong>secundum</strong></span> <span class='ocrx_word' id='word_1_384' title='bbox 1374 929 1559 957; x_wconf 86' lang='lat' dir='ltr'><strong>habitudinem</strong></span> <span class='ocrx_word' id='word_1_385' title='bbox 1587 930 1744 965; x_wconf 72' lang='lat' dir='ltr'><strong>przedicatio</strong></span> <span class='ocrx_word' id='word_1_386' title='bbox 1761 930 1809 957; x_wconf 80' lang='lat' dir='ltr'><strong>ad.</strong></span> 
     </span>
    </p>
   </div>
   <div class='ocr_carea' id='block_1_50' title="bbox 1005 972 1794 1011">
    <p class='ocr_par' dir='ltr' id='par_1_50' title="bbox 1005 972 1794 1011">
     <span class='ocr_line' id='line_1_50' title="bbox 1005 972 1794 1011; baseline 0 -9"><span class='ocrx_word' id='word_1_387' title='bbox 1005 975 1107 1011; x_wconf 81' lang='lat' dir='ltr'><strong>aliquid</strong></span> <span class='ocrx_word' id='word_1_388' title='bbox 1126 976 1200 1003; x_wconf 88' lang='lat' dir='ltr'><strong>cerni</strong></span> <span class='ocrx_word' id='word_1_389' title='bbox 1217 980 1314 1011; x_wconf 85' lang='lat' dir='ltr'><strong>potest.</strong></span> <span class='ocrx_word' id='word_1_390' title='bbox 1331 972 1403 1003; x_wconf 77' lang='lat' dir='ltr'><strong>Idem</strong></span> <span class='ocrx_word' id='word_1_391' title='bbox 1421 976 1446 1002; x_wconf 93' lang='lat' dir='ltr'><strong>in</strong></span> <span class='ocrx_word' id='word_1_392' title='bbox 1462 975 1558 1003; x_wconf 85' lang='lat' dir='ltr'><strong>eadem</strong></span> <span class='ocrx_word' id='word_1_393' title='bbox 1571 976 1709 1006; x_wconf 88' lang='lat' dir='ltr'><strong>centuria.</strong></span> <span class='ocrx_word' id='word_1_394' title='bbox 1730 984 1794 1011; x_wconf 90' lang='lat' dir='ltr'><strong>cap.</strong></span> 
     </span>
    </p>
   </div>
   <div class='ocr_carea' id='block_1_51' title="bbox 1005 1022 1798 1057">
    <p class='ocr_par' dir='ltr' id='par_1_51' title="bbox 1005 1022 1798 1057">
     <span class='ocr_line' id='line_1_51' title="bbox 1005 1022 1798 1057; baseline 0 -8"><span class='ocrx_word' id='word_1_395' title='bbox 1005 1022 1039 1050; x_wconf 72' lang='lat'><strong>82</strong></span> <span class='ocrx_word' id='word_1_396' title='bbox 1055 1032 1061 1049; x_wconf 86' lang='lat'>:</span> <span class='ocrx_word' id='word_1_397' title='bbox 1079 1022 1175 1050; x_wconf 91' lang='lat' dir='ltr'><strong>Omnis</strong></span> <span class='ocrx_word' id='word_1_398' title='bbox 1191 1023 1309 1057; x_wconf 78' lang='lat' dir='ltr'><strong>cognitio</strong></span> <span class='ocrx_word' id='word_1_399' title='bbox 1323 1022 1405 1049; x_wconf 82' lang='lat' dir='ltr'><strong>habet</strong></span> <span class='ocrx_word' id='word_1_400' title='bbox 1421 1022 1648 1057; x_wconf 78' lang='lat' dir='ltr'><strong>signiﬁcationem</strong></span> <span class='ocrx_word' id='word_1_401' title='bbox 1668 1022 1798 1049; x_wconf 83' lang='lat' dir='ltr'><strong>multitu—</strong></span> 
     </span>
    </p>
   </div>
   <div class='ocr_carea' id='block_1_52' title="bbox 1005 1066 1797 1100">
    <p class='ocr_par' dir='ltr' id='par_1_52' title="bbox 1005 1066 1797 1100">
     <span class='ocr_line' id='line_1_52' title="bbox 1005 1066 1797 1100; baseline 0 -6"><span class='ocrx_word' id='word_1_402' title='bbox 1005 1067 1076 1095; x_wconf 89' lang='lat' dir='ltr'><strong>dinis</strong></span> <span class='ocrx_word' id='word_1_403' title='bbox 1089 1072 1117 1094; x_wconf 90' lang='lat' dir='ltr'><strong>ut</strong></span> <span class='ocrx_word' id='word_1_404' title='bbox 1133 1067 1273 1095; x_wconf 85' lang='lat' dir='ltr'><strong>minimum</strong></span> <span class='ocrx_word' id='word_1_405' title='bbox 1293 1067 1428 1100; x_wconf 85' lang='lat' dir='ltr'><strong>duorum;</strong></span> <span class='ocrx_word' id='word_1_406' title='bbox 1454 1066 1542 1094; x_wconf 89' lang='lat' dir='ltr'><strong>media</strong></span> <span class='ocrx_word' id='word_1_407' title='bbox 1565 1067 1639 1094; x_wconf 91' lang='lat' dir='ltr'><strong>cnim</strong></span> <span class='ocrx_word' id='word_1_408' title='bbox 1657 1071 1698 1095; x_wconf 85' lang='lat' dir='ltr'><strong>est</strong></span> <span class='ocrx_word' id='word_1_409' title='bbox 1715 1068 1797 1094; x_wconf 82' lang='lat' dir='ltr'><strong>habi—</strong></span> 
     </span>
    </p>
   </div>
   <div class='ocr_carea' id='block_1_53' title="bbox 1007 1113 1800 1148">
    <p class='ocr_par' dir='ltr' id='par_1_53' title="bbox 1007 1113 1800 1148">
     <span class='ocr_line' id='line_1_53' title="bbox 1007 1113 1800 1148; baseline -0.001 -7"><span class='ocrx_word' id='word_1_410' title='bbox 1007 1115 1070 1141; x_wconf 80' lang='lat' dir='ltr'><strong>tudo</strong></span> <span class='ocrx_word' id='word_1_411' title='bbox 1081 1115 1195 1141; x_wconf 86' lang='lat' dir='ltr'><strong>duorum</strong></span> <span class='ocrx_word' id='word_1_412' title='bbox 1215 1117 1410 1145; x_wconf 85' lang='lat' dir='ltr'><strong>extremorum,</strong></span> <span class='ocrx_word' id='word_1_413' title='bbox 1425 1120 1486 1148; x_wconf 70' lang='lat' dir='ltr'><strong>qua:</strong></span> <span class='ocrx_word' id='word_1_414' title='bbox 1502 1113 1573 1141; x_wconf 89' lang='lat' dir='ltr'><strong>inter</strong></span> <span class='ocrx_word' id='word_1_415' title='bbox 1587 1121 1616 1141; x_wconf 82' lang='lat' dir='ltr'><strong>se</strong></span> <span class='ocrx_word' id='word_1_416' title='bbox 1627 1113 1736 1148; x_wconf 87' lang='lat' dir='ltr'><strong>copulat</strong></span> <span class='ocrx_word' id='word_1_417' title='bbox 1754 1113 1800 1140; x_wconf 83' lang='lat' dir='ltr'><strong>iu-</strong></span> 
     </span>
    </p>
   </div>
   <div class='ocr_carea' id='block_1_54' title="bbox 1007 1159 1797 1196">
    <p class='ocr_par' dir='ltr' id='par_1_54' title="bbox 1007 1159 1797 1196">
     <span class='ocr_line' id='line_1_54' title="bbox 1007 1159 1797 1196; baseline -0.001 -9"><span class='ocrx_word' id='word_1_418' title='bbox 1007 1161 1186 1196; x_wconf 67' lang='lat' dir='ltr'><strong>tclligentcm,</strong></span> <span class='ocrx_word' id='word_1_419' title='bbox 1208 1165 1234 1188; x_wconf 88' lang='lat' dir='ltr'><strong>et</strong></span> <span class='ocrx_word' id='word_1_420' title='bbox 1266 1167 1322 1188; x_wconf 86' lang='lat' dir='ltr'><strong>rem</strong></span> <span class='ocrx_word' id='word_1_421' title='bbox 1353 1159 1544 1187; x_wconf 91' lang='lat' dir='ltr'><strong>intellectam:</strong></span> <span class='ocrx_word' id='word_1_422' title='bbox 1564 1164 1690 1186; x_wconf 90' lang='lat' dir='ltr'><strong>neutrum</strong></span> <span class='ocrx_word' id='word_1_423' title='bbox 1721 1160 1797 1187; x_wconf 76' lang='lat' dir='ltr'><strong>enim</strong></span> 
     </span>
    </p>
   </div>
   <div class='ocr_carea' id='block_1_55' title="bbox 1007 1205 1796 1241">
    <p class='ocr_par' dir='ltr' id='par_1_55' title="bbox 1007 1205 1796 1241">
     <span class='ocr_line' id='line_1_55' title="bbox 1007 1205 1796 1241; baseline -0.001 -7"><span class='ocrx_word' id='word_1_424' title='bbox 1007 1210 1093 1241; x_wconf 88' lang='lat' dir='ltr'><strong>potest</strong></span> <span class='ocrx_word' id='word_1_425' title='bbox 1104 1213 1299 1241; x_wconf 83' lang='lat' dir='ltr'><strong>usquequaque</strong></span> <span class='ocrx_word' id='word_1_426' title='bbox 1309 1212 1419 1233; x_wconf 84' lang='lat' dir='ltr'><strong>servare</strong></span> <span class='ocrx_word' id='word_1_427' title='bbox 1432 1205 1645 1240; x_wconf 85' lang='lat' dir='ltr'><strong>simplicitatem,</strong></span> <span class='ocrx_word' id='word_1_428' title='bbox 1660 1206 1721 1241; x_wconf 83' lang='lat' dir='ltr'><strong>quia</strong></span> <span class='ocrx_word' id='word_1_429' title='bbox 1733 1213 1796 1233; x_wconf 82' lang='lat' dir='ltr'><strong>cum</strong></span> 
     </span>
    </p>
   </div>
   <div class='ocr_carea' id='block_1_56' title="bbox 1007 1251 1801 1287">
    <p class='ocr_par' dir='ltr' id='par_1_56' title="bbox 1007 1251 1801 1287">
     <span class='ocr_line' id='line_1_56' title="bbox 1007 1251 1801 1287; baseline -0.001 -8"><span class='ocrx_word' id='word_1_430' title='bbox 1007 1260 1039 1280; x_wconf 88' lang='lat' dir='ltr'><strong>co</strong></span> <span class='ocrx_word' id='word_1_431' title='bbox 1062 1253 1106 1287; x_wconf 87' lang='lat' dir='ltr'><strong>qui</strong></span> <span class='ocrx_word' id='word_1_432' title='bbox 1123 1257 1175 1285; x_wconf 89' lang='lat' dir='ltr'><strong>est,</strong></span> <span class='ocrx_word' id='word_1_433' title='bbox 1193 1252 1311 1287; x_wconf 89' lang='lat' dir='ltr'><strong>aliqttatn</strong></span> <span class='ocrx_word' id='word_1_434' title='bbox 1328 1259 1385 1280; x_wconf 89' lang='lat' dir='ltr'><strong>retu</strong></span> <span class='ocrx_word' id='word_1_435' title='bbox 1405 1251 1557 1286; x_wconf 85' lang='lat' dir='ltr'><strong>subjectam</strong></span> <span class='ocrx_word' id='word_1_436' title='bbox 1576 1251 1742 1287; x_wconf 76' lang='lat' dir='ltr'><strong>intelligens,</strong></span> <span class='ocrx_word' id='word_1_437' title='bbox 1761 1253 1801 1279; x_wconf 71' lang='lat' dir='ltr'><strong>si—</strong></span> 
     </span>
    </p>
   </div>
   <div class='ocr_carea' id='block_1_57' title="bbox 1008 1297 1798 1333">
    <p class='ocr_par' dir='ltr' id='par_1_57' title="bbox 1008 1297 1798 1333">
     <span class='ocr_line' id='line_1_57' title="bbox 1008 1297 1798 1333; baseline 0 -8"><span class='ocrx_word' id='word_1_438' title='bbox 1008 1298 1062 1325; x_wconf 92' lang='lat' dir='ltr'><strong>tnul</strong></span> <span class='ocrx_word' id='word_1_439' title='bbox 1083 1298 1219 1333; x_wconf 81' lang='lat' dir='ltr'><strong>cogitatur</strong></span> <span class='ocrx_word' id='word_1_440' title='bbox 1242 1298 1344 1326; x_wconf 88' lang='lat' dir='ltr'><strong>habere</strong></span> <span class='ocrx_word' id='word_1_441' title='bbox 1371 1303 1533 1332; x_wconf 81' lang='lat' dir='ltr'><strong>potestatem</strong></span> <span class='ocrx_word' id='word_1_442' title='bbox 1561 1297 1751 1332; x_wconf 80' lang='lat' dir='ltr'><strong>intelligendi:</strong></span> <span class='ocrx_word' id='word_1_443' title='bbox 1770 1304 1798 1325; x_wconf 85' lang='lat' dir='ltr'><strong>ct</strong></span> 
     </span>
    </p>
   </div>
   <div class='ocr_carea' id='block_1_58' title="bbox 1007 1343 1799 1379">
    <p class='ocr_par' dir='ltr' id='par_1_58' title="bbox 1007 1343 1799 1379">
     <span class='ocr_line' id='line_1_58' title="bbox 1007 1343 1799 1379; baseline 0 -9"><span class='ocrx_word' id='word_1_444' title='bbox 1007 1344 1078 1379; x_wconf 89' lang='lat' dir='ltr'><strong>quod</strong></span> <span class='ocrx_word' id='word_1_445' title='bbox 1104 1343 1265 1379; x_wconf 79' lang='lat' dir='ltr'><strong>intelligitur</strong></span> <span class='ocrx_word' id='word_1_446' title='bbox 1290 1343 1444 1379; x_wconf 78' lang='lat' dir='ltr'><strong>subjectum</strong></span> <span class='ocrx_word' id='word_1_447' title='bbox 1471 1344 1606 1378; x_wconf 85' lang='lat' dir='ltr'><strong>quoddam</strong></span> <span class='ocrx_word' id='word_1_448' title='bbox 1633 1348 1684 1375; x_wconf 65' lang='lat' dir='ltr'><strong>est,</strong></span> <span class='ocrx_word' id='word_1_449' title='bbox 1703 1344 1744 1371; x_wconf 82' lang='lat' dir='ltr'><strong>vel</strong></span> <span class='ocrx_word' id='word_1_450' title='bbox 1771 1344 1799 1370; x_wconf 86' lang='lat' dir='ltr'><strong>in</strong></span> 
     </span>
    </p>
   </div>
   <div class='ocr_carea' id='block_1_59' title="bbox 1008 1389 1799 1425">
    <p class='ocr_par' dir='ltr' id='par_1_59' title="bbox 1008 1389 1799 1425">
     <span class='ocr_line' id='line_1_59' title="bbox 1008 1389 1799 1425; baseline -0.001 -8"><span class='ocrx_word' id='word_1_451' title='bbox 1008 1390 1143 1424; x_wconf 78' lang='lat' dir='ltr'><strong>Subjecto,</strong></span> <span class='ocrx_word' id='word_1_452' title='bbox 1159 1397 1218 1416; x_wconf 87' lang='lat' dir='ltr'><strong>cum</strong></span> <span class='ocrx_word' id='word_1_453' title='bbox 1233 1397 1286 1424; x_wconf 91' lang='lat' dir='ltr'><strong>quo</strong></span> <span class='ocrx_word' id='word_1_454' title='bbox 1309 1390 1390 1417; x_wconf 88' lang='lat' dir='ltr'><strong>simul</strong></span> <span class='ocrx_word' id='word_1_455' title='bbox 1412 1390 1546 1425; x_wconf 72' lang='lat' dir='ltr'><strong>cogitatur</strong></span> <span class='ocrx_word' id='word_1_456' title='bbox 1559 1389 1629 1422; x_wconf 89' lang='lat' dir='ltr'><strong>quod</strong></span> <span class='ocrx_word' id='word_1_457' title='bbox 1645 1390 1731 1424; x_wconf 89' lang='lat' dir='ltr'><strong>possit</strong></span> <span class='ocrx_word' id='word_1_458' title='bbox 1757 1390 1799 1416; x_wconf 87' lang='lat' dir='ltr'><strong>in-</strong></span> 
     </span>
    </p>
   </div>
   <div class='ocr_carea' id='block_1_60' title="bbox 1009 1434 1797 1471">
    <p class='ocr_par' dir='ltr' id='par_1_60' title="bbox 1009 1434 1797 1471">
     <span class='ocr_line' id='line_1_60' title="bbox 1009 1434 1797 1471; baseline 0 -9"><span class='ocrx_word' id='word_1_459' title='bbox 1009 1436 1160 1471; x_wconf 75' lang='lat' dir='ltr'><strong>telligi,aut</strong></span> <span class='ocrx_word' id='word_1_460' title='bbox 1175 1434 1309 1471; x_wconf 75' lang='lat' dir='ltr'><strong>cogitatur</strong></span> <span class='ocrx_word' id='word_1_461' title='bbox 1331 1435 1411 1462; x_wconf 86' lang='lat' dir='ltr'><strong>simul</strong></span> <span class='ocrx_word' id='word_1_462' title='bbox 1429 1435 1609 1470; x_wconf 70' lang='lat' dir='ltr'><strong>prmsubjecta</strong></span> <span class='ocrx_word' id='word_1_463' title='bbox 1633 1435 1797 1466; x_wconf 72' lang='lat' dir='ltr'><strong>substantia,</strong></span> 
     </span>
    </p>
   </div>
   <div class='ocr_carea' id='block_1_61' title="bbox 1008 1479 1797 1515">
    <p class='ocr_par' dir='ltr' id='par_1_61' title="bbox 1008 1479 1797 1515">
     <span class='ocr_line' id='line_1_61' title="bbox 1008 1479 1797 1515; baseline -0.001 -8"><span class='ocrx_word' id='word_1_464' title='bbox 1008 1483 1083 1514; x_wconf 88' lang='lat' dir='ltr'><strong>cujus</strong></span> <span class='ocrx_word' id='word_1_465' title='bbox 1097 1485 1139 1508; x_wconf 87' lang='lat' dir='ltr'><strong>est</strong></span> <span class='ocrx_word' id='word_1_466' title='bbox 1153 1484 1291 1515; x_wconf 84' lang='lat' dir='ltr'><strong>potestas;</strong></span> <span class='ocrx_word' id='word_1_467' title='bbox 1310 1488 1362 1508; x_wconf 93' lang='lat' dir='ltr'><strong>non</strong></span> <span class='ocrx_word' id='word_1_468' title='bbox 1376 1481 1447 1508; x_wconf 92' lang='lat' dir='ltr'><strong>enim</strong></span> <span class='ocrx_word' id='word_1_469' title='bbox 1459 1485 1500 1508; x_wconf 87' lang='lat' dir='ltr'><strong>est</strong></span> <span class='ocrx_word' id='word_1_470' title='bbox 1515 1487 1557 1507; x_wconf 88' lang='lat' dir='ltr'><strong>res</strong></span> <span class='ocrx_word' id='word_1_471' title='bbox 1569 1479 1662 1514; x_wconf 89' lang='lat' dir='ltr'><strong>aliqua</strong></span> <span class='ocrx_word' id='word_1_472' title='bbox 1675 1480 1797 1512; x_wconf 86' lang='lat' dir='ltr'><strong>omnino,</strong></span> 
     </span>
    </p>
   </div>
   <div class='ocr_carea' id='block_1_62' title="bbox 165 1515 1800 1560">
    <p class='ocr_par' dir='ltr' id='par_1_62' title="bbox 165 1515 1800 1560">
     <span class='ocr_line' id='line_1_62' title="bbox 165 1515 1800 1560; baseline 0.001 -16"><span class='ocrx_word' id='word_1_473' title='bbox 165 1520 193 1544; x_wconf 89' lang='lat' dir='ltr'><strong>et</strong></span> <span class='ocrx_word' id='word_1_474' title='bbox 206 1515 339 1543; x_wconf 84' lang='lat' dir='ltr'><strong>divisione</strong></span> <span class='ocrx_word' id='word_1_475' title='bbox 353 1525 407 1543; x_wconf 86' lang='lat' dir='ltr'><strong>uno</strong></span> <span class='ocrx_word' id='word_1_476' title='bbox 418 1521 446 1543; x_wconf 85' lang='lat' dir='ltr'><strong>et</strong></span> <span class='ocrx_word' id='word_1_477' title='bbox 464 1521 537 1549; x_wconf 82' lang='lat' dir='ltr'><strong>toto;</strong></span> <span class='ocrx_word' id='word_1_478' title='bbox 553 1516 686 1549; x_wconf 87' lang='lat' dir='ltr'><strong>secundo,</strong></span> <span class='ocrx_word' id='word_1_479' title='bbox 702 1517 765 1551; x_wconf 81' lang='lat' dir='ltr'><strong>quia</strong></span> <span class='ocrx_word' id='word_1_480' title='bbox 781 1518 872 1545; x_wconf 88' lang='lat' dir='ltr'><strong>omnia</strong></span> <span class='ocrx_word' id='word_1_481' title='bbox 893 1526 954 1553; x_wconf 63' lang='lat' dir='ltr'><strong>qua:</strong></span> <span class='ocrx_word' id='word_1_482' title='bbox 968 1531 991 1560; x_wconf 68' lang='grc' dir='ltr'><strong>ε</strong></span> <span class='ocrx_word' id='word_1_483' title='bbox 1008 1532 1066 1559; x_wconf 59' lang='lat' dir='ltr'><strong>quae</strong></span> <span class='ocrx_word' id='word_1_484' title='bbox 1080 1524 1138 1559; x_wconf 85' lang='lat' dir='ltr'><strong>ipsa</strong></span> <span class='ocrx_word' id='word_1_485' title='bbox 1153 1531 1201 1558; x_wconf 89' lang='lat' dir='ltr'><strong>per</strong></span> <span class='ocrx_word' id='word_1_486' title='bbox 1215 1531 1246 1552; x_wconf 86' lang='lat' dir='ltr'><strong>se</strong></span> <span class='ocrx_word' id='word_1_487' title='bbox 1260 1525 1296 1552; x_wconf 89' lang='lat' dir='ltr'><strong>sit</strong></span> <span class='ocrx_word' id='word_1_488' title='bbox 1318 1524 1434 1560; x_wconf 81' lang='lat' dir='ltr'><strong>simplex</strong></span> <span class='ocrx_word' id='word_1_489' title='bbox 1451 1523 1617 1554; x_wconf 83' lang='lat' dir='ltr'><strong>substantia.</strong></span> <span class='ocrx_word' id='word_1_490' title='bbox 1636 1528 1684 1552; x_wconf 89' lang='lat' dir='ltr'><strong>aut</strong></span> <span class='ocrx_word' id='word_1_491' title='bbox 1705 1525 1800 1560; x_wconf 78' lang='lat' dir='ltr'><strong>cogni-</strong></span> 
     </span>
    </p>
   </div>
   <div class='ocr_carea' id='block_1_63' title="bbox 169 1562 955 1598">
    <p class='ocr_par' dir='ltr' id='par_1_63' title="bbox 169 1562 955 1598">
     <span class='ocr_line' id='line_1_63' title="bbox 169 1562 955 1598; baseline 0.003 -9"><span class='ocrx_word' id='word_1_492' title='bbox 169 1562 196 1590; x_wconf 89' lang='lat' dir='ltr'><strong>in</strong></span> <span class='ocrx_word' id='word_1_493' title='bbox 212 1562 269 1596; x_wconf 86' lang='lat' dir='ltr'><strong>ipsa</strong></span> <span class='ocrx_word' id='word_1_494' title='bbox 286 1562 425 1594; x_wconf 67' lang='lat' dir='ltr'><strong>dicuntur,</strong></span> <span class='ocrx_word' id='word_1_495' title='bbox 442 1567 504 1589; x_wconf 87' lang='lat' dir='ltr'><strong>sttut</strong></span> <span class='ocrx_word' id='word_1_496' title='bbox 518 1563 606 1590; x_wconf 88' lang='lat' dir='ltr'><strong>divina</strong></span> <span class='ocrx_word' id='word_1_497' title='bbox 623 1568 649 1590; x_wconf 87' lang='lat' dir='ltr'><strong>et</strong></span> <span class='ocrx_word' id='word_1_498' title='bbox 661 1563 737 1590; x_wconf 75' lang='lat' dir='ltr'><strong>beata</strong></span> <span class='ocrx_word' id='word_1_499' title='bbox 755 1564 812 1598; x_wconf 87' lang='lat' dir='ltr'><strong>ejus</strong></span> <span class='ocrx_word' id='word_1_500' title='bbox 828 1564 955 1592; x_wconf 87' lang='lat' dir='ltr'><strong>substan-</strong></span> 
     </span>
    </p>
   </div>
   <div class='ocr_carea' id='block_1_64' title="bbox 169 1609 956 1645">
    <p class='ocr_par' dir='ltr' id='par_1_64' title="bbox 169 1609 956 1645">
     <span class='ocr_line' id='line_1_64' title="bbox 169 1609 956 1645; baseline 0.005 -10"><span class='ocrx_word' id='word_1_501' title='bbox 169 1609 218 1642; x_wconf 86' lang='lat' dir='ltr'><strong>tia,</strong></span> <span class='ocrx_word' id='word_1_502' title='bbox 236 1613 330 1643; x_wconf 73' lang='lat' dir='ltr'><strong>utpote</strong></span> <span class='ocrx_word' id='word_1_503' title='bbox 346 1616 405 1643; x_wconf 66' lang='lat' dir='ltr'><strong>qua:</strong></span> <span class='ocrx_word' id='word_1_504' title='bbox 425 1615 466 1636; x_wconf 81' lang='lat' dir='ltr'><strong>cst</strong></span> <span class='ocrx_word' id='word_1_505' title='bbox 479 1609 595 1636; x_wconf 81' lang='lat' dir='ltr'><strong>essentia</strong></span> <span class='ocrx_word' id='word_1_506' title='bbox 623 1617 655 1636; x_wconf 81' lang='lat' dir='ltr'><strong>cx</strong></span> <span class='ocrx_word' id='word_1_507' title='bbox 673 1610 796 1645; x_wconf 61' lang='lat' dir='ltr'><strong>plut-ibus</strong></span> <span class='ocrx_word' id='word_1_508' title='bbox 816 1611 843 1638; x_wconf 89' lang='lat' dir='ltr'><strong>in</strong></span> <span class='ocrx_word' id='word_1_509' title='bbox 875 1619 956 1638; x_wconf 84' lang='lat' dir='ltr'><strong>unam</strong></span> 
     </span>
    </p>
   </div>
   <div class='ocr_carea' id='block_1_65' title="bbox 167 1655 953 1689">
    <p class='ocr_par' dir='ltr' id='par_1_65' title="bbox 167 1655 953 1689">
     <span class='ocr_line' id='line_1_65' title="bbox 167 1655 953 1689; baseline 0.004 -8"><span class='ocrx_word' id='word_1_510' title='bbox 167 1655 300 1683; x_wconf 88' lang='lat' dir='ltr'><strong>unitatem</strong></span> <span class='ocrx_word' id='word_1_511' title='bbox 316 1655 732 1689; x_wconf 61' lang='lat' dir='ltr'><strong>congregatismmnidili’erentia</strong></span> <span class='ocrx_word' id='word_1_512' title='bbox 750 1657 876 1684; x_wconf 84' lang='lat' dir='ltr'><strong>omnibus</strong></span> <span class='ocrx_word' id='word_1_513' title='bbox 893 1665 953 1684; x_wconf 87' lang='lat' dir='ltr'><strong>mo-</strong></span> 
     </span>
    </p>
   </div>
   <div class='ocr_carea' id='block_1_66' title="bbox 167 1701 959 1736">
    <p class='ocr_par' dir='ltr' id='par_1_66' title="bbox 167 1701 959 1736">
     <span class='ocr_line' id='line_1_66' title="bbox 167 1701 959 1736; baseline 0.003 -8"><span class='ocrx_word' id='word_1_514' title='bbox 167 1701 210 1732; x_wconf 82' lang='lat' dir='ltr'><strong>dis</strong></span> <span class='ocrx_word' id='word_1_515' title='bbox 240 1702 266 1728; x_wconf 92' lang='lat' dir='ltr'><strong>in</strong></span> <span class='ocrx_word' id='word_1_516' title='bbox 288 1701 458 1736; x_wconf 77' lang='lat' dir='ltr'><strong>congregatis</strong></span> <span class='ocrx_word' id='word_1_517' title='bbox 471 1701 592 1728; x_wconf 75' lang='lat' dir='ltr'><strong>sublata:</strong></span> <span class='ocrx_word' id='word_1_518' title='bbox 605 1707 632 1728; x_wconf 86' lang='lat' dir='ltr'><strong>et</strong></span> <span class='ocrx_word' id='word_1_519' title='bbox 645 1709 706 1736; x_wconf 71' lang='lat' dir='ltr'><strong>qua:</strong></span> <span class='ocrx_word' id='word_1_520' title='bbox 721 1703 790 1730; x_wconf 88' lang='lat' dir='ltr'><strong>inest</strong></span> <span class='ocrx_word' id='word_1_521' title='bbox 803 1703 829 1730; x_wconf 89' lang='lat' dir='ltr'><strong>in</strong></span> <span class='ocrx_word' id='word_1_522' title='bbox 845 1703 887 1730; x_wconf 85' lang='lat' dir='ltr'><strong>his</strong></span> <span class='ocrx_word' id='word_1_523' title='bbox 900 1703 959 1730; x_wconf 85' lang='lat' dir='ltr'><strong>sine</strong></span> 
     </span>
    </p>
   </div>
   <div class='ocr_carea' id='block_1_67' title="bbox 169 1747 955 1784">
    <p class='ocr_par' dir='ltr' id='par_1_67' title="bbox 169 1747 955 1784">
     <span class='ocr_line' id='line_1_67' title="bbox 169 1747 955 1784; baseline 0.004 -11"><span class='ocrx_word' id='word_1_524' title='bbox 169 1747 337 1780; x_wconf 81' lang='lat' dir='ltr'><strong>habitudine,</strong></span> <span class='ocrx_word' id='word_1_525' title='bbox 348 1751 376 1775; x_wconf 90' lang='lat' dir='ltr'><strong>et</strong></span> <span class='ocrx_word' id='word_1_526' title='bbox 393 1747 580 1781; x_wconf 83' lang='lat' dir='ltr'><strong>singulariter,</strong></span> <span class='ocrx_word' id='word_1_527' title='bbox 596 1753 683 1776; x_wconf 84' lang='lat' dir='ltr'><strong>etnon</strong></span> <span class='ocrx_word' id='word_1_528' title='bbox 699 1755 826 1784; x_wconf 87' lang='lat' dir='ltr'><strong>tattquam</strong></span> <span class='ocrx_word' id='word_1_529' title='bbox 842 1749 955 1776; x_wconf 88' lang='lat' dir='ltr'><strong>alterum</strong></span> 
     </span>
    </p>
   </div>
   <div class='ocr_carea' id='block_1_68' title="bbox 167 1794 960 1830">
    <p class='ocr_par' dir='ltr' id='par_1_68' title="bbox 167 1794 960 1830">
     <span class='ocr_line' id='line_1_68' title="bbox 167 1794 960 1830; baseline 0.003 -8"><span class='ocrx_word' id='word_1_530' title='bbox 167 1795 195 1828; x_wconf 89' lang='lat' dir='ltr'><strong>in</strong></span> <span class='ocrx_word' id='word_1_531' title='bbox 205 1794 300 1826; x_wconf 80' lang='lat' dir='ltr'><strong>altero,</strong></span> <span class='ocrx_word' id='word_1_532' title='bbox 310 1795 356 1821; x_wconf 89' lang='lat' dir='ltr'><strong>sed</strong></span> <span class='ocrx_word' id='word_1_533' title='bbox 371 1795 487 1822; x_wconf 83' lang='lat' dir='ltr'><strong>maxime</strong></span> <span class='ocrx_word' id='word_1_534' title='bbox 499 1802 663 1830; x_wconf 88' lang='lat' dir='ltr'><strong>supraquam</strong></span> <span class='ocrx_word' id='word_1_535' title='bbox 674 1795 807 1830; x_wconf 86' lang='lat' dir='ltr'><strong>copulate,</strong></span> <span class='ocrx_word' id='word_1_536' title='bbox 823 1796 895 1823; x_wconf 91' lang='lat' dir='ltr'><strong>nulla</strong></span> <span class='ocrx_word' id='word_1_537' title='bbox 909 1797 960 1824; x_wconf 85' lang='lat' dir='ltr'><strong>tiu-</strong></span> 
     </span>
    </p>
   </div>
   <div class='ocr_carea' id='block_1_69' title="bbox 168 1841 957 1876">
    <p class='ocr_par' dir='ltr' id='par_1_69' title="bbox 168 1841 957 1876">
     <span class='ocr_line' id='line_1_69' title="bbox 168 1841 957 1876; baseline 0.004 -10"><span class='ocrx_word' id='word_1_538' title='bbox 168 1841 315 1875; x_wconf 85' lang='lat' dir='ltr'><strong>plicatione</strong></span> <span class='ocrx_word' id='word_1_539' title='bbox 325 1841 426 1874; x_wconf 83' lang='lat' dir='ltr'><strong>posita;</strong></span> <span class='ocrx_word' id='word_1_540' title='bbox 453 1849 502 1867; x_wconf 77' lang='lat' dir='ltr'><strong>nt-c</strong></span> <span class='ocrx_word' id='word_1_541' title='bbox 515 1841 587 1867; x_wconf 83' lang='lat' dir='ltr'><strong>enim</strong></span> <span class='ocrx_word' id='word_1_542' title='bbox 613 1843 849 1876; x_wconf 87' lang='lat' dir='ltr'><strong>tanquaminloco</strong></span> <span class='ocrx_word' id='word_1_543' title='bbox 867 1844 957 1870; x_wconf 87' lang='lat' dir='ltr'><strong>omnia</strong></span> 
     </span>
    </p>
   </div>
   <div class='ocr_carea' id='block_1_70' title="bbox 169 1886 955 1922">
    <p class='ocr_par' dir='ltr' id='par_1_70' title="bbox 169 1886 955 1922">
     <span class='ocr_line' id='line_1_70' title="bbox 169 1886 955 1922; baseline 0.003 -10"><span class='ocrx_word' id='word_1_544' title='bbox 169 1886 336 1920; x_wconf 68' lang='lat' dir='ltr'><strong>exemplaria</strong></span> <span class='ocrx_word' id='word_1_545' title='bbox 357 1894 446 1913; x_wconf 90' lang='lat' dir='ltr'><strong>rerum</strong></span> <span class='ocrx_word' id='word_1_546' title='bbox 465 1887 546 1913; x_wconf 80' lang='lat' dir='ltr'><strong>habet</strong></span> <span class='ocrx_word' id='word_1_547' title='bbox 564 1887 653 1914; x_wconf 88' lang='lat' dir='ltr'><strong>unitas</strong></span> <span class='ocrx_word' id='word_1_548' title='bbox 662 1895 744 1921; x_wconf 87' lang='lat' dir='ltr'><strong>supra</strong></span> <span class='ocrx_word' id='word_1_549' title='bbox 762 1888 955 1922; x_wconf 84' lang='lat' dir='ltr'><strong>substantiam,</strong></span> 
     </span>
    </p>
   </div>
   <div class='ocr_carea' id='block_1_71' title="bbox 170 1932 959 1968">
    <p class='ocr_par' dir='ltr' id='par_1_71' title="bbox 170 1932 959 1968">
     <span class='ocr_line' id='line_1_71' title="bbox 170 1932 959 1968; baseline 0.001 -7"><span class='ocrx_word' id='word_1_550' title='bbox 170 1940 221 1961; x_wconf 84' lang='lat' dir='ltr'><strong>nec</strong></span> <span class='ocrx_word' id='word_1_551' title='bbox 238 1933 295 1967; x_wconf 89' lang='lat' dir='ltr'><strong>ipsa</strong></span> <span class='ocrx_word' id='word_1_552' title='bbox 315 1933 410 1960; x_wconf 90' lang='lat' dir='ltr'><strong>horum</strong></span> <span class='ocrx_word' id='word_1_553' title='bbox 428 1932 504 1959; x_wconf 88' lang='lat' dir='ltr'><strong>locus</strong></span> <span class='ocrx_word' id='word_1_554' title='bbox 523 1933 650 1966; x_wconf 87' lang='lat' dir='ltr'><strong>eliicitur,</strong></span> <span class='ocrx_word' id='word_1_555' title='bbox 668 1934 714 1960; x_wconf 84' lang='lat' dir='ltr'><strong>sed</strong></span> <span class='ocrx_word' id='word_1_556' title='bbox 729 1934 818 1968; x_wconf 85' lang='lat' dir='ltr'><strong>potius</strong></span> <span class='ocrx_word' id='word_1_557' title='bbox 837 1934 918 1962; x_wconf 90' lang='lat' dir='ltr'><strong>habet</strong></span> <span class='ocrx_word' id='word_1_558' title='bbox 929 1943 959 1962; x_wconf 88' lang='lat' dir='ltr'><strong>ca</strong></span> 
     </span>
    </p>
   </div>
   <div class='ocr_carea' id='block_1_72' title="bbox 169 1979 962 2014">
    <p class='ocr_par' dir='ltr' id='par_1_72' title="bbox 169 1979 962 2014">
     <span class='ocr_line' id='line_1_72' title="bbox 169 1979 962 2014; baseline 0.005 -10"><span class='ocrx_word' id='word_1_559' title='bbox 169 1985 296 2012; x_wconf 86' lang='lat' dir='ltr'><strong>tanquam</strong></span> <span class='ocrx_word' id='word_1_560' title='bbox 313 1979 435 2013; x_wconf 80' lang='lat' dir='ltr'><strong>seipsaut</strong></span> <span class='ocrx_word' id='word_1_561' title='bbox 447 1979 543 2011; x_wconf 79' lang='lat' dir='ltr'><strong>habet;</strong></span> <span class='ocrx_word' id='word_1_562' title='bbox 559 1983 585 2005; x_wconf 89' lang='lat' dir='ltr'><strong>et</strong></span> <span class='ocrx_word' id='word_1_563' title='bbox 596 1979 666 2006; x_wconf 88' lang='lat' dir='ltr'><strong>inest</strong></span> <span class='ocrx_word' id='word_1_564' title='bbox 681 1979 748 2013; x_wconf 85' lang='lat' dir='ltr'><strong>ipsis</strong></span> <span class='ocrx_word' id='word_1_565' title='bbox 762 1985 888 2014; x_wconf 88' lang='lat' dir='ltr'><strong>tanquam</strong></span> <span class='ocrx_word' id='word_1_566' title='bbox 897 1982 962 2008; x_wconf 87' lang='lat' dir='ltr'><strong>sub-</strong></span> 
     </span>
    </p>
   </div>
   <div class='ocr_carea' id='block_1_73' title="bbox 167 2024 962 2058">
    <p class='ocr_par' dir='ltr' id='par_1_73' title="bbox 167 2024 962 2058">
     <span class='ocr_line' id='line_1_73' title="bbox 167 2024 962 2058; baseline 0.008 -9"><span class='ocrx_word' id='word_1_567' title='bbox 167 2024 266 2050; x_wconf 69' lang='lat' dir='ltr'><strong>stantia</strong></span> <span class='ocrx_word' id='word_1_568' title='bbox 289 2029 316 2051; x_wconf 88' lang='lat' dir='ltr'><strong>ct</strong></span> <span class='ocrx_word' id='word_1_569' title='bbox 333 2024 461 2057; x_wconf 81' lang='lat' dir='ltr'><strong>essentia,</strong></span> <span class='ocrx_word' id='word_1_570' title='bbox 487 2032 601 2058; x_wconf 80' lang='lat' dir='ltr'><strong>quot&#39;utn</strong></span> <span class='ocrx_word' id='word_1_571' title='bbox 632 2031 674 2052; x_wconf 80' lang='lat' dir='ltr'><strong>cst</strong></span> <span class='ocrx_word' id='word_1_572' title='bbox 695 2026 847 2053; x_wconf 81' lang='lat' dir='ltr'><strong>substantia</strong></span> <span class='ocrx_word' id='word_1_573' title='bbox 866 2031 893 2054; x_wconf 88' lang='lat' dir='ltr'><strong>et</strong></span> <span class='ocrx_word' id='word_1_574' title='bbox 917 2035 962 2055; x_wconf 83' lang='lat' dir='ltr'><strong>cs-</strong></span> 
     </span>
    </p>
   </div>
   <div class='ocr_carea' id='block_1_74' title="bbox 169 2070 960 2106">
    <p class='ocr_par' dir='ltr' id='par_1_74' title="bbox 169 2070 960 2106">
     <span class='ocr_line' id='line_1_74' title="bbox 169 2070 960 2106; baseline 0.004 -9"><span class='ocrx_word' id='word_1_575' title='bbox 169 2070 266 2102; x_wconf 78' lang='lat' dir='ltr'><strong>scntia,</strong></span> <span class='ocrx_word' id='word_1_576' title='bbox 275 2070 385 2105; x_wconf 81' lang='lat' dir='ltr'><strong>solaque</strong></span> <span class='ocrx_word' id='word_1_577' title='bbox 397 2070 550 2104; x_wconf 72' lang='lat' dir='ltr'><strong>pttrirssittta,</strong></span> <span class='ocrx_word' id='word_1_578' title='bbox 559 2075 585 2096; x_wconf 79' lang='lat' dir='ltr'><strong>ct</strong></span> <span class='ocrx_word' id='word_1_579' title='bbox 594 2072 652 2098; x_wconf 86' lang='lat' dir='ltr'><strong>sine</strong></span> <span class='ocrx_word' id='word_1_580' title='bbox 666 2072 738 2098; x_wconf 89' lang='lat' dir='ltr'><strong>omni</strong></span> <span class='ocrx_word' id='word_1_581' title='bbox 747 2072 867 2106; x_wconf 81' lang='lat' dir='ltr'><strong>subjecto</strong></span> <span class='ocrx_word' id='word_1_582' title='bbox 875 2079 960 2101; x_wconf 89' lang='lat' dir='ltr'><strong>actus.</strong></span> 
     </span>
    </p>
   </div>
   <div class='ocr_carea' id='block_1_75' title="bbox 463 2115 658 2144">
    <p class='ocr_par' dir='ltr' id='par_1_75' title="bbox 463 2115 658 2144">
     <span class='ocr_line' id='line_1_75' title="bbox 463 2115 658 2144; baseline 0 -2"><span class='ocrx_word' id='word_1_583' title='bbox 463 2115 580 2143; x_wconf 71' lang='lat' dir='ltr'><strong>CAPUT</strong></span> <span class='ocrx_word' id='word_1_584' title='bbox 612 2117 658 2144; x_wconf 77' lang='grc' dir='ltr'><strong>ΙΧ.</strong></span> 
     </span>
    </p>
   </div>
   <div class='ocr_carea' id='block_1_76' title="bbox 169 2173 958 2213">
    <p class='ocr_par' dir='ltr' id='par_1_76' title="bbox 169 2173 958 2213">
     <span class='ocr_line' id='line_1_76' title="bbox 169 2173 958 2213; baseline 0.001 -14"><span class='ocrx_word' id='word_1_585' title='bbox 169 2173 245 2205; x_wconf 78' lang='lat' dir='ltr'><strong>Quod</strong></span> <span class='ocrx_word' id='word_1_586' title='bbox 261 2173 287 2213; x_wconf 71' lang='lat' dir='ltr'><strong>in</strong></span> <span class='ocrx_word' id='word_1_587' title='bbox 305 2174 415 2213; x_wconf 62' lang='lat' dir='ltr'><strong>unitate,</strong></span> <span class='ocrx_word' id='word_1_588' title='bbox 430 2181 488 2207; x_wconf 78' lang='lat' dir='ltr'><strong>qua:</strong></span> <span class='ocrx_word' id='word_1_589' title='bbox 504 2182 583 2213; x_wconf 66' lang='lat' dir='ltr'><strong>supra</strong></span> <span class='ocrx_word' id='word_1_590' title='bbox 607 2174 781 2213; x_wconf 63' lang='lat' dir='ltr'><strong>anhelantium</strong></span> <span class='ocrx_word' id='word_1_591' title='bbox 808 2179 858 2204; x_wconf 78' lang='lat' dir='ltr'><strong>est,</strong></span> <span class='ocrx_word' id='word_1_592' title='bbox 878 2182 958 2213; x_wconf 60' lang='lat' dir='ltr'><strong>nrt/tte</strong></span> 
     </span>
    </p>
   </div>
   <div class='ocr_carea' id='block_1_77' title="bbox 203 2203 996 2242">
    <p class='ocr_par' dir='ltr' id='par_1_77' title="bbox 203 2203 996 2242">
     <span class='ocr_line' id='line_1_77' title="bbox 203 2203 996 2242; baseline 0 -8"><span class='ocrx_word' id='word_1_593' title='bbox 203 2208 361 2242; x_wconf 80' lang='lat' dir='ltr'><strong>principium</strong></span> <span class='ocrx_word' id='word_1_594' title='bbox 389 2203 446 2240; x_wconf 59' lang='lat' dir='ltr'><strong>ejus</strong></span> <span class='ocrx_word' id='word_1_595' title='bbox 477 2203 589 2240; x_wconf 67' lang='lat' dir='ltr'><strong>reperire</strong></span> <span class='ocrx_word' id='word_1_596' title='bbox 618 2208 688 2238; x_wconf 57' lang='lat' dir='ltr'><strong>licet,</strong></span> <span class='ocrx_word' id='word_1_597' title='bbox 719 2217 799 2242; x_wconf 73' lang='lat' dir='ltr'><strong>neque</strong></span> <span class='ocrx_word' id='word_1_598' title='bbox 831 2203 956 2238; x_wconf 72' lang='lat' dir='ltr'><strong>medium,</strong></span> <span class='ocrx_word' id='word_1_599' title='bbox 976 2203 996 2230; x_wconf 74' lang='grc' dir='ltr'><strong>ί)</strong></span> 
     </span>
    </p>
   </div>
   <div class='ocr_carea' id='block_1_78' title="bbox 204 2243 958 2278">
    <p class='ocr_par' dir='ltr' id='par_1_78' title="bbox 204 2243 958 2278">
     <span class='ocr_line' id='line_1_78' title="bbox 204 2243 958 2278; baseline 0 -9"><span class='ocrx_word' id='word_1_600' title='bbox 204 2251 288 2278; x_wconf 70' lang='grc' dir='ltr'><strong>πετριε</strong></span> <span class='ocrx_word' id='word_1_601' title='bbox 311 2243 410 2276; x_wconf 77' lang='lat' dir='ltr'><strong>liuent;</strong></span> <span class='ocrx_word' id='word_1_602' title='bbox 440 2251 523 2276; x_wconf 84' lang='lat' dir='ltr'><strong>neque</strong></span> <span class='ocrx_word' id='word_1_603' title='bbox 543 2248 579 2269; x_wconf 81' lang='lat' dir='ltr'><strong>est</strong></span> <span class='ocrx_word' id='word_1_604' title='bbox 602 2243 702 2276; x_wconf 79' lang='lat' dir='ltr'><strong>aliquid</strong></span> <span class='ocrx_word' id='word_1_605' title='bbox 732 2248 825 2272; x_wconf 86' lang='lat' dir='ltr'><strong>tolum.</strong></span> <span class='ocrx_word' id='word_1_606' title='bbox 842 2243 905 2276; x_wconf 77' lang='lat' dir='ltr'><strong>quia</strong></span> <span class='ocrx_word' id='word_1_607' title='bbox 932 2245 958 2270; x_wconf 84' lang='lat' dir='ltr'><strong>in</strong></span> 
     </span>
    </p>
   </div>
   <div class='ocr_carea' id='block_1_79' title="bbox 205 2278 959 2312">
    <p class='ocr_par' dir='ltr' id='par_1_79' title="bbox 205 2278 959 2312">
     <span class='ocr_line' id='line_1_79' title="bbox 205 2278 959 2312; baseline 0 -9"><span class='ocrx_word' id='word_1_608' title='bbox 205 2286 357 2312; x_wconf 77' lang='lat' dir='ltr'><strong>unaquaque</strong></span> <span class='ocrx_word' id='word_1_609' title='bbox 382 2286 473 2304; x_wconf 77' lang='lat' dir='ltr'><strong>eorum</strong></span> <span class='ocrx_word' id='word_1_610' title='bbox 496 2285 555 2311; x_wconf 72' lang='lat' dir='ltr'><strong>qua:</strong></span> <span class='ocrx_word' id='word_1_611' title='bbox 581 2278 774 2311; x_wconf 81' lang='lat' dir='ltr'><strong>intelliguntur,</strong></span> <span class='ocrx_word' id='word_1_612' title='bbox 793 2283 831 2304; x_wconf 76' lang='lat' dir='ltr'><strong>est</strong></span> <span class='ocrx_word' id='word_1_613' title='bbox 850 2282 915 2308; x_wconf 84' lang='lat' dir='ltr'><strong>tota,</strong></span> <span class='ocrx_word' id='word_1_614' title='bbox 936 2283 959 2304; x_wconf 75' lang='lat' dir='ltr'><strong>et</strong></span> 
     </span>
    </p>
   </div>
   <div class='ocr_carea' id='block_1_80' title="bbox 207 2312 961 2347">
    <p class='ocr_par' dir='ltr' id='par_1_80' title="bbox 207 2312 961 2347">
     <span class='ocr_line' id='line_1_80' title="bbox 207 2312 961 2347; baseline 0 -9"><span class='ocrx_word' id='word_1_615' title='bbox 207 2313 280 2343; x_wconf 82' lang='lat' dir='ltr'><strong>sola;</strong></span> <span class='ocrx_word' id='word_1_616' title='bbox 306 2321 350 2338; x_wconf 64' lang='lat' dir='ltr'><strong>nec</strong></span> <span class='ocrx_word' id='word_1_617' title='bbox 379 2317 415 2338; x_wconf 79' lang='lat' dir='ltr'><strong>est</strong></span> <span class='ocrx_word' id='word_1_618' title='bbox 445 2312 547 2345; x_wconf 66' lang='lat' dir='ltr'><strong>aﬁquitl</strong></span> <span class='ocrx_word' id='word_1_619' title='bbox 580 2320 673 2347; x_wconf 84' lang='lat' dir='ltr'><strong>eorum</strong></span> <span class='ocrx_word' id='word_1_620' title='bbox 707 2321 765 2347; x_wconf 74' lang='lat' dir='ltr'><strong>qua:</strong></span> <span class='ocrx_word' id='word_1_621' title='bbox 791 2317 868 2342; x_wconf 79' lang='lat' dir='ltr'><strong>sunt,</strong></span> <span class='ocrx_word' id='word_1_622' title='bbox 900 2313 961 2346; x_wconf 82' lang='lat' dir='ltr'><strong>quia</strong></span> 
     </span>
    </p>
   </div>
   <div class='ocr_carea' id='block_1_81' title="bbox 206 2346 961 2382">
    <p class='ocr_par' dir='ltr' id='par_1_81' title="bbox 206 2346 961 2382">
     <span class='ocr_line' id='line_1_81' title="bbox 206 2346 961 2382; baseline 0.003 -10"><span class='ocrx_word' id='word_1_623' title='bbox 206 2349 262 2380; x_wconf 78' lang='lat' dir='ltr'><strong>ipsa</strong></span> <span class='ocrx_word' id='word_1_624' title='bbox 292 2354 327 2374; x_wconf 67' lang='lat' dir='ltr'><strong>est</strong></span> <span class='ocrx_word' id='word_1_625' title='bbox 358 2347 462 2379; x_wconf 87' lang='lat' dir='ltr'><strong>omnia;</strong></span> <span class='ocrx_word' id='word_1_626' title='bbox 492 2355 573 2382; x_wconf 79' lang='lat' dir='ltr'><strong>neque</strong></span> <span class='ocrx_word' id='word_1_627' title='bbox 605 2346 666 2373; x_wconf 73' lang='lat' dir='ltr'><strong>licet</strong></span> <span class='ocrx_word' id='word_1_628' title='bbox 698 2355 748 2374; x_wconf 83' lang='lat' dir='ltr'><strong>uno</strong></span> <span class='ocrx_word' id='word_1_629' title='bbox 777 2349 880 2374; x_wconf 81' lang='lat' dir='ltr'><strong>nomine</strong></span> <span class='ocrx_word' id='word_1_630' title='bbox 903 2356 961 2374; x_wconf 83' lang='lat' dir='ltr'><strong>eum</strong></span> 
     </span>
    </p>
   </div>
   <div class='ocr_carea' id='block_1_82' title="bbox 207 2382 354 2415">
    <p class='ocr_par' dir='ltr' id='par_1_82' title="bbox 207 2382 354 2415">
     <span class='ocr_line' id='line_1_82' title="bbox 207 2382 354 2415; baseline 0 -8"><span class='ocrx_word' id='word_1_631' title='bbox 207 2382 354 2415; x_wconf 81' lang='lat' dir='ltr'><strong>complecti.</strong></span> 
     </span>
    </p>
   </div>
   <div class='ocr_carea' id='block_1_83' title="bbox 212 2437 961 2474">
    <p class='ocr_par' dir='ltr' id='par_1_83' title="bbox 212 2437 961 2474">
     <span class='ocr_line' id='line_1_83' title="bbox 212 2437 961 2474; baseline 0.003 -10"><span class='ocrx_word' id='word_1_632' title='bbox 212 2438 326 2472; x_wconf 76' lang='lat' dir='ltr'><strong>Magnus</strong></span> <span class='ocrx_word' id='word_1_633' title='bbox 341 2438 499 2474; x_wconf 90' lang='lat' dir='ltr'><strong>Dionysius,</strong></span> <span class='ocrx_word' id='word_1_634' title='bbox 525 2438 550 2465; x_wconf 86' lang='lat' dir='ltr'><strong>in</strong></span> <span class='ocrx_word' id='word_1_635' title='bbox 571 2438 666 2473; x_wconf 88' lang='lat' dir='ltr'><strong>quinto</strong></span> <span class='ocrx_word' id='word_1_636' title='bbox 682 2437 718 2464; x_wconf 77' lang='lat' dir='ltr'><strong>De</strong></span> <span class='ocrx_word' id='word_1_637' title='bbox 736 2439 833 2465; x_wconf 76' lang='lat' dir='ltr'><strong>divinis</strong></span> <span class='ocrx_word' id='word_1_638' title='bbox 848 2440 961 2466; x_wconf 82' lang='lat' dir='ltr'><strong>nomini-</strong></span> 
     </span>
    </p>
   </div>
   <div class='ocr_carea' id='block_1_84' title="bbox 178 2483 962 2517">
    <p class='ocr_par' dir='ltr' id='par_1_84' title="bbox 178 2483 962 2517">
     <span class='ocr_line' id='line_1_84' title="bbox 178 2483 962 2517; baseline 0.001 -7"><span class='ocrx_word' id='word_1_639' title='bbox 178 2484 238 2516; x_wconf 76' lang='lat' dir='ltr'><strong>bus,</strong></span> <span class='ocrx_word' id='word_1_640' title='bbox 263 2483 290 2511; x_wconf 90' lang='lat' dir='ltr'><strong>In</strong></span> <span class='ocrx_word' id='word_1_641' title='bbox 309 2491 362 2510; x_wconf 91' lang='lat' dir='ltr'><strong>uno</strong></span> <span class='ocrx_word' id='word_1_642' title='bbox 382 2484 465 2516; x_wconf 86' lang='lat' dir='ltr'><strong>cuiut,</strong></span> <span class='ocrx_word' id='word_1_643' title='bbox 492 2484 589 2517; x_wconf 84' lang='lat' dir='ltr'><strong>inquit,</strong></span> <span class='ocrx_word' id='word_1_644' title='bbox 607 2488 636 2510; x_wconf 91' lang='lat' dir='ltr'><strong>ut</strong></span> <span class='ocrx_word' id='word_1_645' title='bbox 654 2491 839 2516; x_wconf 77' lang='lat' dir='ltr'><strong>smpcnuutero</strong></span> <span class='ocrx_word' id='word_1_646' title='bbox 861 2484 962 2512; x_wconf 58' lang='lat' dir='ltr'><strong>dictum</strong></span> 
     </span>
    </p>
   </div>
   <div class='ocr_carea' id='block_1_85' title="bbox 183 2530 960 2564">
    <p class='ocr_par' dir='ltr' id='par_1_85' title="bbox 183 2530 960 2564">
     <span class='ocr_line' id='line_1_85' title="bbox 183 2530 960 2564; baseline 0 -6"><span class='ocrx_word' id='word_1_647' title='bbox 183 2535 236 2561; x_wconf 88' lang='lat' dir='ltr'><strong>est,</strong></span> <span class='ocrx_word' id='word_1_648' title='bbox 253 2531 343 2557; x_wconf 85' lang='lat' dir='ltr'><strong>omnia</strong></span> <span class='ocrx_word' id='word_1_649' title='bbox 364 2537 423 2564; x_wconf 81' lang='lat' dir='ltr'><strong>quae</strong></span> <span class='ocrx_word' id='word_1_650' title='bbox 446 2534 517 2562; x_wconf 87' lang='lat' dir='ltr'><strong>sunt,</strong></span> <span class='ocrx_word' id='word_1_651' title='bbox 532 2530 680 2564; x_wconf 57' lang='lat' dir='ltr'><strong>prahabet,</strong></span> <span class='ocrx_word' id='word_1_652' title='bbox 696 2535 723 2558; x_wconf 89' lang='lat' dir='ltr'><strong>et</strong></span> <span class='ocrx_word' id='word_1_653' title='bbox 739 2531 871 2559; x_wconf 80' lang='lat' dir='ltr'><strong>exsistere</strong></span> <span class='ocrx_word' id='word_1_654' title='bbox 885 2531 960 2564; x_wconf 77' lang='lat' dir='ltr'><strong>fecit,</strong></span> 
     </span>
    </p>
   </div>
   <div class='ocr_carea' id='block_1_86' title="bbox 183 2576 962 2611">
    <p class='ocr_par' dir='ltr' id='par_1_86' title="bbox 183 2576 962 2611">
     <span class='ocr_line' id='line_1_86' title="bbox 183 2576 962 2611; baseline 0.001 -7"><span class='ocrx_word' id='word_1_655' title='bbox 183 2584 303 2611; x_wconf 70' lang='lat' dir='ltr'><strong>prtesens</strong></span> <span class='ocrx_word' id='word_1_656' title='bbox 323 2576 448 2604; x_wconf 88' lang='lat' dir='ltr'><strong>omnibus</strong></span> <span class='ocrx_word' id='word_1_657' title='bbox 459 2576 559 2611; x_wconf 88' lang='lat' dir='ltr'><strong>ubique</strong></span> <span class='ocrx_word' id='word_1_658' title='bbox 573 2578 720 2604; x_wconf 89' lang='lat' dir='ltr'><strong>secundum</strong></span> <span class='ocrx_word' id='word_1_659' title='bbox 735 2585 818 2606; x_wconf 89' lang='lat' dir='ltr'><strong>unum</strong></span> <span class='ocrx_word' id='word_1_660' title='bbox 832 2582 859 2605; x_wconf 88' lang='lat' dir='ltr'><strong>et</strong></span> <span class='ocrx_word' id='word_1_661' title='bbox 879 2578 962 2611; x_wconf 87' lang='lat' dir='ltr'><strong>idem,</strong></span> 
     </span>
    </p>
   </div>
   <div class='ocr_carea' id='block_1_87' title="bbox 179 2622 960 2656">
    <p class='ocr_par' dir='ltr' id='par_1_87' title="bbox 179 2622 960 2656">
     <span class='ocr_line' id='line_1_87' title="bbox 179 2622 960 2656; baseline 0 -6"><span class='ocrx_word' id='word_1_662' title='bbox 179 2629 205 2650; x_wconf 87' lang='lat' dir='ltr'><strong>et</strong></span> <span class='ocrx_word' id='word_1_663' title='bbox 225 2622 371 2650; x_wconf 84' lang='lat' dir='ltr'><strong>secundum</strong></span> <span class='ocrx_word' id='word_1_664' title='bbox 399 2622 479 2655; x_wconf 77' lang='lat' dir='ltr'><strong>idem,</strong></span> <span class='ocrx_word' id='word_1_665' title='bbox 495 2630 589 2655; x_wconf 86' lang='lat' dir='ltr'><strong>omne;</strong></span> <span class='ocrx_word' id='word_1_666' title='bbox 617 2623 642 2649; x_wconf 92' lang='lat' dir='ltr'><strong>in</strong></span> <span class='ocrx_word' id='word_1_667' title='bbox 658 2624 748 2650; x_wconf 85' lang='lat' dir='ltr'><strong>omnia</strong></span> <span class='ocrx_word' id='word_1_668' title='bbox 774 2630 877 2656; x_wconf 87' lang='lat' dir='ltr'><strong>means,</strong></span> <span class='ocrx_word' id='word_1_669' title='bbox 893 2629 918 2650; x_wconf 87' lang='lat' dir='ltr'><strong>et</strong></span> <span class='ocrx_word' id='word_1_670' title='bbox 935 2624 960 2650; x_wconf 92' lang='lat' dir='ltr'><strong>in</strong></span> 
     </span>
    </p>
   </div>
   <div class='ocr_carea' id='block_1_88' title="bbox 178 2673 961 2703">
    <p class='ocr_par' dir='ltr' id='par_1_88' title="bbox 178 2673 961 2703">
     <span class='ocr_line' id='line_1_88' title="bbox 178 2673 961 2703; baseline 0.001 -8"><span class='ocrx_word' id='word_1_671' title='bbox 178 2676 207 2696; x_wconf 88' lang='lat' dir='ltr'><strong>se</strong></span> <span class='ocrx_word' id='word_1_672' title='bbox 226 2675 351 2699; x_wconf 87' lang='lat' dir='ltr'><strong>mancus,</strong></span> <span class='ocrx_word' id='word_1_673' title='bbox 363 2673 388 2694; x_wconf 74' lang='grc' dir='ltr'><strong>ΘΙ</strong></span> <span class='ocrx_word' id='word_1_674' title='bbox 401 2673 487 2700; x_wconf 86' lang='lat' dir='ltr'><strong>stans,</strong></span> <span class='ocrx_word' id='word_1_675' title='bbox 502 2674 530 2695; x_wconf 71' lang='grc' dir='ltr'>ει</span> <span class='ocrx_word' id='word_1_676' title='bbox 545 2676 573 2695; x_wconf 90' lang='lat' dir='ltr'><strong>se</strong></span> <span class='ocrx_word' id='word_1_677' title='bbox 585 2676 714 2700; x_wconf 86' lang='lat' dir='ltr'><strong>movens;</strong></span> <span class='ocrx_word' id='word_1_678' title='bbox 730 2673 756 2695; x_wconf 86' lang='lat' dir='ltr'><strong>et</strong></span> <span class='ocrx_word' id='word_1_679' title='bbox 772 2675 861 2703; x_wconf 85' lang='lat' dir='ltr'><strong>neque</strong></span> <span class='ocrx_word' id='word_1_680' title='bbox 875 2674 961 2701; x_wconf 83' lang='lat' dir='ltr'><strong>stans,</strong></span> 
     </span>
    </p>
   </div>
   <div class='ocr_carea' id='block_1_89' title="bbox 178 2731 963 2767">
    <p class='ocr_par' dir='ltr' id='par_1_89' title="bbox 178 2731 963 2767">
     <span class='ocr_line' id='line_1_89' title="bbox 178 2731 963 2767; baseline -0.004 -5"><span class='ocrx_word' id='word_1_681' title='bbox 178 2743 200 2761; x_wconf 23' lang='lat' dir='ltr'><strong>at</strong></span> <span class='ocrx_word' id='word_1_682' title='bbox 211 2739 231 2762; x_wconf 87' lang='lat' dir='ltr'><strong>t.</strong></span> <span class='ocrx_word' id='word_1_683' title='bbox 243 2734 267 2761; x_wconf 83' lang='lat'><strong>6.</strong></span> <span class='ocrx_word' id='word_1_684' title='bbox 283 2734 338 2761; x_wconf 76' lang='lat' dir='ltr'><strong>ltliO</strong></span> <span class='ocrx_word' id='word_1_685' title='bbox 354 2733 417 2760; x_wconf 90' lang='lat' dir='ltr'><strong>dicit</strong></span> <span class='ocrx_word' id='word_1_686' title='bbox 446 2733 527 2760; x_wconf 83' lang='lat' dir='ltr'><strong>Deum</strong></span> <span class='ocrx_word' id='word_1_687' title='bbox 543 2734 632 2761; x_wconf 89' lang='lat' dir='ltr'><strong>omnia</strong></span> <span class='ocrx_word' id='word_1_688' title='bbox 645 2734 695 2760; x_wconf 85' lang='lat' dir='ltr'><strong>alia</strong></span> <span class='ocrx_word' id='word_1_689' title='bbox 720 2741 734 2760; x_wconf 88' lang='lat' dir='ltr'><strong>a</strong></span> <span class='ocrx_word' id='word_1_690' title='bbox 750 2741 778 2761; x_wconf 66' lang='lat' dir='ltr'><strong>se</strong></span> <span class='ocrx_word' id='word_1_691' title='bbox 791 2731 963 2767; x_wconf 66' lang='lat' dir='ltr'><strong>cognoscere,</strong></span> 
     </span>
    </p>
   </div>
   <div class='ocr_carea' id='block_1_90' title="bbox 179 2769 964 2803">
    <p class='ocr_par' dir='ltr' id='par_1_90' title="bbox 179 2769 964 2803">
     <span class='ocr_line' id='line_1_90' title="bbox 179 2769 964 2803; baseline 0.001 -10"><span class='ocrx_word' id='word_1_692' title='bbox 179 2779 240 2795; x_wconf 62' lang='lat' dir='ltr'><strong>tum</strong></span> <span class='ocrx_word' id='word_1_693' title='bbox 258 2778 286 2796; x_wconf 82' lang='lat' dir='ltr'><strong>se</strong></span> <span class='ocrx_word' id='word_1_694' title='bbox 304 2770 389 2802; x_wconf 72' lang='lat' dir='ltr'><strong>ipsum</strong></span> <span class='ocrx_word' id='word_1_695' title='bbox 406 2769 556 2803; x_wconf 76' lang='lat' dir='ltr'><strong>cognoscit,</strong></span> <span class='ocrx_word' id='word_1_696' title='bbox 580 2774 607 2795; x_wconf 89' lang='lat' dir='ltr'><strong>at</strong></span> <span class='ocrx_word' id='word_1_697' title='bbox 620 2777 649 2795; x_wconf 85' lang='lat' dir='ltr'><strong>se</strong></span> <span class='ocrx_word' id='word_1_698' title='bbox 666 2770 752 2801; x_wconf 85' lang='lat' dir='ltr'><strong>ipsum</strong></span> <span class='ocrx_word' id='word_1_699' title='bbox 768 2769 964 2802; x_wconf 77' lang='lat' dir='ltr'><strong>perfectissime</strong></span> 
     </span>
    </p>
   </div>
   <div class='ocr_carea' id='block_1_91' title="bbox 179 2803 964 2840">
    <p class='ocr_par' dir='ltr' id='par_1_91' title="bbox 179 2803 964 2840">
     <span class='ocr_line' id='line_1_91' title="bbox 179 2803 964 2840; baseline -0.003 -9"><span class='ocrx_word' id='word_1_700' title='bbox 179 2804 427 2840; x_wconf 58' lang='lat' dir='ltr'><strong>cognoscilﬂgitur</strong></span> <span class='ocrx_word' id='word_1_701' title='bbox 452 2805 590 2838; x_wconf 68' lang='lat' dir='ltr'><strong>cognoscit</strong></span> <span class='ocrx_word' id='word_1_702' title='bbox 609 2804 699 2840; x_wconf 85' lang='lat' dir='ltr'><strong>omnia</strong></span> <span class='ocrx_word' id='word_1_703' title='bbox 717 2804 767 2829; x_wconf 82' lang='lat' dir='ltr'><strong>alia</strong></span> <span class='ocrx_word' id='word_1_704' title='bbox 798 2810 811 2829; x_wconf 86' lang='lat' dir='ltr'><strong>a</strong></span> <span class='ocrx_word' id='word_1_705' title='bbox 828 2811 856 2840; x_wconf 78' lang='lat' dir='ltr'><strong>se</strong></span> <span class='ocrx_word' id='word_1_706' title='bbox 875 2803 964 2840; x_wconf 62' lang='lat' dir='ltr'><strong>purie-</strong></span> 
     </span>
    </p>
   </div>
   <div class='ocr_carea' id='block_1_92' title="bbox 180 2838 965 2873">
    <p class='ocr_par' dir='ltr' id='par_1_92' title="bbox 180 2838 965 2873">
     <span class='ocr_line' id='line_1_92' title="bbox 180 2838 965 2873; baseline -0.006 -5"><span class='ocrx_word' id='word_1_707' title='bbox 180 2847 202 2872; x_wconf 62' lang='grc' dir='ltr'>σι</span> <span class='ocrx_word' id='word_1_708' title='bbox 214 2838 310 2872; x_wconf 64' lang='lat' dir='ltr'><strong>issimc,</strong></span> <span class='ocrx_word' id='word_1_709' title='bbox 327 2842 353 2865; x_wconf 87' lang='lat' dir='ltr'><strong>et</strong></span> <span class='ocrx_word' id='word_1_710' title='bbox 371 2839 478 2873; x_wconf 78' lang='lat' dir='ltr'><strong>quidem</strong></span> <span class='ocrx_word' id='word_1_711' title='bbox 496 2839 602 2873; x_wconf 78' lang='lat' dir='ltr'><strong>propria</strong></span> <span class='ocrx_word' id='word_1_712' title='bbox 618 2839 780 2873; x_wconf 72' lang='lat' dir='ltr'><strong>cognitione,</strong></span> <span class='ocrx_word' id='word_1_713' title='bbox 791 2838 852 2872; x_wconf 86' lang='lat' dir='ltr'><strong>quia</strong></span> <span class='ocrx_word' id='word_1_714' title='bbox 864 2846 890 2864; x_wconf 87' lang='grc' dir='ltr'><strong>ιιι</strong></span> <span class='ocrx_word' id='word_1_715' title='bbox 906 2838 965 2873; x_wconf 77' lang='lat' dir='ltr'><strong>ipso</strong></span> 
     </span>
    </p>
   </div>
   <div class='ocr_carea' id='block_1_93' title="bbox 1010 1569 1799 1603">
    <p class='ocr_par' dir='ltr' id='par_1_93' title="bbox 1010 1569 1799 1603">
     <span class='ocr_line' id='line_1_93' title="bbox 1010 1569 1799 1603; baseline 0.003 -7"><span class='ocrx_word' id='word_1_716' title='bbox 1010 1571 1057 1601; x_wconf 92' lang='lat' dir='ltr'><strong>tio,</strong></span> <span class='ocrx_word' id='word_1_717' title='bbox 1074 1570 1119 1597; x_wconf 89' lang='lat' dir='ltr'><strong>ubi</strong></span> <span class='ocrx_word' id='word_1_718' title='bbox 1141 1573 1171 1597; x_wconf 90' lang='lat' dir='ltr'><strong>et</strong></span> <span class='ocrx_word' id='word_1_719' title='bbox 1185 1570 1276 1598; x_wconf 87' lang='lat' dir='ltr'><strong>ttuitas</strong></span> <span class='ocrx_word' id='word_1_720' title='bbox 1292 1570 1326 1597; x_wconf 84' lang='lat' dir='ltr'><strong>sit</strong></span> <span class='ocrx_word' id='word_1_721' title='bbox 1351 1570 1501 1598; x_wconf 90' lang='lat' dir='ltr'><strong>individua.</strong></span> <span class='ocrx_word' id='word_1_722' title='bbox 1526 1569 1596 1598; x_wconf 89' lang='lat' dir='ltr'><strong>Deus</strong></span> <span class='ocrx_word' id='word_1_723' title='bbox 1618 1575 1721 1603; x_wconf 86' lang='lat' dir='ltr'><strong>autem,</strong></span> <span class='ocrx_word' id='word_1_724' title='bbox 1740 1570 1799 1598; x_wconf 76' lang='lat' dir='ltr'><strong>sive</strong></span> 
     </span>
    </p>
   </div>
   <div class='ocr_carea' id='block_1_94' title="bbox 1009 1615 1798 1650">
    <p class='ocr_par' dir='ltr' id='par_1_94' title="bbox 1009 1615 1798 1650">
     <span class='ocr_line' id='line_1_94' title="bbox 1009 1615 1798 1650; baseline -0.001 -6"><span class='ocrx_word' id='word_1_725' title='bbox 1009 1616 1189 1644; x_wconf 88' lang='lat' dir='ltr'><strong>substantiam</strong></span> <span class='ocrx_word' id='word_1_726' title='bbox 1206 1615 1342 1649; x_wconf 84' lang='lat' dir='ltr'><strong>dicamus,</strong></span> <span class='ocrx_word' id='word_1_727' title='bbox 1366 1623 1419 1643; x_wconf 90' lang='lat' dir='ltr'><strong>non</strong></span> <span class='ocrx_word' id='word_1_728' title='bbox 1443 1615 1524 1644; x_wconf 82' lang='lat' dir='ltr'><strong>habet</strong></span> <span class='ocrx_word' id='word_1_729' title='bbox 1542 1620 1702 1650; x_wconf 86' lang='lat' dir='ltr'><strong>potestatem</strong></span> <span class='ocrx_word' id='word_1_730' title='bbox 1717 1616 1798 1643; x_wconf 87' lang='lat' dir='ltr'><strong>intel-</strong></span> 
     </span>
    </p>
   </div>
   <div class='ocr_carea' id='block_1_95' title="bbox 1011 1662 1797 1698">
    <p class='ocr_par' dir='ltr' id='par_1_95' title="bbox 1011 1662 1797 1698">
     <span class='ocr_line' id='line_1_95' title="bbox 1011 1662 1797 1698; baseline 0.001 -9"><span class='ocrx_word' id='word_1_731' title='bbox 1011 1663 1120 1698; x_wconf 78' lang='lat' dir='ltr'><strong>ligendi,</strong></span> <span class='ocrx_word' id='word_1_732' title='bbox 1137 1671 1197 1698; x_wconf 78' lang='lat' dir='ltr'><strong>qua:</strong></span> <span class='ocrx_word' id='word_1_733' title='bbox 1213 1662 1375 1691; x_wconf 80' lang='lat' dir='ltr'><strong>naturaliter</strong></span> <span class='ocrx_word' id='word_1_734' title='bbox 1398 1670 1460 1690; x_wconf 91' lang='lat' dir='ltr'><strong>cum</strong></span> <span class='ocrx_word' id='word_1_735' title='bbox 1490 1670 1524 1690; x_wconf 89' lang='lat' dir='ltr'><strong>eo</strong></span> <span class='ocrx_word' id='word_1_736' title='bbox 1551 1662 1739 1697; x_wconf 78' lang='lat' dir='ltr'><strong>intelligatur;</strong></span> <span class='ocrx_word' id='word_1_737' title='bbox 1764 1671 1797 1690; x_wconf 81' lang='lat' dir='ltr'><strong>ne</strong></span> 
     </span>
    </p>
   </div>
   <div class='ocr_carea' id='block_1_96' title="bbox 1011 1709 1798 1744">
    <p class='ocr_par' dir='ltr' id='par_1_96' title="bbox 1011 1709 1798 1744">
     <span class='ocr_line' id='line_1_96' title="bbox 1011 1709 1798 1744; baseline -0.001 -8"><span class='ocrx_word' id='word_1_738' title='bbox 1011 1709 1143 1736; x_wconf 83' lang='lat' dir='ltr'><strong>habeatur</strong></span> <span class='ocrx_word' id='word_1_739' title='bbox 1163 1709 1342 1744; x_wconf 85' lang='lat' dir='ltr'><strong>compositus,</strong></span> <span class='ocrx_word' id='word_1_740' title='bbox 1368 1709 1428 1736; x_wconf 87' lang='lat' dir='ltr'><strong>sive</strong></span> <span class='ocrx_word' id='word_1_741' title='bbox 1454 1709 1577 1737; x_wconf 91' lang='lat' dir='ltr'><strong>dicatnus</strong></span> <span class='ocrx_word' id='word_1_742' title='bbox 1604 1709 1798 1744; x_wconf 88' lang='lat' dir='ltr'><strong>cognitionem,</strong></span> 
     </span>
    </p>
   </div>
   <div class='ocr_carea' id='block_1_97' title="bbox 1013 1754 1798 1789">
    <p class='ocr_par' dir='ltr' id='par_1_97' title="bbox 1013 1754 1798 1789">
     <span class='ocr_line' id='line_1_97' title="bbox 1013 1754 1798 1789; baseline -0.003 -7"><span class='ocrx_word' id='word_1_743' title='bbox 1013 1763 1064 1782; x_wconf 92' lang='lat' dir='ltr'><strong>non</strong></span> <span class='ocrx_word' id='word_1_744' title='bbox 1084 1755 1163 1782; x_wconf 90' lang='lat' dir='ltr'><strong>habet</strong></span> <span class='ocrx_word' id='word_1_745' title='bbox 1180 1754 1328 1788; x_wconf 81' lang='lat' dir='ltr'><strong>subiectam</strong></span> <span class='ocrx_word' id='word_1_746' title='bbox 1346 1754 1538 1786; x_wconf 86' lang='lat' dir='ltr'><strong>substantiam,</strong></span> <span class='ocrx_word' id='word_1_747' title='bbox 1558 1761 1619 1789; x_wconf 67' lang='lat' dir='ltr'><strong>quae</strong></span> <span class='ocrx_word' id='word_1_748' title='bbox 1637 1754 1798 1781; x_wconf 87' lang='lat' dir='ltr'><strong>naturaliter</strong></span> 
     </span>
    </p>
   </div>
   <div class='ocr_carea' id='block_1_98' title="bbox 1012 1800 1796 1836">
    <p class='ocr_par' dir='ltr' id='par_1_98' title="bbox 1012 1800 1796 1836">
     <span class='ocr_line' id='line_1_98' title="bbox 1012 1800 1796 1836; baseline 0 -10"><span class='ocrx_word' id='word_1_749' title='bbox 1012 1801 1125 1835; x_wconf 70' lang='lat' dir='ltr'><strong>recipiat</strong></span> <span class='ocrx_word' id='word_1_750' title='bbox 1140 1801 1336 1836; x_wconf 85' lang='lat' dir='ltr'><strong>cognitionem,</strong></span> <span class='ocrx_word' id='word_1_751' title='bbox 1351 1801 1398 1829; x_wconf 81' lang='lat' dir='ltr'><strong>sed</strong></span> <span class='ocrx_word' id='word_1_752' title='bbox 1414 1801 1441 1830; x_wconf 87' lang='lat' dir='ltr'><strong>id</strong></span> <span class='ocrx_word' id='word_1_753' title='bbox 1455 1802 1543 1835; x_wconf 88' lang='lat' dir='ltr'><strong>ipsum</strong></span> <span class='ocrx_word' id='word_1_754' title='bbox 1561 1801 1633 1836; x_wconf 88' lang='lat' dir='ltr'><strong>quod</strong></span> <span class='ocrx_word' id='word_1_755' title='bbox 1649 1800 1796 1828; x_wconf 68' lang='lat' dir='ltr'><strong>secundum</strong></span> 
     </span>
    </p>
   </div>
   <div class='ocr_carea' id='block_1_99' title="bbox 1012 1846 1796 1881">
    <p class='ocr_par' dir='ltr' id='par_1_99' title="bbox 1012 1846 1796 1881">
     <span class='ocr_line' id='line_1_99' title="bbox 1012 1846 1796 1881; baseline -0.003 -7"><span class='ocrx_word' id='word_1_756' title='bbox 1012 1846 1192 1874; x_wconf 85' lang='lat' dir='ltr'><strong>substantiam</strong></span> <span class='ocrx_word' id='word_1_757' title='bbox 1207 1850 1258 1879; x_wconf 82' lang='lat' dir='ltr'><strong>est,</strong></span> <span class='ocrx_word' id='word_1_758' title='bbox 1280 1847 1400 1881; x_wconf 80' lang='lat' dir='ltr'><strong>cognitio</strong></span> <span class='ocrx_word' id='word_1_759' title='bbox 1412 1851 1455 1874; x_wconf 80' lang='lat' dir='ltr'><strong>est</strong></span> <span class='ocrx_word' id='word_1_760' title='bbox 1472 1846 1553 1877; x_wconf 87' lang='lat' dir='ltr'><strong>Deus,</strong></span> <span class='ocrx_word' id='word_1_761' title='bbox 1566 1851 1594 1873; x_wconf 92' lang='lat' dir='ltr'><strong>et</strong></span> <span class='ocrx_word' id='word_1_762' title='bbox 1618 1851 1691 1873; x_wconf 85' lang='lat' dir='ltr'><strong>totus</strong></span> <span class='ocrx_word' id='word_1_763' title='bbox 1716 1847 1796 1878; x_wconf 86' lang='lat' dir='ltr'><strong>Deus,</strong></span> 
     </span>
    </p>
   </div>
   <div class='ocr_carea' id='block_1_100' title="bbox 1013 1891 1798 1926">
    <p class='ocr_par' dir='ltr' id='par_1_100' title="bbox 1013 1891 1798 1926">
     <span class='ocr_line' id='line_1_100' title="bbox 1013 1891 1798 1926; baseline -0.004 -7"><span class='ocrx_word' id='word_1_764' title='bbox 1013 1896 1040 1919; x_wconf 84' lang='lat' dir='ltr'><strong>ct</strong></span> <span class='ocrx_word' id='word_1_765' title='bbox 1056 1891 1161 1923; x_wconf 90' lang='lat' dir='ltr'><strong>solum;</strong></span> <span class='ocrx_word' id='word_1_766' title='bbox 1182 1895 1209 1918; x_wconf 89' lang='lat' dir='ltr'><strong>et</strong></span> <span class='ocrx_word' id='word_1_767' title='bbox 1222 1892 1280 1926; x_wconf 84' lang='lat' dir='ltr'><strong>ipsa</strong></span> <span class='ocrx_word' id='word_1_768' title='bbox 1294 1891 1415 1926; x_wconf 83' lang='lat' dir='ltr'><strong>cognitio</strong></span> <span class='ocrx_word' id='word_1_769' title='bbox 1429 1891 1592 1922; x_wconf 79' lang='lat' dir='ltr'><strong>substantia,</strong></span> <span class='ocrx_word' id='word_1_770' title='bbox 1604 1895 1632 1918; x_wconf 85' lang='lat' dir='ltr'><strong>et</strong></span> <span class='ocrx_word' id='word_1_771' title='bbox 1645 1895 1718 1918; x_wconf 87' lang='lat' dir='ltr'><strong>totus</strong></span> <span class='ocrx_word' id='word_1_772' title='bbox 1732 1893 1798 1917; x_wconf 88' lang='lat' dir='ltr'><strong>sub-</strong></span> 
     </span>
    </p>
   </div>
   <div class='ocr_carea' id='block_1_101' title="bbox 1013 1936 1799 1971">
    <p class='ocr_par' dir='ltr' id='par_1_101' title="bbox 1013 1936 1799 1971">
     <span class='ocr_line' id='line_1_101' title="bbox 1013 1936 1799 1971; baseline -0.001 -7"><span class='ocrx_word' id='word_1_773' title='bbox 1013 1937 1123 1970; x_wconf 86' lang='lat' dir='ltr'><strong>stantia,</strong></span> <span class='ocrx_word' id='word_1_774' title='bbox 1144 1942 1171 1964; x_wconf 92' lang='lat' dir='ltr'><strong>et</strong></span> <span class='ocrx_word' id='word_1_775' title='bbox 1190 1937 1286 1969; x_wconf 89' lang='lat' dir='ltr'><strong>solum,</strong></span> <span class='ocrx_word' id='word_1_776' title='bbox 1310 1941 1338 1964; x_wconf 91' lang='lat' dir='ltr'><strong>et</strong></span> <span class='ocrx_word' id='word_1_777' title='bbox 1360 1944 1442 1971; x_wconf 90' lang='lat' dir='ltr'><strong>supra</strong></span> <span class='ocrx_word' id='word_1_778' title='bbox 1465 1936 1647 1964; x_wconf 83' lang='lat' dir='ltr'><strong>substantiam</strong></span> <span class='ocrx_word' id='word_1_779' title='bbox 1670 1941 1754 1969; x_wconf 83' lang='lat' dir='ltr'><strong>totus,</strong></span> <span class='ocrx_word' id='word_1_780' title='bbox 1771 1941 1799 1963; x_wconf 88' lang='lat' dir='ltr'><strong>et</strong></span> 
     </span>
    </p>
   </div>
   <div class='ocr_carea' id='block_1_102' title="bbox 1014 1980 1800 2016">
    <p class='ocr_par' dir='ltr' id='par_1_102' title="bbox 1014 1980 1800 2016">
     <span class='ocr_line' id='line_1_102' title="bbox 1014 1980 1800 2016; baseline -0.001 -7"><span class='ocrx_word' id='word_1_781' title='bbox 1014 1989 1093 2016; x_wconf 75' lang='lat' dir='ltr'><strong>Supra</strong></span> <span class='ocrx_word' id='word_1_782' title='bbox 1112 1981 1294 2015; x_wconf 81' lang='lat' dir='ltr'><strong>cognitionem</strong></span> <span class='ocrx_word' id='word_1_783' title='bbox 1319 1981 1411 2014; x_wconf 79' lang='lat' dir='ltr'><strong>solus;</strong></span> <span class='ocrx_word' id='word_1_784' title='bbox 1427 1981 1489 2016; x_wconf 91' lang='lat' dir='ltr'><strong>quia</strong></span> <span class='ocrx_word' id='word_1_785' title='bbox 1518 1982 1608 2008; x_wconf 90' lang='lat' dir='ltr'><strong>unitas</strong></span> <span class='ocrx_word' id='word_1_786' title='bbox 1632 1985 1676 2009; x_wconf 90' lang='lat' dir='ltr'><strong>est</strong></span> <span class='ocrx_word' id='word_1_787' title='bbox 1701 1980 1800 2008; x_wconf 88' lang='lat' dir='ltr'><strong>indivi-</strong></span> 
     </span>
    </p>
   </div>
   <div class='ocr_carea' id='block_1_103' title="bbox 1015 2027 1799 2063">
    <p class='ocr_par' dir='ltr' id='par_1_103' title="bbox 1015 2027 1799 2063">
     <span class='ocr_line' id='line_1_103' title="bbox 1015 2027 1799 2063; baseline -0.001 -8"><span class='ocrx_word' id='word_1_788' title='bbox 1015 2029 1078 2060; x_wconf 86' lang='lat' dir='ltr'><strong>dua,</strong></span> <span class='ocrx_word' id='word_1_789' title='bbox 1098 2035 1198 2062; x_wconf 81' lang='lat' dir='ltr'><strong>expers</strong></span> <span class='ocrx_word' id='word_1_790' title='bbox 1224 2027 1320 2063; x_wconf 88' lang='lat' dir='ltr'><strong>partis,</strong></span> <span class='ocrx_word' id='word_1_791' title='bbox 1338 2033 1363 2055; x_wconf 91' lang='lat' dir='ltr'><strong>ct</strong></span> <span class='ocrx_word' id='word_1_792' title='bbox 1385 2028 1509 2062; x_wconf 78' lang='lat' dir='ltr'><strong>simplex.</strong></span> <span class='ocrx_word' id='word_1_793' title='bbox 1536 2027 1568 2055; x_wconf 85' lang='lat' dir='ltr'><strong>Et</strong></span> <span class='ocrx_word' id='word_1_794' title='bbox 1588 2027 1677 2054; x_wconf 83' lang='lat' dir='ltr'><strong>adhuc</strong></span> <span class='ocrx_word' id='word_1_795' title='bbox 1701 2027 1773 2054; x_wconf 69' lang='lat' dir='ltr'><strong>idem</strong></span> <span class='ocrx_word' id='word_1_796' title='bbox 1791 2035 1799 2054; x_wconf 74' lang='grc' dir='ltr'><strong><em>τ</em></strong></span> 
     </span>
    </p>
   </div>
   <div class='ocr_carea' id='block_1_104' title="bbox 1016 2073 1798 2108">
    <p class='ocr_par' dir='ltr' id='par_1_104' title="bbox 1016 2073 1798 2108">
     <span class='ocr_line' id='line_1_104' title="bbox 1016 2073 1798 2108; baseline -0.003 -7"><span class='ocrx_word' id='word_1_797' title='bbox 1016 2074 1086 2101; x_wconf 84' lang='lat' dir='ltr'><strong>Deus</strong></span> <span class='ocrx_word' id='word_1_798' title='bbox 1108 2074 1135 2100; x_wconf 95' lang='lat' dir='ltr'><strong>in</strong></span> <span class='ocrx_word' id='word_1_799' title='bbox 1152 2078 1268 2108; x_wconf 86' lang='lat' dir='ltr'><strong>utroque</strong></span> <span class='ocrx_word' id='word_1_800' title='bbox 1285 2073 1392 2107; x_wconf 87' lang='lat' dir='ltr'><strong>penitus</strong></span> <span class='ocrx_word' id='word_1_801' title='bbox 1416 2075 1542 2106; x_wconf 79' lang='lat' dir='ltr'><strong>simplex,</strong></span> <span class='ocrx_word' id='word_1_802' title='bbox 1562 2073 1715 2101; x_wconf 85' lang='lat' dir='ltr'><strong>substantia</strong></span> <span class='ocrx_word' id='word_1_803' title='bbox 1737 2073 1798 2100; x_wconf 89' lang='lat' dir='ltr'><strong>sine</strong></span> 
     </span>
    </p>
   </div>
   <div class='ocr_carea' id='block_1_105' title="bbox 1015 2119 1799 2154">
    <p class='ocr_par' dir='ltr' id='par_1_105' title="bbox 1015 2119 1799 2154">
     <span class='ocr_line' id='line_1_105' title="bbox 1015 2119 1799 2154; baseline -0.001 -7"><span class='ocrx_word' id='word_1_804' title='bbox 1015 2120 1149 2153; x_wconf 78' lang='lat' dir='ltr'><strong>Subjeeto,</strong></span> <span class='ocrx_word' id='word_1_805' title='bbox 1164 2124 1190 2146; x_wconf 89' lang='lat' dir='ltr'><strong>et</strong></span> <span class='ocrx_word' id='word_1_806' title='bbox 1204 2119 1325 2153; x_wconf 80' lang='lat' dir='ltr'><strong>cognitio</strong></span> <span class='ocrx_word' id='word_1_807' title='bbox 1341 2127 1392 2145; x_wconf 90' lang='lat' dir='ltr'><strong>non</strong></span> <span class='ocrx_word' id='word_1_808' title='bbox 1409 2120 1511 2146; x_wconf 73' lang='lat' dir='ltr'><strong>habens</strong></span> <span class='ocrx_word' id='word_1_809' title='bbox 1533 2119 1615 2147; x_wconf 91' lang='lat' dir='ltr'><strong>ullum</strong></span> <span class='ocrx_word' id='word_1_810' title='bbox 1634 2119 1713 2154; x_wconf 86' lang='lat' dir='ltr'><strong>plane</strong></span> <span class='ocrx_word' id='word_1_811' title='bbox 1734 2119 1799 2146; x_wconf 87' lang='lat' dir='ltr'><strong>sub-</strong></span> 
     </span>
    </p>
   </div>
   <div class='ocr_carea' id='block_1_106' title="bbox 1013 2164 1797 2200">
    <p class='ocr_par' dir='ltr' id='par_1_106' title="bbox 1013 2164 1797 2200">
     <span class='ocr_line' id='line_1_106' title="bbox 1013 2164 1797 2200; baseline -0.001 -8"><span class='ocrx_word' id='word_1_812' title='bbox 1013 2165 1127 2198; x_wconf 78' lang='lat' dir='ltr'><strong>jectum.</strong></span> <span class='ocrx_word' id='word_1_813' title='bbox 1151 2165 1268 2192; x_wconf 90' lang='lat' dir='ltr'><strong>Sanctus</strong></span> <span class='ocrx_word' id='word_1_814' title='bbox 1287 2164 1414 2200; x_wconf 79' lang='lat' dir='ltr'><strong>Cyrillus,</strong></span> <span class='ocrx_word' id='word_1_815' title='bbox 1440 2166 1466 2192; x_wconf 90' lang='lat' dir='ltr'><strong>in</strong></span> <span class='ocrx_word' id='word_1_816' title='bbox 1484 2165 1638 2197; x_wconf 75' lang='lat' dir='ltr'><strong>Thcsouris,</strong></span> <span class='ocrx_word' id='word_1_817' title='bbox 1662 2164 1732 2192; x_wconf 92' lang='lat' dir='ltr'><strong>libro</strong></span> <span class='ocrx_word' id='word_1_818' title='bbox 1756 2172 1797 2197; x_wconf 90' lang='grc' dir='ltr'>ιιι,</span> 
     </span>
    </p>
   </div>
   <div class='ocr_carea' id='block_1_107' title="bbox 1011 2210 1800 2247">
    <p class='ocr_par' dir='ltr' id='par_1_107' title="bbox 1011 2210 1800 2247">
     <span class='ocr_line' id='line_1_107' title="bbox 1011 2210 1800 2247; baseline -0.001 -9"><span class='ocrx_word' id='word_1_819' title='bbox 1011 2219 1071 2246; x_wconf 82' lang='lat' dir='ltr'><strong>cap.</strong></span> <span class='ocrx_word' id='word_1_820' title='bbox 1088 2211 1105 2238; x_wconf 78' lang='grc'><strong>4</strong></span> <span class='ocrx_word' id='word_1_821' title='bbox 1118 2220 1125 2238; x_wconf 90' lang='lat'>:</span> <span class='ocrx_word' id='word_1_822' title='bbox 1140 2211 1261 2238; x_wconf 84' lang='lat' dir='ltr'><strong>Primum</strong></span> <span class='ocrx_word' id='word_1_823' title='bbox 1273 2211 1393 2247; x_wconf 76' lang='lat' dir='ltr'><strong>quidem,</strong></span> <span class='ocrx_word' id='word_1_824' title='bbox 1407 2211 1506 2246; x_wconf 83' lang='lat' dir='ltr'><strong>inquit,</strong></span> <span class='ocrx_word' id='word_1_825' title='bbox 1523 2218 1635 2238; x_wconf 85' lang='lat' dir='ltr'><strong>necesse</strong></span> <span class='ocrx_word' id='word_1_826' title='bbox 1651 2215 1693 2237; x_wconf 72' lang='lat' dir='ltr'><strong>est</strong></span> <span class='ocrx_word' id='word_1_827' title='bbox 1708 2210 1800 2237; x_wconf 84' lang='lat' dir='ltr'><strong>dicere</strong></span> 
     </span>
    </p>
   </div>
   <div class='ocr_carea' id='block_1_108' title="bbox 1011 2256 1797 2291">
    <p class='ocr_par' dir='ltr' id='par_1_108' title="bbox 1011 2256 1797 2291">
     <span class='ocr_line' id='line_1_108' title="bbox 1011 2256 1797 2291; baseline -0.003 -7"><span class='ocrx_word' id='word_1_828' title='bbox 1011 2257 1189 2291; x_wconf 88' lang='lat' dir='ltr'><strong>compositum</strong></span> <span class='ocrx_word' id='word_1_829' title='bbox 1203 2264 1264 2284; x_wconf 85' lang='lat' dir='ltr'><strong>esse</strong></span> <span class='ocrx_word' id='word_1_830' title='bbox 1286 2256 1369 2284; x_wconf 89' lang='lat' dir='ltr'><strong>Deum</strong></span> <span class='ocrx_word' id='word_1_831' title='bbox 1392 2263 1423 2283; x_wconf 89' lang='lat' dir='ltr'><strong>ex</strong></span> <span class='ocrx_word' id='word_1_832' title='bbox 1445 2256 1572 2289; x_wconf 82' lang='lat' dir='ltr'><strong>diversis,</strong></span> <span class='ocrx_word' id='word_1_833' title='bbox 1588 2256 1683 2290; x_wconf 82' lang='lat' dir='ltr'><strong>eisque</strong></span> <span class='ocrx_word' id='word_1_834' title='bbox 1705 2263 1797 2283; x_wconf 89' lang='lat' dir='ltr'><strong>secum</strong></span> 
     </span>
    </p>
   </div>
   <div class='ocr_carea' id='block_1_109' title="bbox 1012 2303 1799 2338">
    <p class='ocr_par' dir='ltr' id='par_1_109' title="bbox 1012 2303 1799 2338">
     <span class='ocr_line' id='line_1_109' title="bbox 1012 2303 1799 2338; baseline -0.001 -7"><span class='ocrx_word' id='word_1_835' title='bbox 1012 2306 1081 2332; x_wconf 91' lang='lat' dir='ltr'><strong>inter</strong></span> <span class='ocrx_word' id='word_1_836' title='bbox 1097 2312 1126 2331; x_wconf 90' lang='lat' dir='ltr'><strong>se</strong></span> <span class='ocrx_word' id='word_1_837' title='bbox 1140 2304 1216 2331; x_wconf 83' lang='lat' dir='ltr'><strong>valde</strong></span> <span class='ocrx_word' id='word_1_838' title='bbox 1233 2304 1427 2338; x_wconf 77' lang='lat' dir='ltr'><strong>pugnantibus,</strong></span> <span class='ocrx_word' id='word_1_839' title='bbox 1445 2303 1526 2330; x_wconf 86' lang='lat' dir='ltr'><strong>simili</strong></span> <span class='ocrx_word' id='word_1_840' title='bbox 1548 2303 1654 2330; x_wconf 88' lang='lat' dir='ltr'><strong>scilicet</strong></span> <span class='ocrx_word' id='word_1_841' title='bbox 1678 2307 1705 2330; x_wconf 91' lang='lat' dir='ltr'><strong>et</strong></span> <span class='ocrx_word' id='word_1_842' title='bbox 1721 2303 1799 2330; x_wconf 69' lang='lat' dir='ltr'><strong>dissi~</strong></span> 
     </span>
    </p>
   </div>
   <div class='ocr_carea' id='block_1_110' title="bbox 1013 2347 1797 2384">
    <p class='ocr_par' dir='ltr' id='par_1_110' title="bbox 1013 2347 1797 2384">
     <span class='ocr_line' id='line_1_110' title="bbox 1013 2347 1797 2384; baseline -0.003 -8"><span class='ocrx_word' id='word_1_843' title='bbox 1013 2349 1088 2382; x_wconf 88' lang='lat' dir='ltr'><strong>mili;</strong></span> <span class='ocrx_word' id='word_1_844' title='bbox 1110 2356 1170 2384; x_wconf 75' lang='lat' dir='ltr'><strong>qua:</strong></span> <span class='ocrx_word' id='word_1_845' title='bbox 1184 2348 1292 2383; x_wconf 86' lang='lat' dir='ltr'><strong>quidem</strong></span> <span class='ocrx_word' id='word_1_846' title='bbox 1310 2348 1381 2375; x_wconf 86' lang='lat' dir='ltr'><strong>inter</strong></span> <span class='ocrx_word' id='word_1_847' title='bbox 1394 2356 1423 2376; x_wconf 89' lang='lat' dir='ltr'><strong>se</strong></span> <span class='ocrx_word' id='word_1_848' title='bbox 1438 2348 1465 2375; x_wconf 90' lang='lat' dir='ltr'><strong>in</strong></span> <span class='ocrx_word' id='word_1_849' title='bbox 1477 2356 1531 2375; x_wconf 93' lang='lat' dir='ltr'><strong>uno</strong></span> <span class='ocrx_word' id='word_1_850' title='bbox 1548 2347 1671 2381; x_wconf 89' lang='lat' dir='ltr'><strong>subjecto</strong></span> <span class='ocrx_word' id='word_1_851' title='bbox 1692 2347 1797 2375; x_wconf 80' lang='lat' dir='ltr'><strong>misceri</strong></span> 
     </span>
    </p>
   </div>
   <div class='ocr_carea' id='block_1_111' title="bbox 1012 2393 1795 2429">
    <p class='ocr_par' dir='ltr' id='par_1_111' title="bbox 1012 2393 1795 2429">
     <span class='ocr_line' id='line_1_111' title="bbox 1012 2393 1795 2429; baseline -0.001 -7"><span class='ocrx_word' id='word_1_852' title='bbox 1012 2401 1039 2422; x_wconf 90' lang='lat' dir='ltr'><strong>et</strong></span> <span class='ocrx_word' id='word_1_853' title='bbox 1055 2395 1194 2422; x_wconf 69' lang='lat' dir='ltr'><strong>cohaerere</strong></span> <span class='ocrx_word' id='word_1_854' title='bbox 1211 2402 1262 2421; x_wconf 93' lang='lat' dir='ltr'><strong>non</strong></span> <span class='ocrx_word' id='word_1_855' title='bbox 1281 2399 1404 2429; x_wconf 88' lang='lat' dir='ltr'><strong>possunt,</strong></span> <span class='ocrx_word' id='word_1_856' title='bbox 1415 2399 1442 2422; x_wconf 89' lang='lat' dir='ltr'><strong>ct</strong></span> <span class='ocrx_word' id='word_1_857' title='bbox 1458 2394 1480 2421; x_wconf 90' lang='lat' dir='ltr'><strong>si</strong></span> <span class='ocrx_word' id='word_1_858' title='bbox 1493 2401 1525 2421; x_wconf 89' lang='lat' dir='ltr'><strong>ex</strong></span> <span class='ocrx_word' id='word_1_859' title='bbox 1541 2398 1619 2428; x_wconf 85' lang='lat' dir='ltr'><strong>parte</strong></span> <span class='ocrx_word' id='word_1_860' title='bbox 1637 2393 1745 2425; x_wconf 89' lang='lat' dir='ltr'><strong>similis,</strong></span> <span class='ocrx_word' id='word_1_861' title='bbox 1765 2401 1795 2421; x_wconf 78' lang='lat' dir='ltr'><strong>ex</strong></span> 
     </span>
    </p>
   </div>
   <div class='ocr_carea' id='block_1_112' title="bbox 1014 2438 1797 2475">
    <p class='ocr_par' dir='ltr' id='par_1_112' title="bbox 1014 2438 1797 2475">
     <span class='ocr_line' id='line_1_112' title="bbox 1014 2438 1797 2475; baseline -0.004 -8"><span class='ocrx_word' id='word_1_862' title='bbox 1014 2446 1090 2475; x_wconf 89' lang='lat' dir='ltr'><strong>parte</strong></span> <span class='ocrx_word' id='word_1_863' title='bbox 1110 2440 1162 2467; x_wconf 91' lang='lat' dir='ltr'><strong>alia</strong></span> <span class='ocrx_word' id='word_1_864' title='bbox 1185 2448 1236 2468; x_wconf 91' lang='lat' dir='ltr'><strong>non</strong></span> <span class='ocrx_word' id='word_1_865' title='bbox 1260 2440 1313 2467; x_wconf 88' lang='lat' dir='ltr'><strong>erit</strong></span> <span class='ocrx_word' id='word_1_866' title='bbox 1331 2439 1440 2471; x_wconf 90' lang='lat' dir='ltr'><strong>similis,</strong></span> <span class='ocrx_word' id='word_1_867' title='bbox 1457 2447 1510 2466; x_wconf 93' lang='lat' dir='ltr'><strong>non</strong></span> <span class='ocrx_word' id='word_1_868' title='bbox 1531 2439 1584 2466; x_wconf 87' lang='lat' dir='ltr'><strong>erit</strong></span> <span class='ocrx_word' id='word_1_869' title='bbox 1607 2443 1679 2466; x_wconf 89' lang='lat' dir='ltr'><strong>tottts</strong></span> <span class='ocrx_word' id='word_1_870' title='bbox 1699 2438 1797 2469; x_wconf 88' lang='lat' dir='ltr'><strong>lumen,</strong></span> 
     </span>
    </p>
   </div>
   <div class='ocr_carea' id='block_1_113' title="bbox 1015 2483 1798 2520">
    <p class='ocr_par' dir='ltr' id='par_1_113' title="bbox 1015 2483 1798 2520">
     <span class='ocr_line' id='line_1_113' title="bbox 1015 2483 1798 2520; baseline -0.004 -8"><span class='ocrx_word' id='word_1_871' title='bbox 1015 2494 1101 2520; x_wconf 83' lang='lat' dir='ltr'><strong>neque</strong></span> <span class='ocrx_word' id='word_1_872' title='bbox 1115 2490 1190 2514; x_wconf 89' lang='lat' dir='ltr'><strong>totus</strong></span> <span class='ocrx_word' id='word_1_873' title='bbox 1205 2487 1316 2518; x_wconf 88' lang='lat' dir='ltr'><strong>veritas,</strong></span> <span class='ocrx_word' id='word_1_874' title='bbox 1335 2493 1423 2520; x_wconf 86' lang='lat' dir='ltr'><strong>neque</strong></span> <span class='ocrx_word' id='word_1_875' title='bbox 1441 2490 1537 2512; x_wconf 86' lang='lat' dir='ltr'><strong>natura</strong></span> <span class='ocrx_word' id='word_1_876' title='bbox 1563 2484 1644 2511; x_wconf 87' lang='lat' dir='ltr'><strong>Deus.</strong></span> <span class='ocrx_word' id='word_1_877' title='bbox 1668 2483 1798 2510; x_wconf 57' lang='lat' dir='ltr'><strong>Praeterea</strong></span> 
     </span>
    </p>
   </div>
   <div class='ocr_carea' id='block_1_114' title="bbox 1014 2528 1797 2566">
    <p class='ocr_par' dir='ltr' id='par_1_114' title="bbox 1014 2528 1797 2566">
     <span class='ocr_line' id='line_1_114' title="bbox 1014 2528 1797 2566; baseline -0.004 -8"><span class='ocrx_word' id='word_1_878' title='bbox 1014 2532 1096 2558; x_wconf 88' lang='lat' dir='ltr'><strong>etiatn</strong></span> <span class='ocrx_word' id='word_1_879' title='bbox 1115 2533 1147 2558; x_wconf 88' lang='lat' dir='ltr'><strong>ad</strong></span> <span class='ocrx_word' id='word_1_880' title='bbox 1165 2532 1252 2566; x_wconf 89' lang='lat' dir='ltr'><strong>ipsum</strong></span> <span class='ocrx_word' id='word_1_881' title='bbox 1282 2531 1327 2566; x_wconf 88' lang='lat' dir='ltr'><strong>qtti</strong></span> <span class='ocrx_word' id='word_1_882' title='bbox 1357 2531 1461 2566; x_wconf 88' lang='lat' dir='ltr'><strong>genuit,</strong></span> <span class='ocrx_word' id='word_1_883' title='bbox 1487 2530 1609 2557; x_wconf 87' lang='lat' dir='ltr'><strong>manabit</strong></span> <span class='ocrx_word' id='word_1_884' title='bbox 1633 2528 1797 2562; x_wconf 85' lang='lat' dir='ltr'><strong>blasphemia</strong></span> 
     </span>
    </p>
   </div>
   <div class='ocr_carea' id='block_1_115' title="bbox 1016 2574 1798 2611">
    <p class='ocr_par' dir='ltr' id='par_1_115' title="bbox 1016 2574 1798 2611">
     <span class='ocr_line' id='line_1_115' title="bbox 1016 2574 1798 2611; baseline -0.001 -9"><span class='ocrx_word' id='word_1_885' title='bbox 1016 2576 1105 2610; x_wconf 82' lang='lat' dir='ltr'><strong>gravis</strong></span> <span class='ocrx_word' id='word_1_886' title='bbox 1125 2584 1132 2603; x_wconf 94' lang='lat'>:</span> <span class='ocrx_word' id='word_1_887' title='bbox 1151 2577 1202 2603; x_wconf 89' lang='lat' dir='ltr'><strong>erit</strong></span> <span class='ocrx_word' id='word_1_888' title='bbox 1216 2577 1288 2603; x_wconf 87' lang='lat' dir='ltr'><strong>enim</strong></span> <span class='ocrx_word' id='word_1_889' title='bbox 1310 2575 1477 2611; x_wconf 83' lang='lat' dir='ltr'><strong>compositus</strong></span> <span class='ocrx_word' id='word_1_890' title='bbox 1498 2574 1579 2602; x_wconf 86' lang='lat' dir='ltr'><strong>Pater</strong></span> <span class='ocrx_word' id='word_1_891' title='bbox 1594 2582 1625 2602; x_wconf 90' lang='lat' dir='ltr'><strong>ex</strong></span> <span class='ocrx_word' id='word_1_892' title='bbox 1649 2574 1798 2602; x_wconf 81' lang='lat' dir='ltr'><strong>substantia</strong></span> 
     </span>
    </p>
   </div>
   <div class='ocr_carea' id='block_1_116' title="bbox 1016 2620 1798 2656">
    <p class='ocr_par' dir='ltr' id='par_1_116' title="bbox 1016 2620 1798 2656">
     <span class='ocr_line' id='line_1_116' title="bbox 1016 2620 1798 2656; baseline 0 -10"><span class='ocrx_word' id='word_1_893' title='bbox 1016 2627 1041 2646; x_wconf 80' lang='lat' dir='ltr'><strong>et</strong></span> <span class='ocrx_word' id='word_1_894' title='bbox 1053 2625 1184 2655; x_wconf 84' lang='lat' dir='ltr'><strong>conceptu</strong></span> <span class='ocrx_word' id='word_1_895' title='bbox 1202 2622 1312 2649; x_wconf 87' lang='lat' dir='ltr'><strong>mentis.</strong></span> <span class='ocrx_word' id='word_1_896' title='bbox 1328 2621 1443 2656; x_wconf 84' lang='lat' dir='ltr'><strong>Magnus</strong></span> <span class='ocrx_word' id='word_1_897' title='bbox 1456 2620 1583 2653; x_wconf 83' lang='lat' dir='ltr'><strong>Basilius,</strong></span> <span class='ocrx_word' id='word_1_898' title='bbox 1599 2621 1668 2648; x_wconf 93' lang='lat' dir='ltr'><strong>libro</strong></span> <span class='ocrx_word' id='word_1_899' title='bbox 1684 2620 1798 2648; x_wconf 86' lang='lat' dir='ltr'><strong>secundo</strong></span> 
     </span>
    </p>
   </div>
   <div class='ocr_carea' id='block_1_117' title="bbox 1016 2665 1799 2701">
    <p class='ocr_par' dir='ltr' id='par_1_117' title="bbox 1016 2665 1799 2701">
     <span class='ocr_line' id='line_1_117' title="bbox 1016 2665 1799 2701; baseline -0.004 -8"><span class='ocrx_word' id='word_1_900' title='bbox 1016 2666 1074 2693; x_wconf 68' lang='grc' dir='ltr'><strong>Τῶν</strong></span> <span class='ocrx_word' id='word_1_901' title='bbox 1108 2667 1320 2701; x_wconf 63' lang='grc' dir='ltr'>ἁντιρῤητικῶνι</span> <span class='ocrx_word' id='word_1_902' title='bbox 1344 2665 1506 2701; x_wconf 88' lang='lat' dir='ltr'><strong>&#39;Siquidem,</strong></span> <span class='ocrx_word' id='word_1_903' title='bbox 1543 2665 1641 2701; x_wconf 90' lang='lat' dir='ltr'><strong>inquit,</strong></span> <span class='ocrx_word' id='word_1_904' title='bbox 1673 2670 1799 2700; x_wconf 83' lang='lat' dir='ltr'><strong>tauquam</strong></span> 
     </span>
    </p>
   </div>
   <div class='ocr_carea' id='block_1_118' title="bbox 1019 2731 1799 2767">
    <p class='ocr_par' dir='ltr' id='par_1_118' title="bbox 1019 2731 1799 2767">
     <span class='ocr_line' id='line_1_118' title="bbox 1019 2731 1799 2767; baseline -0.004 -7"><span class='ocrx_word' id='word_1_905' title='bbox 1019 2738 1082 2760; x_wconf 77' lang='lat' dir='ltr'><strong>Sunt</strong></span> <span class='ocrx_word' id='word_1_906' title='bbox 1100 2733 1304 2766; x_wconf 80' lang='lat' dir='ltr'><strong>perfectissime,</strong></span> <span class='ocrx_word' id='word_1_907' title='bbox 1325 2734 1380 2761; x_wconf 81' lang='lat' dir='ltr'><strong>into</strong></span> <span class='ocrx_word' id='word_1_908' title='bbox 1396 2735 1453 2767; x_wconf 77' lang='lat' dir='ltr'><strong>ipse</strong></span> <span class='ocrx_word' id='word_1_909' title='bbox 1467 2739 1510 2761; x_wconf 90' lang='lat' dir='ltr'><strong>est</strong></span> <span class='ocrx_word' id='word_1_910' title='bbox 1534 2733 1578 2760; x_wconf 81' lang='lat' dir='ltr'><strong>illa</strong></span> <span class='ocrx_word' id='word_1_911' title='bbox 1593 2733 1649 2767; x_wconf 87' lang='lat' dir='ltr'><strong>ipsa</strong></span> <span class='ocrx_word' id='word_1_912' title='bbox 1665 2731 1756 2758; x_wconf 89' lang='lat' dir='ltr'><strong>omnia</strong></span> <span class='ocrx_word' id='word_1_913' title='bbox 1773 2735 1799 2757; x_wconf 90' lang='lat' dir='ltr'><strong>ttt</strong></span> 
     </span>
    </p>
   </div>
   <div class='ocr_carea' id='block_1_119' title="bbox 1019 2768 1798 2802">
    <p class='ocr_par' dir='ltr' id='par_1_119' title="bbox 1019 2768 1798 2802">
     <span class='ocr_line' id='line_1_119' title="bbox 1019 2768 1798 2802; baseline -0.001 -8"><span class='ocrx_word' id='word_1_914' title='bbox 1019 2776 1100 2794; x_wconf 69' lang='lat' dir='ltr'><strong>causa</strong></span> <span class='ocrx_word' id='word_1_915' title='bbox 1110 2768 1237 2799; x_wconf 85' lang='lat' dir='ltr'><strong>ellicieus.</strong></span> <span class='ocrx_word' id='word_1_916' title='bbox 1262 2770 1478 2802; x_wconf 69' lang='lat' dir='ltr'><strong>etexcnqilaris;</strong></span> <span class='ocrx_word' id='word_1_917' title='bbox 1496 2774 1522 2795; x_wconf 91' lang='lat' dir='ltr'><strong>et</strong></span> <span class='ocrx_word' id='word_1_918' title='bbox 1540 2770 1595 2802; x_wconf 87' lang='lat' dir='ltr'><strong>ipsa</strong></span> <span class='ocrx_word' id='word_1_919' title='bbox 1608 2768 1698 2794; x_wconf 83' lang='lat' dir='ltr'><strong>divina</strong></span> <span class='ocrx_word' id='word_1_920' title='bbox 1707 2773 1798 2794; x_wconf 78' lang='lat' dir='ltr'><strong>essen-</strong></span> 
     </span>
    </p>
   </div>
   <div class='ocr_carea' id='block_1_120' title="bbox 1018 2803 1798 2838">
    <p class='ocr_par' dir='ltr' id='par_1_120' title="bbox 1018 2803 1798 2838">
     <span class='ocr_line' id='line_1_120' title="bbox 1018 2803 1798 2838; baseline 0.001 -9"><span class='ocrx_word' id='word_1_921' title='bbox 1018 2803 1052 2838; x_wconf 73' lang='lat' dir='ltr'><strong>tia</strong></span> <span class='ocrx_word' id='word_1_922' title='bbox 1070 2809 1110 2830; x_wconf 74' lang='lat' dir='ltr'><strong>est</strong></span> <span class='ocrx_word' id='word_1_923' title='bbox 1129 2804 1234 2837; x_wconf 81' lang='lat' dir='ltr'><strong>propria</strong></span> <span class='ocrx_word' id='word_1_924' title='bbox 1255 2804 1324 2830; x_wconf 85' lang='lat' dir='ltr'><strong>ratio</strong></span> <span class='ocrx_word' id='word_1_925' title='bbox 1351 2804 1561 2838; x_wconf 64' lang='lat' dir='ltr'><strong>uniuscujusque</strong></span> <span class='ocrx_word' id='word_1_926' title='bbox 1579 2807 1722 2834; x_wconf 55' lang='lat' dir='ltr'><strong>creatura,</strong></span> <span class='ocrx_word' id='word_1_927' title='bbox 1743 2807 1798 2836; x_wconf 71' lang='lat' dir='ltr'><strong>(tua!</strong></span> 
     </span>
    </p>
   </div>
   <div class='ocr_carea' id='block_1_121' title="bbox 1017 2837 1528 2874">
    <p class='ocr_par' dir='ltr' id='par_1_121' title="bbox 1017 2837 1528 2874">
     <span class='ocr_line' id='line_1_121' title="bbox 1017 2837 1528 2874; baseline 0.004 -10"><span class='ocrx_word' id='word_1_928' title='bbox 1017 2837 1100 2865; x_wconf 83' lang='lat' dir='ltr'><strong>Deum</strong></span> <span class='ocrx_word' id='word_1_929' title='bbox 1116 2838 1358 2874; x_wconf 79' lang='lat' dir='ltr'><strong>quomodowuque</strong></span> <span class='ocrx_word' id='word_1_930' title='bbox 1375 2837 1528 2874; x_wconf 83' lang='lat' dir='ltr'><strong>participat.</strong></span> 
     </span>
    </p>
   </div>
  </div>
