1955 3076
186 140 241 172 9ἒ5

633 140 753 170 DECAS
771 141 804 171 Χ.
826 155 858 159 -
878 142 926 171 DE
944 141 1077 171 DIVINA
1100 143 1383 174 SIMI'LZCITATE.

1760 147 1813 178 986

187 204 292 235 partem
316 198 473 226 substantia-
488 197 674 232 acciperemus
697 198 858 232 ingenitum,
884 199 971 225 locum
990 199 1009 226 Δ
1027 200 1117 226 tundis
1132 201 1223 227 evenit
1243 209 1249 228 :
1268 209 1355 235 neque
1373 209 1468 230 rursus
1484 203 1517 230 ab
1535 207 1657 230 extremo
1670 204 1703 231 ad
1723 209 1814 233 extre-

187 247 300 272 hahcret
330 245 409 272 istius
432 251 535 276 sermo,
555 251 615 270 cum
636 243 684 276 ait,
708 245 887 278 compositutn
913 252 973 271 esse

185 291 258 325 quod
279 299 311 318 ex
338 290 452 317 diversis
478 293 586 317 constat
610 298 616 316 :
639 289 680 316 sin
702 297 764 316 vero
792 290 970 325 substantiam

187 336 232 362 Dei
256 336 345 362 lumen
364 335 452 370 ipsum
471 335 609 370 ponimus.
634 335 678 362 vel
697 335 791 365 vitam,
808 335 850 362 vel
872 335 970 362 bonum

187 387 284 414 totum,
298 383 368 416 quod
384 381 492 416 quidem
516 385 558 409 est
577 385 662 409 totutn
683 381 748 413 vita,
768 385 853 408 tntum
870 381 972 413 lumen,

185 432 212 455 et
226 432 311 455 totuttt
328 428 448 461 bonum;
468 427 550 454 habet
565 432 655 454 autem
676 427 730 454 vita
747 427 894 462 ingenitum
909 434 974 454 con—

188 481 318 508 sequens,
344 472 479 508 quomodo
499 480 553 500 non
571 477 612 500 est
637 472 842 507 incompositus,
860 472 905 506 qui
932 476 973 499 est

185 519 336 547 secundum
361 519 542 546 substantiam
561 517 694 552 simplex?
718 517 776 544 Non
800 517 872 545 enim
899 517 972 544 utodi

187 565 381 600 proprietatem
397 564 458 598 ejus
472 563 702 595 demonstrantes,
720 563 853 596 rationem
870 562 974 596 simpli-

186 611 278 638 citatis
295 611 402 638 ltedent.
433 609 583 645 Gregorius
609 609 760 644 Nysseuus,
788 609 858 636 libro
884 609 975 644 primo

185 658 286 685 Contra
308 657 480 691 Eunomium,
497 665 556 691 cap.
573 656 604 684 4|
621 665 628 684 :
645 657 811 692 Simplicitas
827 657 912 689 enim,
930 657 973 683 itt-

184 704 428 739 quit,dogmatunt
458 703 582 731 veritatis
611 708 739 738 tanquam
767 703 972 730 fundamentum

182 751 260 786 jacit,
278 750 375 783 Deutn,
397 750 461 785 qttid
486 754 537 780 est,
557 757 645 785 neqtte
664 750 785 783 nomine,
809 757 896 784 neque
921 749 979 785 aliq

184 797 312 832 qttapiam
336 796 501 832 cogitatione
526 800 553 823 et
573 796 749 831 intelligentia
777 795 974 829 comprehendi

185 850 274 878 posse.
294 842 411 870 Sanetus
435 841 614 877 Epiphanius,
632 843 658 868 in
681 841 778 868 haeresi
795 847 891 868 contra
909 842 973 869 Pto-

185 889 310 916 lemaitas
327 897 334 915 :
354 888 419 922 Quae
436 893 524 923 potest
546 889 579 915 ab
603 888 657 915 ullo
676 888 730 915 dici
750 893 822 915 tanta
838 888 910 916 illius
925 896 974 915 au—

185 935 272 966 dacia,
285 942 366 970 qttam
384 935 416 963 de
437 934 552 961 Domino
570 934 690 962 universi
708 935 849 962 evomuit?
865 934 916 968 Qui
940 935 974 962 si-

185 981 241 1008 mul
257 985 286 1008 ttt
299 981 444 1014 intellexit,
456 981 569 1016 perfecit
587 981 647 1012 hoc,
658 981 730 1016 quod
743 981 852 1016 quidem
867 981 971 1015 voluit;

185 1027 236 1054 hoc
262 1026 426 1061 intelligens,
445 1026 516 1061 quod
541 1026 616 1057 vult;
638 1030 665 1053 et
694 1030 760 1053 tune
786 1026 890 1059 volens,
910 1033 972 1053 cum

183 1072 321 1106 intelligit,
341 1076 414 1100 totus
438 1072 627 1107 intelligentia,
652 1076 725 1099 totus
742 1072 882 1106 voluntas,
900 1076 972 1100 totus

185 1125 274 1151 mens,
285 1122 358 1145 totus
375 1117 477 1144 lumen.
494 1117 532 1144 Ex
546 1117 646 1152 quibus
663 1117 691 1144 ﬁt
704 1117 888 1150 manifestum,
902 1118 972 1152 quod

183 1165 210 1190 in
238 1164 342 1191 unitate
368 1163 512 1191 Trinitatis
532 1171 620 1198 neque
643 1165 777 1198 reperitur
794 1164 971 1200 principium,

183 1218 272 1245 neque
294 1210 423 1243 medium,
440 1217 528 1243 neque
553 1209 635 1242 ﬁnis;
653 1210 675 1236 si
697 1210 758 1245 quis
776 1218 841 1238 vero
867 1211 971 1246 aliquid

184 1257 281 1284 ltortttu
299 1259 412 1291 quaerat,
430 1255 513 1283 multa
536 1256 717 1290 reperientur,
739 1260 764 1283 et
783 1264 836 1284 non
861 1258 971 1291 unitas;

184 1303 348 1338 principium
367 1302 453 1334 enim,
467 1308 495 1330 et
512 1302 644 1334 medium,
658 1306 685 1329 et
705 1302 766 1329 ﬁnis
782 1309 876 1329 eorum
893 1303 973 1337 plane

182 1355 257 1383 Sttlll,
269 1357 329 1384 quae
343 1349 426 1377 dividi
438 1354 569 1383 possunt;
585 1349 675 1391 unitas
688 1356 752 1376 vero
764 1349 902 1377 individua
913 1355 954 1378 est
963 1358 981 1388 ;.

182 1398 309 1425 similiter
323 1397 395 1432 quod
411 1397 492 1425 habet
508 1397 683 1433 principium,
696 1401 723 1425 et
740 1399 870 1431 medium,
891 1402 919 1426 et
940 1397 973 1424 ﬁ-

182 1451 256 1476 nem,
269 1447 353 1471 Iotum
372 1443 474 1478 aliquid
489 1448 530 1470 est
546 1451 579 1470 ex
594 1443 636 1471 his
648 1449 886 1478 coagmentatum;
900 1444 971 1479 quod

182 1494 273 1517 autettt
289 1490 329 1517 sic
342 1494 385 1517 est
399 1493 499 1522 totum,
513 1497 546 1516 ex
564 1489 687 1524 partibus
704 1489 786 1516 etiam
809 1494 850 1517 est
868 1495 970 1522 totttm;

1026 253 1097 272 mum
1113 246 1255 280 atqztaliter
1273 248 1398 282 procedit
1415 249 1496 281 linea,
1511 251 1583 284 quod
1600 251 1707 283 quidem
1726 251 1752 277 itt
1774 260 1814 278 rc-

1026 291 1076 318 ctis
1100 292 1251 327 reperitur;
1274 293 1297 320 si
1314 297 1405 320 autem
1422 301 1471 321 nec
1495 295 1556 327 hoc,
1579 302 1628 322 nec
1652 296 1726 327 illud,
1741 301 1815 324 caret

1025 338 1108 371 igitur
1125 338 1209 373 ﬁgura
1237 339 1328 366 unitas
1353 339 1460 367 divina.
1489 339 1537 366 Est
1566 347 1694 374 prieterea
1715 350 1815 375 expers

1025 385 1145 419 speciei,
1161 385 1222 420 quia
1249 387 1354 420 species
1390 386 1567 414 continentur
1590 388 1616 414 itt
1645 388 1811 422 generibus:

1026 431 1115 458 unitas
1139 439 1204 459 vero
1219 432 1309 459 divina
1328 440 1377 460 nec
1392 439 1434 461 est
1459 434 1486 460 in
1502 434 1564 466 alio,
1590 442 1639 461 nec
1662 435 1687 461 in
1712 442 1765 462 se:
1787 435 1812 461 in

1026 477 1078 504 alio
1094 477 1202 511 quidem
1221 477 1243 505 si
1265 483 1346 512 esset,
1365 479 1486 506 eveniret
1510 479 1535 506 ei
1558 480 1671 514 perittde
1689 488 1720 508 ac
1739 481 1762 509 si
1787 481 1813 507 in

1027 524 1115 552 medio
1136 530 1207 552 esset
1228 526 1435 560 comprehensa,
1457 527 1529 561 quod
1557 527 1583 553 itt
1607 527 1700 554 circuli
1722 532 1815 555 centro

1026 570 1168 605 contingit.
1186 571 1406 598 Demonstratum
1429 579 1494 598 vero
1513 577 1553 599 est
1571 580 1624 599 non
1640 573 1741 600 habere
1755 580 1815 599 eam

1027 620 1128 650 partes,
1148 624 1234 650 tteque
1251 617 1375 651 ﬁguram.
1393 617 1449 644 Non
1467 622 1509 645 est
1533 618 1615 653 igitur
1637 619 1664 646 iu
1682 618 1745 652 alio,
1762 619 1816 646 imo

1027 669 1078 689 nec
1089 662 1114 689 in
1132 669 1171 694 se,
1184 662 1284 698 alioqui
1300 662 1369 690 idetn
1383 663 1464 690 etiam
1481 664 1552 698 quod
1570 664 1682 695 circulo.
1701 665 1725 692 ei
1743 665 1816 692 acci-

1027 708 1114 741 deret,
1135 708 1157 734 si
1185 708 1242 742 ipsa
1266 715 1296 735 se
1321 708 1561 742 complecteretur,
1588 714 1616 737 et
1640 710 1814 739 contineret:

1026 762 1080 780 non
1095 753 1166 780 enim
1186 758 1274 788 potest
1287 761 1350 781 ease
1364 755 1462 787 aliquid
1482 754 1508 780 in
1529 762 1560 782 se
1575 756 1646 789 ipso,
1662 755 1728 789 quin
1749 764 1763 782 a
1786 764 1816 783 sc

1027 800 1085 834 ipso
1101 800 1281 827 contineatur.
1301 800 1357 827 Etsi
1372 801 1443 827 enim
1466 801 1536 827 Deus
1554 808 1585 827 ex
1602 808 1641 833 se,
1661 806 1687 828 et
1706 802 1764 836 ipse
1778 802 1817 836 ip-

1027 854 1086 874 smu
1103 847 1236 879 continet,
1255 851 1344 874 tamen
1366 847 1424 874 ﬁeri
1439 855 1493 874 nun
1509 852 1608 880 potest,
1623 853 1650 874 ιιι
1669 848 1739 875 idctn
1752 857 1818 876 con-

1027 894 1122 924 tineat,
1142 898 1168 920 et
1182 901 1196 921 a
1213 901 1241 920 se
1257 894 1449 928 contineatur;
1467 895 1489 922 si
1506 899 1596 921 autem
1610 895 1644 922 ab
1661 895 1715 922 alio
1730 895 1818 922 conti—

1026 944 1117 972 nctur,
1130 941 1181 967 hoc
1192 944 1234 968 est
1247 941 1319 974 quod
1333 941 1492 968 dicebamus
1504 942 1538 968 ad
1552 941 1653 975 ﬁguras
1668 941 1816 975 pertinere.

1025 985 1105 1013 Caret
1122 986 1203 1013 etiam
1228 987 1332 1018 colore,
1349 987 1413 1021 quia
1435 992 1476 1013 est
1504 987 1658 1014 substantia
1685 995 1745 1020 quat
1761 994 1815 1014 non

1024 1037 1065 1059 est
1083 1032 1109 1059 in
1129 1032 1261 1066 subjecto.
1283 1031 1425 1065 Quomodo
1439 1031 1552 1065 recipiet
1565 1031 1670 1059 colores
1686 1039 1747 1067 quae
1763 1039 1816 1058 non

1024 1081 1114 1112 potest
1132 1077 1230 1105 cadere
1246 1077 1297 1104 sub
1314 1082 1468 1111 aspectum,
1483 1078 1528 1112 qui
1543 1078 1650 1106 colores
1666 1077 1819 1104 discernit?

1026 1125 1103 1151 Sicut
1123 1131 1187 1158 ergo
1215 1131 1267 1150 non
1295 1128 1337 1150 est
1362 1123 1418 1151 haec
1435 1124 1525 1150 omnia
1543 1123 1636 1150 divina
1659 1123 1761 1153 unitas,
1777 1123 1818 1150 sic

1024 1178 1114 1206 ncqtte
1136 1171 1216 1197 habet
1238 1169 1457 1201 universitatem,
1478 1169 1519 1195 vel
1534 1169 1691 1196 universum
1710 1178 1717 1196 :
1746 1169 1817 1203 quod

1025 1221 1115 1251 partes
1135 1215 1242 1249 recipit,
1256 1215 1357 1250 alioqui
1375 1215 1476 1242 incidet
1492 1215 1627 1243 utrumvis
1646 1222 1740 1242 eorum
1760 1222 1818 1248 qua:

1025 1263 1154 1290 diximus.
1177 1261 1274 1289 Omnis
1295 1261 1368 1288 enint
1391 1261 1480 1288 oratio
1502 1261 1543 1288 vel
1560 1259 1673 1288 effertur
1689 1260 1817 1287 universe

1025 1309 1051 1336 itt
1068 1309 1204 1337 universis
1219 1308 1268 1343 (α),
1286 1312 1332 1335 aut
1348 1307 1375 1335 in
1395 1306 1531 1334 universis
1545 1314 1598 1333 tton
1615 1306 1754 1337 universe,
1771 1306 1818 1333 sed

1025 1355 1239 1390 particulariter,
1250 1358 1276 1381 et
1290 1354 1342 1381 hoc
1354 1357 1397 1381 est
1407 1353 1478 1388 quod
1494 1353 1532 1380 ait
1542 1353 1687 1388 Dionysius
1698 1361 1704 1379 :
1717 1351 1819 1384 Quam--

1024 1401 1118 1428 obrem
1133 1400 1251 1435 primum
1276 1399 1363 1427 bonus
1378 1398 1451 1426 Deus
1469 1406 1562 1426 eoruttt
1587 1403 1683 1426 auctor
1698 1406 1760 1426 esse
1777 1397 1820 1425 di-

1023 1448 1103 1478 citttr,
1120 1444 1219 1472 deinde
1239 1451 1332 1471 eorum
1356 1444 1497 1474 universe.
1521 1449 1614 1478 postea
1639 1443 1756 1478 partium
1773 1451 1820 1470 eo-

1024 1499 1095 1525 rum,
1112 1496 1168 1518 tum
1182 1490 1405 1526 partieipantium
1427 1497 1458 1517 ea
1475 1490 1612 1521 universe,
1635 1490 1732 1517 deittde
1750 1497 1813 1524 prir-

180 1541 273 1571 partes
289 1540 379 1564 autem
400 1537 507 1568 multat;
533 1536 615 1570 igitur
630 1540 718 1563 totum
734 1543 767 1564 ex
784 1536 887 1569 multis,
906 1537 968 1563 uni-
982 1535 1004 1564 ϐ
1022 1538 1192 1574 ticipantium
1209 1537 1237 1565 in
1252 1542 1341 1573 parte.
1360 1537 1418 1564 sive
1438 1536 1660 1571 particulariter;
1682 1544 1741 1570 quae
1757 1543 1819 1570 per-

181 1587 223 1610 tas
239 1590 305 1610 vero
320 1589 419 1617 expers
437 1582 556 1617 partium
576 1586 628 1614 est,
643 1587 670 1609 et
686 1590 739 1609 non
756 1589 789 1609 ex
806 1582 908 1614 multis,
924 1587 971 1609 aut

180 1634 213 1654 ex
236 1628 358 1662 partibus
376 1631 474 1654 totum.
498 1627 643 1659 Praeterea,
660 1628 732 1662 quod
758 1634 846 1661 neqtte
869 1627 970 1662 princi-

180 1672 266 1708 pium,
277 1680 366 1707 neque
383 1672 464 1700 linem
479 1672 572 1702 habet,
588 1679 675 1708 neque
693 1672 837 1700 terminum
855 1673 880 1700 in
896 1678 969 1700 utru-

180 1726 233 1753 que
247 1719 347 1752 habet;
362 1724 388 1746 et
403 1719 506 1746 idcirco
518 1719 623 1746 inﬁnita
644 1723 686 1745 est
700 1719 790 1746 unitas
813 1728 819 1746 :
840 1719 969 1746 Bil‘arlam

178 1766 264 1798 enim,
281 1764 380 1800 inquit,
394 1773 455 1792 cttttt
472 1765 608 1792 inﬁnitum
620 1765 850 1799 contemplemur,
863 1765 970 1792 ερῙΙῘει·ι

180 1811 330 1838 secundum
342 1809 505 1845 principium
520 1815 547 1837 et
563 1803 653 1843 ﬁnem,
665 1810 737 1845 quod
753 1817 806 1837 non
819 1815 860 1837 est
875 1811 902 1837 in
916 1811 968 1843 bis,

179 1861 206 1884 et
230 1861 272 1884 est
298 1865 378 1891 supra
408 1857 476 1888 ha-c,
503 1855 639 1883 inﬁnitum
657 1856 820 1891 appellatum
844 1860 895 1884 est.
917 1855 970 1884 Sed

183 1910 269 1937 neque
287 1903 402 1930 formam
420 1903 511 1936 habet,
529 1902 569 1930 vel
584 1902 709 1937 ﬁguram,
724 1902 767 1930 vel
782 1903 916 1937 speeietn,
928 1903 970 1930 vel

179 1949 299 1976 colorem
314 1949 402 1976 divina
415 1950 527 1981 unitas;
549 1949 595 1978 sie
614 1950 685 1976 enim
708 1956 821 1983 magnus
840 1949 969 1981 Basilius,

178 1993 248 2021 libro
272 2001 297 2021 tv
316 1994 376 2020 Τῶν
392 1994 593 2030 ἁντιρῤητικῶν
607 2002 616 2022 :
634 1993 673 2027 Si,
695 1994 793 2028 inquit,
807 1993 891 2022 Filius
907 2002 969 2022 vere

178 2045 221 2068 est
239 2041 327 2076 imago
350 2041 451 2073 Patris,
467 2040 557 2068 omnis
574 2047 664 2068 autem
683 2041 771 2074 imago
787 2041 827 2068 vel
843 2041 971 2069 substan-

179 2086 233 2118 tiat,
250 2085 291 2112 vel
311 2086 415 2118 formae,
435 2085 477 2114 vel
498 2086 601 2121 ﬁgurae,
618 2086 660 2113 vel
679 2085 790 2120 speciei,
807 2086 848 2113 vel
870 2086 971 2114 coloris

179 2130 338 2165 imagotst;
354 2129 424 2157 Deus
445 2135 534 2157 autent
557 2131 584 2157 in
601 2130 674 2157 nullo
691 2131 789 2158 horum
807 2137 858 2162 est.
880 2133 927 2165 sed
943 2132 968 2158 in

181 2174 238 2201 sola
257 2174 426 2208 substantia;
449 2175 535 2204 Filius
555 2176 637 2210 igitur
650 2185 712 2203 cum
739 2177 774 2204 sit
797 2178 887 2212 imago
906 2179 970 2206 sub-

178 2220 296 2252 stantiae,
311 2221 436 2253 sequitur
452 2227 480 2248 ut
497 2222 531 2248 sit
548 2222 717 2264 hou-ousigs,
734 2223 758 2248 id
778 2228 829 2256 est,
846 2223 967 2258 ejusdem
987 2217 1008 2243 Ῐ)

179 2267 338 2294 substantia:
352 2266 461 2299 Patris;
478 2272 505 2293 et
529 2268 693 2302 relinquitur
714 2272 742 2295 ttt
763 2269 798 2295 sit
817 2270 907 2296 unitas
923 2277 967 2295 ex-

178 2319 242 2346 pers
257 2311 360 2346 format,
375 2316 402 2340 et
421 2313 522 2348 ﬁgurat,
539 2318 565 2341 et
579 2314 690 2348 speciei,
705 2314 857 2347 etcoloris;
873 2323 970 2349 expers

178 2357 260 2391 igitur
276 2362 316 2385 est
333 2357 435 2389 for-nne,
457 2358 519 2393 quia
541 2359 610 2385 ideut
626 2364 666 2386 est
684 2359 780 2391 forma,
801 2364 825 2386 et
842 2360 970 2386 substan-

174 2403 214 2430 tia
229 2403 288 2430 Dei.
305 2403 361 2430 Hoc
377 2405 449 2432 enim
469 2404 504 2432 ab
519 2405 648 2433 ontnibtts
663 2405 795 2440 theologis
809 2414 967 2432 conteSsmn

177 2454 229 2476 est.
253 2449 336 2483 Igitur
352 2450 379 2477 in
401 2450 457 2477 sola
476 2450 630 2478 substantia
648 2455 689 2478 est
708 2451 790 2482 Deus,
814 2458 867 2478 ttott
887 2451 969 2485 igitur

179 2495 204 2521 iu
223 2495 310 2524 forma
334 2497 407 2523 circa
428 2497 623 2529 substantiam,
645 2497 701 2524 lucc
716 2497 790 2523 enim
812 2495 967 2524 formanda
991 2490 993 2493 ’

177 2546 218 2568 est
233 2542 289 2569 sola
307 2542 474 2573 substantia,
490 2547 532 2569 cst
548 2543 629 2569 etiam
644 2542 705 2569 sine
727 2544 822 2577 ﬁgura,
841 2543 902 2577 quia
920 2544 967 2568 (Ιν-

178 2592 361 2614 tuonstratnm
376 2591 419 2615 est
435 2596 488 2615 non
509 2589 609 2615 habere
622 2589 751 2616 medium.
768 2588 796 2616 Si
810 2595 900 2616 autem
915 2597 967 2616 non

179 2631 260 2660 habet
286 2633 418 2665 medium,
440 2642 529 2668 neque
550 2635 670 2666 mluntli,
688 2642 776 2669 neque
797 2636 861 2662 recti
883 2636 968 2669 parti-

178 2685 242 2713 ceps
259 2683 320 2711 est;
346 2680 407 2714 quia
422 2680 468 2707 ubi
483 2681 598 2707 tton'est
621 2680 751 2713 medium,
775 2689 824 2708 nec
845 2687 967 2708 extrema

177 2724 318 2758 aequaliter
335 2733 350 2752 a
374 2725 463 2753 tttedio
478 2726 627 2758 distabunt,
649 2725 722 2761 qttod
738 2727 846 2761 quidem
871 2727 898 2753 tu
924 2734 966 2753 ro-

1024 1584 1088 1611 inde
1103 1588 1177 1615 sunt,
1204 1590 1236 1610 ac
1251 1583 1273 1610 si
1292 1582 1395 1610 diceret
1413 1591 1421 1610 :
1437 1582 1542 1610 Genera
1558 1585 1585 1609 ct
1605 1581 1711 1616 species
1728 1581 1818 1610 simul.

1025 1629 1110 1656 Deum
1124 1627 1229 1656 habent
1249 1632 1392 1655 auctorem
1410 1627 1530 1655 :deinde
1545 1632 1635 1661 partes
1655 1627 1708 1654 illis
1729 1625 1821 1660 subju—

1024 1680 1086 1706 ctaa.
1101 1679 1128 1702 et
1143 1681 1320 1708 quascunque
1335 1673 1529 1701 ttniversitates
1545 1673 1606 1708 quis
1625 1672 1707 1705 dicat,
1726 1677 1818 1706 postea

1024 1721 1075 1749 has
1092 1726 1221 1755 tanquam
1239 1720 1377 1748 absolutas
1390 1724 1417 1747 et
1430 1720 1585 1748 abstractas
1600 1718 1724 1754 producit
1739 1718 1819 1750 Deus,

1024 1768 1123 1795 deinde
1141 1771 1270 1801 tanquam
1290 1766 1456 1801 aliquorum,
1474 1770 1501 1793 et
1527 1766 1648 1800 ipsorum
1667 1766 1819 1800 aliquorum

1024 1813 1225 1844 uuiversitates,
1257 1819 1310 1840 non
1327 1817 1369 1840 est
1393 1812 1464 1840 Deus
1488 1812 1654 1839 universitas
1669 1811 1820 1839 secundum

1024 1858 1075 1886 has
1090 1857 1294 1890 uttiversitatcs,
1311 1858 1336 1885 id
1352 1863 1404 1890 est,
1429 1857 1462 1884 ad
1485 1857 1690 1885 similitudinem
1712 1858 1819 1889 harum,

1024 1903 1070 1930 sed
1090 1902 1146 1937 ipsa
1161 1903 1217 1930 sola
1236 1903 1410 1936 universitas,
1428 1910 1488 1936 qua:
1512 1902 1538 1929 iu
1557 1902 1628 1929 nulla
1645 1907 1683 1929 est
1707 1902 1819 1929 univcr—

1024 1949 1116 1982 sitale,
1133 1949 1260 1976 universa
1278 1948 1334 1983 ipsa
1351 1953 1378 1975 et
1398 1948 1454 1975 sola
1472 1947 1638 1975 uttivcrsitas
1653 1952 1707 1979 est,
1723 1956 1820 1974 ontucs

1024 1993 1218 2022 universitates
1234 2001 1266 2020 ex
1283 2000 1313 2020 se
1334 1993 1497 2027 producens,
1510 1997 1539 2018 ct
1557 1999 1571 2018 a
1592 1992 1664 2019 ttulla
1689 1992 1821 2019 IllliVOl‘ai-

1025 2044 1079 2067 tate
1104 2043 1245 2067 coercetur
1267 2047 1274 2066 :
1300 2046 1350 2065 nec
1365 2038 1437 2065 enim
1457 2038 1513 2072 ipse
1531 2042 1572 2064 cst
1596 2038 1621 2064 itt
1642 2037 1746 2073 aliquo,
1771 2046 1820 2064 nvc

1024 2086 1125 2122 aliquid
1143 2085 1169 2112 itt
1191 2085 1269 2119 ipso;
1296 2083 1449 2112 substantia
1465 2083 1536 2110 enim
1562 2088 1603 2110 cst
1622 2084 1688 2110 nihil
1718 2083 1821 2110 habent~

1024 2132 1095 2166 quod
1117 2131 1152 2158 sit
1174 2131 1199 2158 itt
1217 2130 1352 2165 subjecto,
1368 2135 1397 2156 et
1419 2129 1538 2162 cognitiu
1555 2134 1595 2157 est
1620 2129 1687 2156 nihil
1708 2137 1821 2163 prorSus

1024 2177 1177 2211 subjectum
1195 2176 1317 2206 habens;
1335 2174 1437 2201 ideirco
1456 2175 1512 2208 ipse
1527 2180 1568 2201 est
1589 2175 1692 2206 omnia,
1717 2179 1741 2200 el
1767 2182 1819 2200 not

1023 2228 1062 2249 est
1079 2223 1225 2256 quidquam
1237 2221 1370 2254 omnium,
1388 2221 1433 2256 qui
1450 2229 1464 2247 a
1481 2218 1553 2247 nullo
1563 2228 1659 2248 eorum
1671 2228 1732 2254 qua:
1744 2225 1819 2250 sunt,

1024 2267 1199 2298 continetur;
1218 2274 1269 2294 nec
1290 2272 1445 2294 estnomen
1464 2266 1533 2300 ejus,
1553 2274 1607 2299 quo
1625 2272 1672 2299 per
1695 2273 1751 2292 rem
1772 2265 1821 2290 ali-

1023 2322 1103 2348 quant
1128 2321 1161 2340 cx
1181 2313 1212 2339 iis
1229 2321 1289 2347 qua:
1306 2316 1379 2344 sunt,
1396 2312 1572 2344 nominetur;
1591 2312 1662 2338 unde
1683 2312 1754 2338 enim
1773 2320 1821 2336 nn.

1024 2359 1188 2391 tttiuahatur,
1204 2359 1225 2385 si
1250 2358 1314 2384 nihil
1335 2361 1377 2385 est
1397 2365 1428 2384 ex
1447 2358 1480 2385 iis
1495 2365 1555 2392 quae
1576 2357 1659 2384 sunt?
1687 2356 1819 2383 Pra‘terca

1027 2410 1113 2432 totum
1131 2411 1157 2433 et
1175 2406 1261 2432 solum
1278 2405 1303 2431 itt
1318 2405 1434 2436 unitate,
1449 2404 1597 2431 essentiam
1611 2408 1818 2437 exsuperantem

1024 2456 1212 2486 repraesentat,
1232 2457 1259 2479 et
1277 2458 1329 2478 non
1353 2451 1514 2485 positionem
1539 2449 1689 2484 quamlibet
1710 2457 1817 2480 rerum;

1023 2498 1134 2532 perinde
1146 2497 1217 2524 euint
1234 2502 1275 2524 est
1290 2498 1391 2529 dicere,
1405 2501 1478 2524 tottts
1492 2496 1656 2526 substantia.
1679 2501 1705 2522 et
1726 2495 1815 2522 solttm

1021 2548 1063 2570 est
1087 2543 1165 2573 Deus,
1182 2548 1209 2570 et
1230 2543 1255 2569 itt
1283 2543 1341 2570 sola
1362 2543 1512 2570 substantia
1541 2547 1594 2573 est,
1619 2547 1701 2574 atque
1726 2540 1818 2567 dicere

1022 2597 1102 2623 supra
1121 2596 1229 2615 omnem
1246 2588 1426 2615 substantiam
1441 2593 1564 2619 θεων-ει
1582 2595 1636 2614 ttou
1653 2588 1817 2613 adnumera-

1023 2639 1066 2661 tur
1085 2633 1131 2660 ulli
1156 2633 1315 2661 substantia:
1336 2641 1428 2661 earum
1452 2641 1521 2668 quas
1550 2633 1688 2668 produxit,
1715 2632 1761 2659 Sed
1779 2637 1819 2658 est

1022 2680 1079 2707 sola
1092 2687 1124 2705 ex
1139 2679 1200 2705 aliis
1214 2686 1351 2714 exempta,
1366 2684 1394 2706 et
1413 2679 1510 2714 prima,
1524 2683 1550 2706 et
1568 2678 1645 2713 cujus
1667 2678 1818 2705 substantia

1022 2729 1064 2753 est
1078 2730 1166 2753 artus.

212 2823 249 2857 (α)
266 2821 428 2851 Universmn
455 2825 580 2853 universe
609 2825 696 2853 omnis
716 2825 781 2858 vita,
809 2826 964 2854 universum
983 2834 1036 2854 nott
1066 2826 1204 2858 llltchhc,
1229 2826 1275 2854 sed
1306 2826 1331 2853 in
1366 2830 1451 2860 parte,
1468 2826 1524 2854 sive
1551 2825 1763 2861 particulariter,
1790 2827 1818 2852 ut

176 2859 239 2885 vita.
