1955 3076
147 113 200 145 987

461 166 574 199 CAPUT
596 171 628 199 Χ.

149 217 226 249 Quod
253 218 341 245 unitas
367 217 508 246 Trinitatis
530 226 610 252 supra
634 226 734 244 amnem
753 217 928 244 substantiam

186 259 235 283 est.
249 258 272 279 et
291 261 369 287 supra
381 261 480 280 omnem
494 254 631 283 mtilntem,
646 260 669 280 et
690 252 842 279 Trinttatem
857 253 928 278 nobis

184 289 313 323 rognilth
324 296 333 319 ς
345 288 447 322 etquod
460 296 541 319 neque
553 287 700 314 substantia
713 293 761 316 est.
772 295 816 313 tm-
829 287 927 315 unitas.

185 322 265 356 neque
281 322 396 358 Trinitas
413 323 444 349 ab
458 323 515 350 ulla
534 324 657 358 cognita;
683 331 728 350 nec
742 323 860 356 inﬁnita,
884 326 929 348 aut

185 359 210 384 in
225 357 314 384 multis
329 363 476 385 numerata.

184 402 295 437 Magnus
308 402 462 438 Dionysius,
474 410 535 437 cap.
550 403 594 436 ιδ,
609 402 645 430 De
658 402 751 429 divinis
766 402 932 429 nominibus:

148 447 273 481 Oportet,
291 447 390 482 inquit,
407 456 455 475 nos
467 454 482 474 a
499 448 591 476 multis
607 449 640 475 ad
655 456 737 474 unum
754 447 852 474 virtute
866 447 933 474 divi-

152 499 192 518 nae
212 492 324 520 unitatis
339 500 497 525 conversos,
521 493 697 528 singulariter
719 493 827 520 laudare
849 497 932 520 totatn

151 543 177 564 et
189 545 268 565 unam
282 538 461 572 divinitatem,
474 547 555 566 ttnttm
569 539 639 574 quod
653 544 694 566 est
704 539 823 566 omnium
838 545 932 568 causa.

151 589 215 611 ante
237 592 317 612 omne
332 592 428 616 unum,
449 589 475 613 et
496 585 706 616 multitudinem.
722 590 749 613 et
769 589 887 620 partem,
908 587 935 623 et

152 633 249 661 totum,
263 630 413 657 ﬁnitionem
429 635 454 657 et
471 630 660 663 inﬁnitlonem,
681 630 760 657 ﬁnem
774 634 801 656 et
817 629 935 656 inﬁnita-

153 674 226 701 tem‘i
239 675 311 709 quod
330 675 420 702 omnia
431 682 491 710 qua
502 680 574 707 sunt,
586 679 614 702 et.
626 675 712 709 ipsutn
724 683 784 702 esse
796 675 934 707 terminat,

152 725 177 745 (ιι
196 719 329 752 omnium,
343 723 370 748 et
384 724 501 748 totorum
521 721 653 753 omnium,
668 725 695 748 et
708 725 771 748 ante
787 719 888 752 omnia,
909 723 937 746 et

153 770 235 797 supra
260 764 350 791 omnia
377 771 430 792 una
463 772 562 797 causa,
590 768 617 792 et
642 764 715 800 quod
740 771 820 799 supra
848 763 935 798 ipsum

155 816 248 842 ιιιυιιι,
263 810 289 837 id
304 810 375 845 quod
391 814 445 843 est,
458 809 620 838 determinat
636 818 644 838 :
659 810 792 846 siquidem
809 809 881 845 quod
894 814 936 838 est

154 863 248 888 unum,
267 855 294 883 in
311 855 345 883 iis
360 862 420 889 qua:
437 859 511 888 sunt,
533 860 709 889 numeratur;
722 863 849 883 numerus
864 855 935 883 enim

155 900 290 936 particeps
304 901 429 928 essentia:
440 904 492 934 est,
505 900 576 935 quod
597 904 689 929 autem
702 905 744 928 est
755 908 839 928 unum
854 907 936 935 supra

155 946 343 978 substantiam,
360 947 475 982 etquod
497 951 539 974 est
554 953 648 979 unum,
670 950 697 973 et
717 953 825 974 omnem
842 953 938 974 nume-

156 999 214 1019 rum
229 991 332 1023 deﬁnit,
348 992 436 1027 ipsutn
458 995 499 1020 est
511 997 537 1019 et
554 993 644 1024 unius,
660 996 688 1019 et
703 992 821 1026 numeri,
837 997 863 1019 et
876 999 936 1019 om-

155 1038 200 1065 nis
219 1037 256 1065 rei
280 1037 452 1072 principium.
478 1043 504 1065 et
522 1045 614 1070 causa,
639 1041 668 1065 et
690 1045 829 1072 numerus,
856 1041 938 1073 atque

155 1083 232 1112 ordo.
244 1083 426 1116 Quamobrem
443 1088 471 1110 et
485 1083 584 1115 unitas,
599 1089 658 1118 quze
679 1082 815 1117 laudatur,
831 1087 858 1111 et
878 1083 939 1111 Tri-

156 1129 237 1162 nitas,
251 1136 310 1164 qua:
329 1134 370 1157 est
387 1129 518 1156 Diviuitas
540 1136 621 1163 supra
644 1128 746 1161 omnia,
760 1127 813 1156 rion
830 1132 872 1156 est
889 1136 938 1156 nec

156 1176 258 1209 unitas,
280 1182 368 1210 neque
383 1174 515 1208 Trinitas,
542 1179 587 1202 aut
612 1182 626 1202 a
650 1174 740 1206 nobis,
765 1180 811 1201 aut
830 1175 863 1202 ab
885 1175 939 1202 alio

154 1222 284 1256 quopiam
305 1229 397 1248 eorum
411 1221 455 1256 qui
474 1225 547 1253 sunt,
567 1221 686 1256 cognita,
703 1220 750 1248 sed
765 1225 794 1247 ιιι
817 1221 889 1256 quod
912 1221 937 1248 ln

158 1267 214 1301 ipsa
229 1271 271 1293 est
286 1273 365 1300 supra
381 1274 461 1301 quain
485 1266 510 1292 in
524 1273 606 1292 unum
621 1265 786 1300 copulatum,
803 1269 830 1292 et
844 1265 938 1292 fecun-

156 1312 266 1339 ditatem
282 1319 344 1340 vere
357 1312 511 1344 laudemus,
525 1311 626 1339 trinum
640 1317 668 1339 et
684 1319 767 1339 unum
785 1312 868 1339 Deum
891 1319 938 1340 no-

156 1358 292 1386 minamus
309 1358 393 1392 illum,
416 1357 462 1392 qui
478 1365 560 1393 supra
577 1366 656 1385 omne
677 1365 776 1385 nomen
791 1362 847 1389 est;
864 1357 936 1385 trulla

156 1408 248 1432 autem
270 1405 369 1437 unitas,
397 1404 438 1431 vel
460 1403 591 1436 Trinitas,
611 1411 698 1439 neque
724 1399 863 1437 numerus,
888 1411 938 1431 nec

156 1450 255 1483 unitas,
277 1449 319 1477 vel
335 1449 496 1480 fecunditas.
513 1457 563 1476 nec
584 1449 657 1476 aliud
682 1449 745 1483 quid
769 1457 862 1476 eorutn
879 1457 939 1484 quas

729 113 891 146 IOANNIS
911 112 1198 145 CYPABISSIO’I‘E

1711 111 1768 142 988

944 171 967 199 Δ
984 172 1113 207 Spiritum
1136 171 1340 206 cognoscimus;
1361 176 1411 197 nec
1432 173 1475 196 est
1494 167 1588 197 Filius.
1607 175 1695 202 neque
1715 167 1770 195 Pa-

981 224 1032 251 ter,
1048 227 1099 246 nec
1114 218 1186 245 aliud
1201 217 1348 252 quidquam
1362 223 1457 244 eorum
1473 223 1532 250 quae
1551 215 1638 245 nobis,
1655 219 1701 241 aut
1719 214 1767 241 ulli

981 272 1072 291 eorum
1096 264 1140 298 qui
1161 267 1236 295 sunt,
1259 262 1365 296 cognita
1386 265 1460 294 sunt,
1479 268 1529 288 nee
1544 260 1647 295 aliquid
1670 268 1766 287 eorttm

981 317 1040 344 quae
1057 318 1109 337 non
1124 313 1198 339 sunt.
1216 315 1303 343 neque
1328 315 1387 342 qua
1408 311 1486 340 sunt;
1513 314 1599 341 neque
1621 313 1682 340 qua:
1704 310 1769 333 sunt

981 363 1040 382 eam
1062 359 1241 389 cognoscunt,
1257 358 1391 388 quatenus
1411 358 1462 384 est,
1479 359 1527 379 nec
1549 352 1606 386 ipsa
1625 353 1769 383 cognoscit.

982 408 1043 435 qua:
1056 406 1128 433 sunt,
1141 405 1275 433 quatenus
1288 403 1350 426 sunt
1363 398 1417 434 (i);
1435 405 1486 426 nec
1500 402 1541 425 est
1562 397 1599 424 illi
1623 397 1701 429 ratio,
1723 404 1770 423 ne-

982 453 1034 481 que
1050 453 1158 477 nomen,
1173 452 1261 479 neque
1275 444 1406 479 cognitio,
1417 451 1504 478 neque.
1522 442 1630 470 tenebra
1648 448 1700 473 est,
1719 449 1770 468 ne—

983 498 1036 526 que
1053 490 1154 522 lumen,
1172 497 1223 516 nec
1235 496 1325 519 error.
1344 496 1431 522 neque
1446 489 1565 520 veritas;
1584 495 1634 514 nec
1651 491 1695 515 est
1711 487 1772 522 ejus

984 535 1010 562 in
1026 535 1181 562 universum
1202 534 1312 569 positio,
1324 541 1373 561 nec
1394 533 1507 561 ablatio.
1523 532 1580 559 lmo
1599 540 1661 559 cum
1674 539 1770 558 eorum

984 589 1044 616 qua;
1060 586 1120 615 post
1138 582 1222 616 ipsam
1237 584 1310 613 sunt,
1326 580 1475 613 positiones
1492 583 1520 606 et
1537 579 1688 606 ablationes
1703 578 1773 605 faci-

985 636 1055 661 mus,
1076 629 1161 662 ipsam
1188 635 1277 662 neque
1302 626 1438 661 ponimus,
1463 633 1512 653 nec
1540 625 1662 653 tollimus
1682 634 1690 651 :
1707 623 1773 658 quia

985 681 1066 708 supra
1084 681 1192 701 omnem
1214 673 1375 707 positionem
1389 676 1430 699 est
1453 671 1572 706 perfecta
1587 675 1613 697 et
1625 669 1772 705 singularis

986 720 1106 747 omnium
1122 726 1216 752 causa,
1234 724 1260 746 et
1286 726 1367 752 supra
1388 724 1494 745 omnem
1517 716 1681 744 ablationem
1696 723 1775 742 exsu-

984 765 1093 802 peratio
1106 765 1227 792 omnium
1248 764 1406 798 simpliciter
1417 764 1565 794 abstracta,
1580 767 1607 789 et
1623 762 1694 789 ultra
1714 769 1776 787 om-

987 812 1042 839 nia.
1072 811 1134 838 Haec
1158 810 1299 838 adnotavit
1324 813 1436 837 sanctus
1455 808 1599 840 Maximus,
1625 807 1774 841 inquiens:

988 857 1067 889 Nota,
1079 857 1148 892 quod
1162 864 1249 891 neqtte
1263 855 1392 883 divinitas
1405 855 1556 883 substantia
1573 859 1612 881 est
1630 853 1688 886 Dei,
1701 853 1777 881 sicut

990 911 1040 932 nec
1058 911 1140 930 unnm
1163 902 1265 937 aliquid
1289 909 1384 930 eorum
1410 908 1469 935 qua:
1489 900 1559 928 dicta
1585 904 1658 931 sunt,
1685 905 1777 933 neque

989 949 1185 977 contrariorum
1209 949 1272 976 eis:
1296 955 1382 982 qttare
1408 947 1474 974 nihil
1501 947 1621 982 ipsorum
1643 950 1696 977 est,
1719 952 1775 971 non

988 995 1059 1022 enim
1074 1000 1138 1023 sttnt
1149 996 1204 1022 inec
1219 993 1381 1027 substantia,
1396 993 1443 1021 sed
1461 993 1544 1028 gloria
1562 993 1633 1020 circa
1648 999 1709 1019 eum
1723 991 1777 1026 (Ξ).

990 1039 1036 1068 Sic
1063 1038 1172 1070 Sextus,
1199 1039 1401 1067 ecclesiasticus
1426 1038 1615 1073 philosophus,
1642 1036 1720 1070 dixit,
1745 1040 1775 1064 et

989 1086 1136 1121 Gregorius
1152 1084 1309 1120 Theologus
1323 1085 1371 1112 lib.
1388 1092 1420 1112 ιιι
1439 1083 1594 1118 Theologia:
1618 1090 1685 1115 suae,
1700 1082 1774 1117 qttod

989 1139 1078 1167 neque
1093 1130 1219 1158 divinitas
1231 1130 1282 1166 (5).
1302 1137 1352 1158 nec
1367 1129 1530 1165 ingenitum,
1552 1136 1641 1162 neque
1657 1127 1776 1164 paterni-

990 1185 1032 1207 tas
1047 1177 1227 1206 substantiam
1244 1176 1292 1204 Dei
1310 1176 1476 1211 signiﬁcant.
1492 1174 1611 1202 Observa
1631 1179 1774 1208 pra-terea,

989 1225 1060 1261 quod
1076 1231 1162 1258 neque
1180 1223 1300 1258 Spiritus
1315 1226 1370 1254 est,
1383 1226 1413 1249 ttt
1427 1228 1476 1248 nos
1489 1221 1621 1257 Spiritum
1637 1219 1778 1254 cognosci-

989 1279 1061 1304 mus,
1069 1277 1162 1308 neque
1176 1270 1261 1297 Filius
1274 1274 1327 1300 est,
1344 1275 1431 1303 neque
1446 1268 1535 1300 Pater,
1555 1271 1584 1293 ul
1598 1274 1650 1294 nos
1666 1266 1776 1294 Patrem

989 1323 1017 1346 et.
1029 1316 1126 1345 Filium
1142 1315 1352 1352 cognoscimus;
1366 1313 1430 1341 illud
1447 1313 1520 1341 enim
1537 1321 1545 1340 :
1562 1312 1598 1340 Ut
1612 1319 1662 1339 nos
1676 1318 1778 1346 cogno—

990 1364 1104 1396 scimus,
1121 1363 1146 1390 in
1163 1361 1237 1389 omni
1261 1361 1402 1395 negatione
1417 1359 1586 1394 superiorum
1601 1359 1711 1392 accipe;
1730 1358 1779 1385 de-

989 1410 1076 1438 clarat
1092 1413 1193 1442 atttem,
1209 1408 1282 1442 quod
1305 1406 1461 1437 dici-solet,
1479 1404 1631 1433 secundum
1653 1407 1775 1431 nostram

990 1455 1183 1490 cognitionem.
1198 1453 1291 1488 Neque
1307 1458 1332 1480 te
1352 1456 1462 1480 moveat
1479 1453 1531 1479 hoc
1546 1456 1638 1486 caput,
1655 1454 1683 1477 ιιι
1697 1453 1777 1485 putes

156 1499 231 1528 “Im:
247 1500 294 1522 θυι
310 1502 371 1529 (ῐυπ
391 1495 426 1522 ab
446 1495 537 1530 liiﬁ'w
552 1502 645 1523 eorum
665 1495 712 1530 ιιυί
736 1500 809 1527 sui".
830 1495 938 1531 οοσπὶιθ
952 1503 977 1533 c
991 1501 1064 1528 lmnc
1078 1499 1196 1528 divinum
1212 1503 1351 1527 auctorem
1370 1497 1471 1533 aliquid
1491 1497 1649 1532 blaspheme
1666 1496 1771 1529 dicere;

156 1546 232 1572 sunt,
250 1541 368 1574 explicat
382 1541 592 1572 obscurittem,
605 1548 666 1574 qute
682 1546 788 1567 omuem
807 1541 939 1568 rationem

156 1590 183 1612 et
202 1590 317 1613 mentem
346 1586 431 1613 vincit
454 1594 461 1613 :
484 1586 677 1613 obscuritatem
693 1586 753 1613 dico
775 1587 938 1617 Divinitatis,

157 1639 218 1666 qua:
234 1639 317 1666 supra
330 1631 520 1663 substantiam,
537 1639 615 1663 supra
634 1632 766 1658 rationem
780 1636 807 1658 et
823 1636 939 1659 mentem

157 1681 207 1704 est.
227 1676 331 1704 Rursus
353 1677 422 1703 idem
443 1681 564 1704 extremo
592 1677 680 1712 capite
701 1676 820 1712 Myslica:
842 1677 940 1705 tltrola-

157 1724 208 1757 gite
222 1730 232 1749 :
251 1722 354 1749 “ursus
366 1727 455 1750 autem
469 1723 645 1750 ascendentes
658 1722 789 1755 dicamus,
801 1724 874 1758 quod
892 1730 941 1751 nec

158 1767 248 1794 anima
270 1773 323 1800 est,
342 1775 429 1802 neque
455 1775 548 1802 mens;
577 1775 625 1795 nec
649 1768 877 1803 imaginationem,
899 1768 941 1797 vel

158 1813 328 1847 opinionem,
345 1814 387 1840 vel
406 1814 547 1846 rationem,
568 1814 608 1841 vel
624 1814 828 1849 intelligentiam
847 1815 939 1847 habet,

158 1867 247 1894 neque
271 1861 340 1888 ratio
361 1866 413 1892 est,
440 1868 491 1888 nec
515 1860 702 1895 intelligentia,
727 1868 816 1895 neque
830 1860 940 1895 dicitur,

159 1907 199 1933 vel
223 1907 391 1941 intelligitur,
411 1915 497 1942 neque
521 1914 647 1934 numerus
664 1912 716 1939 est,
739 1915 826 1942 neque
850 1909 940 1935 ordo:

105 1975 113 1983 κ
159 1958 244 1985 neque
261 1951 415 1988 magnitudo
435 1957 486 1983 est,
502 1959 588 1985 neque
606 1953 735 1986 parvitas,
749 1959 837 1985 neque
852 1959 942 1987 aequa.

159 1997 229 2029 titas,
242 2004 328 2031 neque
340 1997 500 2030 similitudo,
519 2005 605 2031 neqtte
623 1998 833 2032 dissimilitudo;
856 2006 943 2034 neque

158 2047 222 2074 stat,
246 2050 335 2077 neque
352 2048 487 2074 moretur,
509 2051 596 2077 neque
611 2043 739 2079 quiescit,
757 2052 844 2080 neque
857 2046 943 2079 habet

160 2088 230 2121 sint;
249 2096 299 2116 nec
315 2094 357 2116 est
373 2089 425 2121 vis,
440 2097 527 2123 neque
540 2089 640 2122 lumen,
651 2097 739 2125 neque
752 2091 804 2118 vita
826 2096 879 2125 est,
897 2099 944 2118 ne-

159 2143 212 2168 que
228 2136 377 2162 substantia
392 2142 444 2167 ρει,
455 2144 547 2181 [neque
558 2137 700 2170 smcuium,
720 2145 808 2172 neque
825 2143 942 2172 tempus,

159 2189 211 2207 nec
229 2186 270 2208 est
286 2181 345 2215 eius
363 2183 444 2209 tactio
455 2172 509 2209 [sub
532 2182 739 2215 intelligentiam
761 2184 873 2214 cadens,
889 2193 939 2211 nc-
959 2172 980 2200 Β

159 2233 212 2260 que
231 2227 354 2258 scientia,
383 2234 471 2262 neque
495 2227 595 2254 vet-itas
621 2232 673 2260 e-t,
700 2236 789 2263 neque
819 2237 944 2264 regnum,

161 2280 248 2308 neque
268 2273 411 2307 sapientia,
428 2280 478 2299 nec
493 2280 586 2303 unum.
607 2281 657 2300 nec
675 2275 785 2308 unitas;
799 2282 886 2309 neque.
905 2277 946 2302 di-

161 2319 269 2349 vinitas.
294 2326 382 2353 neque
399 2319 516 2350 bonitas.
537 2326 624 2353 neque
644 2319 762 2353 Spiritus
778 2325 830 2353 est,
846 2326 874 2348 ut
896 2329 945 2350 nos

196 2386 219 2401 "
233 2385 329 2413 Matth.
346 2393 384 2417 ιι,
400 2384 446 2410 ‘27.

991 1546 1162 1582 propositum
1182 1545 1254 1572 enim
1280 1548 1322 1572 est
1345 1544 1369 1571 ei
1393 1543 1585 1571 demonstrare
1609 1542 1693 1570 Deum
1708 1541 1776 1569 nihil

991 1599 1085 1620 eorum
1101 1599 1163 1618 esse
1179 1597 1239 1625 quae
1254 1593 1327 1622 sunt,
1352 1589 1398 1616 sed
1413 1596 1474 1616 esse
1493 1595 1575 1624 supra
1591 1587 1680 1616 omnia
1695 1595 1704 1619 ς
1720 1593 1777 1615 cte-

991 1638 1046 1665 nim
1071 1637 1093 1665 si
1118 1637 1177 1672 ipse
1195 1635 1285 1663 omnia
1301 1635 1440 1669 produxit,
1459 1633 1597 1669 quomodo
1612 1638 1701 1669 potest
1717 1641 1780 1662 esse

991 1682 1093 1718 aliquid
1121 1688 1216 1709 eorum
1232 1687 1292 1715 quas
1308 1680 1393 1707 sunt?
1420 1679 1493 1707 Dixit
1509 1684 1614 1709 autem,
1632 1678 1704 1713 quod
1729 1685 1778 1705 nec

991 1737 1022 1757 ea
1039 1736 1099 1763 quas
1116 1733 1189 1761 sunt,
1207 1731 1375 1762 cognoscunt
1399 1726 1483 1753 Deum
1508 1733 1620 1753 causam
1636 1725 1778 1757 omnium;

992 1781 1022 1802 at
1038 1782 1091 1802 non
1109 1780 1275 1808 cognoscere
1300 1772 1395 1802 Deum,
1411 1771 1541 1798 interitus
1558 1771 1637 1806 plane
1659 1775 1710 1797 est.
1730 1768 1780 1798 Ve-

993 1828 1052 1847 rum
1075 1819 1168 1846 stat'rtn
1190 1818 1262 1846 idem
1277 1817 1404 1852 exposuit
1415 1816 1487 1852 quod
1504 1816 1623 1848 dixerat,
1637 1823 1700 1843 cum
1715 1815 1779 1843 sub-

990 1866 1081 1900 jttnxit
1097 1874 1103 1892 :
1119 1865 1261 1898 Quatenus
1277 1864 1335 1898 ipse
1351 1867 1404 1895 est,
1421 1863 1492 1897 quod
1511 1862 1625 1898 perinde
1640 1866 1694 1892 est,
1710 1865 1740 1887 ut
1756 1860 1778 1888 si

992 1911 1122 1938 dicatur:
1145 1908 1219 1936 Nihil
1237 1916 1269 1935 ex
1295 1908 1329 1935 iis
1345 1915 1405 1943 qua:
1429 1912 1505 1940 sunt,
1522 1906 1660 1942 cognoscit
1685 1906 1779 1938 Deum,

993 1961 1127 1991 quatenus
1145 1959 1196 1987 est,
1217 1955 1242 1981 id
1263 1959 1306 1982 est
1330 1954 1511 1982 substantiam
1528 1953 1597 1988 ejus,
1620 1961 1681 1988 qua:
1699 1960 1779 1987 supra

993 2001 1172 2029 substantiam
1188 2006 1242 2032 est,
1260 2005 1288 2028 et
1312 2007 1372 2034 quia:
1398 1999 1515 2034 intelligi
1540 2007 1593 2026 non
1621 2003 1719 2033 potest,
1734 1994 1779 2025 'vel

993 2047 1181 2075 cxsistrntiam
1191 2046 1341 2073 secundum
1357 2053 1436 2079 quam
1449 2044 1567 2072 exsistit.
1583 2044 1689 2071 Dictum
1708 2044 1778 2070 enim

994 2098 1046 2124 est,
1064 2091 1135 2126 quod
1155 2093 1237 2119 Nemo
1258 2091 1391 2126 cognoscit
1410 2089 1521 2123 Filium,
1538 2090 1589 2117 nisi
1613 2089 1716 2122 Pater;
1739 2097 1781 2115 ne-

995 2146 1042 2174 que
1064 2137 1172 2165 Putrem
1194 2137 1252 2172 quis
1276 2137 1357 2169 novit,
1385 2136 1436 2162 nisi
1459 2135 1542 2162 Filius
1559 2135 1595 2163 ".
1622 2135 1661 2162 Ac
1687 2142 1781 2162 rursus

995 2184 1134 2219 subiungit
1157 2190 1270 2218 magnus
1286 2182 1443 2218 Dionysius,
1459 2186 1486 2209 et
1503 2181 1542 2208 ait
1557 2190 1565 2208 :
1581 2180 1667 2208 Nemo
1681 2188 1780 2214 cogno-

995 2231 1047 2259 scit
1062 2230 1172 2262 Filium,
1193 2234 1327 2264 quatenus
1345 2233 1398 2259 est,
1417 2235 1468 2255 nec
1485 2227 1544 2262 ipse
1561 2227 1631 2265 Deus
1645 2226 1781 2261 cognoscit

995 2285 1026 2304 ea
1041 2284 1100 2310 qua:
1120 2280 1195 2308 sunt,
1211 2279 1346 2309 quatenus
1362 2277 1436 2305 sunt,
1458 2273 1484 2300 id
1507 2277 1559 2306 est,
1575 2280 1627 2300 non
1645 2272 1721 2299 novit
1745 2272 1780 2299 itt-

997 2323 1107 2349 tendere
1124 2325 1241 2348 mcntem
1260 2319 1409 2347 secundum
1430 2326 1540 2346 sensum
1556 2318 1589 2346 ad
1604 2326 1635 2345 ea
1650 2326 1710 2353 quae
1723 2325 1781 2345 sen-

902 2442 1043 2474 Scholia.

199 2508 237 2542 (i)
251 2507 386 2541 Quatenus
394 2509 454 2542 sunt
472 2504 512 2542 id
529 2509 644 2542 cst,_non
659 2507 801 2542 cognoscit
813 2505 864 2542 alia
875 2514 943 2539 qua-

165 2551 173 2572 t
193 2540 242 2570 nus
260 2540 319 2570 sum
340 2543 366 2569 in
385 2549 415 2568 se
430 2540 505 2574 ipsis,
521 2540 569 2567 sed
584 2540 611 2566 in
622 2547 651 2567 se
665 2541 731 2574 ipso,
747 2540 773 2567 id
790 2546 842 2571 est.
857 2541 884 2567 in
894 2549 945 2568 sua

163 2579 293 2609 οςιιιιιιὶιι,
310 2577 335 2604 in
352 2585 402 2612 qui
418 2582 511 2612 omnes
524 2575 628 2612 species
641 2584 729 2602 rermn
740 2580 801 2602 sunt
819 2583 945 2612 compre-

165 2617 264 2645 hensm,
283 2617 310 2641 et
323 2610 406 2639 multo
423 2610 598 2638 excellentius
619 2611 645 2637 iu
664 2619 706 2643 eo,
725 2618 804 2643 quam
820 2610 845 2637 in
861 2611 944 2646 seip-

164 2652 202 2678 sis
213 2654 284 2676 sunt.

200 2685 239 2719 (9.)
253 2684 303 2711 Sed
314 2683 398 2718 gloria
409 2683 480 2709 circa
490 2688 558 2719 eum.
572 2680 628 2707 Non
640 2681 707 2719 dixit
731 2681 827 2719 gloria»
841 2682 869 2708 in
903 2688 946 2713 eo,

165 2716 225 2756 ηιιξη
241 2725 280 2746 est
296 2716 426 2756 laureata,
436 2719 462 2744 ιιι
475 2721 527 2747 est,
537 2716 593 2756 ipsa
605 2717 734 2756 essentia,
749 2717 795 2744 sed
805 2717 876 2756 circa
886 2723 947 2756 eum

166 2751 237 2786 sunt,
250 2763 310 2788 qum
323 2754 357 2781 ab
371 2761 403 2781 eo
419 2756 509 2780 creata
524 2755 598 2784 sunt,
613 2758 644 2778 ex
662 2753 759 2786 quibus
769 2760 782 2778 a
799 2752 876 2779 nobis
889 2751 947 2786 glo-

168 2792 296 2819 ri’ical'tr'
311 2794 340 2817 ct
361 2789 494 2816 laudatur.

202 2826 240 2860 (3)
253 2824 342 2860 Nequa
354 2825 478 2853 divinitas
490 2824 667 2852 substantiam
682 2821 729 2850 Dei
743 2820 888 2858 signiﬁcat,
901 2828 950 2848 tte-

993 2516 1045 2543 que
1071 2508 1222 2536 substantia
1239 2509 1284 2536 Dei
1301 2513 1355 2537 est.
1369 2507 1476 2543 scilicet
1501 2512 1588 2543 utnos
1613 2506 1778 2534 divinitatem

994 2542 1182 2579 cognosci-nus
1199 2553 1206 2577 ;
1227 2543 1418 2579 cognoscimus
1428 2542 1500 2569 enim
1517 2542 1685 2579 divinitatem
1699 2548 1776 2567 crea-

997 2576 1050 2605 tam
1066 2580 1091 2605 in
1109 2580 1141 2606 iis
1151 2579 1196 2612 qui
1210 2576 1500 2612 pet-participationem
1514 2577 1652 2612 dicuntur,
1665 2576 1721 2603 sive
1733 2583 1780 2601 an-

996 2614 1058 2646 geli,
1073 2615 1129 2640 sive
1145 2611 1268 2640 homines
1284 2614 1337 2640 siut
1355 2621 1362 2644 ς
1377 2611 1531 2646 huiusmodi
1544 2617 1634 2638 autem
1661 2611 1781 2646 divinitas

996 2645 1098 2678 creata,
1112 2654 1221 2680 ncccsl,
1235 2655 1321 2681 neque
1334 2645 1470 2682 signiﬁcat
1480 2646 1648 2682 divinitatem
1661 2645 1781 2682 Dei,qu_te

998 2684 1128 2713 cheutia.
1146 2683 1202 2710 sive
1214 2680 1370 2710 substantia
1379 2681 1437 2715 ejus
1452 2685 1493 2709 est
1508 2690 1515 2713 ;
1528 2680 1574 2708 sed
1590 2681 1679 2715 potius
1712 2680 1779 2706 divi-

1000 2719 1080 2750 nitas,
1091 2717 1209 2747 bonitas.
1225 2718 1368 2752 sapientia.
1386 2720 1413 2752 et
1428 2722 1537 2752 metera.
1553 2720 1583 2743 ut
1596 2723 1658 2752 rnos
1677 2721 1780 2752 cogno-

1000 2753 1102 2780 Scimus
1116 2753 1177 2784 ista,
1192 2750 1277 2788 gloria
1289 2756 1351 2779 sunt
1363 2751 1441 2788 circa
1452 2750 1619 2788 Deum,_q_nia
1629 2750 1663 2776 ab
1677 2750 1781 2784 bisqu

1001 2789 1034 2816 ab
1045 2795 1078 2816 eo
1093 2791 1182 2816 creata
1194 2785 1273 2820 'sunt,
1287 2786 1453 2823 gloriﬁcatur
1470 2790 1496 2813 et
1515 2785 1679 2813 celebratur.
