1955 3076
160 150 214 182 9ὶ9

608 154 726 183 DECAS
746 155 783 184 Χ.
801 167 834 172 -
858 155 907 184 DE
930 155 1062 184 DIVINA
1082 155 1358 185 SlMl’LlClTA'l‘E.

1731 155 1784 187 990

160 207 220 235 silia
240 211 314 238 sunt,
330 214 380 234 nec
391 207 424 235 ad
439 207 616 242 substantias,
632 215 767 244 quatenus
784 210 945 238 substantim
961 213 981 239 Α
998 211 1056 238 ﬁeri
1083 216 1181 246 potest,
1198 217 1227 238 ut
1241 220 1300 246 qum
1318 212 1392 239 ﬁnita
1407 216 1480 243 sunt,
1498 215 1687 245 portranseant
1709 213 1780 246 quod

160 257 223 279 sunt
241 261 248 278 :
266 251 316 278 hoc
337 252 407 279 enim
432 259 485 280 non
499 253 626 280 convenit
644 252 709 281 Deo.
728 253 783 281 Nos
799 254 883 286 enim,
899 254 945 288 qui

160 297 287 325 homines
312 305 417 331 sumus,
437 305 468 325 ea
486 305 546 332 qua:
572 305 652 326 sensu
676 299 875 335 percipiuntur,
900 305 947 326 aut

159 349 285 380 aspectu,
311 349 358 372 aut
376 349 498 380 gustatu,
523 349 568 372 aut
583 349 666 378 tactu,
689 345 866 380 intelligimus
881 345 946 380 quid

160 391 234 419 sint:
252 399 283 419 ea
302 399 367 418 vero
387 399 447 426 quae.
468 391 521 419 sub
542 391 747 427 intelligentiam
769 392 881 424 cadunt,
901 396 947 418 aut.

160 445 208 471 per
224 437 394 472 disciplinam
409 437 459 473 (Ι),
474 442 521 465 aut
537 437 699 470 doctrinam,
719 442 766 465 aut
782 446 829 473 per
845 438 946 465 illumi-

161 484 300 511 uationem
324 484 526 520 cognoscimus.
553 484 624 512 Deus
650 490 742 512 autent
767 485 840 512 milio
866 484 946 510 tnodo

160 538 192 557 cx
214 531 276 558 istis
291 531 366 557 novit
381 537 413 557 ea
429 537 490 565 qua;
513 535 588 562 sunt,
604 531 651 557 sed
668 530 759 565 potius
785 537 817 557 ex
844 539 873 557 se
888 530 946 565 ipso

159 574 342 609 cognitionem
373 574 492 602 omniutu
516 575 609 608 habet,
633 575 685 602 hoc
707 576 780 602 enim
809 575 947 609 signiﬁcat

160 619 331 646 subobscure
345 618 499 654 Scriptura,
520 628 580 655 qua:
605 621 664 648 ait:
686 620 739 654 Qui
764 621 832 648 novit
855 621 951 648 omnia'

161 671 299 700 anltquam
313 666 404 700 ﬁerent
421 667 454 697 υ.
470 667 542 699 quod
555 666 665 701 quidem
682 667 811 700 declarat,
830 675 882 694 non
900 674 945 694 se-

160 711 278 738 cundum
304 711 436 739 rationem
463 712 651 747 productionis
670 719 764 740 eormn
790 713 897 740 novisse
913 719 944 739 ea

161 755 243 782 Deum
270 756 418 785 secundum
450 764 563 785 sensum
584 762 632 785 aut
650 758 875 796 intelligentiam,
897 758 945 786 sed

160 800 251 834 potius
267 808 349 836 supra
359 808 466 829 omnem
480 809 589 830 sensum
606 808 633 830 et
646 795 852 838 intelligentiam
873 804 899 830 in
917 811 946 830 se

160 850 264 873 tantutu
283 847 402 875 intuens.
428 847 501 876 Idem
517 849 616 876 ibidem
632 858 642 877 :
659 849 725 883 Quae
743 855 819 883 sunt,
843 851 944 886 inquit,

159 893 238 920 idest
253 897 394 926 creatura‘,
414 900 468 921 non
483 899 597 928 possunt
620 902 702 930 supra
723 899 847 922 naturam
865 903 942 923 suam

160 938 223 965 t‘erri
246 939 442 974 intelligendo:
463 945 647 968 consentanea
680 940 763 976 igitur
779 948 840 969 cum
866 941 892 968 iu
913 949 944 970 se

159 983 310 1016 intuentur,
343 985 463 1012 divinam
489 990 615 1013 naturam
643 987 768 1021 ignaram
795 987 942 1015 secundant

158 1028 221 1055 illud
235 1030 306 1064 quod
321 1030 378 1065 ipsa
401 1035 440 1058 est
458 1039 466 1066 ;
486 1031 527 1059 sic
545 1031 628 1066 igitur
642 1032 734 1060 divina
753 1037 849 1060 natura
869 1033 896 1060 in
915 1041 944 1062 se

158 1073 243 1108 ipsam
260 1074 380 1110 intuens,
396 1084 448 1104 non
467 1077 540 1105 novit
562 1077 588 1105 in
609 1085 639 1106 se
661 1085 722 1107 esse
743 1084 883 1107 creaturas
900 1087 944 1107 se-

158 1121 277 1148 cundum
296 1122 428 1149 rationem
449 1123 610 1151 substantia.-
625 1131 719 1152 eorum
734 1125 791 1160 (2);
808 1125 857 1153 hoc
871 1125 941 1153 enim

157 1168 320 1202 signiﬁcavit
342 1177 403 1197 cum
428 1171 499 1199 dixit
517 1179 525 1199 :
542 1172 682 1206 Quatenus
705 1179 781 1207 sunt,
807 1174 942 1210 siquidem

156 1219 199 1241 est
224 1221 305 1249 supra
323 1216 415 1243 omnia
440 1224 500 1252 quia:
524 1223 598 1250 sunt,
626 1223 653 1246 et
670 1218 759 1254 ipsum
774 1227 837 1247 esse
861 1228 942 1253 supra

157 1260 337 1288 substantiam
354 1263 445 1296 habet,
457 1263 536 1292 aliter
549 1265 620 1292 enim
637 1272 718 1293 nemo
734 1266 805 1294 dicet
817 1266 942 1301 ignorare

157 1304 241 1332 Deum
267 1311 405 1334 creaturas
430 1315 504 1336 suas.
530 1309 568 1336 Ex
584 1309 686 1347 quibus
706 1310 736 1338 ﬁt
756 1311 940 1345 manifestum,

156 1353 228 1387 quod
243 1353 334 1381 unitas
346 1362 427 1389 supra
443 1355 635 1389 substantiam,
646 1357 681 1385 ab
696 1358 822 1385 omnibus
834 1358 942 1386 abstra-

156 1404 198 1426 cta
215 1403 268 1431 est,
291 1404 318 1427 ct
331 1407 411 1434 supra
428 1401 517 1436 omnia
534 1406 596 1435 est;
611 1402 753 1430 immensis
775 1405 850 1431 enitn
866 1413 942 1432 men-

156 1446 238 1477 suris.
253 1449 280 1473 et
300 1453 360 1480 quae
384 1447 500 1475 conferri
527 1455 581 1475 non
603 1453 729 1483 possunt,
749 1457 837 1477 causae
859 1459 940 1486 supra

154 1491 267 1519 cﬁ‘ectus
288 1492 412 1520 locantur
426 1493 477 1529 (5),
497 1499 524 1522 et
541 1494 709 1529 eximuntur,
727 1500 755 1523 et
777 1496 810 1523 ab
831 1497 871 1524 eis
891 1498 938 1523 ab.

155 1542 228 1570 sunt,
250 1542 279 1565 ut
294 1545 365 1574 tnepe
388 1538 492 1567 dictum
508 1544 559 1568 est.
582 1539 724 1572 Quomodo
738 1541 811 1569 enim
832 1547 940 1569 creatu-

155 1590 202 1615 rae,
219 1587 247 1610 et
264 1583 345 1616 facta,
365 1588 392 1612 et
407 1592 575 1620 quaecunque
588 1586 722 1614 vocabulo
736 1586 839 1614 entium
853 1587 939 1622 signi-

155 1629 281 1662 ﬁcantur,
305 1627 421 1657 conferri
440 1637 553 1664 possunt
568 1638 629 1659 cum
655 1637 761 1664 natura,
785 1640 845 1667 qua:
869 1632 937 1660 ultra

152 1675 245 1702 oinuia
262 1675 324 1703 est?
340 1674 417 1703 Unde
432 1677 625 1705 convenienter
640 1678 702 1710 sibi,
719 1686 799 1706 causa
815 1681 937 1706 omnittm

154 1728 207 1746 11011
223 1724 265 1747 est
285 1728 367 1747 nlllllﬂ
383 1729 476 1748 eorum
491 1729 551 1755 quae
565 1727 639 1754 sunt,
661 1731 713 1750 11011
731 1723 792 1750 dico
810 1731 938 1758 quaecum

153 1773 206 1797 que
222 1765 321 1800 aliquis
334 1767 527 1800 numeraverit,
542 1769 590 1795 sed
600 1768 623 1795 si
636 1769 697 1802 quis
709 1770 874 1805 cogitatione
889 1771 939 1798 ﬁn-

153 1815 239 1844 g-ret,
256 1815 282 1838 et
298 1811 330 1837 ad
350 1811 395 1838 illa
411 1819 470 1846 qute
492 1812 562 1840 ultra
580 1814 678 1841 saecula
697 1820 770 1847 sunt,
789 1816 937 1850 refugeret,

151 1855 292 1889 opiniones
304 1861 395 1884 essent
411 1857 523 1884 ratio:iis
540 1859 611 1892 apud
629 1867 678 1886 nos
699 1859 815 1888 inaniter
824 1856 938 1896 'quidem

153 1903 187 1929 ad
201 1902 244 1929 illa
260 1911 321 1938 quae
334 1903 404 1932 ultra
417 1904 508 1932 omnia
521 1909 595 1938 sunt,
609 1905 821 1940 proﬁciscentis;
834 1911 936 1933 tantum

154 1957 218 1976 vero
241 1957 256 1976 ι
281 1957 310 1977 re
332 1950 470 1983 distantis,
490 1955 620 1986 quantuut
640 1952 814 1979 simulacrum
834 1960 848 1979 a
865 1951 936 1979 veri-

152 2000 220 2025 tate;
235 1999 261 2022 et
276 1995 373 2023 domus
387 1995 422 2023 ab
436 2002 469 2023 eo
479 1996 525 2031 qui
541 2004 600 2024 eam
616 1997 773 2029 fabricavit;
794 2002 820 2025 et
836 1997 937 2024 umbra:

153 2043 186 2067 ah
202 2041 234 2068 iis
251 2049 312 2076 qua:
339 2047 414 2074 sunt,
432 2046 460 2069 et
487 2050 535 2076 per
563 2050 592 2071 se
613 2044 756 2072 exsistunt.
778 2043 835 2071 Non
863 2043 935 2071 enim

187 2099 209 2114 ⁸⁸
229 2099 295 2126 Dan.
321 2106 383 2132 xm,
397 2098 445 2126 42.

1000 257 1133 284 inﬁnitum
1150 262 1200 289 est,
1217 258 1341 292 quamvis
1357 265 1433 285 mens
1455 258 1553 284 multus
1575 258 1724 285 inﬁnitates
1741 265 1783 285 re.-

999 304 1095 337 pcriat,
1109 308 1136 331 et
1155 311 1247 330 secum
1271 308 1387 338 reputet,
1404 303 1581 330 nihilominus
1597 304 1630 329 ab
1648 303 1783 330 infinitate

998 356 1060 376 Vera
1081 349 1192 382 excidit,
1207 353 1234 376 et
1250 354 1378 384 tanquam
1393 357 1454 377 cum
1473 348 1569 375 tunhra
1585 356 1704 383 pugnare
1715 356 1778 376 con~

997 395 1115 422 vincitur
1129 400 1299 428 altrectans;
1322 396 1392 423 sicut
1409 396 1455 428 qui
1471 395 1590 423 tenebris
1604 395 1783 427 crassissimis

999 442 1109 469 involuti
1135 446 1211 474 sunt,
1240 447 1268 469 et
1291 441 1318 469 in
1336 442 1375 469 eis
1403 447 1496 469 ruunt.
1521 441 1562 468 0b
1581 442 1649 468 hanc
1671 449 1781 469 causam

998 488 1158 522 theologiam
1178 487 1326 514 scentulum
1346 488 1515 519 negationem
1532 487 1557 513 in
1574 487 1666 514 nmltis
1681 485 1783 514 valen-

1001 534 1097 560 tiorem
1114 541 1175 560 esse
1188 533 1320 568 theologia
1335 532 1485 560 allirtuanle
1496 532 1709 559 demonstratum
1722 538 1782 565 est;

998 588 1050 607 non
1077 580 1184 614 quidem
1201 580 1273 614 quod
1298 579 1431 613 theologia
1455 587 1487 606 ex
1513 579 1674 612 negantibus
1697 578 1782 613 magis

997 626 1080 652 Deum
1097 630 1267 659 assequatur,
1284 630 1308 652 et
1328 626 1441 659 attingat
1463 625 1505 657 (ex
1523 632 1600 659 :vquo
1617 625 1686 651 enim
1705 628 1781 651 utra-
1797 634 1799 637 ι

996 678 1050 705 que
1068 671 1176 698 aberrat
1192 679 1206 697 a
1228 671 1382 704 conjectura
1401 671 1434 697 de
1457 671 1532 700 lico),
1547 671 1592 697 sed
1611 670 1680 704 quod
1705 671 1782 696 thr-o-

997 717 1065 751 logia
1095 724 1198 751 negans
1223 717 1283 750 plus
1307 717 1466 750 proﬁteatur
1491 717 1614 748 nescire;
1637 716 1681 750 qui
1707 717 1779 743 enim

997 761 1074 793 dixit,
1092 761 1164 796 quod
1184 769 1232 789 nec
1250 762 1339 789 unitas
1357 755 1400 788 cst
1427 761 1508 793 Deus,
1531 762 1640 796 propius
1663 761 1780 788 accessit

996 807 1030 835 ad
1058 807 1311 843 iucomprehensam
1340 808 1484 840 unitatem,
1512 815 1592 842 quam
1618 807 1663 842 qui
1690 807 1780 841 posuit

995 859 1056 881 esse
1074 854 1157 880 Deum
1185 854 1317 881 unitatem
1346 853 1494 881 secundum
1521 861 1621 880 morem
1647 853 1779 880 Imitatum

995 907 1054 935 qute
1072 899 1150 927 nobis
1172 904 1242 927 notat
1260 904 1333 927 sunt.
1355 899 1389 927 Ut
1415 900 1497 935 igitur
1521 899 1677 926 summatito
1702 907 1779 934 repe-

995 950 1048 973 tam
1070 953 1122 980 que
1138 945 1164 972 in
1183 945 1233 973 hac
1249 945 1356 973 Decade
1371 945 1494 980 exposita
1511 949 1586 976 sunt,
1609 946 1779 972 demonstra-

995 996 1051 1018 tum
1066 995 1107 1019 est
1122 999 1136 1018 a
1151 991 1297 1026 theologis,
1309 999 1362 1018 non
1386 995 1511 1025 oportere
1531 999 1652 1026 qurerere
1670 991 1696 1018 in
1718 991 1779 1018 uni-

994 1043 1061 1071 tate,
1080 1045 1141 1072 que
1159 1045 1240 1073 supra
1261 1037 1440 1065 substantiam
1457 1041 1506 1069 est,
1528 1037 1637 1065 habitus
1649 1041 1676 1064 et
1689 1037 1779 1070 dispo«

993 1083 1117 1115 sitioncs,
1129 1083 1172 1110 vel
1190 1083 1241 1110 alia
1256 1083 1328 1109 circa
1342 1083 1441 1116 ipsam,
1455 1090 1515 1117 qua:
1526 1083 1705 1110 substantiam
1721 1082 1779 1116 ejus

993 1128 1164 1163 compleant;
1183 1136 1230 1156 nec
1247 1128 1336 1163 aliqua
1359 1128 1385 1156 in
1400 1137 1430 1155 ea
1447 1128 1608 1160 accidentia,
1625 1136 1712 1163 neque
1726 1128 1779 1155 dif-

994 1174 1123 1202 ferentias
1146 1175 1178 1201 ad
1204 1175 1385 1202 substantiam
1410 1175 1470 1210 eius
1484 1175 1670 1209 pertinentes;
1692 1182 1779 1209 nequc

994 1221 1056 1255 quia
1079 1228 1112 1247 ex
1138 1227 1168 1247 se
1185 1220 1242 1255 ipsa
1261 1221 1394 1248 exsistere
1418 1221 1529 1252 dicitur,
1554 1220 1657 1248 idcirco
1672 1225 1779 1255 oportet

993 1266 1159 1294 constituere
1178 1267 1262 1300 ipsam
1289 1273 1350 1292 esse
1379 1265 1420 1292 sui
1446 1273 1567 1298 causam,
1602 1273 1651 1294 nec
1677 1273 1780 1301 ponere

994 1311 1065 1338 aliud
1091 1311 1117 1338 iu
1135 1319 1167 1339 ea
1193 1319 1254 1339 esse
1277 1310 1471 1343 substantiam,
1486 1315 1513 1338 et
1539 1311 1610 1338 aliud
1627 1312 1777 1347 energiam,

993 1358 1051 1385 sive
1080 1357 1265 1391 operationem
1289 1365 1297 1384 :
1329 1364 1379 1383 nec
1405 1356 1564 1384 existimare
1592 1358 1778 1391 operationem

993 1410 1069 1430 suam
1085 1403 1243 1430 creatricem
1261 1402 1415 1430 substantia
1430 1403 1577 1429 secundum
1591 1410 1620 1430 se
1629 1410 1733 1435 carere,
1749 1408 1775 1430 et

994 1456 1046 1476 non
1060 1456 1108 1484 per
1122 1456 1151 1476 se
1161 1448 1313 1480 exsistere;
1333 1456 1382 1475 nec
1398 1448 1469 1475 aliud
1483 1456 1544 1475 esse
1560 1455 1635 1475 suam
1650 1449 1780 1476 substan-

993 1495 1069 1526 t'am,
1087 1498 1114 1521 et
1131 1494 1202 1521 aliud
1216 1501 1293 1522 suam
1312 1493 1477 1526 bonitatem,
1495 1498 1521 1520 et
1538 1493 1663 1520 similiter
1678 1494 1705 1521 in
1725 1501 1780 1521 cie-

995 1538 1061 1566 teris
1080 1537 1229 1573 ejusmodi;
1248 1545 1298 1566 nec
1315 1537 1386 1566 aliud
1409 1545 1469 1566 esse
1490 1539 1671 1566 substantiam
1691 1546 1781 1571 suam,

992 1589 1020 1613 et
1037 1583 1109 1611 aliud
1139 1583 1322 1618 cognitionem
1346 1583 1401 1615 sui.
1422 1588 1450 1611 et
1473 1583 1600 1611 similiter
1622 1584 1649 1612 in
1668 1584 1782 1620 reliquis

993 1630 1148 1662 similibus;
1165 1633 1193 1657 et
1213 1629 1303 1656 omnia
1323 1637 1384 1664 qua:
1401 1629 1428 1656 in
1448 1637 1480 1657 ea
1503 1634 1579 1662 sunt,
1598 1638 1651 1658 non
1671 1631 1779 1658 ditl'crte

992 1685 1008 1704 a
1032 1684 1062 1704 se
1086 1676 1162 1709 ipsa;
1180 1681 1232 1702 nec
1258 1674 1284 1702 in
1305 1682 1336 1702 ca
1356 1682 1437 1709 posse
1465 1675 1577 1710 reperiri
1603 1677 1778 1711 principium,

993 1723 1109 1750 medium
1128 1725 1156 1749 et
1179 1721 1271 1752 ﬁnem.
1294 1729 1343 1748 nec
1358 1722 1487 1749 unitatem
1506 1722 1636 1752 divinum.
1656 1731 1716 1757 qua:
1736 1728 1779 1750 est

992 1768 1136 1803 ὐπέρθεος,
1159 1767 1184 1794 id
1208 1772 1261 1799 est,
1278 1775 1360 1801 supra
1381 1775 1428 1795 eos
1445 1768 1490 1802 qui
1509 1767 1635 1795 dicuntur
1653 1769 1701 1800 dii,
1718 1776 1778 1796 esse

992 1814 1188 1847 substantiam;
1211 1821 1262 1840 nec
1276 1820 1337 1840 esse
1357 1814 1489 1840 unitatem
1506 1821 1566 1848 quae
1588 1818 1710 1845 vocatur,
1728 1822 1777 1842 nc-

993 1868 1044 1893 que
1056 1860 1218 1887 Trinitatem
1236 1859 1270 1886 ab
1285 1859 1340 1886 ullo
1356 1859 1491 1893 cognitam
1509 1867 1516 1886 :
1532 1859 1580 1886 sed
1595 1859 1683 1893 potius
1695 1867 1782 1894 supra.

991 1905 1171 1934 sttbstantiam
1200 1911 1271 1936 esse,
1296 1909 1324 1932 et
1348 1913 1428 1939 supra
1445 1912 1554 1932 omnem
1579 1905 1732 1938 veritatem,
1749 1912 1776 1933 et

990 1959 1070 1984 supra
1085 1957 1193 1978 omnem
1210 1950 1370 1976 Trinitatem
1389 1950 1569 1984 excogitatam
1586 1951 1626 1978 vel
1640 1951 1776 1978 assimila-

991 2002 1045 2024 tam
1060 1996 1109 2031 (Δ),
1123 2000 1150 2023 ct
1162 1995 1336 2029 supragomne
1352 2003 1435 2021 unmn
1451 1996 1503 2022 tale
1522 1995 1684 2022 abs'rai-tam
1701 2005 1769 2028 csso,

989 2048 1017 2070 et
1033 2043 1065 2070 ad
1079 2049 1138 2070 eam
1153 2041 1243 2068 accedi
1258 2048 1313 2067 non
1328 2048 1417 2075 posse.
1435 2041 1517 2068 ltcczc
1533 2041 1612 2075 igitur
1630 2047 1654 2068 t-t
1671 2050 1730 2076 qua:
1746 2043 1782 2069 in.

900 2156 1037 2189 Scholia.

187 2210 224 2245 (l)
238 2209 477 2245 Perrdisciplinam.
494 2209 561 2237 Cum
576 2217 608 2237 ex
623 2210 752 2244 magistro
780 2209 910 2245 discimus
927 2217 935 2240 ;
954 2210 974 2237 ο
989 2217 1050 2242 nus,
1068 2209 1094 2237 in
1107 2209 1176 2236 libro
1190 2209 1227 2237 De
1238 2209 1342 2242 Spiritu
1359 2213 1449 2236 sancta
1465 2208 1778 2245 routradlacedonium.

152 2243 200 2279 ρει·
213 2244 375 2276 doctrinam,
390 2252 452 2272 cum
469 2249 561 2271 nostro
577 2243 702 2271 studio’et
735 2243 938 2279 industriaisine

154 2280 283 2341 magistro
302 2279 430 2308 docemus
446 2287 454 2313 ;
472 2286 518 2314 per
533 2279 767 2311 illuminationem,
784 2286 844 2306 cum
869 2278 939 2306 Deus

154 2322 212 2341 rev»
225 2318 262 2341 at.

152 2318 262 2342 revelat.

186 2350 225 2383 (2)
242 2348 391 2376 Secundum
413 2350 542 2377 rationem
567 2348 723 2376 substantia
750 2356 850 2376 eorum.
866 2348 936 2381 Quia

153 2384 208 2418 ipsa
223 2384 310 2410 divina
320 2384 437 2411 essentia
451 2389 489 2412 est
509 2385 615 2419 propria
633 2384 702 2412 ratio
722 2384 934 2414 substanti-«ccu-

150 2419 248 2453 jusque
269 2424 399 2446 creatura:
414 2420 600 2450 ininﬁnitum,
622 2419 769 2454 perfectior
782 2425 936 2454 quampro-

152 2454 209 2488 piia
226 2455 294 2481 ratio
312 2454 470 2482 substantiae
486 2454 511 2481 in
540 2455 597 2488 ipsa
617 2459 755 2481 creatura.

188 2490 225 2523 (3)
242 2489 344 2525 Quum:
358 2489 423 2516 dicit
440 2494 550 2523 propter
581 2496 711 2523 personas
738 2488 857 2525 divinas,
872 2497 933 2525 quae

151 2524 323 2564 sunt_alioqui
344 2531 396 2551 una
412 2531 493 2551 causa
507 2529 705 2557 creaturarum,
723 2523 794 2552 sicut
805 2531 859 2552 una
881 2523 932 2553 ἐε-

151 2565 250 2586 88111Ιὲ1.

186 2594 224 2627 (4)
239 2592 325 2629 Supra
340 2592 601 2629 amnentTriniIatcm
612 2594 798 2629 excogitatam,
811 2594 851 2621 vel
863 2594 931 2629 ussi-

151 2629 280 2655 milatam.
289 2627 447 2656 Observavit
458 2628 559 2656 Mannel
569 2627 691 2660 Calceus,
703 2629 729 2656 iu
738 2629 807 2656 libro
819 2629 856 2656 De
869 2628 929 2656 Tri—

151 2665 232 2690 uitale
248 2663 389 2698 imagines,
401 2671 470 2697 quas
487 2662 582 2691 Patres
595 2664 783 2698 excogitairunt
803 2663 836 2691 ad
860 2664 931 2692 assi-

152 2697 361 2725 milandum’eas
386 2702 523 2732 utcunque
543 2697 680 2726 Trinitati.
706 2697 854 2731 Gregorius
879 2698 933 2726 Na—

151 2733 297 2761 sianzeuus
312 2741 373 2760 cum
389 2734 465 2760 oculo
481 2733 576 2763 fontis.
589 2739 615 2761 ct
627 2734 712 2766 fonte,
723 2737 749 2759 et
763 2733 844 2760 ﬂuvio
854 2741 930 2761 com-

152 2773 229 2802 parat
246 2777 253 2800 ;
272 2769 332 2795 item
347 2774 408 2794 cum
438 2769 514 2799 sole,
532 2767 620 2797 radio.
636 2768 734 2795 lumine
751 2776 759 2800 ;
777 2768 840 2795 item
868 2776 929 2794 cum

153 2806 242 2829 metite
261 2803 293 2830 tv
303 2803 430 2837 θυμήοει,
447 2803 772 2835 1ιΙεςΙ,“ι¹οΙΙε1ιΙΘΙ¹³11ιιηε,
789 2802 925 2832 auima.in

151 2838 249 2870 quibus
278 2845 331 2865 non
343 2842 384 2864 est
396 2837 504 2871 divisio,
523 2837 562 2865 vel
574 2837 657 2865 sectio
671 2837 818 2869 ;itemcum
828 2838 925 2871 triplici

152 2871 219 2906 sole,
231 2877 258 2900 ct
271 2880 322 2900 una
336 2872 444 2900 luminis
455 2873 643 2900 commistione
657 2882 664 2905 ;
677 2871 824 2906 Grrgoritts
842 2871 939 2907 Nysse—

992 2252 1052 2285 cum
1071 2245 1538 2285 tt'iltus_laitipatlibtts,quarunttina
1559 2244 1664 2285 ilamma
1683 2246 1774 2285 ;ident

992 2279 1139 2312 Gregorius
1154 2278 1303 2315 Nyssenus,
1317 2280 1343 2306 iu
1358 2278 1428 2306 libro
1444 2278 1482 2305 De
1492 2278 1630 2315 Trinitate.
1649 2280 1706 2306 ham
1721 2280 1772 2307 tria

991 2315 1059 2341 dicit
1072 2321 1131 2341 esse
1146 2314 1278 2345 in'nobis,
1292 2322 1352 2349 quas
1377 2319 1440 2341 sunt
1451 2314 1537 2345 ,νοῦς.
1548 2314 1637 2347 λόγος,
1649 2315 1773 2348 πνεῦμα·

991 2349 1183 2384 Mens,inquit,
1205 2350 1274 2383 parit
1295 2349 1623 2382 rationem;ratiomm'ot
1642 2355 1772 2382 mentem;

989 2391 1016 2411 et
1032 2391 1119 2419 neque
1129 2392 1205 2411 mens
1220 2384 1278 2411 sine
1307 2385 1411 2412 ratione
1430 2389 1489 2419 est,
1511 2391 1597 2416 neque
1622 2386 1688 2412 ratio
1715 2385 1777 2411 sine

989 2418 1081 2446 mente
1094 2419 1237 2451 ;similiter
1252 2419 1310 2446 sine
1325 2420 1432 2453 spirittt,
1447 2418 1491 2452 qui
1504 2423 1544 2446 est
1559 2419 1585 2445 in
1603 2419 1680 2446 nobis
1693 2440 1699 2449 ,
1720 2428 1774 2446 non

986 2454 1042 2481 exit
1056 2462 1089 2481 ex
1102 2460 1190 2481 mente
1214 2454 1298 2486 ;h:ec,
1323 2454 1419 2488 inquit,
1434 2458 1497 2480 sunt
1510 2453 1635 2487 :equalia,
1647 2459 1673 2481 et
1691 2462 1771 2488 supa—

987 2489 1040 2515 rari
1054 2496 1068 2515 a
1077 2496 1107 2516 se
1116 2489 1234 2524 vicissim
1245 2496 1298 2516 non
1307 2495 1421 2522 possunt
1432 2497 1439 2515 :
1450 2489 1500 2524 sic,
1510 2488 1611 2524 inquit,
1620 2488 1776 2524 intelligen-

985 2523 1052 2550 dum
1064 2528 1105 2550 est
1120 2524 1147 2550 in
1163 2523 1311 2556 Trinitate;
1326 2524 1370 2550 alii
1381 2531 1443 2550 cum
1453 2523 1536 2552 fonte.
1551 2523 1644 2556 fluvio,
1656 2528 1684 2551 et
1694 2523 1770 2557 hicn;

984 2565 1045 2586 cum
1060 2559 1129 2593 igne,
1140 2557 1257 2593 ﬂamma,
1277 2563 1304 2586 et
1332 2558 1433 2585 lumine
1448 2567 1455 2590 ;
1481 2557 1594 2593 Cyrillus
1602 2559 1780 2593 cumradice,

984 2601 1060 2620 ramo
1071 2597 1098 2620 et
1111 2592 1199 2620 fructu
1211 2601 1219 2626 ;
1232 2592 1302 2620 idem
1315 2600 1375 2620 cum
1385 2593 1480 2627 digito,
1489 2592 1569 2620 manu
1595 2598 1622 2620 et
1641 2592 1771 2627 brachio;

983 2633 1011 2655 et
1025 2628 1091 2655 alias
1103 2635 1164 2655 cum
1174 2635 1244 2661 rosa,
1262 2627 1337 2659 ﬁore,
1353 2633 1380 2655 et
1394 2629 1487 2655 odore.
1503 2628 1529 2654 ln
1539 2628 1582 2655 his
1594 2628 1722 2656 omnibus
1729 2637 1779 2657 rem

985 2663 1129 2696 periuntur
1139 2662 1260 2698 quaedam
1273 2663 1462 2696 inseparabitia
1478 2670 1492 2689 a
1505 2671 1534 2690 se
1546 2668 1648 2696 mutuo,
1658 2671 1718 2698 quae
1727 2673 1771 2691 us-

983 2702 1126 2724 sumuntur
1140 2697 1174 2724 ad
1190 2697 1382 2724 declarandum
1417 2703 1554 2732 utcunque
1571 2704 1631 2725 esse
1642 2703 1695 2725 tres
1709 2706 1770 2732 per-

985 2739 1032 2758 nas
1048 2731 1242 2775 inseparabilcs
1268 2733 1479 2775 proprietatibus
1505 2731 1656 2775 distinctas,
1671 2737 1698 2759 et
1709 2731 1772 2759 nni-

983 2773 1015 2793 us
1027 2768 1196 2798 substantiae,
1214 2767 1249 2793 ita
1262 2773 1290 2793 ut
1299 2768 1333 2794 ab
1347 2767 1400 2794 alio
1412 2773 1536 2795 sumatur
1548 2767 1578 2793 τὸ
1603 2767 1772 2802 ἀχώριστονι

980 2802 1005 2827 id
1022 2807 1071 2831 est.
1083 2802 1299 2836 inseparabilitas
1311 2809 1486 2836 personarum
1498 2803 1549 2836 ;ab
1562 2801 1656 2830 alios?)
1665 2801 1768 2837 simu-

983 2845 1049 2870 σιον,
1065 2837 1090 2864 id
1100 2842 1152 2869 est,
1172 2837 1452 2865 consubstantialitas.
