1955 3076
174 135 224 168 991

795 142 836 173 IN
843 143 914 173 DEX
930 143 1014 173 SCRI
1021 143 1178 174 PTOIIUM

1750 144 1816 175 992

176 196 226 221 hac
247 194 353 222 Decade
374 199 445 224 sunt.
460 195 610 235 secundum
623 197 823 231 rxposittoucm
838 199 965 226 utateria-
980 201 1000 228 Α
1018 200 1055 226 ris
1072 200 1194 233 partibus
1210 202 1315 232 adesse,
1336 205 1362 227 et
1375 201 1410 228 ob
1426 209 1485 228 cam
1504 209 1614 228 causam
1629 200 1765 227 continua
1781 205 1816 228 et

175 242 243 268 riam
258 242 378 276 exposita
395 245 456 267 sunt
471 249 558 276 neque
573 242 719 277 quidquam
740 243 838 270 divinat:
856 245 960 279 simpli-

174 288 249 314 citati
266 288 350 314 deest.
377 287 578 314 Convcuicntrr
593 293 682 314 autem
706 289 767 316 huic
790 289 960 324 inscriptiuni

175 331 209 358 de
233 331 407 365 simplicitaie
423 332 515 359 divina
537 337 592 360 tota
607 333 692 361 Decas
706 335 740 361 ad
759 335 877 362 divinam
894 336 961 363 sim-

177 376 323 409 plicitatem
351 381 477 404 contexta
501 382 543 405 est
560 383 622 412 apte
643 379 676 406 ad
694 380 769 408 duas
787 386 963 415 antegressas

176 422 305 454 deeades,
323 429 371 457 per
387 423 587 457 propositiones
602 424 777 453 enuntiantes
794 426 828 452 ad
843 425 962 453 inﬁnita-

178 472 232 496 tem
246 468 290 496 Dei
305 469 456 503 procedens
472 478 479 496 :
495 469 630 504 siquidem
652 470 725 497 tmlla
744 471 867 499 inﬁnitas
882 479 914 498 ex
931 472 963 499 iis

177 522 238 550 quae
254 515 391 546 dicuntur,
416 522 475 542 cum
500 515 635 543 inﬁnitate
659 516 705 543 Dei
728 517 890 551 mquabitur,
915 525 963 544 nec

179 559 252 588 enim
279 559 398 588 inﬁnitas
423 560 556 593 materire,
575 565 602 588 et
623 569 716 588 carere
741 570 800 589 eaut
825 562 912 591 forma
937 568 964 590 et

179 606 280 641 specie.
297 613 357 633 cum
379 605 513 633 inlinitate
530 606 577 634 Dei
599 607 793 634 cortl'erendum
812 614 852 635 est
866 608 965 642 (ntale-

180 653 219 679 ria
237 652 309 680 enim
326 652 419 679 ﬁnitur
434 657 461 680 et
477 653 637 680 terminatur
648 653 751 687 specie,
766 660 792 680 et
807 654 892 680 forma
905 663 965 689 spe-

179 698 241 730 eiei,
252 702 279 725 et
291 699 358 729 haec,
374 699 480 732 species
493 698 609 731 scilicet,
630 704 657 725 et
673 707 767 725 earum
785 699 888 732 forante,
902 705 966 727 sunt

181 745 288 771 termini
314 749 341 771 ct
367 745 434 772 ﬁnes
458 744 600 777 materim),
618 752 667 771 nec
696 745 817 772 ittﬁnitas
832 746 966 777 corporis,

181 791 244 822 quia
264 798 364 824 corpus
380 789 406 816 itt
429 790 564 817 iuﬁnitttm
580 790 664 817 dividi
687 795 785 825 potest,
803 791 966 818 inﬁnitatem

184 837 231 863 Dei
247 836 361 867 dirimit,
378 837 477 871 quippe
493 844 555 863 ctttn
571 836 596 862 in
614 843 712 870 corpus
727 837 872 868 dimensio,
886 841 913 863 ct
927 837 967 863 di-

1014 244 1118 271 inﬁnita
1146 245 1274 272 facultate
1300 251 1391 273 motus
1409 246 1531 279 corporis
1557 246 1722 280 gubernare,
1751 253 1817 271 non

1015 291 1204 324 progredimur
1217 292 1250 318 ad
1267 291 1428 319 inﬁnitatem
1447 292 1505 323 ltei,
1522 291 1567 324 qui
1590 291 1639 318 has
1660 290 1818 317 facultates

1014 337 1113 363 anima!
1144 338 1262 368 iusevit,
1292 346 1343 365 nec
1374 337 1611 365 iunumerabilitas
1642 337 1816 371 angelorum

1015 382 1110 417 (millia
1130 383 1206 414 enim
1234 383 1359 414 uziIlium,
1383 388 1410 410 et
1434 383 1525 409 drcies
1548 387 1662 409 centena
1685 382 1817 408 millium

1015 433 1104 454 astant
1125 428 1222 456 throno
1239 429 1445 463 magniﬁcentiae
1461 429 1519 463 ejus
1530 429 1552 445 "
1563 428 1583 463 ),
1601 435 1687 462 neque
1704 435 1820 461 percn—

1015 473 1086 500 nitas
1097 473 1157 500 sine
1172 473 1352 506 dimensione,
1368 481 1399 500 ac
1415 474 1526 506 perinde
1541 473 1662 500 inﬁnitas
1676 473 1739 499 vita:
1758 479 1816 497 en—

1016 527 1074 546 rum
1091 524 1117 545 et
1134 519 1355 551 immortalitatis,
1373 519 1533 546 inﬁnitatem
1550 519 1607 549 Dei.
1620 526 1678 552 quaa
1694 525 1818 545 omnem

1016 571 1159 590 numerum
1188 568 1215 590 et
1231 571 1341 591 onmem
1367 563 1559 599 cogitationem
1581 564 1643 591 vitae
1665 563 1817 590 continua:

1016 612 1136 640 Superat,
1155 607 1331 641 pertransibit
1349 616 1356 634 :
1374 615 1423 634 nec
1443 608 1531 642 ipsum
1548 614 1645 638 aavum,
1666 611 1694 634 et
1714 605 1820 632 inﬁni-

1018 653 1081 679 tndo
1105 653 1163 686 ejus
1188 653 1312 680 omnibus
1340 659 1401 680 nota
1419 658 1446 679 et
1467 653 1588 687 vulgata,
1611 658 1671 686 qua:
1693 658 1817 678 omnem

1017 698 1177 724 inﬁnitatem
1191 697 1389 725 itttcllccliliuut
1408 698 1542 730 continet,
1556 704 1633 732 teque
1651 696 1818 731 porrigetur

1018 749 1046 770 ut
1068 743 1187 770 inﬁnitas
1204 743 1263 773 Dei,
1278 743 1323 777 qui
1339 742 1405 770 illud
1427 743 1573 783 pro_duxit;
1591 747 1714 770 creatum
1731 742 1815 769 enim

1019 798 1032 815 a
1057 789 1184 816 (Eleatore
1203 788 1319 816 inﬁnitis
1337 790 1473 816 mensuris
1494 789 1619 824 superari
1641 793 1736 815 notum
1753 794 1818 815 est.

1020 836 1046 863 Si
1066 835 1148 869 igitur
1165 835 1285 862 inﬁnitas
1302 835 1348 862 Dei
1373 842 1539 869 supraquam
1562 834 1667 861 inﬁnita
1689 833 1754 859 nulli
1776 841 1815 860 ex

184 882 252 908 visio
268 881 384 913 primum
400 882 495 914 cadat;
511 888 598 915 neque
613 881 761 908 secundant
778 882 879 915 primas
898 889 966 916 qua-
982 872 1004 901 Β
1021 882 1079 909 istis
1099 881 1280 909 iuﬁnitatibus
1300 881 1383 909 simili
1410 881 1541 912 cernitur,
1558 880 1635 908 solus
1659 879 1742 914 igitur
1765 885 1815 906 est

183 928 284 959 Iitates,
308 934 367 960 qua:
385 927 410 953 in
430 927 535 954 inliuito
555 927 658 958 insunt,
679 927 801 954 inﬁnitas
819 927 865 954 Dei
894 935 967 954 com-

185 973 303 1007 paranda
324 977 376 1006 est,
405 973 469 1006 quia
497 973 523 1000 in
552 973 618 1006 ipsis
636 974 753 1005 primum
770 973 892 1000 cernitur
908 973 968 1007 plus

183 1024 211 1047 et
230 1020 319 1046 minus
335 1027 343 1050 ;
365 1027 452 1053 neque
466 1026 559 1046 rursus
575 1019 708 1046 intinitunt
724 1020 872 1047 secundum
887 1027 968 1054 gene-

186 1065 331 1097 rationem,
345 1070 370 1091 et
385 1066 567 1100 generationis
583 1066 750 1100 perpetuitas
769 1066 890 1092 retundit.
908 1065 968 1092 inﬁ-

186 1109 298 1136 nitatem
316 1108 361 1135 Dei
375 1109 583 1142 sitnpliciter,et
599 1109 835 1143 iurircuntscripte
846 1110 966 1137 cireum-

188 1155 317 1186 tneantis,
332 1160 358 1181 ct
376 1161 428 1181 nun
442 1155 475 1181 ad
490 1155 578 1182 instar
590 1155 684 1182 circuli
700 1156 849 1183 motionem
867 1156 969 1183 haben.

188 1199 233 1229 tis.
246 1207 306 1234 qua:
320 1199 492 1227 soiuntmodo
511 1204 552 1227 est
566 1208 626 1227 cum
647 1201 694 1234 ﬁt;
719 1208 806 1235 neque
822 1201 969 1236 quidquam

187 1247 259 1280 quod
278 1246 303 1272 iu
320 1245 400 1277 cado,
418 1250 444 1272 ιιι
462 1246 487 1272 itt
510 1252 583 1272 motu
597 1247 655 1278 eius
672 1249 786 1273 rotundo
805 1247 898 1273 accidit
913 1246 972 1282 (ha-

189 1293 234 1319 bet
250 1292 322 1319 enim
347 1293 391 1319 hic
409 1298 498 1320 tnottts
522 1293 683 1320 inﬁnitatem
708 1297 818 1327 propter
836 1293 970 1320 inﬁnitam

189 1338 334 1371 potentiam
366 1339 411 1365 Dei
432 1339 588 1370 moventis).
615 1339 779 1366 immobilem
808 1339 970 1366 inﬁuitateut

191 1383 236 1409 Dei
257 1383 401 1410 excludit:
425 1391 513 1418 neque
541 1383 662 1411 inﬁnitas
685 1385 804 1410 universi
832 1385 972 1419 temporis,

189 1428 252 1462 quia
277 1434 354 1455 actus
372 1429 441 1462 ejus,
459 1437 511 1463 quo
530 1430 640 1456 metitur
658 1430 784 1463 periodos
798 1438 890 1457 eorum
915 1439 974 1465 quat

191 1474 218 1500 in
234 1478 355 1508 tempore
380 1479 453 1507 sunt,
478 1483 613 1509 nunquam
632 1475 734 1509 deﬁcit,
749 1481 776 1503 et
799 1484 911 1503 utnuero
934 1482 975 1503 cst

192 1519 324 1551 inﬁnitus,
351 1519 513 1548 inﬁnitatem
541 1521 588 1548 Dei
612 1526 732 1552 coercet.
750 1530 810 1556 qure
832 1527 871 1548 rst
893 1530 974 1556 supra

1018 929 1150 958 inﬁnitus,
1167 927 1227 954 ions
1243 927 1386 955 inﬁnitatis
1402 926 1522 959 ell‘ector,
1541 926 1585 960 qui
1602 931 1643 953 est
1661 933 1744 951 unum
1763 932 1814 952 so-

1020 975 1072 1000 lum
1091 974 1238 1002 secundum
1264 973 1444 1001 substantiam
1469 973 1570 1000 bouunt
1597 977 1624 998 et
1651 971 1811 1002 inﬁnitum,

1020 1021 1063 1054 qui
1082 1028 1190 1047 onmem
1213 1020 1373 1048 inﬁnitatem
1392 1027 1423 1047 ex
1452 1019 1536 1046 nihilo
1562 1018 1637 1046 fecit.
1660 1017 1715 1045 Etsi
1734 1017 1812 1044 enim

1021 1066 1071 1093 ille
1098 1071 1160 1100 post
1187 1065 1272 1093 Deuni
1303 1065 1451 1093 inﬁnitates
1475 1065 1612 1096 dicuntur,
1636 1071 1689 1090 nou
1721 1067 1816 1090 tamen

1020 1112 1246 1139 suulseeundum
1264 1111 1443 1139 substantiam
1469 1110 1626 1141 inﬁnitates,
1641 1110 1688 1136 sed
1710 1116 1815 1136 sectiu-

1021 1158 1085 1185 dum
1101 1166 1256 1186 mensuram
1278 1161 1394 1189 tantum,
1415 1161 1442 1184 et
1460 1155 1707 1191 participationem,
1722 1158 1751 1180 et
1766 1153 1814 1180 itt-

1022 1203 1125 1231 ﬁnitam
1150 1203 1361 1234 multitudinem,
1379 1207 1406 1230 et
1425 1202 1576 1230 secundum
1600 1201 1683 1228 vitam
1702 1200 1814 1226 dimen-

1023 1250 1098 1277 sione
1114 1255 1263 1282 carentem,
1276 1253 1302 1276 et
1313 1248 1462 1276 secundum
1477 1252 1559 1274 totam
1578 1247 1618 1273 sui
1636 1245 1811 1280 pnesentiam

1024 1297 1052 1323 in
1071 1295 1144 1327 totis,
1164 1300 1191 1322 et
1206 1295 1232 1322 id
1247 1295 1293 1329 qui
1307 1295 1416 1329 quidem
1429 1302 1443 1321 a
1460 1300 1542 1321 causa
1554 1293 1611 1320 sola
1622 1291 1768 1321 eﬁcctrice.
1783 1294 1811 1318 et

1025 1349 1078 1367 non
1096 1340 1149 1367 alio
1167 1339 1245 1367 moio
1266 1340 1375 1367 habent.
1398 1339 1586 1366 Consentanee
1609 1337 1692 1371 igitur
1707 1336 1810 1363 dictum

1024 1391 1066 1413 est
1082 1387 1166 1413 Deunt
1182 1394 1241 1413 esse
1256 1387 1324 1412 ttltra
1336 1392 1441 1412 omnem
1457 1384 1636 1416 inﬁnitatem;
1656 1383 1730 1410 solus
1741 1382 1814 1409 enim

1026 1433 1096 1459 Deus
1115 1436 1157 1459 est
1179 1431 1296 1458 essentia
1316 1430 1449 1462 inﬁnitus,
1467 1434 1494 1457 et.
1517 1430 1575 1457 sola
1599 1429 1729 1461 essentia,
1753 1428 1811 1455 sive

1026 1477 1177 1505 Substantia
1196 1477 1243 1504 Dei
1261 1483 1302 1503 cst
1317 1477 1443 1509 simplex,
1457 1482 1483 1503 et
1501 1475 1643 1502 uniformis
1655 1475 1706 1509 (α),
1723 1479 1749 1501 et
1763 1481 1814 1501 er-

1028 1531 1087 1557 pers
1107 1523 1253 1558 qualitatis,
1268 1527 1294 1549 et
1313 1523 1416 1557 quieta,
1434 1526 1461 1550 et
1477 1522 1610 1549 seditione
1626 1528 1733 1552 carens,
1747 1520 1811 1547 inﬁ-

191 1573 300 1592 onmem
319 1573 472 1599 numerum,
488 1571 514 1593 et
531 1574 639 1594 onmem
660 1567 800 1602 periodum
821 1576 828 1593 τ
846 1568 908 1594 item
923 1568 972 1593 itu-
990 1572 1011 1603 ε
1028 1569 1093 1598 uita,
1110 1569 1288 1600 omnipotens,
1310 1573 1336 1594 et
1360 1567 1481 1594 ell'ectrix
1500 1567 1644 1599 omnium;
1660 1566 1702 1594 cui
1728 1566 1814 1601 gloria

194 1610 349 1636 mutabilem
363 1618 424 1638 esse
438 1617 554 1638 utentem
567 1617 594 1638 et.
608 1613 725 1639 animant
736 1612 851 1646 (scilicet
867 1621 879 1637 :I
901 1613 979 1639 ldtcr-

194 1659 247 1682 tate
264 1656 393 1690 arbitrii),
411 1662 437 1683 et
452 1661 532 1684 totam
546 1658 624 1685 simul
651 1658 677 1685 in
693 1658 818 1685 omnibus
832 1657 875 1685 sui
883 1665 978 1692 corpu-

230 1725 253 1742 ⁸³
279 1726 346 1753 Dan.
364 1734 411 1757 vn,
428 1727 468 1754 10.

1033 1614 1058 1641 iu
1075 1615 1172 1642 smcula
1187 1614 1359 1642 sarculorum.
1375 1614 1474 1642 Amen.

232 1773 272 1811 (at
293 1773 360 1811 Quia
373 1778 411 1811 est
428 1774 607 1800 immutabilis
621 1774 770 1801 secundum
783 1781 845 1802 esse
862 1778 900 1807 ,ει
928 1776 1080 1802 secundum
1099 1773 1257 1802 :tﬁectiones
1273 1779 1302 1803 et
1317 1775 1505 1811 operationes,
1529 1775 1667 1809 quomodo
1685 1783 1737 1803 non
1752 1782 1813 1807 sunt

195 1808 295 1842 augt-li,
307 1809 370 1835 licet.
385 1809 511 1836 habeant.

200 1902 1806 1914 Μ

698 1966 890 2009 INDEX
929 1966 1026 2009 SCR
1041 1966 1054 2008 I
1069 1964 1219 2010 PTOR
1233 1966 1312 2010 UM

595 2065 636 2095 IN
654 2062 867 2095 DECADIBUS
880 2062 1159 2092 CYI’AIIISSIOTJ‘I
1175 2063 1406 2094 CI'I‘ATORUM.

677 2133 753 2164 Major
765 2138 882 2157 numerus
899 2130 1030 2158 Decadem,
1047 2129 1127 2154 mittor
1141 2133 1214 2162 caput
1225 2131 1337 2156 denotat.

237 2245 361 2272 Abucara
377 2243 435 2270 sive
450 2243 596 2271 Carrarum
613 2243 765 2278 episcopus
782 2242 851 2270 Vide
865 2242 948 2272 infra,
961 2241 1084 2276 synodus
1098 2245 1193 2267 contra
1210 2240 1386 2268 Maniehxos.

238 2287 374 2315 Anastasii
392 2287 504 2314 Sina'tze
519 2288 607 2314 oratio
624 2287 927 2319 de'trausl‘lwration",
943 2285 985 2317 VI,
1004 2286 1031 2315 4.
1052 2286 1078 2317 5,
1098 2285 1124 2312 '.'.

238 2333 399 2360 Anastasius
415 2333 601 2360 Autioehenus
618 2332 697 2364 liln-u,
714 2333 786 2367 quod
803 2332 873 2358 Deus
887 2337 927 2359 est
941 2329 1202 2362 Itlt'it‘ClllIISt't‘iplus,
1222 2328 1255 2360 Χ,
1270 2328 1296 2355 4.
1314 2327 1341 2354 1η
1358 2329 1445 2362 primo
1461 2328 1530 2355 libro
1548 2330 1580 2355 de
1595 2329 1696 2356 nostris
1711 2329 1814 2361 dogma-

205 2377 276 2404 tibus
297 2377 429 2407 veritatis,
448 2376 504 2408 VII,
519 2377 555 2408 9;
572 2376 619 2408 IX,
639 2378 671 2409 4;
688 2383 784 2404 contra
803 2376 1016 2410 alouophyitas,
1037 2374 1103 2406 VIII,
1119 2374 1159 2402 10.
1178 2373 1330 2400 Cuniutans
1345 2373 1502 2408 opinionem
1530 2372 1741 2400 Manichteorum
1760 2374 1814 2400 Dio-

206 2421 314 2456 nysium
336 2420 411 2447 Alex.
428 2422 503 2447 citat.
521 2420 559 2448 id.

242 2465 366 2492 Andreas
379 2465 518 2493 Cretensis
535 2466 561 2492 in
578 2473 677 2501 magno
691 2473 807 2497 canone,
824 2465 867 2497 VI,
882 2466 908 2491 6.

241 2509 418 2541 Athanasius,
436 2509 454 2538 Ι.
470 2509 485 2537 8
502 2510 510 2544 (
526 2509 627 2543 Quaest.
645 2510 677 2536 ad
695 2510 829 2536 Arnim-hu
844 2519 870 2541 ιι,
888 2509 954 2538 VIII,
971 2509 1005 2542 κ)

1019 2516 1026 2540 ;
1046 2507 1077 2538 II,
1094 2507 1130 2539 8;
1156 2505 1202 2537 IX,
1221 2507 1246 2535 l,
1261 2505 1288 2532 “2.
1314 2505 1416 2532 Contra
1435 2505 1561 2537 Arianos,
1579 2504 1635 2537 VII,
1652 2504 1687 2536 1;
1712 2504 1756 2535 IX,
1782 2504 1810 2537 7;

206 2554 275 2581 libro
292 2553 388 2588 primo,
404 2553 437 2586 X,
453 2554 488 2587 4;
510 2554 642 2587 secundo,
662 2553 705 2586 VI,
723 2554 759 2586 8;
780 2553 833 2584 V'Il,
881 2561 888 2585 ;
904 2553 948 2585 IX,
965 2554 998 2585 li;
1015 2552 1105 2584 tertio,
1121 2550 1165 2582 Ill,
1181 2550 1208 2582 6,
1220 2550 1254 2583 7;
1284 2549 1341 2582 VII,
1357 2549 1391 2582 4;
1411 2553 1520 2583 quarto,
1548 2548 1593 2580 IX,
1611 2549 1637 2582 8,
1652 2548 1687 2576 9:
1715 2549 1811 2583 quinto.

207 2600 253 2632 IX,
267 2599 294 2633 6,
311 2600 337 2627 8.
358 2599 433 2634 Disp.
451 2599 559 2627 Nicmua
577 2604 672 2627 contra
686 2599 810 2631 Arianns,
826 2598 869 2628 IlI,
884 2600 909 2624 ϋ.
926 2598 968 2624 Λόλ

1024 2594 1186 2632 κηρυκτικῷ
1205 2594 1232 2621 itt
1260 2594 1504 2621 Annuntiationem
1522 2593 1552 2621 Β.
1577 2592 1709 2628 Virginis,
1735 2591 1766 2623 Χ,
1789 2593 1811 2619 8.

205 2645 345 2675 Oratione.
361 2644 439 2678 cuius
455 2644 582 2671 initium:
601 2643 730 2671 Omnibus
747 2643 827 2673 vobis,
842 2643 886 2678 qui
903 2643 930 2669 in
942 2651 1021 2668 uttqu
1038 2639 1196 2668 convenistis
1209 2647 1217 2668 :
1229 2646 1284 2673 quo
1300 2638 1394 2665 Patres
1410 2637 1512 2665 Niczeni
1527 2641 1601 2665 recte
1612 2637 1654 2664 usi
1672 2641 1736 2664 sunt
1757 2644 1811 2663 voce

207 2689 351 2720 homouaii,
370 2688 401 2721 Χ,
421 2687 446 2716 1.
473 2689 648 2724 Apolngctieo
677 2696 725 2722 pro
742 2687 848 2722 synodo
875 2687 994 2717 Ntcmna,
1021 2684 1064 2716 IV,
1081 2685 1116 2715 8;
1133 2683 1166 2716 X,
1186 2683 1209 2710 l.
1243 2683 1278 2708 De
1298 2681 1416 2708 adventu
1444 2681 1491 2708 Dei
1521 2681 1549 2707 in
1575 2687 1667 2724 carne,
1683 2679 1731 2724 IX,
1747 2679 1768 2705 7.
1784 2679 1814 2706 De

208 2733 398 2761 lucarnatioue
417 2732 507 2765 Verbi,
523 2732 555 2764 V,
572 2733 606 2765 9;
623 2731 669 2763 IX,
688 2731 715 2758 5.
736 2731 820 2766 Epist.
836 2730 868 2756 ad
894 2731 1082 2764 Serapionem,
1100 2727 1160 2759 VII,
1186 2727 1213 2757 5,
1241 2726 1266 2757 4,
1282 2725 1315 2758 9;
1346 2724 1412 2758 VIII,
1439 2724 1473 2756 ες
1503 2724 1551 2756 IX,
1566 2724 1592 2756 5,
1610 2723 1637 2756 6,
1660 2724 1686 2751 9.
1720 2723 1814 2757 Dialugo

208 2778 357 2806 Ortbodoxi
372 2783 400 2805 et
413 2777 551 2808 Anomd-i.
569 2777 612 2807 IX.
632 2777 659 2808 4,
674 2777 689 2803 7
704 2783 711 2808 ;
727 2775 760 2805 Χ.
774 2776 801 2808 4,
821 2775 855 2804 7;
876 2774 902 2801 in
921 2774 1095 2808 Expositione
1106 2773 1167 2800 ﬁdei
1184 2772 1210 2799 in
1229 2771 1315 2806 prima
1331 2770 1437 2806 synodo
1466 2770 1475 2804 (
1490 2769 1645 2805 symbolum
1669 2768 1784 2797 intelligit
1797 2770 1812 2798 t.

208 2821 253 2852 IX.
273 2822 300 2849 5.
318 2823 392 2852 Disp.
412 2827 508 2849 contra
526 2821 620 2848 Arian.
637 2820 682 2852 ΙΧ,
706 2820 731 2847 6.
749 2819 851 2847 Contra
867 2827 924 2850 ees,
942 2819 988 2854 qui
1004 2818 1127 2847 serviunt
1142 2815 1232 2844 \‘erbis
1258 2819 1284 2843 et
1302 2823 1354 2842 non
1375 2814 1534 2842 nominibus
1557 2819 1698 2862 sacratum
1726 2811 1814 2838 littera.

209 2874 282 2898 tum,
297 2864 344 2898 IX,
364 2866 391 2893 6.
