1957 3069
120 97 196 131 1077

638 97 836 129 COMMENT.
857 99 898 129 IN
919 91 1083 129 CANTICA
1105 99 1253 129 CANTIC.

1676 99 1747 136 1078

119 155 372 191 ὲπιστηριζομένην
387 164 416 182 τε
430 156 473 182 ἐπ’
494 155 583 182 αὐτόν.
612 155 683 182 Ὑπὸ
708 157 811 191 μῆλον
831 156 921 190 ἐξῆ-Α

975 158 1050 183 rbore
1062 157 1175 183 excitavi
1193 161 1236 189 te,-
1252 164 1299 191 pro
1314 163 1346 184 eo
1364 156 1435 191 quod
1452 161 1504 189 est,
1519 156 1622 184 Idcirco
1635 165 1668 185 ex
1678 158 1752 185 lum-

120 202 208 237 γειρά
227 210 264 229 σε
277 211 284 218 ·
300 202 361 229 ἀντὶ
376 202 434 234 τοῦ,
466 201 505 228 Δι⁹
531 197 597 228 uitro
618 203 697 228 τοῦτο
721 203 753 228 ὲκ
772 203 820 237 τῆς
847 202 916 237 ἐμῆς

119 248 225 283 ὀσφύος
240 248 391 282 γεγέννηκά
405 256 445 279 σε,
464 248 506 274 ἵνα
517 248 546 274 τὸ
560 249 608 282 τῆς
625 247 696 282 ζωῆς
722 248 915 283 ἀνῦήσῃς.μῆ-

121 295 182 322 λον.
204 294 286 321 Ἐκεῖ
302 294 434 327 ὠδίνησέ
456 303 493 320 σε
512 294 529 327 ἡ
550 294 680 321 τεκοῦσά
701 303 736 320 σε
749 301 755 308 ·
775 295 845 328 ἤτοι,
873 295 916 320 διὰ

123 341 177 376 τὴν
188 341 273 372 αὐτὴν
289 339 389 366 αἰτίαν.
408 340 463 373 Θές
474 349 511 374 με
539 341 578 372 ὡς
603 340 753 374 σφραγῖδα
783 340 832 366 ἐπὶ
862 339 917 373 τὴν

126 385 255 419 καρδΙαν
278 392 348 412 σου.
362 385 516 418 Τουτέατιν,
533 386 593 412 Εἵοε
608 386 801 419 ἀνεξάλειπτον
827 385 915 417 ἄγοις,

128 432 180 462 ἐμὲ
195 432 346 466 κατέχουσα
363 433 391 458 ὲν
405 433 437 466 τῇ
471 432 570 467 καρδίᾳ
600 441 658 459 σου.
692 432 740 463 Ὠς
768 430 917 465 σφραγῖδα

129 477 179 503 ἐπὶ
196 477 417 516 τόγ’,Βραχίοι-ιὶ
437 486 495 504 σου
509 485 515 492 ·
539 479 566 504 ὲν
582 479 615 512 τῇ
631 478 743 512 δυνάμει
768 486 824 516 σου,
841 477 918 510 δηλο-

131 524 200 554 νότι,
217 523 268 558 ἐμὲ
291 523 452 557 συνέχουσα,
479 525 560 550 οἱονεί
579 533 604 550 τι
626 524 671 550 σὺν
699 522 918 558 ἐσφραγισμένοι

132 569 279 603 πρόϐατον.
316 569 380 595 Ὅτι
409 569 532 602 reparata
561 570 600 602 ὼς
641 569 767 601 θάνατος
795 568 916 602 ἀγάπηι

132 614 226 649 ἤγουν,
244 613 276 639 Ἣ
297 613 330 648 σὴ
345 614 411 648 πρὸς
441 614 492 648 ἐμὲ
525 614 620 649 ἀγάπη
655 613 837 647 κραταιοτέρα
861 611 918 638 ἐστὶ

130 661 179 687 καὶ
189 660 314 687 Θανάτου.
337 660 441 694 ’Ὠσπερ
460 660 513 694 γάρ
539 660 618 690 olet:
649 659 714 694 ᾅδην
747 658 919 693 πεμφθέντες

131 706 162 732 οὐ
177 706 276 740 ῥᾳδίως
288 705 503 736 παλινοστοῦοιν,
520 705 587 732 ἀλλὰ
617 705 752 740 κραταιῶς
770 704 834 738 παρ’
849 703 919 729 ὲκεί-

131 760 179 777 νου
193 751 372 786 κατέχονται·
389 751 461 777 οὕτω
478 751 600 786 δηλονότι
617 753 664 777 καὶ
682 751 698 785 ἠ
725 750 758 785 σὴ
777 749 846 784 πρὸς
870 749 920 784 ἐμὲ

130 796 224 830 ἀγάπη
241 796 380 830 κραταιῶς
398 797 505 830 συνέχει
536 795 630 830 ὥσπερ
661 795 784 825 θάνατος.
800 795 835 820 Ἣ
858 794 915 826 καὶ,

131 841 185 868 Τοῦ
201 841 317 868 Θανάτου
338 850 371 876 με
386 841 536 876 ἐξαρπάζει
549 842 616 876 πρὸς
632 842 728 876 ἀγήρω
750 839 822 874 ζωὴν
850 840 919 865 ἐπα-ι

131 889 261 922 νάγουδα.
277 889 413 922 Σκληρός
432 888 472 920 ὡς
500 888 574 921 ᾅδης
605 886 712 921 ζῆλος·
732 888 746 913 ὁ
769 887 798 912 δὲ
825 885 916 921 ζῆλος,

131 936 192 962 ἀντὶ
207 935 264 966 τοῦ,
284 935 299 969 ἡ
314 935 472 969 ἀποστροφή
490 943 537 960 σου
555 934 601 960 καὶ
623 934 653 960 τὸ
684 933 832 967 νεμεσῆσαι
860 933 916 962 τοῖς

131 982 221 1015 ἐμοῖς,
236 980 350 1015 σκληρὸν
363 980 489 1015 ὑπάρχει.
514 981 561 1013 Ὧς
587 980 672 1014 ᾅδης,
690 980 760 1016 ἢτοι,
788 978 817 1005 τὸ
834 978 918 1014 χείρι-

133 1035 195 1053 στον
207 1026 254 1053 καὶ
268 1026 470 1053 ὲπωδυνότατον
483 1027 601 1061 ὑπάρχει
620 1035 682 1061 μου.

466 1070 588 1107 τᾼΣΜΑ.
650 1100 654 1105 ,

169 1118 332 1152 "sp/etcepit
351 1119 446 1152 αὐτῆς
454 1119 616 1152 περίπτερα
630 1118 724 1152 πυρὸς
740 1118 851 1152 φλόγες
866 1118 918 1144 αὺ-

132 1163 198 1197 τῆς.
215 1163 312 1196 ’ἴδωρ
326 1163 406 1190 πολὺ
424 1165 460 1190 οὺ
478 1163 641 1197 δυνήσεται
658 1164 765 1191 σϐέσαι
778 1163 836 1196 τὴν
848 1162 919 1197 ἁγιά-

133 1217 196 1242 πην
208 1208 219 1224 ·’
231 1209 279 1234 καὶ
291 1208 413 1242 ποταμοὶ
425 1209 460 1234 οὐ
471 1209 712 1241 συγκλείσουσιν
722 1208 829 1242 αὐτήν.
852 1207 919 1233 Ἐὰν

134 1254 176 1286 δῷ
195 1255 271 1287 ἀνὴρ
284 1255 338 1280 τὸν
356 1253 455 1280 πάντα
470 1254 543 1285 ,βίον
559 1255 653 1280 αὑτοῦ
683 1255 718 1281 ἐν
745 1254 782 1288 τῇ
808 1248 917 1289 ἀγάπῃ,

134 1298 328 1331 ἐξουδενώσει
348 1297 610 1329 ἑξουδενώσουσιν
621 1298 723 1324 αὐτόν.

459 1345 594 1370 ΣΧΟΑΙΑ.
691 1336 700 1342 '

170 1391 226 1418 Καὶ
239 1391 267 1417 ὲν
284 1392 389 1422 τούτοις
402 1390 432 1417 τὸ
443 1390 543 1424 ὑψηλὸν
556 1390 602 1416 καὶ
620 1390 756 1425 μετέωρον
790 1390 839 1425 τῆς
869 1399 921 1416 πα-

136 1436 269 1471 ναμώμου
286 1436 423 1470 Παρθένου
441 1436 577 1462 δείκνυσιν
591 1437 604 1462 ὁ
623 1436 768 1470 Προφήτης
781 1444 787 1452 ·
804 1436 851 1462 καὶ
870 1436 918 1470 οὐχ

968 203 1009 229 bis
1033 203 1100 230 meis
1118 207 1141 229 te
1154 203 1247 236 genui,
1263 207 1293 230 ut
1308 203 1369 230 vitae
1383 210 1493 237 pomum
1512 204 1689 238 produceres.
1704 205 1749 232 Ibi

967 249 1064 283 peperit
1086 254 1109 275 te
1136 252 1217 275 mater
1250 253 1312 280 tua;
1345 253 1455 283 propter
1470 250 1594 276 eamdem
1619 249 1749 277 nimirum

968 302 1088 321 causam.
1112 293 1181 320 Pone
1200 302 1239 320 mc
1263 295 1301 320 uti
1316 294 1494 328 signaculum,
1514 303 1592 329 super
1608 300 1750 327 cortuum,

969 339 993 366 id
1007 343 1067 368 est;
1086 338 1192 365 Utinam
1219 339 1256 365 ita
1275 347 1349 373 agas,
1368 344 1396 366 ut
1412 339 1551 366 indelebili
1572 339 1652 366 modo
1668 347 1710 366 me
1723 340 1749 374 in

969 389 1015 410 tuo
1053 383 1173 410 detineas
1199 383 1290 410 corde.
1315 383 1389 410 Sicut
1417 384 1582 418 signaculum
1599 392 1676 418 super
1693 383 1754 410 bra-

968 429 1055 456 chium
1070 436 1155 463 luunt,
1172 431 1198 457 in
1217 435 1260 456 tua
1273 431 1400 458 videlicet
1412 431 1530 469 potentia
1544 437 1586 457 tne
1599 429 1751 463 contineas,

968 482 1023 502 nun
1039 483 1120 502 secus
1138 483 1170 502 ac
1187 484 1271 503 unum
1293 476 1401 511 aliquod
1420 484 1453 504 ex
1467 477 1580 511 signatis
1601 477 1654 503 luis
1668 485 1752 510 pecu-

968 519 1060 547 dibus.
1077 521 1147 554 Quia
1162 525 1249 554 potens
1263 526 1300 547 est
1318 526 1347 548 ut
1363 529 1431 548 mors
1456 522 1580 549 dilectio:
1593 521 1669 549 Tuus
1679 521 1752 549 vidc—

969 566 1033 593 licet
1049 567 1075 593 in
1093 574 1136 593 me
1162 574 1249 598 amor,
1267 571 1354 594 morte
1365 568 1447 594 etiam
1466 568 1523 601 ipsa
1540 568 1677 602 potentior
1691 573 1752 600 est;

969 611 1200 646 quemadmodum
1213 612 1285 638 enini
1308 612 1353 646 qui
1372 612 1399 639 in
1420 612 1527 639 inferna
1551 617 1615 639 sunt
1628 613 1751 644 demissi,

969 657 1041 684 haud
1055 656 1133 684 facile
1144 663 1328 688 revertuntur,
1344 658 1390 692 sed
1407 665 1503 692 magna
1516 658 1540 684 vi
1556 663 1632 684 arcte
1643 657 1752 685 stricte-

970 711 1024 738 que
1053 706 1125 738 apttd
1158 704 1261 732 inferos
1278 705 1453 731 detinentur:
1475 706 1515 731 sic
1539 704 1678 736 nimirum,
1707 709 1753 731 tua

970 757 1078 784 quoque
1090 750 1116 776 in
1138 757 1181 776 me
1196 750 1316 781 dilectio,
1339 758 1393 777 non
1419 757 1500 777 secus
1516 757 1547 777 ac
1563 757 1636 777 mors
1657 757 1754 784 ntagna

971 805 1013 824 me
1027 796 1051 823 vi
1067 802 1142 823 arcte
1154 796 1287 823 continet.
1302 796 1349 823 Vel
1362 788 1463 823 etiam:
1479 797 1500 822 Α
1518 801 1605 822 morte
1622 803 1665 823 me
1680 797 1755 822 abri-

971 843 1038 878 pias,
1060 843 1094 869 ad
1112 842 1194 869 vitam
1207 842 1346 869 deducens
1369 843 1567 883 incorruptam.
1582 842 1672 868 Durus
1685 843 1754 868 sicut

969 889 1087 923 infernus
1103 888 1194 920 zelus;
1212 889 1287 915 zelus
1303 895 1376 919 vero,
1394 889 1421 914 id
1438 894 1491 918 est.
1507 892 1533 914 te
1548 895 1562 914 a
1579 895 1640 914 meo
1655 895 1752 914 averso

969 933 1079 968 populo,
1099 933 1178 967 eique
1192 936 1369 960 succenseme
1384 934 1451 960 dura
1464 940 1508 960 res
1521 937 1572 960 est.
1589 932 1756 967 Sicutinfer-

969 987 1036 1011 nus;
1069 979 1204 1011 videlicet,
1239 979 1402 1013 gravissima
1434 987 1478 1006 res
1495 983 1548 1011 est,
1563 983 1590 1006 cl
1604 986 1753 1010 summum,

969 1025 1163 1059 ingentemque
1178 1024 1243 1051 mihi
1259 1024 1391 1056 dolorem.
1403 1024 1492 1051 aliert.

1309 1068 1411 1096 CANT.

1004 1115 1030 1147 6,
1046 1116 1074 1142 ’1,
1091 1115 1184 1142 Pinna:
1198 1115 1279 1149 ipsius
1296 1123 1354 1149 quae
1367 1115 1392 1141 in
1405 1115 1492 1141 orbem
1506 1119 1577 1146 sunt.
1593 1114 1756 1149 pinnwignis

969 1161 1083 1194 ﬂummte
1094 1162 1161 1195 ejus.
1176 1162 1250 1195 Aqua
1261 1161 1343 1187 multa
1359 1169 1409 1187 non
1423 1161 1518 1194 poterit
1533 1162 1698 1196 exstinguere
1712 1161 1757 1186 di-

970 1207 1116 1240 lectionem,
1136 1212 1160 1233 et
1179 1207 1291 1240 ﬂumina
1310 1215 1360 1233 non
1372 1207 1528 1245 concludeut
1546 1215 1604 1234 eam
1618 1215 1627 1239 ;
1643 1207 1666 1233 si
1678 1206 1756 1233 dede-

971 1253 1005 1279 rit
1020 1254 1061 1280 vir
1075 1261 1177 1279 onmem
1192 1261 1267 1280 suam
1281 1253 1363 1280 vitam
1389 1254 1441 1287 pro
1453 1253 1602 1285 dilectione,
1625 1252 1702 1279 illum
1714 1253 1758 1279 ni.

970 1299 1019 1325 ltili
1032 1299 1143 1333 pendent
1150 1320 1156 1326 .

1284 1343 1438 1372 ΞΕΙΙΟΕΙᾹ.

1006 1388 1035 1416 In
1055 1389 1097 1417 his
1127 1397 1237 1424 quoque
1250 1390 1407 1420 sublimem,
1425 1389 1582 1424 celsamque
1607 1389 1756 1424 inculpata:

971 1436 1090 1470 Virginis
1127 1436 1325 1470 prmstantiam,
1341 1436 1471 1470 propheta
1499 1436 1690 1469 demonstrat;
1707 1443 1759 1462 nec

136 1482 231 1514 ἁπλῶς
247 1483 328 1517 μέχρι
344 1481 415 1513 τινὸς
429 1482 535 1508 ἵσταται
548 1489 555 1496 ”
572 1481 640 1508 ἀλλά
655 1482 702 1508 καὶ
716 1482 768 1508 τῶν
798 1481 921 1516 Σεραφὶμ

974 1481 1132 1514 simpliciter
1148 1481 1174 1507 in
1201 1481 1294 1515 aliquo
1310 1481 1426 1515 quodam
1446 1480 1516 1513 loco,
1530 1487 1589 1507 eam
1604 1480 1758 1512 constituit,

137 1529 273 1555 δείκνυσιν
285 1528 370 1562 αὐτὴν
386 1527 539 1562 ἁγιωτέραν
556 1535 562 1542 ⁸
584 1527 632 1553 καί
650 1535 719 1562 φησι
735 1535 743 1542 ο
757 1528 922 1560 Ῑιεριπτερα

136 1573 231 1607 αὐτῆς
257 1574 418 1607 περίπτερα
444 1572 538 1606 πυρὸς
563 1573 674 1606 φλόγες
689 1580 696 1588 ·
711 1572 771 1599 ἀντὶ
799 1572 857 1603 τοῦ,
892 1571 923 1598 ’Π

136 1619 238 1653 ταύτης
253 1618 414 1653 δωροφορία,
452 1618 499 1644 καὶ
519 1618 705 1653 προσκύνησις
721 1625 728 1633 ·
756 1617 842 1644 ταῦτα
869 1618 924 1651 γάρ

137 1664 223 1698 αὐτῆς
240 1664 274 1690 τὰ
286 1664 439 1698 περίπτερα
459 1663 544 1698 πυρὸς
573 1664 671 1698 φλόγες
698 1663 767 1690 εἰσιν
781 1671 787 1678 ·
812 1663 923 1694 ὡσανεὶ,

137 1711 161 1737 εἰ
184 1710 286 1743 ἔλεγεν,
320 1710 499 1744 Ἐπικάθηται
527 1710 581 1735 τῶν
605 1709 738 1744 Σερανρὶμ,
766 1709 812 1736 καὶ
834 1709 924 1735 αὐτῶν

138 1756 192 1783 τῶν
209 1755 369 1790 ὑπερτάτων
385 1756 463 1788 νόων,
489 1755 632 1789 ὲγκόλτιιον
657 1755 777 1789 φέρουσα
809 1755 853 1790 τῷ
874 1754 925 1788 Δη-

140 1802 281 1836 μιουργὺν,
296 1802 342 1827 καὶ
357 1801 476 1835 Κτίστην
490 1794 537 1826 τοῢ
551 1801 662 1832 παντός.
678 1801 770 1834 ’Ύδωρ
790 1800 868 1826 πολὺ
888 1800 924 1826 οὺ

138 1847 300 1882 δυνήσεται
314 1845 420 1873 σϐέσαι
441 1846 499 1880 τὴν
525 1845 656 1880 ἀγάπην.
684 1846 772 1877 Ἤτοι,
801 1845 851 1880 τῆς
880 1844 926 1872 ἴσα

139 1894 186 1920 καὶ
205 1893 263 1928 Θεῷ
278 1892 514 1928 δορυφορουμένης
533 1891 585 1917 ὑπὸ
611 1891 666 1917 τῶν
697 1890 925 1925 λειτουργούντων

139 1939 212 1973 αὖτῷ
230 1947 237 1954 ·
254 1938 326 1965 οὗτοι
338 1939 391 1972 γάρ
409 1937 441 1964 ἂν
461 1935 515 1963 εἷεν
528 1937 572 1963 καὶ
604 1936 688 1970 πυρὸς
720 1936 827 1970 φλόγες,
855 1936 892 1966 ὡς
911 1935 925 1961 ὁ

139 1985 222 2012 Δαῦἰδ
251 1993 332 2020 φησιν
347 1992 353 1999 '
377 1984 408 2009 Ὀ
432 1982 525 2010 ποιῶν
562 1982 633 2014 τοὺς
654 1982 802 2016 ἀγγέλους
831 1981 925 2008 αὐτοῦ

139 2031 306 2064 πνεύματα,
323 2029 372 2056 καὶ
399 2029 469 2061 τοὺς
488 2027 681 2062 λειτουργοὺς
698 2027 802 2059 αυτοῦ,
830 2027 925 2061 πυρὸς

139 2078 249 2112 φλόγα.
283 2076 338 2110 Τὴν
368 2075 416 2101 οὖν
445 2074 556 2108 ἀγάπην
576 2074 675 2108 ταύτην
702 2074 737 2100 οὐ
762 2072 926 2106 δυνήσεται

139 2122 248 2149 σόέσαι
269 2121 347 2156 ὕδωρ
368 2120 447 2147 πο.ῖὺ
460 2129 467 2136 ·
487 2120 635 2152 τουτέστιν,
665 2120 692 2147 αἱ
706 2119 824 2146 ἐναντίαι
845 2119 923 2146 δυνά-

95 2184 100 2189 ~
140 2176 213 2203 μεις.
231 2168 261 2193 El
274 2167 328 2202 γὰρ
342 2168 366 2193 οἱ
386 2166 426 2201 τῷ
442 2166 502 2201 Θεῷ
514 2165 733 2202 λειτουργοῦντες
760 2166 844 2201 πυρός
870 2166 924 2192 εἱσι

139 2215 249 2249 φλόγες,
278 2214 303 2240 οι
331 2213 514 2247 ἀντικείμενοι
539 2212 577 2247 τῷ
605 2212 700 2238 τούτου
731 2212 924 2246 προστάγματι

140 2259 212 2294 ὕδωρ
223 2259 256 2285 ἂν
270 2256 326 2284 εἶεν
337 2257 449 2288 τούτους
464 2266 470 2272 ·
487 2257 533 2283 καὶ
548 2258 562 2283 ὁ
578 2256 660 2283 Δαῦὶδ
684 2257 756 2290 ὕδωρ
772 2257 820 2282 ἀνυ
827 2257 925 2283 πόστα-

139 2314 184 2332 τον
198 2304 286 2334 καλεῖ,
302 2303 340 2335 ὥς
357 2311 439 2337 φησι·
459 2303 533 2336 Ἀρα
546 2301 671 2336 διῆλθεν
685 2302 704 2336 ἡ
729 2302 814 2337 ψυχὴ
842 2302 926 2337 ἡμῶν

138 2350 173 2377 τὸ
191 2349 268 2383 ὕδωρ
285 2349 318 2375 τὸ
331 2349 555 2376 ἀνυπόστατον.
570 2348 624 2375 Καὶ
641 2348 767 2382 ποταμοὶ
787 2349 822 2375 οὐ
851 2357 925 2383 συγ*-

139 2395 320 2422 κλοίσουσιν
336 2393 442 2426 αὑτήν.
461 2393 518 2420 Κᾶν
535 2393 689 2429 ῥᾳδιουργοί
704 2401 776 2424 τινες
792 2390 842 2420 ὦσι
854 2393 931 2428 δηλο-

140 2443 207 2474 νότι,
222 2441 270 2468 καὶ
286 2440 406 2475 σφοδρῶς
422 2441 488 2475 ἡμῖν
505 2439 701 2474 ἐπιτιθέμενοι,
725 2439 749 2466 οὶ
781 2439 830 2474 τῆς
856 2439 928 2475 ζωῆς

141 2488 219 2522 ἡμῶν
233 2486 375 2513 ἀντίπαλοι
390 2486 525 2520 δαίμονες.
544 2485 635 2517 Οὕτως
644 2485 713 2512 ἑάλω
725 2486 773 2520 τῆς
797 2487 864 2520 πρὸς
878 2486 929 2520 τὴν

141 2534 277 2569 Παρθένον
298 2533 408 2569 ἀγάπης
430 2533 444 2559 ὁ
479 2533 636 2568 Προφήτης,
667 2533 714 2559 καὶ
735 2532 820 2564 οὕτως
844 2532 927 2568 αὐτὴν

142 2580 265 2613 ἠγάσατο
278 2588 285 2595 ν
302 2579 348 2606 καὶ
364 2579 450 2605 ταῦτα
481 2580 551 2614 μετά
576 2579 708 2610 τοσαύτας
728 2578 802 2613 αὑτῷ
831 2578 927 2611 γενεὰς

143 2624 254 2659 ὕστερον
267 2624 496 2658 προσδοκωμένην
511 2623 595 2659 αὐτὴν
627 2623 817 2658 τεχοὴτεσθαι.
857 2623 926 2650 Ἐὰν

142 2669 184 2702 δῷ
200 2669 277 2703 ἀνὴρ
289 2670 342 2696 τὸν
358 2670 455 2697 πάντα
481 2670 554 2702 ,βίον
575 2669 667 2696 αὐτοῦ
700 2670 734 2696 ἐν
761 2668 798 2702 τῇ
826 2668 926 2704 ἀγάπῃ

143 2716 340 2748 ὲξουὸενώσει
357 2716 618 2749 ἐξουδενὼσουσιν
632 2716 736 2743 αὐτόν.
768 2715 841 2742 ’Δντὶ
867 2716 925 2749 τοῦ,

180 2802 284 2830 “Psal.
296 2811 351 2836 ctu,
373 2803 398 2830 4.
439 2803 458 2818 ¹⁷
471 2803 542 2831 Psal.
555 2809 649 2836 csxut,
667 2804 692 2831 5.

974 1526 1020 1553 sed
1037 1525 1196 1558 Setaphinis
1209 1527 1372 1553 sanctiorem
1384 1534 1444 1553 esse
1459 1526 1628 1561 pronuntiat,
1641 1525 1757 1553 etdicit:

976 1571 1068 1599 Pinna:
1079 1581 1135 1607 quw
1145 1573 1226 1607 ipsius
1238 1573 1264 1599 in
1277 1573 1365 1599 orbem
1376 1577 1446 1605 sunt,
1459 1564 1546 1606 pinna}
1555 1572 1671 1606 ﬂamma:
1679 1572 1758 1606 ignis.

973 1618 1012 1645 Ac
1027 1618 1050 1645 si
1066 1618 1181 1645 diceret:
1201 1618 1376 1650 Satellitium,
1404 1619 1477 1653 quod
1509 1626 1570 1646 eam
1601 1620 1756 1651 comitatur,

974 1669 1001 1690 et
1011 1664 1119 1697 cultus;
1150 1665 1191 1691 hae
1211 1672 1328 1699 namque
1347 1665 1433 1699 pinna:
1455 1669 1519 1693 sunt
1542 1664 1598 1698 ejus
1628 1665 1654 1690 in
1670 1665 1758 1690 orbem

974 1710 1089 1744 ﬂammat
1111 1711 1191 1744 ignis.
1212 1710 1328 1737 Perinde
1343 1718 1375 1737 ac
1392 1711 1505 1742 diceret,
1522 1709 1599 1737 Sedit
1614 1717 1695 1744 super
1711 1710 1760 1736 Se-
1795 1709 1798 1711 λ

976 1756 1092 1789 raphim,
1109 1760 1135 1782 ct
1150 1763 1231 1790 super
1248 1757 1321 1791 ipsas
1347 1763 1491 1790 supremas
1505 1756 1712 1790 intelligentias,
1731 1755 1759 1782 in

976 1802 1037 1828 sinu
1049 1802 1139 1828 ferens
1151 1802 1288 1836 opilicem,
1309 1807 1335 1829 et
1347 1801 1516 1829 conditorem
1532 1801 1666 1828 universi.
1682 1801 1760 1835 Aqua

975 1847 1059 1873 mulla
1071 1854 1121 1873 non
1138 1848 1231 1880 poterit
1248 1848 1412 1881 exstinguere
1427 1847 1605 1873 dilectionem.
1617 1847 1758 1880 Tanquam

975 1892 1072 1926 aequali
1103 1900 1165 1919 eum
1182 1892 1238 1919 Deo
1252 1892 1380 1919 satellitio
1400 1893 1515 1926 stipata,
1534 1892 1568 1918 ab
1579 1891 1700 1925 ejusdem
1714 1892 1761 1918 ni-
1810 1919 1811 1922 η

975 1938 1074 1964 mirttm
1092 1937 1178 1971 ipsius
1196 1937 1391 1965 ministristli
1404 1946 1457 1964 non
1477 1942 1539 1964 sunt
1551 1938 1665 1964 ﬂammae
1678 1938 1758 1972 ignis.

975 1983 1203 2017 quemadmodum
1236 1983 1321 2010 David
1336 1991 1445 2018 quoque
1459 1983 1543 2010 dicit:
1566 1984 1618 2016 Qui
1631 1983 1696 2016 facit
1709 1993 1761 2014 an-

975 2028 1045 2063 gelos
1074 2036 1148 2060 suos,
1174 2029 1295 2062 spiritus.
1327 2028 1361 2055 Et
1387 2029 1521 2055 ministros
1534 2038 1606 2062 suos,
1623 2030 1761 2064 ﬂantmaut

976 2074 1043 2109 ignis
1056 2074 1090 2100 “.
1105 2074 1180 2101 Hanc
1199 2075 1282 2109 igitur
1302 2074 1360 2108 ejus
1392 2075 1566 2102 dilectionem
1594 2084 1644 2103 non
1664 2078 1760 2110 poterit

977 2120 1141 2155 exstinguere
1158 2129 1227 2155 aqua
1241 2121 1325 2147 multa
1337 2129 1347 2153 ,'
1360 2121 1410 2148 hoc
1429 2126 1470 2148 est
1485 2122 1628 2148 coutrarim
1641 2127 1761 2157 potesta—

978 2171 1025 2194 tes.
1046 2167 1075 2194 Si
1091 2167 1163 2194 enim
1186 2166 1232 2193 Dei
1251 2167 1368 2194 ministri
1391 2166 1507 2193 ﬂammae
1530 2173 1593 2194 sunt
1616 2168 1697 2202 ignis,
1711 2169 1759 2203 qui

978 2211 1025 2239 Dei
1051 2212 1232 2239 adversantur
1259 2212 1384 2247 imperio,
1399 2219 1468 2247 aqua
1480 2212 1533 2239 dici
1552 2218 1674 2247 possunt,
1690 2223 1760 2249 quos

979 2264 1044 2284 sane
1054 2258 1227 2285 adversarios
1240 2265 1338 2292 aquam
1355 2258 1553 2286 intolerabilem
1568 2259 1654 2287 David
1670 2266 1760 2292 vocat,

981 2311 1042 2331 cum
1074 2303 1161 2332 dicit:
1195 2304 1325 2332 Forsitan
1355 2306 1542 2339 pertransisset
1555 2306 1645 2333 anima
1670 2313 1763 2333 nostra

980 2357 1077 2384 aquam
1108 2349 1300 2376 intolerabilem
1320 2350 1350 2377 ”.
1366 2351 1399 2377 Et
1417 2351 1588 2384 flumiuauon
1607 2353 1762 2379 cont-ludent

979 2397 1074 2430 ipsam.
1100 2395 1175 2422 Licet
1191 2396 1339 2423 facinerosi
1356 2396 1451 2428 utique
1468 2401 1494 2423 et
1521 2401 1687 2426 veteratores
1703 2399 1764 2433 qui-

980 2440 1041 2467 dam
1058 2441 1123 2470 sint.
1148 2445 1176 2467 et
1189 2441 1267 2468 valde
1281 2441 1361 2470 nobis
1378 2441 1555 2474 insidientur,
1579 2442 1696 2477 vitaeque
1715 2452 1764 2470 no-

980 2493 1042 2515 strae
1073 2488 1252 2515 adversentur
1271 2488 1420 2515 daemones.
1449 2489 1524 2515 Adeo
1553 2488 1687 2523 Propheta
1705 2495 1764 2517 erat

979 2532 1100 2568 Virginis
1127 2541 1219 2561 amore
1237 2540 1343 2567 captus,
1357 2534 1451 2568 sicque
1467 2535 1553 2568 ipsatn
1569 2535 1762 2562 venerabatur.

979 2577 1062 2612 quue
1072 2585 1134 2604 cum
1152 2582 1213 2612 post
1235 2578 1392 2605 innumeras
1407 2579 1439 2604 ab
1457 2578 1514 2612 ipso
1529 2579 1634 2605 l‘uturas
1652 2587 1764 2613 genera-

981 2623 1081 2656 tiones,
1106 2624 1245 2650 nascitura
1270 2628 1476 2657 estspeetaretur
1500 2620 1601 2658 Virgo.
1617 2623 1646 2650 Si
1661 2625 1764 2652 dederit

979 2669 1021 2696 vir
1031 2676 1107 2695 suam
1123 2677 1223 2695 onmem
1242 2667 1321 2695 vitum
1337 2677 1384 2703 pro
1400 2669 1550 2702 dilectione,
1568 2669 1636 2696 nihil
1653 2671 1765 2704 pendent

980 2715 1077 2748 illum;
1091 2715 1141 2743 hoc
1158 2719 1209 2748 est,
1227 2721 1291 2743 sunt
1303 2717 1371 2743 adeo
1382 2715 1587 2743 caeodazmuues
1604 2715 1700 2748 invidi,
1714 2715 1764 2741 ho-
