1955 3074
112 151 183 184 1145

650 153 848 184 SYNODIC/E
868 153 1217 185 CONSTITUTIONES.

1672 152 1740 184 1‘46

109 211 253 246 Μεσήνης,
276 209 341 244 περὶ
365 209 415 245 μὲν
440 210 495 237 τῶν
524 210 701 245 ἑκδοθέντων,
721 211 759 243 ὡς
782 211 902 246 εἴρηται,
917 218 940 247 Α
955 222 1004 249 της
1020 214 1100 249 ἡμῶν
1125 213 1172 240 καὶ
1186 213 1223 245 ὡς
1237 213 1307 240 ἐπτά
1324 221 1395 244 τινες
1417 212 1472 239 τῶν
1489 211 1741 247 προϐαθμιωτέρων

113 257 308 292 μοναστηρίων
322 256 370 283 καὶ
384 257 439 283 τῶν
458 257 530 284 ναῶν
546 257 589 283 ἐπ’
603 257 691 289 ἀδείας
708 257 780 293 ἔχειν
794 258 839 284 τὸν
852 258 901 293 δη-

111 303 233 330 λωθέντα
262 303 412 338 ἱερώτατον
438 303 490 338 τῆς
509 303 668 335 Ἀτταλείας
681 303 812 339 ἀρχιερέα
831 305 900 331 ἀπο-

113 350 220 377 σπάσαι
234 349 322 377 ταῦτα
341 349 395 376 ἀπὸ
411 350 465 376 τῶν
483 350 655 385 κατεχόντων
669 350 740 377 αὐτὰ
762 351 902 386 κληρικῶν

113 396 162 423 καὶ
177 396 321 431 κοσμικῶν
337 395 490 432 ἀνθρώπων
506 396 553 422 καὶ
573 396 724 423 σπουδάσαι
741 397 789 423 καὶ
806 398 903 431 ἐπιμε-

112 443 240 478 ληθῆναι,
259 442 330 469 ὥστε
357 443 528 477 καταστῆσαι
552 442 600 469 καὶ
615 442 757 475 ἀποδεῖξαι
770 443 853 469 πάλιν
870 443 904 469 τὰ

113 489 228 518 τοιαῦτα
243 491 414 525 μοναστήρια
428 490 587 524 καταγώγια
608 489 744 525 μοναχῶν,
765 489 905 517 ἀνασῶσαί

115 544 145 562 τε
160 536 263 569 αὐτοῖς,
281 536 323 562 ἔτι
337 536 364 562 δὲ
387 535 433 562 καὶ
446 537 504 568 τοῖς
517 536 650 567 τοιούτοις
666 536 749 568 θείοις
763 537 839 567 ναοῖς
858 535 905 562 καὶ⁸

115 582 150 608 τὰ
180 582 309 616 κτήματα
333 582 434 615 αὐτῶν,
450 579 643 616 ὃσα’έφθασαν
657 581 853 617 διαπραθῆναι,
868 581 906 612 ὡς

115 629 237 663 εἴρηται,
254 628 330 663 παρὰ
342 628 397 654 τῶν
411 628 582 664 κατεχόντων
597 628 676 661 αὐτὰ,
691 627 784 658 ἄδικον
796 627 851 662 γὰρ
866 626 907 662 ἔνι

117 674 166 701 καὶ
183 675 256 708 μέγα
273 674 406 710 ἐπιφέρον
425 674 456 700 τὸ
476 675 564 709 κρῖμα
581 675 640 705 ταῖς
655 674 755 709 ψυχαῖς
769 674 824 700 τῶν
840 682 907 700 κατ-

117 722 235 757 εχόντων
251 721 347 756 ταῦτα,
374 722 405 748 τὸ
432 722 479 749 ἐπὶ
504 721 577 758 λύμῃ
603 722 650 749 καὶ
671 722 833 757 καινοτομίᾳ
859 722 909 748 καὶ

120 768 208 804 βλάϐῃ
225 768 281 796 τῶν
303 768 461 804 προσόντων
483 770 538 800 τοῖς
564 768 696 799 τοιούτοις
713 769 910 804 μοναστηρίοις

119 815 167 842 καὶ
178 815 235 845 τοῖς
252 815 326 845 ναοῖς
339 814 554 850 κατακυριεύειν
569 815 616 841 καὶ
632 814 776 846 δεσπόζειν
788 814 835 840 καὶ
845 822 911 840 κατ-

119 861 191 896 έχειν
215 860 304 888 αὐτὰ·
334 861 368 887 τὰ
394 862 448 897 γὰρ
470 860 546 893 ἅπαξ
571 861 761 896 ἀφιερωθέντα
788 860 827 894 τῷ
850 860 911 895 Θεῷ

943 261 1150 296 ’πρεσϐυτέρων
1161 260 1209 288 τοῦ
1225 261 1327 296 κλήρου
1342 260 1392 294 τῆς
1404 258 1533 295 τοιαύτης
1545 259 1742 294 μητροπόὶεως

959 308 1118 341 Ἀτταλείας
1135 307 1340 335 ἀντιποιοῦνται
1361 307 1412 341 τῆς
1439 307 1610 342 τεταγμένης
1629 305 1743 333 ἀκολου-

955 355 1016 386 θίας
1029 354 1076 381 τοῦ
1091 354 1243 389 εὐχελαίου,
1260 352 1330 381 ὥστε
1359 354 1427 388 παρ’
1450 352 1540 379 αὑτῶν
1562 353 1650 386 μόνων
1667 352 1745 377 ἐκτε-

955 400 1060 427 λεϊσθαι
1080 400 1130 435 τὴν
1147 399 1277 435 τοιαύτην
1292 398 1454 426 ἀκολουθίαν
1478 398 1525 424 καὶ
1550 397 1588 432 μὴ
1612 396 1678 432 παρ’
1694 396 1744 423 ἀ).-

955 446 1010 473 λων
1035 446 1117 473 τινῶν
1148 445 1353 480 πρεσϐυτέρων,
1389 444 1430 480 τῷ
1457 444 1540 479 λόγῳ,
1573 443 1614 470 ὅτι
1642 443 1744 476 ἔφθασε

956 493 1088 528 ταχθῆναι
1116 492 1197 519 τοῦτο
1220 492 1273 526 πρὸ
1287 492 1392 527 χρόνων
1407 491 1483 524 παρά
1495 490 1542 517 τοῦ
1557 489 1596 524 τῷ
1611 489 1670 515 τότε
1694 489 1746 522 ἀρ-

957 538 1072 573 χιερέως
1086 538 1135 571 τῆς
1147 537 1275 572 τοιαύτης
1291 537 1495 572 μητροπόλεως,
1512 535 1560 563 καὶ
1579 534 1668 562 ταῦτα
1687 533 1747 569 μετ’

958 585 1048 618 ὀλίγον
1064 585 1148 611 πάλιν
1159 585 1349 619 ἀκυρωθέντος
1364 584 1460 611 τούτου
1481 582 1526 610 διὰ
1545 580 1747 617 πατριαρχικοῢ

959 631 1136 665 γράμματος,
1153 630 1222 665 ὅπερ
1238 630 1402 664 ἐνεφανίσθη
1422 630 1468 665 καὶ
1486 630 1518 664 τῇ
1539 629 1619 663 ἡμῶν
1638 627 1749 662 μετριό-

958 685 1033 711 τητι,
1061 676 1280 710 παρακελεύεται
1306 676 1323 711 ἡ
1352 676 1497 710 μετριότης
1523 674 1612 709 ἡμῶν,
1631 674 1675 700 ἵνα
1701 671 1748 700 τοῦ

960 721 1056 749 λοιποῦ
1076 723 1123 749 καὶ
1136 722 1176 754 είς
1190 722 1220 749 τὺ
1237 722 1301 756 ἐξῆς
1316 721 1475 748 παύσωνται
1504 721 1528 747 οἱ
1543 720 1660 747 τοιοῦτοι
1683 728 1750 754 πρε-

962 769 1090 802 σϐύτεροι
1104 769 1150 796 τοῦ
1165 769 1364 795 ἀντιποιεῖσθαι
1375 766 1426 803 τῆς
1442 767 1571 803 τοιαύτης
1587 765 1750 798 ἀκολουθίας

961 816 1009 843 τοῦ
1027 816 1181 852 εύχελαίου.
1195 816 1233 847 ὡς
1246 814 1429 850 διαφερούσης
1448 815 1496 841 καὶ
1507 813 1663 848 ἀνηκούσης
1679 813 1752 843 ἰδίως

963 862 1066 895 αὐτοῖς,
1081 863 1128 889 καὶ
1145 862 1182 897 μὴ
1196 861 1262 898 παρ’
1278 861 1369 889 αὐτῶν
1389 862 1478 895 μόνων
1496 860 1640 894 ἐκτελῆται
1658 860 1692 886 τὰ
1704 858 1753 892 τῆς

119 908 347 944 ἀπαρεγχείρητα
359 907 547 942 διατηρεῖσθαι
561 907 697 941 ὀφείλουσι
710 908 757 934 καὶ
770 907 905 942 ἀμείωῖα,
924 907 947 937 Β
961 909 1089 943 τοιαύτης
1106 908 1280 941 ἀκολουθίας,
1308 907 1376 934 ἀλλὰ
1405 906 1493 942 (παρά
1514 906 1579 938 τῶν)
1604 905 1755 940 πρεσϐυτέ-

119 953 150 980 οὺ
179 953 260 988 μόνον
285 953 362 988 παρὰ
387 955 444 980 τῶν
465 953 673 988 ἀναδεχομένων
697 953 913 987 τοιουτοτρόποις

120 999 201 1032 αὐτὰ,
220 999 289 1026 ἀλλὰ
304 999 419 1027 καὶτῶν
436 999 543 1026 οἴκοθεν
557 999 745 1026 συνιστώντων
763 999 811 1026 καὶ
827 1008 913 1034 προσ-

122 1045 253 1072 τιθέντων
275 1046 322 1072 καὶ
346 1045 478 1080 καθάπαξ
506 1046 704 1081 προσαγόντων
728 1046 762 1072 τὰ
776 1045 915 1081 προσόντα

121 1091 225 1123 αὐτοῖς.
242 1091 312 1126 Περὶ
327 1091 355 1118 δὲ
370 1091 424 1118 τῶν
439 1093 602 1126 γινομένων,
620 1092 658 1124 ὡς
677 1092 837 1127 δεδήλωται,
853 1100 916 1118 συν-

122 1137 306 1172 αλλαγμάτων
334 1138 382 1165 καὶ
412 1137 589 1165 συνοικεσίων
615 1138 714 1172 διέγνω
737 1138 785 1165 καὶ
808 1137 916 1172 ἀπεφή-

122 1191 188 1210 νατο
203 1184 219 1218 ἡ
234 1184 380 1220 μετριότης
397 1184 477 1220 ήμῶν
491 1184 561 1219 μετὰ
579 1184 629 1218 τῆς
646 1183 712 1219 περὶ
738 1183 823 1219 αὐτὴν
840 1183 917 1218 ἱερᾶς

123 1230 172 1257 καὶ
198 1230 275 1262 θείας
306 1231 429 1265 συνόδου,
454 1231 557 1267 ἄκυρον
591 1228 661 1258 εἶναι
691 1230 742 1266 τὴν
770 1230 917 1264 γινομένην

123 1276 281 1312 παράλογον
296 1277 344 1304 καὶ
356 1277 458 1304 ἄτοπον
474 1276 620 1312 συνήθειαν
636 1276 684 1303 καὶ
698 1276 836 1310 ἀϐέϐαιον,
851 1275 918 1302 ἔνθα

126 1324 227 1360 προϐῇ,
240 1324 287 1351 καὶ
297 1324 378 1350 ὁπότε
394 1324 486 1360 συμϐῇ
500 1325 703 1360 τελευτησάσης
719 1324 769 1359 τῆς
787 1322 918 1358 γυναικὸς

126 1371 304 1398 ἀπαιτεῖσθαι
317 1371 350 1397 τὰ
365 1371 416 1406 τῆς
431 1371 546 1406 προικὸς
560 1371 725 1406 πράγματα,
743 1369 918 1397 ἀποδίδοσθαι

126 1418 214 1445 ταῦτα
244 1417 299 1445 ἀπὸ
324 1417 372 1444 τοῦ
397 1418 499 1453 μέρους
528 1417 577 1444 τοῦ
596 1418 693 1452 ἀνδρδς
719 1417 748 1450 ἐξ
767 1417 919 1452 ὁλοκλήρου

127 1466 198 1492 κατὰ
217 1465 280 1496 τοὺς
295 1464 385 1496 θείους
402 1464 450 1491 καὶ
466 1464 638 1498 φιλευσεϐεἰς
653 1463 766 1499 νόμους,
792 1463 875 1499 μηδέν
892 1471 920 1490 τι

126 1513 281 1547 ὀφείλοντος
292 1512 420 1546 κατέχειν
436 1511 485 1538 καὶ
499 1511 709 1547 ἀποκερδαίνειν
723 1510 753 1544 ἐξ
766 1510 867 1543 αὐτῶν,
882 1510 921 1542 ὡς

128 1560 198 1585 κατὰ
222 1559 301 1593 λόγον
322 1558 410 1592 ξενίου
425 1558 511 1590 δοθὲν,
528 1558 578 1586 ἆτε
602 1557 759 1593 παραλόγου
778 1556 921 1588 παντελῶς

129 1605 212 1640 οὔσης
242 1605 291 1639 τῆς
317 1604 445 1640 τοιαύτης
474 1605 613 1640 πράξεως,
644 1605 691 1632 καὶ
713 1604 758 1631 διὰ
786 1604 866 1631 τοῦτο
891 1604 921 1630 τὸ

129 1651 232 1687 ἄκυρον
244 1651 407 1686 ὀφειλούσης
424 1650 497 1687 ἔχειν
514 1651 555 1682 εἰς
570 1651 644 1678 ᾶπαν
658 1651 688 1678 τὺ
702 1651 779 1686 ἑξῆς.
801 1651 878 1677 Ἐπεὶ
892 1650 921 1678 δέ

129 1699 263 1733 ἀνέφερεν
289 1698 303 1724 ὁ
328 1697 449 1728 τοιοῦτος
481 1697 627 1732 ἱερώτατος
647 1697 796 1733 ἀρχιερεὺς
826 1698 922 1725 Ἀττα-

131 1744 206 1774 λείας
240 1743 286 1770 καὶ
319 1743 357 1775 ὡς
393 1742 514 1777 ἐφθασάν
542 1752 615 1774 τινες
646 1743 732 1777 ἀδίκῳ
758 1744 853 1779 τρόπῳ
875 1744 922 1770 καὶ

132 1790 319 1825 πλεονεκτικῷ
351 1790 572 1825 ίδιοποιήσασθαι
608 1790 654 1817 τὸν
686 1791 923 1825 ἐπισυναγόμενον

132 1838 218 1873 κηρὸν
230 1837 277 1864 καὶ
289 1838 320 1864 τὺ
335 1837 426 1864 ἔλαιον
443 1838 483 1869 είς
506 1838 552 1864 τὸν
575 1838 666 1864 ἐκεῖσε
691 1837 763 1864 θεῖον
787 1838 851 1864 ναὸν
873 1838 923 1871 τῆς

133 1883 196 1911 κατ’
220 1883 304 1911 αὐτὸν
332 1883 537 1918 μητροπόλεως,
552 1882 592 1909 ἔτι
611 1882 641 1910 δὲ
656 1883 704 1910 καὶ
721 1883 772 1917 τὴν
794 1883 850 1909 ἀπὸ
868 1884 924 1909 τῶν

132 1929 317 1963 διαφερόντων
338 1929 378 1964 τῷ
401 1929 515 1962 τοιούτῳ
529 1929 585 1964 νεῷ
604 1929 833 1964 ἐργαστηριακῶν
848 1929 925 1964 οἰκη-

136 1974 229 2009 μάτων
245 1975 293 2001 καὶ
317 1974 368 2008 τὴν
394 1975 441 2008 ἀφ’
464 1974 559 2009 ἑτέρου
579 1974 652 2004 τινὸς
675 1973 777 2006 τρόπου
793 1974 924 2012 πρόσοδον

135 2022 175 2052 εἰς
192 2021 238 2047 τὸν
256 2019 376 2047 τοιοῦτον
391 2019 463 2046 θεῖον
475 2020 539 2046 ναὸν
552 2020 600 2046 καὶ
619 2019 746 2054 κατέχειν
761 2019 809 2045 καὶ
831 2019 924 2045 ἀναλί-

138 2076 215 2094 σκειν
236 2066 339 2099 ταύτην
358 2067 396 2097 είς
420 2065 488 2096 ίδίας
509 2065 600 2092 αὐτῶν
616 2065 721 2100 χρείας,
738 2064 875 2100 ἐκράτησε
896 2065 924 2091 δέ

134 2114 211 2147 ὅμως
226 2112 307 2139 πάλιν
335 2112 383 2146 τὴν
396 2112 529 2146 τοιαύτην
558 2111 691 2146 πρόσοδον
717 2111 731 2137 ό
752 2111 805 2146 πρὸ
830 2110 925 2138 τούτου

135 2161 281 2196 ἀρχιερεὺς
299 2160 348 2187 καὶ
365 2159 389 2185 οί
407 2159 534 2194 κληρικοὶ
559 2157 609 2192 τῆς
631 2157 760 2193 τοιαύτης
789 2158 926 2193 μητροπό-

135 2206 214 2239 λεως,
230 2206 277 2232 καὶ
291 2204 403 2238 ἔταξαν,
419 2205 464 2231 ἳνα
478 2204 629 2239 κατέχηται
644 2203 717 2235 ίδίως
730 2203 776 2230 καὶ
790 2203 928 2238 φυλάσσηο

135 2261 191 2286 ται,
216 2252 264 2278 καὶ
285 2251 316 2278 τὸ
346 2251 394 2286 μὲν
420 2251 602 2286 ἀναλίσκηται
633 2250 673 2282 είς
689 2250 856 2284 λυχνοκαῖαν
878 2249 927 2276 τοῦ

135 2299 259 2325 τοιούτου
270 2297 345 2324 θείου
361 2297 437 2331 ναοῦ,
451 2296 483 2323 τὸ
495 2297 523 2323 δὲ
537 2296 687 2323 ὑπόλοιπον
699 2297 740 2328 είς
752 2296 931 2331 περιποίησιν

136 2345 221 2373 αὑτοῦ
241 2345 290 2372 καὶ
305 2346 438 2372 σύστασιν
467 2346 513 2372 καὶ
532 2345 687 2380 βελτίωσιν,
712 2344 932 2380 παρακελεύεται

137 2395 154 2428 ὴ
172 2394 320 2428 μετριότης
347 2393 427 2428 ἡμῶν
459 2393 529 2428 μετὰ
545 2392 597 2426 τῆς
612 2392 676 2426 περὶ
693 2393 779 2427 αὐτὴν
795 2392 871 2427 ἱερᾶς
884 2388 932 2419 καὶ

139 2441 213 2472 θείας
229 2440 349 2474 συνόδου,
367 2441 412 2467 ἵνα
428 2441 474 2467 καὶ
484 2441 524 2472 εἰς
540 2441 569 2467 τὸ
586 2439 650 2474 ἑξῆς
667 2439 868 2474 ἐπισυνάγηται
887 2438 934 2465 καὶ

139 2486 313 2522 φυλάσσηται
347 2487 362 2521 ἡ
389 2487 503 2521 τοιαύτη
528 2486 662 2522 πρόσοδος
679 2486 756 2520 παρὰ
780 2485 934 2521 ἀνθρώπων

139 2534 287 2569 χρησίμοιν
307 2534 459 2569 κληρικῶν,
478 2533 525 2566 οὒς
553 2533 587 2560 ἂν
613 2533 740 2569 διακρίνῃ
764 2532 811 2559 καὶ
833 2531 902 2568 τάξῃ
919 2532 934 2558 ὁ

138 2581 212 2607 κατὰ
230 2581 344 2616 καιροὺς
360 2580 516 2615 ἀρχιερεὺς,
538 2579 576 2610 ὡς
590 2580 640 2614 τῆς
655 2579 783 2615 φυλακῆς
808 2580 855 2605 καὶ
868 2588 934 2605 συν-

141 2635 173 2659 τη
180 2627 285 2661 ρήσεως
298 2627 348 2660 τῆς
361 2625 490 2658 τοιαύτης
505 2625 639 2660 προσόδου
649 2625 700 2661 τὴν
717 2625 845 2660 φροντίδα
861 2625 934 2660 ἔχειν
949 2622 953 2625 ’

141 2672 296 2706 ὀφείλοντος
319 2671 368 2697 τοῦ
394 2670 519 2698 τοιούτου
540 2671 693 2706 ἀρχιερέως
709 2672 779 2705 μετὰ
796 2671 842 2697 καὶ
861 2671 935 2706 εἰδή-

143 2727 212 2750 σεως
225 2718 279 2745 τῶν
294 2718 447 2753 κληρικῶν,
468 2717 515 2744 καὶ
530 2717 626 2753 μηδεὶς
644 2717 698 2744 τῶν
720 2717 853 2744 τοιούτων
870 2717 897 2744 κ)
905 2727 937 2751 η-

145 2765 232 2802 ρικῶν
246 2765 262 2800 ἦ
280 2773 322 2796 τις
337 2766 432 2798 ἔτερος
452 2764 495 2790 ἐπ’
511 2764 603 2795 ἀδείας
618 2763 669 2798 ἔχῃ
686 2763 874 2790 ίδιοποιεϊσθαι
888 2764 936 2789 καὶ

143 2811 303 2839 ἀναλίσκειν
320 2810 407 2845 αὐτὴν
423 2811 463 2841 είς
476 2810 544 2841 ἰδίας
557 2809 640 2836 αὐτοῦ
654 2809 758 2844 χρείας,
778 2809 938 2836 ἀλλ’ἀναλί-

145 2865 245 2892 σκηται
262 2858 301 2888 είς
316 2857 478 2891 λυχνοκαῖαν
492 2857 540 2883 καὶ
556 2856 736 2891 περιποίησιν
754 2855 801 2882 τοῦ
814 2856 936 2883 τοιούτου

145 2904 220 2931 θείου
236 2903 311 2932 ναοῦ.
331 2903 481 2938 Ὧσαύτωῖ,
500 2903 595 2939 ἐπειδὴ
616 2901 765 2938 ἐγνώρισεν
792 2903 807 2938 ἡ
826 2903 936 2938 μετριό-

967 963 1031 990 ρων,
1043 954 1088 985 οὒ;
1105 954 1138 981 ἂν
1153 954 1254 989 θελήσῃ
1268 954 1315 980 καὶ
1330 952 1554 989 προσκαλέσηται
1572 952 1687 983 ἕκαστος
1700 952 1755 978 τῶν

966 1001 1138 1036 βουλομένων
1165 999 1286 1026 ἐκτελεῖν
1311 999 1358 1025 τὸν
1385 998 1508 1026 τοιοῦτον
1526 999 1674 1033 ἀγιασμὺν,
1694 998 1756 1023 ἐπεὶ

965 1047 1014 1074 καί¹
1039 1046 1178 1081 ἐπιτίμιον
1201 1045 1349 1081 ἡπείληται
1375 1046 1433 1076 τοῖς
1455 1044 1590 1076 τοιούτοις
1604 1043 1756 1078 πρεσϐυτέ-

968 1102 1036 1128 ροις,
1052 1094 1076 1119 εἰ
1091 1093 1173 1119 πάλιν
1190 1092 1268 1119 αὐτοὶ
1284 1092 1362 1127 μόνοι
1380 1093 1421 1118 ινε
1428 1091 1504 1126 ργεῖν
1518 1091 1552 1117 τὰ
1564 1091 1614 1125 τῆς
1627 1090 1758 1126 τοιαύτης

966 1139 1128 1171 ἀκολουθίας
1151 1138 1377 1175 πειραθήσονται,
1399 1138 1462 1165 Ἐπὶ
1478 1138 1567 1174 τούτῳ
1582 1139 1637 1173 γὰρ
1662 1138 1710 1164 καὶ
1726 1137 1758 1164 τὸ

968 1186 1055 1222 παρὸν
1084 1186 1225 1213 συνοδικδν
1250 1186 1368 1221 γράμμα
1392 1184 1444 1220 τῆς
1469 1184 1549 1220 ἡμῶν
1579 1185 1758 1220 μετριότητος

967 1233 1120 1260 ἀπολέλυτα
1125 1242 1143 1260 ι.

1130 1278 1151 1314 -ξ-
1170 1275 1240 1313 Εἶχε
1254 1278 1289 1305 τό
1301 1286 1307 1294 ·
1325 1277 1462 1312 Muri..."
1478 1277 1536 1305 ινδ.
1557 1281 1594 1306 a'.

969 1351 1063 1379 XLIII.
1092 1350 1215 1386 Synndus
1247 1348 1618 1386 melropolilazhLarissensi,
1646 1351 1691 1382 qui
1728 1350 1759 1377 ob

1006 1387 1103 1414 bellum
1114 1384 1191 1414 Euam
1209 1386 1330 1413 diwcesin
1345 1384 1447 1419 ingredi
1472 1393 1523 1411 non
1539 1389 1633 1418 potest,
1652 1385 1761 1415 per-mi:-

1006 1423 1036 1449 ιῖι
1076 1427 1104 1449 ut
1129 1422 1196 1456 jura
1227 1420 1387 1457 episcopalia
1409 1424 1529 1447 exerceat
1559 1420 1588 1447 ἱιι
1608 1421 1761 1456 episcopatu

1007 1457 1187 1485 C/mrmwnes.

1008 1517 1029 1552 -ι-
1046 1516 1156 1550 Ἐπειδὴ
1177 1516 1191 1542 ὁ
1216 1511 1590 1550 ἱερώτατος⁷μητροπολίτης
1611 1514 1762 1548 Λαρίσσης,

935 1581 957 1612 c
974 1564 1137 1599 ὑπέρτιμος,
1165 1562 1195 1588 ἐν
1221 1561 1291 1596 ἁγίῳ
1311 1561 1453 1596 Πνεύματι
1479 1561 1621 1595 ἀγαπητὸς
1648 1560 1763 1594 ἀδελφὸς

974 1611 1025 1644 τῆς
1050 1609 1130 1645 ἡμῶν
1148 1609 1326 1644 μετριότητος
1346 1607 1394 1634 καὶ
1423 1607 1640 1642 συλλειτουργὸς,
1659 1606 1765 1642 ἔγραψε

974 1657 1024 1683 καὶ
1037 1656 1189 1691 ἀνήνεγκεν
1216 1655 1256 1685 εἰς
1274 1655 1325 1688 τὴν
1349 1653 1410 1680 καθ’
1425 1653 1500 1687 ἡμᾶς
1527 1653 1604 1688 ἱερὰν
1619 1654 1665 1680 καὶ
1690 1653 1766 1679 θείαν

977 1702 1098 1733 σύνοδον,
1113 1701 1152 1732 ὠς
1168 1701 1200 1727 ἐκ
1215 1700 1264 1734 τῆς
1283 1699 1478 1734 ὲπισυμϐάσης
1493 1699 1533 1730 είς
1550 1698 1596 1725 τδν
1615 1699 1704 1725 ἐκεῖσε
1720 1698 1765 1724 τό-

976 1757 1027 1774 πον
1048 1746 1208 1783 συγχύσεως
1223 1746 1272 1772 κιιῖ¹
1293 1744 1453 1779 ἀνωμαλίας
1472 1744 1525 1771 ἀπὸ
1540 1743 1590 1778 τῆς
1608 1743 1698 1778 μάχης
1718 1743 1768 1777 ἐμ-

976 1793 1126 1826 ποδίζεται,
1145 1793 1192 1819 καὶ
1208 1791 1284 1818 οὐδὲν
1299 1791 1356 1826 ἔχει
1376 1791 1419 1817 ἐπ’
1436 1790 1528 1822 ἀδείας
1548 1789 1713 1816 καταλαϐεἷν
1727 1789 1769 1820 είς

975 1840 1025 1875 τὴν
1039 1839 1179 1874 λαχοῦσαν
1196 1838 1277 1864 αὐτὸν
1300 1837 1458 1872 ἀγιωτάτην
1478 1835 1645 1871 μητρόπολιν
1664 1835 1768 1870 Λαρίσ-

978 1894 1028 1920 σης
1053 1886 1100 1912 καὶ
1132 1883 1310 1919 εὑρίσκεσθαι
1334 1883 1382 1910 καὶ
1406 1883 1511 1917 διάγειν
1532 1883 1561 1908 ἐν
1583 1882 1651 1916 αὐτῇ
1668 1881 1716 1908 καὶ
1735 1883 1769 1907 τὰ

977 1930 1110 1964 ἐφειμένα
1136 1929 1222 1964 τούτῳ
1237 1928 1440 1964 ἀρχιερατικῶς
1465 1927 1681 1963 διαπράττεσθαι
1692 1946 1700 1960 ,
1716 1928 1769 1953 ἀπ-

978 1977 1044 2012 ῆλθε
1076 1975 1106 2003 δὲ
1123 1975 1167 2003 διὰ
1180 1975 1262 2002 τοῦτο
1276 1975 1324 2001 καὶ
1339 1975 1499 2008 εὑρίσκεται
1509 1974 1548 2005 είς
1563 1974 1613 2009 τὴν
1629 1973 1674 2000 ὑπ’
1686 1973 1771 2000 αὐτὸν

979 2022 1135 2058 ἀγιωτάτην
1154 2021 1309 2056 ἐπισκοπὴν
1340 2020 1515 2056 Χαρμαινης,
1532 2021 1562 2046 ἐν
1576 2020 1706 2055 στερήσει
1727 2020 1770 2047 εὐ-

980 2069 1147 2105 ρισκομένην
1162 2068 1315 2103 ἀρχιερέως
1340 2067 1464 2102 γνησίου,
1486 2066 1534 2093 καὶ
1557 2066 1699 2101 ἐζήτησεν,
1727 2066 1771 2092 ἵνα

979 2117 1119 2151 ἐπιτραπῇ
1134 2114 1294 2146 συνοδικῶς,
1310 2113 1381 2140 ὥστε
1408 2114 1477 2148 πρὸς
1494 2115 1603 2148 καιρδν,
1625 2113 1723 2148 μέχρις
1738 2113 1774 2139 ἂν

980 2164 1102 2200 δηλονότι
1117 2163 1152 2190 τὰ
1170 2162 1219 2196 τῆς
1238 2161 1330 2197 μάχης
1345 2160 1471 2195 διαλυθῇ,
1487 2161 1536 2187 καὶ
1552 2160 1677 2195 εἰρηνικὴ
1691 2159 1774 2186 πάλιν

981 2210 1149 2240 κατάστασις
1179 2209 1220 2240 εἰς
1245 2207 1291 2234 τὸν
1307 2207 1398 2234 ἐκεῖσε
1424 2207 1537 2241 γένηται
1564 2206 1659 2238 τόπον,
1685 2207 1714 2232 ἐν
1739 2207 1771 2240 τῇ

944 2262 970 2292 D
984 2256 1099 2291 τοιαύτῃ
1114 2255 1163 2289 τῆς
1175 2253 1340 2289 Χαρμαίνης
1353 2253 1492 2288 ἐπισκοπῇ
1506 2252 1613 2286 διάγειν
1631 2253 1678 2280 καὶ
1690 2253 1724 2279 τὰ
1739 2253 1773 2287 τῇ

983 2301 1176 2338 ἀρχιερωσύνη
1187 2299 1270 2327 αὐτοῦ
1286 2299 1422 2335 ἀνήκοντα
1436 2298 1663 2333 διαπράττεσθαι,
1675 2297 1774 2332 διέγνω

983 2350 1001 2384 ἡ
1018 2348 1166 2383 μετριότης
1184 2347 1265 2382 ἡμῶν
1280 2346 1388 2380 σύναμα
1406 2346 1461 2376 τοῖς
1477 2345 1543 2378 περὶ
1561 2344 1647 2379 αὐτὴν
1661 2344 1776 2380 ἱερωτά-

983 2404 1041 2426 τοις
1062 2392 1235 2429 ἀρχιερεῦσι,
1259 2391 1297 2426 τῷ
1317 2390 1494 2426 Ἡρακλείας,
1514 2389 1554 2424 τῷ
1579 2389 1716 2424 Σάρδεων,
1736 2389 1775 2423 τῷ

984 2441 1116 2472 Νικαίας,
1136 2439 1174 2473 τῷ
1185 2437 1368 2473 Χαλκηδόνος,
1384 2436 1424 2471 τῷ
1441 2435 1647 2469 Φιλαδελφείας,
1668 2433 1706 2470 τῷ
1718 2434 1775 2461 Με-

983 2487 1106 2522 λιτηνῆς,
1128 2486 1166 2521 τῷ
1196 2483 1441 2520 Ποντοηρακλείας,
1458 2483 1497 2518 τῷ
1527 2483 1637 2518 Πηγῶν,
1652 2481 1691 2517 τῷ
1705 2481 1776 2516 Δυρ-

987 2534 1094 2568 ραχίου,
1110 2531 1149 2567 τῷ
1166 2532 1276 2567 ’Ᾱπρω,
1296 2530 1335 2565 τῷ
1355 2531 1486 2566 Μεσήνης
1503 2529 1551 2556 καὶ
1565 2529 1605 2565 τῷ
1630 2528 1777 2564 ὐποψηφίῳ

985 2579 1149 2610 Μελενίκου,
1172 2578 1233 2605 δέον
1257 2576 1326 2604 εἶναι
1348 2577 1390 2604 διὰ
1411 2576 1461 2612 τὴν
1481 2575 1606 2610 ἀνάγκην
1619 2575 1674 2602 τῶν
1686 2576 1776 2602 ἐκεῖσε

987 2625 1161 2660 πραγμάτων
1175 2625 1222 2650 καὶ
1235 2623 1297 2654 τοὺς
1314 2622 1495 2658 βουλομένους
1509 2621 1635 2656 ἱερᾶσθαι
1647 2620 1693 2648 καὶ
1706 2620 1778 2647 κατά

986 2671 1035 2707 τὴν
1053 2671 1131 2704 τάξιν
1154 2669 1327 2705 προάγεσθαι
1356 2668 1406 2703 τὴν
1435 2667 1679 2703 ἐκκλησιαστικὴν,
1703 2667 1779 2702 εὑρί-

989 2717 1103 2744 σκεσθαι
1120 2717 1166 2744 τὸν
1185 2716 1342 2748 δηλωθέντα
1361 2715 1508 2750 ἱερώτατον
1523 2715 1654 2750 ἀρχιερέα
1673 2713 1779 2749 Λαρίσ-

989 2773 1037 2800 σης
1054 2764 1083 2790 ἐν
1104 2764 1137 2798 τῇ
1155 2762 1292 2798 εἰρημένῃ
1307 2762 1445 2797 ἐπισκοπῇ
1471 2761 1520 2796 τῆς
1535 2760 1711 2795 Χαρμαίνης,
1725 2757 1780 2789 ἓως

988 2811 1021 2838 ἂν
1035 2809 1161 2846 εἰρηνικὴ
1176 2809 1256 2836 πάλιν
1271 2809 1438 2838 κατάστασις
1451 2807 1564 2842 γένηται
1578 2808 1618 2836 είς
1629 2806 1675 2833 τὸν
1689 2803 1779 2831 τοιοῦο

989 2865 1034 2883 τον
1049 2857 1142 2888 τόπον,
1165 2856 1213 2882 καὶ
1235 2856 1389 2890 ἱερουργεῖν
1406 2855 1435 2880 ἐν
1451 2854 1519 2888 αὐτῇ
1537 2853 1585 2880 καὶ
1610 2850 1778 2887 χειροτονίας

989 2903 1120 2931 διακόνων
1143 2902 1189 2930 καὶ
1205 2902 1399 2936 πρεσϐυτέρων
1419 2899 1465 2926 καὶ
1489 2898 1585 2931 τᾶλλα,
1608 2898 1659 2924 ὅσα
1671 2896 1778 2929 ἐφεῖται
