1951 3074
192 140 256 172 1151

190 203 249 227 γειν
264 194 311 221 καὶ
328 193 450 228 μηδόλως
465 194 611 227 ταράττειν
627 193 693 228 μηδὲ
708 192 906 228 διενοχλεῖν.Ἶῐ
922 194 976 228 γὰρ
990 193 1014 223 Α

163 271 168 276 ,
189 239 224 267 ἂν
237 241 272 267 δι’
291 240 390 272 αἰῶνος
406 239 547 274 ἀπέραντα
565 240 671 265 πονοῖεν
695 239 718 265 οἱ
742 239 828 265 ταῦτα
855 247 977 274 προῃρη-

193 287 279 320 μένοι,
297 287 376 320 εῐπερ
392 285 446 311 τῶν
460 285 512 320 πρὸ
525 285 614 311 αὐτῶν
629 285 759 315 πολλάκις
774 285 822 311 καὶ
837 285 978 319 ἀποχρών-

191 342 244 362 τως
259 332 449 366 δικασαμένων
467 332 512 358 καὶ
530 332 744 365 ἀγωνισαμένων
760 331 785 357 οί
803 330 918 364 καθεξῆς
935 329 979 356 ἀεὶ

191 381 248 409 τοῐς
265 378 371 412 ὁμοίοις
395 377 542 412 ὲμμένοιεν
558 378 604 403 καὶ
620 377 754 411 πειρῷντο
777 377 823 402 τὸν
848 377 904 403 ἴσον
917 375 981 410 τρό-

192 434 243 451 πον
255 424 411 458 διενοχλεϊν.
431 424 463 449 ’Ὁ
477 423 508 458 δὴ
531 423 681 458 καθορᾶται
698 423 848 457 συμϐαῖνον
866 422 912 449 καὶ
932 422 980 448 ἐπὶ

191 473 224 506 τῇ
245 472 346 504 μεταξὺ
375 471 423 497 νῦν
439 470 570 497 ὑποθέσει
583 469 630 496 τοῦ
646 478 675 496 τε
699 469 847 504 ἱερωτάτου
875 477 980 504 μητρο-

191 518 301 544 πολίτου
329 517 481 551 Λαρίσσης,
505 517 665 552 ὑπερτίμου,
685 516 756 544 κατὰ
777 515 885 550 πνεῦμα
900 514 979 542 ἀδελ-

193 563 243 598 φοῦ
262 565 307 590 καὶ
325 563 535 599 συλλειτουργοῦ
553 564 604 598 τῆς
623 563 704 597 ἡμῶν
729 564 916 598 μετριότητος,
932 562 980 588 καὶ

192 609 248 635 τῶν
274 609 512 644 Μαρμαριανιτῶν
541 608 678 643 μοναχῶν.
704 606 789 638 οὗτος
813 608 860 634 καὶ
884 607 940 641 γὰρ
966 606 981 632 ὁ

193 654 341 689 ἱερώτατος
359 653 571 688 μητροπολίτης,
589 653 722 687 πρότερον
739 653 790 687 μὲν
804 652 920 686 ταυτησὶ
931 653 981 686 τῆς

195 701 279 734 μονῆς
296 699 485 733 ὴγουμενικῶς
499 700 708 734 προϊστάμενος,
725 699 772 726 καὶ
788 698 867 730 εἰδὼς
891 698 980 725 ὁπόσα

195 745 266 778 αὕτη
285 746 416 780 κέκτηται
448 746 622 780 δικαιώματα
638 745 736 781 (ταῦτα
753 745 776 772 δ’
803 746 856 772 είσὶ
882 744 981 780 χρυσό-

194 791 301 817 6ουλ).οι
324 791 399 824 λόγοι
415 791 461 817 καὶ
489 791 677 826 πατριαρχικά
702 790 909 825 ὑπομνήματα),
929 789 981 816 ὑπὸ

181 838 243 872 ,τὴν
259 838 401 873 περιωπὴν
425 840 474 874 τῆς
489 838 551 864 καθ’
566 839 640 873 ἡμᾶς
660 838 818 872 ἁγιωτάτης
843 836 891 863 τοῦ
912 835 980 863 Θεοῦ

194 884 325 919 Μεγάλης
345 884 509 919 Ἐκκλησίας
526 884 612 911 τελεῖν
629 885 678 919 τὴν
693 885 778 920 μονὴν
792 883 981 916 ἐπιτάττοντα,

195 929 243 955 ἅτε
255 929 343 964 δὴῒπὶ
357 929 553 965 σταυροπηγίῳ
570 930 762 965 πατριαρχικῷ
778 929 980 962 ἀνιδρυθεῑσαν,

194 977 208 1002 ὁ
223 976 251 1003 δὲ
272 977 320 1003 καὶ
336 976 408 1003 οὕτω
424 978 480 1008 τοῖς
499 977 627 1011 μοναχοῖς
643 976 676 1002 δι’
697 976 776 1011 ὅχλου
799 975 963 1002 καθίσταται
974 982 982 990 ·

194 1022 258 1056 ἄρτι
285 1022 335 1057 μὲν
352 1023 401 1058 τῆς
412 1023 467 1049 τῶν
490 1022 663 1056 Λαρισσαίων
691 1021 894 1057 ἀρχιερατικῶς
910 1021 984 1055 ἡγεῖ-

197 1069 260 1095 σθαι
279 1068 371 1104 λαχὼν
388 1070 595 1104 μητροπόλεως,
613 1069 713 1096 αὐτίκα
728 1069 756 1095 δὲ
775 1069 823 1095 καὶ
839 1069 896 1100 τοῖς
909 1069 987 1103 είρη-

198 1116 291 1150 μένοις
306 1116 491 1150 δικαιώμασιν
506 1115 627 1151 ἐντυχὼν
649 1116 697 1142 καὶ
713 1115 819 1147 τούτοις
833 1115 914 1141 οἱονεί
929 1122 985 1140 τισι

196 1162 322 1197 κέντροις
338 1162 405 1198 πρὸς
422 1163 471 1198 τὴν
485 1162 535 1197 τῆς
557 1162 640 1197 μονῆς
656 1161 873 1196 ὑπονυττόμενος
891 1160 986 1194 ἔφεσιν

196 1209 244 1235 καὶ
273 1209 321 1244 τὴν
346 1209 506 1236 δεσποτείαν
536 1209 626 1244 ἑαυτῷ
651 1207 821 1243 πειρώμενος
846 1206 985 1234 κατακτᾶ-

198 1255 272 1288 σθαι,
294 1256 397 1290 ταύτην
423 1256 510 1291 αὐτὴν
537 1255 738 1283 ὑποτάττεσθαι
761 1256 794 1290 τῇ
817 1252 985 1289 μητροπόλει

197 1303 290 1339 ζητῶν
301 1304 347 1330 καὶ
363 1303 426 1334 τοὺς
445 1305 473 1330 ἐν
488 1305 557 1339 αὐτῇ
578 1304 714 1338 μοναχοὺς
741 1299 937 1337 άνακρίνεσθαί
954 1308 985 1325 τε

197 1351 243 1377 καὶ
259 1352 412 1382 κανονικῶς
423 1350 470 1377 ὑπ’
482 1349 566 1377 αὑτοῦ
580 1348 765 1384 διεξάγεσθαι.
784 1348 835 1374 Διά
847 1346 927 1374 τοῦτο
939 1344 986 1372 καί

198 1405 274 1427 τινας
295 1396 379 1423 αὑτοῦ
407 1397 542 1431 μονσχοὺς
562 1396 632 1431 πρδς
657 1396 707 1429 τὴν
732 1393 795 1422 καθ’
813 1394 888 1428 ἡμᾶς
910 1392 986 1419 θείαν

996 863 1019 893 Β

201 1443 247 1469 καὶ
271 1442 347 1477 ίεράν
365 1442 475 1469 σύνοδον
491 1441 773 1477 ἁντικριθησομένους
790 1441 848 1472 τοῖς
865 1440 987 1474 Μαρμα-

200 1488 333 1524 ριανίταις
348 1489 498 1523 ἐκπέμπει.
517 1489 572 1516 Καὶ
589 1489 621 1523 δὴ
631 1487 823 1523 παραστάντες
837 1483 910 1513 οὗτοι
925 1494 987 1512 συν-

196 1535 294 1565 οδικῶς
319 1534 534 1569 προκαθημένης
545 1535 596 1569 τῆς
607 1534 686 1570 ἡμῶν
704 1534 891 1569 μετριότητος,
904 1531 987 1567 προέ-
1001 1544 1022 1574 C

199 1590 292 1609 τειναν
309 1581 359 1616 μὲν
377 1582 514 1615 δικαίωμα
537 1582 570 1616 τῇ
588 1580 755 1616 μητροπόλει
777 1580 890 1614 γεγονδς
908 1579 986 1615 παρά

197 1628 245 1656 τοῦ
259 1629 309 1663 τὴν
326 1628 416 1654 ἐκεῖσε
432 1628 525 1663 χώραν
539 1627 579 1662 τῷ
596 1627 657 1654 τότε
672 1626 734 1654 κατ’
747 1626 873 1659 ἐξουσίαν
886 1626 986 1653 αὐθεν-

197 1675 277 1709 τικὴν
297 1673 450 1704 διέποντος,
463 1673 511 1699 τοῦ
524 1672 656 1699 δεσπότου
672 1671 779 1698 ἐκείνου
793 1670 847 1705 κῦρ
862 1670 984 1706 Μιχαὴλ,

198 1721 237 1751 ὡς
259 1720 361 1754 μεταξὺ
381 1720 429 1746 καὶ
446 1719 507 1746 τότε
532 1719 578 1746 τοῦ
595 1727 625 1745 τε
645 1719 695 1754 τῆς
715 1717 910 1753 μητροπόλεως
936 1718 986 1753 μέ-

202 1775 266 1802 ρους
283 1768 327 1794 καὶ
343 1767 391 1801 τῆς
403 1766 553 1802 εἰρημένης
580 1766 665 1801 μονῆς
688 1765 923 1801 ἀμφισϐητήσεως
940 1765 988 1791 καλ⁵

199 1813 341 1846 διενέξεως
357 1813 526 1847 κατεχούσης
540 1812 604 1847 περὶ
619 1812 706 1847 αὐτῆς
720 1812 751 1848 δὴ
764 1811 814 1845 τῆς
834 1811 920 1846 μονῆς
934 1811 988 1837 ὑπὸ

200 1860 250 1894 την
265 1859 433 1895 μητρόπολιν
446 1859 562 1893 ἄγεσθαι
576 1858 623 1886 τοῦ
648 1859 709 1886 κατ’
730 1858 815 1892 αὐτὴν
835 1858 987 1894 ἀρχιερέως

199 1903 338 1937 ἀξιοῦντός
355 1913 386 1931 τε
402 1905 449 1932 καὶ
475 1904 657 1936 δικαιοῦντος.
681 1904 738 1932 Καὶ
756 1904 849 1940 μέντοι
863 1904 911 1930 κα¹ι
927 1903 988 1938 κρί-

200 1960 271 1983 σεως
294 1951 341 1978 ἐπὶ
358 1951 447 1985 τούτῳ
470 1951 622 1984 γενομένης
654 1949 730 1984 παρά
755 1949 803 1976 τοῦ
829 1949 988 1983 Γοριανίτου

200 1998 307 2025 ἐκείνου
327 1997 379 2024 ὑπὸ
395 1997 434 2032 τῷ
448 1997 568 2034 δεσπότῃ
594 1997 736 2028 τελοῦντος
759 1996 806 2023 καὶ
824 1996 859 2023 τὰ
874 1995 989 2023 τοιαῦτα

201 2043 447 2079 ὲξυπηρετοῦντος,
465 2044 506 2071 έτι
519 2044 548 2070 δὲ
565 2044 609 2070 καὶ
622 2043 707 2070 αὑτοῦ
722 2042 769 2070 τοῦ
786 2043 918 2070 δεσπότου
935 2043 988 2077 κῦρ

202 2090 311 2126 Μιχαὴλ
333 2090 373 2126 τῷ
397 2089 537 2125 εἰρημένῳ
553 2090 699 2125 γράμματι
716 2090 762 2116 καὶ
775 2088 941 2122 δικαιώματι
956 2088 991 2115 τὰ

202 2138 253 2172 τῆς
268 2136 386 2172 κρίσεως
403 2136 578 2172 βεῦαιοῦντος
590 2144 597 2152 ·
616 2136 773 2172 προέτεινον
788 2135 813 2162 οι
828 2134 876 2162 τοῦ
889 2134 992 2170 Λαρίσ-

204 2192 253 2217 σης
269 2182 317 2210 καὶ
332 2182 531 2218 χρυσόδουλλον
547 2182 641 2216 ἕτερον
664 2181 711 2209 τοῦ
729 2182 865 2217 βασιλέως
878 2181 925 2208 τοῦ
939 2190 992 2208 πα-

203 2228 266 2265 τρὸς
282 2228 329 2255 τοῦ
346 2230 493 2263 κρατίστου
505 2229 553 2255 καὶ
564 2229 644 2262 ἁγίου
660 2237 709 2263 μου
726 2228 940 2263 αὐτοκράτορος,
956 2229 992 2255 τὰ

205 2276 254 2309 τῆς
269 2275 426 2307 ὑποθέσεως
440 2276 469 2302 ὲν
485 2275 592 2310 ὑστέρῳ
610 2275 657 2301 καὶ
675 2274 742 2301 αὐτὸ
756 2274 933 2301 έπιῦεὸαιοῠν
946 2274 994 2301 καὶ

206 2322 240 2357 τῇ
253 2322 394 2356 Λαρίσσης
409 2321 459 2356 τὴν
471 2321 520 2355 τῆς
546 2321 629 2356 μονῆς
653 2320 831 2355 ἐπιστηρίζον
860 2318 939 2351 αὖθις
952 2319 995 2346 δε-

208 2368 339 2395 σποτείαν
353 2367 544 2402 πνευματικὴν
556 2367 604 2394 καὶ
615 2367 779 2402 ἐπιτροπήν.
790 2366 845 2393 Καὶ
860 2363 932 2400 ἦσαν
946 2366 998 2401 μὲν

209 2415 243 2441 τὰ
254 2413 368 2441 τοιαῦτα
385 2413 572 2448 δικαιώματα,
588 2412 626 2444 ὡς
642 2412 713 2440 οὕτω
730 2421 763 2447 γε
779 2412 908 2445 ἀκοῦσαι,
923 2413 997 2447 ισχυ-

210 2461 246 2496 ρὰ
259 2462 292 2495 τῇ
307 2459 448 2495 Λαρίσσης
462 2460 511 2487 καὶ
535 2459 734 2495 ἀναντίρρητα,
755 2459 820 2495 πρίν
834 2468 866 2493 γε
894 2459 948 2494 μὴν
964 2459 998 2486 τὰ

207 2507 262 2534 τῶν
281 2506 520 2542 Μαρμαριανιτῶν
537 2507 576 2539 είς
595 2507 679 2541 μέσον
695 2496 838 2541 ἐνεχθῆναι
852 2506 899 2533 καὶ
911 2506 1000 2541 ὲμφα-

209 2553 341 2587 νίζεσθαι,
356 2553 446 2580 καίτοι
464 2561 495 2587 γε
520 2553 571 2579 οὐκ
592 2553 661 2579 αὐτὰ
675 2553 709 2579 τὰ
723 2552 806 2587 κύρια
823 2552 999 2587 δικαιώματα

210 2598 407 2634 ἐμφανίζοντες
422 2596 492 2633 ἦσαν
506 2598 531 2624 οἱ
547 2597 594 2624 τοῦ
607 2597 759 2632 Λαρίσσης,
774 2597 842 2624 ἀλλά
857 2597 911 2623 τῶν
926 2605 1001 2632 πρω-

210 2645 334 2673 τοτύπων
362 2645 419 2678 ἴσα,
443 2644 480 2677 ὡς
505 2645 595 2671 αὐτῶν
608 2644 640 2679 δὴ
667 2644 722 2670 τῶν
745 2643 933 2678 πρωτοτύπων
954 2643 1000 2670 ὑπ’

212 2693 313 2725 ἄλλοις,
328 2692 365 2723 ὡς
379 2691 492 2725 ἕτασαν,
511 2691 730 2728 εὑρισκομένων,
747 2690 820 2717 οὑτω
837 2690 884 2717 τοῦ
903 2690 1002 2726 καιροῦ

214 2739 426 2775 σχεδιάσαντος’
452 2737 523 2765 ἀλλὰ
555 2737 643 2765 ταῦτα
669 2737 719 2772 μὲν
741 2737 766 2763 οἱ
790 2736 836 2763 τοῦ
861 2737 1003 2772 Λαρίσσης

214 2786 406 2821 προτείνοντες
432 2782 514 2820 ἦσαν,
532 2785 570 2816 ὡς
594 2783 713 2819 εἴρηται,
730 2785 775 2810 καὶ
791 2783 838 2810 ἐπὶ
855 2783 962 2815 τούτοις
973 2784 1004 2810 τὸ

215 2834 269 2859 πᾶν
300 2832 512 2868 ἰσχυριζόμενοι.
539 2831 728 2867 ῘΙροεκόμισαν
752 2830 781 2857 δὲ
807 2831 881 2866 ὅμως
906 2830 953 2857 καὶ
978 2831 1003 2857 οι

219 2881 448 2918 Μαρμαριανῖται
471 2881 505 2908 τὰ
531 2879 666 2915 προσόντα
686 2881 719 2914 τῇ
739 2881 807 2915 μονῇ
827 2879 1012 2914 δικαιώματα,

661 131 826 170 JOANNIS
845 139 980 170 δινσιε
998 137 1043 168 CP
1077 134 1338 168 PATRIARCHE

1749 128 1833 162 “52

1029 193 1075 219 καὶ
1089 192 1158 219 κατά
1174 192 1257 227 μέρος
1282 192 1329 218 καὶ
1341 189 1429 218 ταῦτα
1454 189 1716 226 ὑπανεγνώσθησαν,
1730 190 1833 217 πολλά

1029 248 1059 265 τε
1073 239 1138 266 δντα
1153 240 1201 266 καὶ
1214 239 1249 266 τὰ
1265 239 1315 272 τῆς
1330 239 1488 270 ὑποθέσεως
1506 238 1626 273 έξαρχῆς
1650 238 1754 265 διιόντα
1771 238 1831 264 καὶ

1029 287 1070 315 ἐτι
1083 287 1259 320 παλαιτέρων
1275 286 1365 314 ἄλλων
1384 286 1430 313 ἐπὶ
1446 286 1586 313 δικαιώσει
1600 287 1652 321 τῆς
1668 286 1756 319 μονῆς
1768 285 1831 319 τὴν

1032 334 1143 370 μνήμην
1171 333 1333 368 ποιούμενα,
1353 333 1561 369 χρυσοῦούλλων
1590 331 1712 368 δηλονότι
1741 330 1831 366 παρὰ

1029 381 1085 406 τῶν
1096 379 1228 414 ἀοιδίμων
1238 379 1389 414 γεγονότων
1402 378 1545 414 βασιλέων,
1555 378 1603 405 τοῦ
1616 387 1645 405 τε
1662 377 1744 412 κῦρἸ
1750 385 1831 403 61a.—

1031 426 1090 453 κίου
1103 426 1152 453 καὶ
1169 425 1214 453 τοῦ
1230 426 1400 460 αὑταδέλφου
1425 425 1520 456 αὐτοῦ,
1546 425 1599 460 κῦρ
1622 424 1760 458 Ἀλεξίου,
1783 424 1832 450 ἔτι

1031 471 1059 498 δὲ
1076 471 1122 498 καὶ
1140 471 1351 506 πατριαρχικῶν
1373 470 1579 506 ὑπομνημάτων
1595 471 1641 497 καὶ
1660 469 1768 496 λοιπῶν
1784 469 1834 495 δι-

1032 520 1213 552 καιωμάτων,
1239 518 1269 544 ὲν
1283 515 1323 549 οἷς
1343 517 1375 553 δὴ
1399 518 1457 548 τοῖς
1484 515 1695 551 προκομισθεῖσι
1718 513 1831 548 δηλαδὴ

1031 563 1099 598 παρ’
1112 564 1203 590 αὐτῶν
1214 564 1382 599 δικαιώμασι
1404 564 1452 590 καὶ
1469 563 1587 598 γράμμα
1601 561 1709 596 προσῆν
1723 561 1831 594 ἕτερον

1030 610 1079 637 τοῦ
1095 610 1287 644 διαληφθέντος
1312 610 1457 642 δεσπότου,
1482 609 1536 645 κῦρ
1556 609 1677 645 Μιχαὴλ,
1699 608 1731 635 τὸ
1751 616 1829 642 προ-

1031 656 1143 690 γεγονὸς
1158 658 1191 691 τῇ
1207 657 1374 692 μητροπόλει
1385 656 1540 691 ἀνατρέπον
1554 656 1601 682 καὶ
1615 655 1762 689 ἀναιροῦν,
1777 654 1831 680 καὶ

1032 703 1092 738 τὴν,
1112 703 1174 730 ὅθεν
1186 702 1266 730 τοῦτο
1280 703 1399 738 προέϐη,
1413 703 1503 730 αἰτίαν
1519 702 1648 737 καθαρῶς
1662 701 1829 737 παριστῶν,

1033 750 1064 776 ὲκ
1083 750 1196 784 ψεύδους
1208 749 1331 785 δηλονότι
1347 750 1394 777 καὶ
1409 750 1518 785 ἀπάτης
1537 750 1569 784 τῇ
1587 749 1634 775 τοῦ
1654 747 1830 783 Γοριανίτου

1032 796 1123 831 κρίσει
1150 796 1348 828 συσκευασθὲν,
1374 797 1433 831 ἅμα
1460 796 1490 823 δὲ
1519 796 1564 822 καὶ
1583 794 1760 828 δηλοποιοῦν,
1787 794 1831 825 ὡς

1033 843 1105 870 κατὰ
1123 843 1237 878 ζήτησιν
1253 843 1335 870 αὑτοῦ
1353 843 1385 878 δὴ
1398 843 1445 869 τοῦ
1459 842 1591 869 δεσπότου
1613 843 1661 869 καὶ
1677 841 1831 875 παράκλη-

1036 898 1078 916 σιν
1094 890 1140 916 ἐπὶ
1151 889 1294 924 διορθώσει
1309 890 1360 925 τῆς
1380 889 1539 921 ὑποθέσεως
1556 889 1603 916 καὶ
1625 890 1657 915 τὸ
1674 889 1724 914 τοῦ
1738 888 1831 915 ἀοιδί-

1036 944 1088 971 μου
1107 935 1239 971 βασιλέως
1252 936 1305 971 κῦρ
1323 936 1448 963 Ἰωάννου
1464 934 1662 971 χρυσόόουλλον
1679 933 1728 961 ἐπὶ
1744 935 1830 961 ἀναι-

1035 983 1110 1018 ρέσει
1125 983 1172 1009 καὶ.
1189 982 1329 1018 ἀκυρώσει
1345 982 1392 1010 τοῦ
1408 982 1542 1017 προτέρου
1556 982 1640 1009 αὐτοῦ
1657 981 1830 1017 χρυσοδούλσ

1034 1029 1081 1056 λου
1101 1030 1134 1065 τῇ
1154 1030 1222 1065 μονῇ
1237 1029 1353 1064 προέϐη,
1369 1029 1417 1056 ἀτε
1431 1028 1464 1062 δὴ
1482 1028 1534 1063 τῆς
1550 1027 1681 1062 ἀληθείας
1692 1027 1830 1062 καθαρῶς

1035 1076 1218 1111 αἰθριασάσης
1235 1075 1349 1102 καὶτῶν
1363 1076 1395 1110 τῇ
1415 1075 1483 1110 μονῇ
1501 1074 1658 1108 προσόντων
1670 1073 1833 1108 δικαιωμά-

1034 1131 1089 1149 των
1106 1121 1255 1157 ἐσύστερον
1279 1119 1483 1155 ἀναφανέντων,
1504 1120 1558 1147 ὑπὸ
1584 1120 1634 1155 τῆς
1650 1119 1698 1146 τοῦ
1726 1119 1831 1156 καιροῦ

1034 1169 1196 1203 ἀνωμαλίας
1215 1169 1244 1196 τὸ
1265 1169 1397 1203 πρότερον
1421 1167 1628 1203 ἀφανισθέντων
1647 1167 1695 1193 καὶ
1711 1167 1762 1193 ἐπὶ
1779 1175 1834 1200 μα-

1035 1213 1101 1249 κρὸν
1116 1213 1225 1248 συμόἀν
1238 1214 1308 1241 αὐτὰ
1325 1213 1510 1250 κρύπτεσθαι,
1530 1213 1570 1240 ἔτι
1584 1221 1614 1246 γε
1634 1212 1689 1247 μὴν
1712 1213 1762 1239 καὶ
1781 1211 1833 1239 τοῦ

1038 1261 1207 1296 μυροὸλύτου
1220 1262 1267 1287 καὶ
1281 1259 1506 1295 θαυματοὸρύτου
1520 1259 1677 1295 Δημητρίου
1704 1258 1745 1293 μὴ
1767 1260 1836 1286 ἀνα-

1038 1308 1133 1342 σχετδν
1150 1307 1338 1343 ποιησαμένου
1366 1306 1402 1333 τὰ
1427 1306 1476 1340 τῆς
1491 1305 1620 1340 ἀληθείας
1638 1306 1677 1337 είς
1703 1305 1784 1337 τέλος
1803 1305 1835 1331 ὲν

1036 1355 1136 1388 ἀφανεῖ
1164 1353 1351 1389 κρύπτεσθαι,
1370 1352 1439 1380 ἀλλά
1460 1352 1614 1387 θαυμάσιόν
1626 1361 1689 1379 τινα
1715 1352 1834 1386 τρόπον,

1039 1401 1140 1436 μᾶλλον
1167 1401 1195 1428 δὲ
1219 1400 1294 1435 αὐτῷ
1318 1399 1423 1435 συνήθη
1451 1399 1500 1426 καὶ
1515 1399 1657 1434 πρέποντα
1680 1399 1836 1434 φοσήτροις

1036 1448 1092 1474 τισὶ
1111 1448 1157 1474 καὶ
1185 1448 1312 1482 φάσμασι
1331 1447 1378 1473 καὶ
1404 1445 1640 1480 ὲκδειματὼσεσιν
1663 1445 1693 1471 ὲν
1723 1445 1836 1477 τούτοις
1874 1463 1884 1468 -

1037 1494 1084 1520 καὶ
1104 1493 1190 1520 νόσων
1208 1493 1367 1526 ἐπαγωγαῖς
1385 1491 1433 1518 καὶ
1464 1492 1597 1522 ποικίλοις
1613 1491 1672 1517 τισὶ
1694 1490 1835 1522 τοιούτοις

1038 1540 1086 1567 τὸν
1103 1539 1159 1574 κῢρ
1182 1539 1294 1574 Μιχαὴλ
1311 1539 1416 1565 ἐκεῖνον
1438 1538 1483 1565 τὸν
1496 1538 1631 1571 δεσπότην
1644 1537 1715 1571 πρὸς
1737 1537 1838 1564 cuni.

1040 1587 1136 1622 σθησιν
1149 1586 1310 1619 ἀγαγόντος,
1324 1585 1362 1616 ὡς
1384 1585 1415 1611 οὺ
1432 1584 1524 1616 καλῶς
1539 1584 1593 1619 ἀρα
1609 1583 1648 1618 τῷ
1661 1583 1708 1610 τοῦ
1723 1584 1838 1619 Λαρίσ-

1042 1641 1093 1668 σης
1109 1633 1186 1667 μέρει
1201 1631 1251 1666 τὴν
1265 1632 1315 1665 τῆς
1330 1631 1485 1662 ὑποθέσεως
1499 1630 1642 1657 δικαίωσιν
1658 1630 1703 1658 διὰ
1722 1630 1775 1658 τοῦ
1796 1631 1839 1658 εε-

1043 1678 1163 1714 ρημένου
1195 1678 1362 1713 γράμματος
1396 1677 1598 1713 ποιησάμενον,
1631 1677 1695 1704 Ἐπὶ
1726 1677 1840 1709 τούτοις

1043 1725 1136 1760 μέντοι
1160 1724 1228 1751 πᾶσι
1252 1723 1300 1750 καὶ
1316 1723 1505 1758 ὑπομνήματα
1525 1723 1717 1758 πατριαρχικά
1731 1725 1788 1751 τῶν
1808 1725 1841 1751 ὲν

1044 1771 1170 1807 μακαρίᾳ
1188 1771 1222 1805 τῇ
1242 1770 1318 1806 λήξει
1336 1770 1527 1805 πατριαρχῶν,
1539 1770 1588 1796 τοῦ
1601 1778 1630 1796 τε
1647 1769 1700 1804 κῦρ
1723 1770 1840 1805 Γερμαο

1043 1816 1089 1843 νοῦ
1104 1817 1150 1843 καὶ
1170 1815 1216 1843 τοῦ
1231 1815 1285 1851 κῧρ
1303 1815 1443 1851 Μανουὴλ,
1464 1815 1541 1850 παρὰ
1555 1816 1611 1843 τῶν
1629 1815 1758 1850 μοναχῶν
1769 1825 1841 1850 προ-

1044 1862 1212 1896 κομισθέντα
1229 1862 1276 1889 καὶ
1300 1861 1510 1895 ἀναγνωσθέντα
1525 1861 1572 1888 κα¹ι
1589 1861 1679 1889 ταῦτα
1695 1860 1767 1897 ἦσαν
1787 1863 1839 1896 μὲν

1044 1909 1180 1944 ἀριδήλως
1197 1909 1374 1944 παριστῶντα
1389 1908 1439 1935 σὺν
1455 1910 1511 1940 τοϊς
1534 1908 1640 1940 λοιποῖς
1664 1908 1839 1944 δικαιώμασι

1043 1956 1093 1989 τῆς
1108 1955 1204 1989 μονῆς,
1217 1955 1292 1986 ὅπως
1309 1963 1339 1980 τε
1361 1954 1409 1981 καὶ
1424 1954 1486 1981 ὅθεν
1501 1954 1532 1980 τὺ
1543 1954 1572 1987 ἐξ
1591 1954 1679 1990 ἀρχῆς
1691 1954 1708 1989 ἡ
1722 1955 1774 1989 τῆς
1791 1963 1842 1990 μο-

1045 2002 1093 2035 νῆς
1107 2000 1284 2035 πνευματικὴ
1294 2000 1439 2027 δεσποτεία
1449 2000 1498 2026 καὶ
1513 2000 1645 2035 κυριότης
1656 2001 1690 2035 τῇ
1701 2008 1841 2036 πατριαρ-

1046 2048 1110 2083 χικῇ
1130 2046 1308 2082 προσήκουσα
1327 2046 1520 2081 μεγαλειότητι
1535 2046 1699 2079 διετέλεσεν,
1723 2043 1797 2082 ἦσαν
1812 2047 1841 2073 δὲ

1047 2094 1095 2120 καὶ
1121 2092 1155 2119 δι’
1182 2092 1331 2127 ἐπιτιμίων
1360 2091 1591 2127 φρικωδεστάτων
1615 2091 1654 2126 τῷ
1675 2091 1774 2127 δικαίῳ
1791 2091 1842 2127 τὴν

1049 2139 1127 2174 ίσχὺν
1140 2139 1325 2173 ἀπονέμοντα.
1349 2138 1387 2164 Τὸ
1407 2138 1437 2165 δὲ
1463 2135 1509 2173 ἦν,
1529 2136 1663 2173 μηδαμῶς
1687 2138 1732 2172 ὑφ’
1757 2138 1842 2174 ἑτέρᾳ

1049 2184 1116 2211 ποτὲ
1139 2183 1287 2217 δεσποτεία
1302 2184 1351 2210 καὶ
1374 2183 1518 2218 ἀνακρίσει
1543 2183 1719 2217 πνευματικῇ
1732 2182 1768 2209 τὰ
1789 2183 1842 2217 τῆς

1048 2232 1134 2268 μονῆς
1151 2231 1280 2265 γενέσθαι
1308 2230 1337 2257 τὸ
1364 2229 1488 2260 σύνολον,
1506 2229 1567 2256 ἀλλ’
1586 2229 1604 2264 ἢ
1635 2229 1704 2265 μόνῃ
1726 2230 1760 2264 τῇ
1788 2238 1842 2256 πα-

1045 2277 1193 2312 τριαρχικῇ
1208 2276 1338 2310 περιωπῇ
1366 2274 1578 2310 προσηρμόσθαι
1603 2274 1648 2301 διὰ
1668 2274 1771 2306 παντὸς
1786 2275 1835 2302 καὶ

1046 2322 1131 2357 ταύτῃ
1152 2323 1219 2357 μόνῃ
1235 2322 1275 2353 είς
1288 2321 1333 2347 τδν
1349 2321 1412 2354 ἑξῆς
1428 2320 1539 2348 ἅπαντα
1559 2320 1656 2356 χρόνον
1671 2321 1842 2347 ὑποκύπτειν

1047 2368 1095 2395 καὶ
1111 2367 1310 2395 ὑποτάττεσθαι
1326 2366 1373 2393 καὶ
1384 2366 1432 2392 τοῦ
1445 2365 1650 2401 πατριαρχικοῦ
1665 2365 1747 2400 μόνου
1758 2367 1842 2392 ποιεῖ-

1049 2415 1112 2442 σθαι
1127 2413 1266 2448 ἀναφορὰν
1282 2413 1413 2446 ὀνόματος
1424 2412 1495 2439 κατά
1510 2411 1542 2445 τρ
1557 2411 1674 2438 παλαιὸν
1689 2411 1840 2446 δικαίωμα,

1051 2460 1194 2496 βασιλικὴν
1222 2459 1305 2486 οὖσαν
1330 2458 1388 2492 ἅμα
1416 2459 1464 2485 καὶ
1490 2458 1708 2493 πατριαρχικήν.
1730 2457 1841 2488 τούτοις

1050 2509 1130 2542 ἡμεῖς
1147 2507 1250 2534 ἅπασιν
1267 2505 1392 2540 ἀκριϐῶς
1418 2504 1601 2540 προσσχόντες
1617 2504 1664 2530 καὶ
1679 2503 1728 2538 τὴν
1745 2503 1792 2529 τοῦ
1805 2503 1841 2530 δι-

1051 2553 1130 2580 καίου
1146 2552 1232 2588 ῥοπὴν
1247 2553 1304 2583 τοῖς
1322 2550 1480 2586 εἰρημένοις
1494 2550 1607 2584 τρόποις
1621 2549 1669 2576 καὶ
1691 2549 1843 2583 δικαιώμα-

1053 2609 1095 2626 σιν
1124 2598 1278 2634 ὁλοσχερῶς
1301 2597 1547 2632 ἀπονενεμημένην
1573 2595 1794 2630 κατανοήσαντες
1811 2595 1842 2629 τῇ

1055 2647 1135 2681 μονῇ,
1151 2645 1190 2680 τῷ
1202 2645 1300 2680 δικαίῳ
1316 2644 1363 2672 καὶ
1379 2643 1455 2672 αὐτοὶ
1469 2643 1519 2678 τὴν
1535 2642 1658 2668 νικῶσαν
1671 2641 1762 2676 ψῆφον
1775 2640 1844 2666 κατὰ

1054 2693 1084 2719 τὸ
1103 2692 1242 2727 προσῆκον
1272 2691 1498 2718 ἀποδεδώκαμεν.
1521 2688 1623 2715 Μέντοι
1647 2688 1695 2713 καὶ
1723 2694 1845 2721 παρακε-

1055 2738 1165 2765 λεύεται
1184 2738 1230 2764 καὶ
1259 2736 1436 2764 διατάττεται
1455 2737 1484 2762 έν
1511 2734 1583 2769 ἁγίῳ
1603 2733 1744 2767 Ηνεύματι
1766 2733 1783 2767 ἡ
1802 2741 1845 2766 με-

1056 2785 1167 2820 τριότης
1182 2783 1262 2818 ἡμῶν
1280 2782 1350 2817 μετὰ
1364 2782 1414 2816 τῆς
1429 2782 1493 2816 περὶ
1509 2780 1595 2814 αὐτὴν
1613 2779 1689 2811 θείας
1709 2779 1758 2804 καὶ
1773 2778 1845 2812 ἱερᾶς

1059 2831 1169 2857 συνόδου
1187 2830 1234 2856 καὶ
1255 2828 1419 2864 όμηγύρεως
1431 2827 1486 2854 τῶν
1511 2826 1667 2862 ίερωτάτων
1686 2824 1734 2851 καὶ
1753 2824 1846 2858 ἀρχιτ-

1054 2879 1134 2914 ρέων,
1153 2876 1183 2904 τὸ
1199 2877 1314 2912 στέργον
1330 2875 1401 2911 ἔχειν
1416 2874 1462 2901 καὶ
1479 2873 1591 2908 ἐνεργὸν
1607 2873 1640 2900 τε
1661 2871 1842 2906 διειλημμένα
