1951 3074
72 144 156 180 1153

620 140 818 172 SYNODIC/E
836 139 1178 171 CONSTITUTIONES.

1651 135 1719 168 1134

70 205 130 240 τῆς
148 201 234 237 μονῆς
249 199 425 235 δικαιώματα
441 197 490 225 καὶ
506 197 578 224 κατὰ
592 196 642 232 τὴν
659 196 750 223 αὐτῶν
765 195 877 231 περίλη-
890 198 917 228 Δ
928 204 982 222 των
995 196 1042 223 καὶ
1051 195 1163 222 δικαίων
1175 194 1243 227 ἐστὶ,
1257 194 1320 226 τοὺς
1332 193 1361 220 ἐν
1369 194 1426 226 τοῖς
1438 193 1602 229 πράγμασιν
1614 193 1720 221 εὐδοκι-

71 251 127 286 ψιν
145 246 292 284 βασιλικὴν
308 246 355 272 καὶ
381 242 584 279 πατριαρχικὴν
605 242 657 269 κάν
681 241 720 276 τῷ
742 241 806 276 ἑξῆς
828 240 875 266 καὶ

72 296 206 331 διηνεκεῖ
220 293 310 329 χρόνῳ
327 292 374 319 καὶ
396 289 466 317 εἷναι
486 293 533 317 καὶ
549 288 734 325 ὀνομάζεσθαι
752 288 802 323 τὴν
820 295 877 314 τοι·

76 342 175 376 αύτην
187 341 240 367 τῶν
258 337 463 373 Μαρμαριάνων
485 336 578 371 μονὴν,
594 335 708 370 ἀπέχειν
721 334 750 361 δὲ
773 333 877 369 ταύτης

76 387 131 414 τόν
147 394 179 412 τε
195 384 242 411 νῦν
266 382 470 419 μητροπολίτην
487 381 629 416 Λαρίσσης
654 381 702 407 καὶ
727 379 790 411 τοὺς
818 378 877 414 μετ’

79 433 171 460 αὑτὸν
191 433 241 467 τὴν
259 429 412 465 ἐκκλησίαν
427 428 532 463 ταύτην
553 426 766 462 ἀναδεξομένους
783 427 878 461 ἀρχιε-

81 479 157 514 ρεῖς,
175 478 216 504 ἐτι
230 476 259 503 δὲ
273 475 378 503 καὶτὸν
389 473 632 510 πλησιοχωροὺντα
651 473 701 508 τῆς
714 473 878 508 Χαρμαινης

81 525 251 556 ἐπίσκοπον,
262 522 311 550 ἅτε
327 521 485 557 μηδαμόθεν
500 520 563 556 μηδ’
577 520 659 547 αὐτὸν
669 520 716 547 ὲπί
729 528 802 546 τισιν
810 519 880 551 ὅλως

81 571 141 597 τῶν
155 570 207 605 τῆς
230 569 314 604 μονῆς
334 566 538 602 δικαιούμενον,
553 565 709 602 ὑφορᾶσθαι
721 565 880 600 ὀφείλοντας

81 617 137 652 τὴν
167 615 363 650 ἐπηρτημένην
382 613 533 648 κανονικὴν
562 612 713 646 καταδίκην
745 612 802 642 τοῖς
831 611 880 637 οὐκ

83 663 241 698 ἐμμένουσι
261 663 318 694 τοῖς
333 661 419 696 ὁρίοις
433 659 524 687 αὑτῶν
536 658 652 686 καὶτῶν
665 657 815 692 ἀλλοτρίων
829 665 878 683 και

83 707 318 743 τεπεμὸαίνουσι,
334 707 380 734 Διὸ
404 706 454 733 καὶ
478 705 556 732 ἔσται
584 704 705 740 μένουσα
729 704 747 739 ἠ
768 703 880 738 τοιαύτη

87 753 173 789 μονὴ,
188 753 230 788 ἐφ’
240 751 274 790 ἦς
287 753 416 780 τέτακται
428 752 458 778 τὸ
470 751 596 786 ἀπαρχῆς
606 749 710 783 τάξεώς
719 758 749 776 τε
759 752 807 778 καὶ
820 749 882 775 ἰδιό-

86 809 184 836 τητος,
195 801 243 827 καὶ
253 800 306 827 ὑπὸ
313 800 363 834 τὴν
372 799 433 826 καθ’
447 799 522 834 ἡμᾶς
532 797 687 832 ἀγιωτάτην
695 796 742 823 τοῦ
750 794 819 823 Θεοῦ
826 795 883 822 Με-

86 847 179 881 γάλην
194 846 357 880 Ἐκκλησίαν
369 845 490 880 δηλόνοτι
505 844 673 880 συναριθμου
679 844 748 878 μάνη
762 842 810 870 καὶ
818 850 884 869 τατ-

87 895 194 928 τομένη
212 894 318 928 μοναῖς,
334 892 440 919 ἔσονται
455 892 484 918 δὲ
492 890 593 926 ὁμοίως
609 891 679 926 αὐτῇ
695 891 743 917 καὶ
762 890 787 916 οἱ
804 889 879 925 παρά

88 939 139 966 τοῦ
152 941 253 974 μέρους
267 939 369 974 ταύτης
385 937 580 974 ἀνεγερθέντες
593 936 658 963 θεῖοι
670 936 741 969 ναοὶ,
759 936 807 963 καὶ
822 936 880 962 ὅσοι

89 986 131 1017 είς
140 985 170 1011 τὸ
180 984 244 1020 ἑξῆς
255 984 486 1020 ἀνεγερθήσονται
495 985 567 1011 κατά
577 985 624 1010 τὸν
633 984 722 1009 ἐκεῖσε
738 982 822 1009 τόπον
833 982 881 1008 καὶ

89 1031 127 1057 τὰ
147 1031 212 1065 ὅρια
235 1030 289 1057 τῶν
310 1032 443 1065 μετοχίων
458 1030 508 1064 τῆς
525 1030 611 1065 μονῆς
630 1030 678 1056 καὶ
693 1028 796 1056 λοιπῶν
813 1036 880 1063 κτη-

92 1077 196 1112 μάτων,
215 1077 290 1110 παρὰ
307 1076 420 1112 μηδενὸς
436 1075 552 1103 καὶτῶν
575 1077 604 1102 ἐν
620 1076 712 1106 αὐτοῖς
729 1074 882 1109 ἱερατεύειν

93 1121 246 1157 μελλόντων
261 1122 311 1156 τὴν
326 1123 471 1157 ἀνάκρισιν
487 1121 559 1156 ἔχειν
577 1121 740 1155 ὀφειλόντων
756 1120 805 1147 καλ¹
821 1119 881 1152 ἐξέ-

90 1175 183 1201 τασιν⁹
201 1166 291 1203 ἀλλ’ἢ
311 1167 392 1202 μόνον
412 1167 490 1202 παρὰ
504 1167 560 1194 τῶν
574 1167 626 1194 ὑπὸ
647 1167 696 1201 τῆς
715 1175 881 1202 πατριαρχι-

92 1212 144 1247 κῆς
162 1212 371 1248 μεγαλειότητος
399 1213 439 1245 είς
461 1213 511 1248 τὴν
527 1213 583 1239 τῶν
609 1213 701 1239 ὶκεῖσε
727 1212 882 1248 ὲξαρχικῶν

93 1258 226 1294 διοίκησιν
239 1259 484 1293 ἀποστελλομένων
499 1260 571 1286 κατά
585 1259 616 1286 τὸ
630 1259 733 1294 προσὸν
747 1259 883 1286 ἀνέκαθεν

92 1306 126 1341 τῇ
144 1306 210 1341 ἁγίᾳ
222 1305 270 1332 τοῦ
285 1305 352 1332 Θεοῦ
374 1305 525 1342 Ἐκκλησία
540 1306 699 1341 προνόμιον.
715 1306 771 1333 Καὶ
793 1306 882 1337 οὐδεὶς

93 1352 221 1379 οὐδέποτε
236 1352 401 1388 πειραθῆναι
429 1352 532 1388 ὀφείλει
551 1353 602 1379 οὐκ
615 1353 774 1388 ἀρχιερεὺς,
791 1353 821 1379 οὺ
838 1360 884 1378 κο-

95 1399 197 1434 σμικὴν
216 1398 296 1431 ἀξίαν
320 1399 548 1434 ἐπανῃρημένος,
567 1399 616 1434 οὐχ
641 1399 735 1434 ἕτερός
755 1407 797 1430 τις
827 1398 883 1426 τῶν

95 1445 224 1472 ἁπάντων
246 1446 286 1476 εἰς
306 1445 464 1480 ἀνατροπὴν
479 1446 526 1471 καὶ
543 1445 672 1480 ἀθέτησιν
686 1445 811 1480 χωρῆσαι
827 1445 883 1470 τών

95 1492 128 1526 τῇ
145 1493 212 1526 μονῇ
227 1493 382 1526 προσόντων
400 1491 530 1517 τοιούτων
544 1489 740 1526 δικαιωμάτων
756 1491 804 1516 καὶ
817 1498 883 1525 προ-

97 1538 210 1572 νομίων,
227 1537 264 1569 ὡς
278 1539 311 1572 τῇ
323 1537 378 1563 τῶν
388 1536 567 1572 Δαρισσαίων
589 1537 756 1572 μητροπόλει
775 1537 883 1562 ὐποοεί-

97 1592 141 1611 ναι
151 1584 236 1618 αὐτὴν
256 1584 273 1618 ἢ
298 1584 380 1618 ἑτέρᾳ
399 1583 542 1618 δεσποτεία
559 1583 723 1617 ὑπαγαγεῖν,
748 1583 828 1617 πλὴν,
847 1582 883 1613 ὡς

97 1630 205 1665 εἴρηται
222 1629 365 1660 πολλάκις,
378 1629 427 1664 τῆς
447 1629 651 1665 πατριαρχικῆς
663 1636 669 1643 ’
691 1628 762 1654 κατᾶ
786 1628 885 1659 παντὸς

98 1676 152 1710 γὰρ
166 1674 214 1700 τοῦ
224 1674 428 1710 διαπράξασθαι
442 1674 521 1701 τοῦτο
537 1674 716 1709 πειραθέντος
732 1674 781 1708 τὴν
800 1674 886 1710 αὐτὴν

97 1722 256 1756 ἐπιτίμησιν
273 1721 320 1748 τοῦ
341 1721 495 1756 ἅςορισμοῦ
510 1722 539 1749 ἐν
557 1721 626 1756 ἁγίῳ
651 1722 803 1756 Πνεύματι,
824 1721 885 1757 ἥτις

99 1768 127 1793 ἐν
138 1769 195 1799 τοῖς
210 1768 345 1802 πρότερον
358 1767 534 1794 ἀπολυθεῖσιν
547 1767 745 1803 ὑπομνήμασιν
757 1768 827 1803 ὑπὲρ
837 1767 886 1801 τῆς

100 1815 182 1849 μονῆς
197 1814 370 1850 ἐπιφέρεται,
388 1815 437 1841 καὶ
449 1815 466 1850 ἡ
481 1814 629 1849 μετριότης
644 1814 724 1849 ἡμῶν
739 1814 887 1840 ἐπανατεί-

99 1868 172 1887 Vita!
187 1860 231 1887 διὰ
244 1860 291 1887 τοῦ
312 1861 446 1896 παρόντος
464 1861 550 1896 αὐτῆς
568 1860 822 1895 ὑπομνηματώδους
838 1868 886 1895 ση-

104 1910 268 1942 μειωματος,
283 1909 426 1943 γεγονότος
443 1908 512 1934 κατά
526 1907 599 1942 μῆνα
618 1907 789 1941 Ὀκτώδριον
806 1907 849 1938 εἰς
863 1907 885 1942 β’

100 1955 287 1989 ἑπινεμήσεως
302 1954 349 1980 τοῦ
364 1952 462 1986 ,ςωκς’
479 1954 566 1984 ἔτους.

251 1999 731 2036 -ξ-Εἶχε.........,...

100 2080 213 2108 XLVIII.
247 2081 411 2107 Andronicus
441 2079 471 2106 II
510 2079 675 2115 Pala'ologus
711 2079 886 2113 melropolilu:

200 2116 334 2150 Aprorum
356 2116 455 2150 confert
465 2115 551 2142 locum
579 2115 775 2142 Euchwlorum.

132 2184 151 2220 ἰ-
165 2184 227 2211 Τὼν
250 2185 446 2220 προσηκόντων
474 2185 491 2219 ἡ
509 2182 634 2218 βασιλεία
651 2192 704 2219 μου
722 2183 808 2219 κρίνει
822 2176 884 2215 τοὺς

99 2231 158 2257 καθ’
174 2230 264 2257 ὁτιοῦν
275 2230 488 2265 εὐδοκιμοῦντας
502 2229 654 2265 βασιλικῶν
670 2229 825 2256 ἀπολαύειν
835 2239 884 2265 χα-

100 2278 179 2313 ρίτων
201 2278 247 2304 καὶ
277 2277 418 2312 ἀμοιῦῶν·
442 2277 505 2303 επεὶ
539 2276 595 2310 γὰρ
625 2275 792 2302 οἰκειότατον
823 2276 883 2310 μὲν,

99 2325 176 2359 εἴπερ
188 2323 253 2351 ἄλλο
264 2333 303 2356 τι,
324 2325 380 2356 τοῖς
403 2325 435 2350 ὲκ
448 2323 516 2350 Θεοῦ
538 2323 694 2358 βασιλεύειν
709 2322 822 2357 λαχοῦσι
837 2323 884 2349 καὶ

97 2371 128 2398 τὸ
139 2371 201 2403 τοὺς
223 2371 359 2405 ὑπηκόους
387 2370 417 2397 εὖ
434 2372 522 2397 ποιεῖν
550 2370 622 2397 κατὰ
643 2371 761 2406 μίμησιν
776 2369 824 2396 τοῦ
839 2371 883 2396 δε-

98 2416 214 2447 δωκότος
238 2416 268 2442 τὸ
293 2415 458 2450 βασιλεύειν,
484 2416 516 2442 ἂν
546 2415 593 2442 καὶ
619 2415 650 2441 τὸ
679 2415 734 2442 τῶν
755 2415 884 2448 ὑπηκόων

99 2461 153 2488 Εσθ¹
172 2462 216 2488 ὅτε
234 2463 370 2496 συντρέχῃ
386 2462 433 2488 καὶ
448 2460 498 2496 τὴν
513 2461 562 2496 τῆς
586 2461 709 2493 εὐποιίας
726 2461 814 2496 ῥοπὴν
832 2461 882 2487 οὐκ

99 2509 217 2544 ἁνασοϐῇ
232 2509 278 2536 διὰ
296 2509 351 2535 τῶν
368 2508 469 2544 ἔργων,
489 2509 588 2544 ῥᾳδίως
603 2508 635 2535 ἂν
653 2508 797 2543 ἑκατέροις
809 2509 884 2535 ἐκτε-

99 2557 168 2582 λοῖτο
178 2556 211 2582 τὰ
229 2555 337 2587 δέοντα,
356 2555 413 2586 τοῖς
444 2556 492 2589 μὲν
517 2555 616 2589 δηλαδὴ
630 2554 660 2581 τὸ
677 2555 834 2589 εὐεργετεῖν
844 2555 884 2581 δι-

100 2601 193 2634 καίως,
210 2602 265 2633 τοῖς
278 2600 301 2627 δ’
318 2600 351 2628 αὖ
367 2600 498 2635 ὑπηκόοις
513 2600 544 2626 τὸ
560 2600 614 2627 τῶν
633 2600 800 2635 εὐεργεσιῶν
811 2602 884 2627 ἀκω-

99 2649 184 2679 λύτως
200 2647 413 2682 ἐπιτυγχάνειν·
441 2646 537 2673 ἔπειτα
565 2647 612 2673 καὶ
640 2647 694 2674 τῶν
719 2647 828 2674 ἀτόπων
851 2648 885 2675 ἂν

99 2695 150 2729 εἰη,
167 2695 228 2725 τοὺς
246 2694 296 2728 μὲν
313 2694 360 2720 er.»
386 2693 443 2723 τοῖς
461 2693 639 2727 Ὀλυμπικοῖς
652 2693 787 2725 νικῶντας
815 2694 884 2722 End-

101 2741 168 2767 θλων
182 2741 239 2774 ἃμα
260 2740 307 2766 καὶ
321 2738 412 2774 γερῶν
431 2738 573 2770 ἀξιοῦσθαι
596 2738 651 2765 τῶν
677 2739 882 2774 προσηκόντων,

101 2788 157 2818 τοὺς
175 2786 204 2812 δέ
228 2794 259 2820 γε
282 2785 347 2820 παρ’
375 2785 440 2819 ἡμῖν
471 2784 625 2819 χρησίμους
649 2784 884 2819 ἀναφαινομένους

101 2834 151 2864 tot;
167 2833 312 2866 πράγμασι
326 2831 422 2866 πόρῤω
438 2831 529 2864 μένειν
542 2830 590 2864 τῆς
603 2830 781 2866 ὀφειλομένης
797 2839 884 2865 παρα-

100 2880 241 2913 χιιιρεῖσθαι
259 2878 349 2912 τιμῆς.
369 2877 400 2904 Εἰ
419 2876 475 2910 οὑν,
487 2877 522 2907 ὼ,
538 2876 654 2911 εἴρηται,
667 2877 719 2903 τῶν
729 2878 883 2912 προσηκόν-

930 242 1049 276 μοῦντας
1065 242 1119 269 τῶν
1144 240 1295 277 βασιλικῶν
1319 241 1368 267 οὐκ
1388 241 1516 276 ἀμοιρεῖν
1533 241 1664 276 χαρίτων,
1682 238 1720 268 ὦν

928 289 989 316 κατ’
1015 288 1117 324 ἀρετὴν
1147 287 1339 323 πνευματικὴν
1365 287 1381 322 ὴ
1412 287 1612 322 εὐδοκίμησις,
1642 287 1719 320 ἀξίας

929 334 1154 371 ἀντιμετρεῖσθαι
1177 335 1227 366 τὰς
1255 335 1331 370 παρὰ.
1354 333 1488 369 βασιλέως
1512 333 1597 368 τιμάς
1614 342 1644 360 τε
1673 335 1722 361 καὶ¹

929 383 1044 418 χάριτας
1057 382 1160 415 αὑτοῖς,
1172 381 1251 408 τοῦτο
1261 381 1288 408 δὲ
1309 381 1357 407 καὶ
1371 380 1425 407 τῶν
1442 380 1545 416 σφόδρα
1561 380 1722 414 ἀναγκαίων

929 427 972 463 εἴη
990 427 1033 461 ἂν,
1051 427 1145 462 ἐπειδὴ
1161 427 1230 461 πρὸς
1245 426 1334 462 ψυχὴν
1350 425 1483 452 διαϐαίνει
1506 427 1537 453 τὸ
1552 427 1602 460 τῆς
1619 426 1722 452 εὐδοκι-

931 475 1041 508 μήσεως
1053 472 1169 500 ἐνταῦθα
1185 472 1341 503 κάλλιστον,
1358 474 1406 499 καὶ
1417 473 1462 499 διὰ
1474 472 1553 499 τοῦτο
1568 472 1660 499 πλεῖον
1674 472 1723 498 καὶ

930 519 960 546 τὸ
975 520 1024 555 τῆς
1048 519 1133 554 τιμῆς
1156 519 1289 554 ὑπερέχον
1303 519 1442 554 ὀφείλεται
1464 519 1521 550 τοῖς
1546 518 1606 545 κατ’
1620 519 1722 553 ἀρετὴν

931 565 1122 600 πνευματικὴν
1136 565 1329 600 εὐδοκιμοῦσιν
1341 565 1356 601 ἣ
1372 567 1429 596 τοῖς
1441 566 1502 592 καθ’
1514 566 1604 592 ὅντινα
1615 565 1647 600 δὴ
1660 565 1722 600 τρό-

932 620 982 638 πον
994 619 1002 628 ·
1028 611 1075 638 καὶ
1091 611 1182 639 τοίνυν
1194 612 1242 638 καὶ
1261 611 1329 638 ἀλλα
1355 612 1440 638 πολλά
1456 611 1506 646 μὲν
1527 611 1721 646 τυγχάνουσιν,

932 657 1005 694 ἀπερ
1019 659 1100 693 ἡμεῖς
1124 658 1169 685 διὰ
1183 658 1232 690 τῆς
1265 659 1298 684 ὲκ
1322 657 1389 685 Θεοῦ
1412 658 1536 692 δοθείσης
1556 658 1622 693 ἡμῖν
1644 657 1723 692 βασι-

932 704 1006 735 λείας
1024 703 1185 739 κεκτήμεθα
1200 703 1235 730 τὰ
1250 704 1389 739 προνόμια
1401 704 1450 730 καὶ
1465 703 1640 736 δικαιώματα
1655 704 1723 738 πρὸς

934 748 983 784 τὴν
998 748 1045 775 τοῦ
1059 748 1126 775 Θεοῦ
1143 749 1224 783 ἁγίαν
1237 748 1415 783 Ἐκκλησίαν,
1433 746 1471 776 ὦν
1486 749 1618 776 ἁπάντων
1641 749 1724 776 ἕνεκα

933 793 1036 829 ὁπόσην
1051 794 1201 828 ποιούμεθα
1216 795 1265 830 τὴν
1278 795 1406 830 φροντίδα
1422 796 1470 822 καὶ
1482 796 1533 831 τὴν
1549 795 1680 830 σπουδὴν,
1693 795 1725 822 τὸ

934 840 1074 875 προσῆκον
1088 841 1215 872 ἑκάστοις
1230 842 1384 869 ἐπιτιθέναι
1400 842 1487 874 τέλος,
1505 842 1554 869 καὶ
1567 843 1662 869 ὁποῖον
1679 842 1725 869 τὸν

935 886 1018 921 ζῆλον
1031 886 1170 922 τρέφομεν
1184 889 1217 923 τῇ
1231 887 1279 914 τοῦ
1293 888 1361 915 Θεοῦ
1380 889 1474 924 χάριτι
1488 889 1560 924 ὑπὲρ
1573 888 1675 924 ταύτης
1693 887 1726 922 δὴ

933 934 983 968 τῆς
1003 933 1179 969 Ἑκκλησίας,
1196 935 1234 966 ὡς
1252 935 1286 962 ἂν
1302 935 1479 968 διασώζοιντο
1492 937 1537 962 καὶ
1549 935 1722 970 διατηροίντο

934 978 1021 1016 ταύτῃ
1027 979 1118 1011 καλῶς
1126 989 1154 1007 τε
1161 981 1207 1007 καὶ
1214 980 1250 1012 ὡς
1259 981 1318 1016 Θεῷ
1325 981 1400 1016 φίλον
1406 1003 1413 1014 ,
1419 982 1469 1008 ὅσα
1475 982 1514 1013 είς
1524 981 1555 1008 σύ
1561 990 1666 1014 στασιν,
1674 981 1726 1008 ὅσα

935 1025 976 1057 εις
988 1025 1120 1061 καλλονήν
1133 1034 1162 1052 τε
1176 1027 1224 1053 καὶ
1233 1027 1385 1062 εὐκοσμίαν
1402 1028 1451 1054 καὶ
1461 1028 1510 1054 ὅσα
1525 1028 1566 1058 εἰς
1581 1026 1611 1053 τὸ
1619 1028 1667 1061 τῆς
1681 1027 1727 1053 εὐ-

936 1072 1044 1104 σεεείας
1051 1073 1142 1108 ἀφορᾷ
1151 1074 1263 1108 κράτος,
1275 1074 1386 1108 ἀγνοεῖν
1397 1071 1475 1108 οἶμαι
1487 1073 1540 1100 τῶν
1546 1074 1675 1101 ἀπάντων
1682 1073 1726 1100 οὑ-

935 1117 1062 1145 δένα.Ἒν
1069 1119 1183 1154 δ’ὃμως,
1196 1120 1234 1152 ὡς
1243 1121 1363 1155 εἴρηται,
1374 1121 1419 1147 καὶ
1437 1121 1529 1154 τοῦτο,
1539 1119 1575 1147 ὥν
1594 1123 1725 1155 κέκτηται

934 1163 952 1199 ἠ
965 1163 1090 1198 βασιλεία
1101 1165 1180 1200 ἡμῶν
1190 1166 1220 1192 ἐν
1231 1167 1287 1197 τοῖς
1303 1166 1541 1202 ὲκκλησιαστικοῖς
1556 1167 1724 1201 προνομίων,

935 1210 966 1236 τὸ
981 1209 1027 1242 οὓς
1044 1210 1078 1237 ἃν
1095 1210 1224 1246 βούληται
1243 1212 1297 1238 τῶν
1315 1212 1469 1247 ίερωτάτων
1484 1213 1647 1248 ἀρχιερέων,
1665 1213 1725 1247 μεί-

936 1255 1010 1288 ζοσιν
1024 1256 1113 1289 ἀξίαις
1128 1258 1211 1293 τιμᾷν
1226 1258 1274 1284 καὶ
1292 1258 1346 1284 ἀπὸ
1361 1259 1564 1294 ταπεινοτέρων
1579 1259 1648 1293 πρὸς
1658 1257 1728 1293 ὑψηι

936 1302 1063 1338 λοτέρους
1080 1304 1261 1340 προΰιὸάςειν
1289 1303 1402 1340 θρόνους
1418 1304 1462 1332 διὰ
1488 1304 1519 1331 τὸ
1548 1304 1599 1339 τῆς
1626 1305 1727 1339 ἀρετῆς

937 1349 1077 1385 αἰδέσιμον
1093 1351 1139 1377 καὶ
1170 1350 1333 1385 σεϐάσμιον.
1355 1350 1466 1386 Ἐπειδὴ
1491 1350 1581 1377 τοίνυν
1605 1351 1652 1376 καὶ
1680 1351 1727 1377 τὸν

937 1396 1084 1430 ἱερώτατον
1103 1397 1307 1433 μητροπολίτην
1325 1398 1423 1433 ¹Ἀπρω
1449 1398 1496 1424 καὶ
1515 1397 1668 1432 ὑπέρτιμον
1682 1394 1728 1424 εὑ-

939 1445 1014 1477 ρενὴ
1034 1443 1159 1477 βασιλεία
1178 1452 1229 1478 μου
1258 1444 1343 1477 ἄνδρα
1371 1444 1442 1479 λόγῳ
1459 1445 1506 1470 καὶ
1532 1444 1617 1478 ἀρετῇ
1647 1451 1727 1469 κεκο-

939 1490 1090 1525 σμημένον,
1101 1490 1192 1526 πλήρη
1207 1499 1235 1517 τε
1254 1491 1378 1522 παιδείας
1398 1491 1444 1517 καὶ
1462 1491 1650 1526 πνευματικῆς
1667 1499 1729 1518 συν-

898 1549 921 1579 c
938 1535 1032 1569 ἐσεως,
1045 1536 1195 1563 κάντεῦθεν
1215 1536 1354 1572 ὠφέλιμον
1383 1538 1446 1564 ὂντα
1462 1539 1516 1568 τοῖς
1534 1539 1730 1573 ἐντυγχάνουσι

936 1581 971 1608 τά
987 1590 1018 1615 γε
1038 1582 1065 1613 ὲς
1078 1581 1178 1617 ψυχὴν,
1195 1583 1242 1609 καὶ
1257 1583 1326 1616 πρὸς
1340 1583 1448 1616 τούτοις
1467 1583 1576 1611 εὔνοιαν
1593 1585 1730 1620 είλικρινῆ

936 1626 1094 1653 δεικνύοντα
1108 1627 1176 1662 πρὸς
1189 1627 1239 1663 τὴν
1259 1628 1400 1663 βασιλείαν
1418 1637 1483 1664 μου,
1496 1631 1530 1665 τῇ
1549 1630 1730 1666 προσηκούσῃ

936 1673 1030 1700 τοῦτον
1042 1675 1110 1709 τιμῇ
1127 1676 1173 1700 καὶ
1186 1674 1223 1709 τῷ
1237 1675 1286 1710 τῆς
1296 1674 1430 1711 καθέδρας
1443 1676 1628 1711 προδιδασμῷ
1645 1677 1728 1712 ἀμεί-

937 1719 1034 1747 6εσθαι
1047 1720 1153 1746 δίκαιον
1168 1721 1184 1756 ὴ
1201 1720 1324 1755 βασιλεία
1341 1730 1392 1756 μου
1411 1722 1500 1757 κρίνει
1516 1723 1659 1757 (τιμᾶσθαι
1673 1724 1728 1759 γὰρ

936 1767 987 1801 τὴν
1003 1767 1103 1802 ἀρετὴν
1116 1768 1164 1794 καὶ
1178 1767 1229 1803 τὴν
1247 1768 1409 1803 πρέπουσαν
1433 1769 1543 1804 ἐπέχειν
1567 1770 1652 1805 τιμὴν
1667 1771 1731 1797 πολ-

937 1812 1026 1847 λαχῶς
1045 1813 1078 1839 ἂν
1093 1813 1135 1849 εἴη
1152 1813 1206 1839 τῶν
1221 1814 1311 1840 καλῶν
1329 1815 1377 1840 καὶ
1394 1814 1622 1850 ἐπαινουμένων),
1638 1815 1731 1842 ἀπίδο-

938 1859 981 1885 σῑν
998 1867 1027 1885 τε
1039 1860 1093 1894 γὰρ
1106 1859 1135 1885 οὐ
1149 1860 1255 1894 μικράν
1268 1868 1330 1886 τινα
1343 1860 1404 1886 καθ’
1415 1860 1517 1895 ἑαυτὴν
1535 1860 1605 1896 αὕτη
1623 1861 1730 1896 λαμϐά-

936 1914 978 1932 νει
994 1905 1044 1940 τῆς
1059 1905 1220 1941 πρεπούσης
1242 1907 1324 1941 τιμῆς
1347 1906 1578 1942 ἐπιτυγχάνουσα,
1593 1909 1640 1935 καὶ
1660 1910 1728 1944 πρός

936 1960 968 1986 γε
985 1953 1038 1987 μὴν
1054 1953 1120 1986 πρὸς
1137 1952 1184 1978 τὸν
1196 1952 1289 1985 ὅμοιον
1304 1953 1457 1988 διανίστησι
1476 1953 1558 1988 ζῆλον
1575 1955 1640 1985 τοὺς
1666 1955 1731 1981 ταύ-

937 2008 986 2034 της
1002 1999 1170 2031 ἀποδέοντας
1182 2007 1190 2014 ·
1209 1999 1299 2026 τοίνυν
1313 1999 1359 2026 καὶ
1373 2000 1479 2027 εὐδοκεῖ
1494 2001 1539 2027 καὶ
1550 2001 1697 2036 διορίζεται
1712 2002 1729 2035 ἡ

938 2045 1063 2081 βασιλεία
1082 2054 1132 2080 μου
1143 2045 1187 2072 διὰ
1201 2045 1248 2073 τοῦ
1269 2047 1404 2081 παρόντος
1419 2047 1644 2082 προστάγματος,
1663 2048 1729 2074 επέ-

937 2101 994 2127 χειν
1007 2093 1051 2118 τὸν
1066 2092 1221 2127 δηλωθέντα
1244 2092 1392 2127 ἱερώτατον
1409 2092 1615 2128 μητροπολίτην
1631 2094 1729 2128 Ἀπρω

937 2140 984 2166 καὶ
999 2139 1152 2175 ὑπέρτιμον
1177 2139 1224 2166 τὸν
1250 2139 1333 2166 τόπον
1359 2138 1406 2166 τοῦ
1435 2139 1578 2174 Εὑχαίτων
1594 2140 1642 2166 καὶ
1661 2141 1730 2166 duo.

937 2186 1030 2213 λεύειν
1043 2185 1093 2221 τῆς
1108 2185 1264 2221 ἀνηκούσης
1280 2185 1319 2220 τῷ
1331 2185 1444 2220 τοιούτῳ
1458 2186 1546 2221 θρόνῳ
1558 2186 1640 2221 τιμῆς
1655 2186 1684 2212 έν
1700 2195 1728 2213 τε

938 2234 996 2264 ταῖς
1012 2232 1084 2260 κατὰ
1107 2232 1158 2268 τὴν
1174 2232 1249 2259 θείαν
1265 2233 1312 2259 καὶ
1341 2231 1419 2267 ἱερὰν
1447 2232 1557 2258 σύνοδον
1574 2233 1728 2265 συνάξεσιν,

938 2279 967 2305 ἕν
984 2288 1013 2305 τε
1027 2279 1140 2306 στάσεσι
1158 2279 1206 2305 καὶ
1218 2278 1365 2314 καθέδραις
1389 2279 1437 2305 καὶ
1453 2280 1514 2310 ταῖς
1531 2279 1638 2310 λοιπαῖς
1653 2288 1731 2305 συνε-

938 2325 1059 2358 λεύσεσι,
1076 2325 1125 2352 καὶ
1138 2325 1233 2357 ἁπλῶς
1246 2325 1334 2352 εἰπεῖν
1348 2325 1459 2351 πάντων
1473 2325 1528 2352 τῶν
1545 2326 1728 2361 ὁπωσδήποτε

937 2372 1107 2407 ἀνηκόντων,
1131 2373 1169 2404 ὡς
1185 2372 1308 2407 εἴρηται,
1332 2372 1372 2407 τῷ
1401 2372 1489 2407 θρόνῳ
1516 2371 1563 2398 τοῦ
1588 2372 1730 2407 Εὐχαίτων

939 2419 1009 2455 μετὰ
1024 2419 1115 2454 πάσης
1131 2418 1222 2450 ἀδείας
1240 2417 1271 2445 τὺ
1285 2419 1340 2445 ἀπὸ
1359 2417 1436 2444 τοῦδε
1455 2419 1585 2454 μετέχειν
1600 2419 1647 2444 καὶ
1659 2419 1729 2446 ἀπο-

938 2466 1032 2493 λαύειν
1046 2466 1139 2497 αὑτὸν,
1154 2465 1197 2500 ἐφ’
1209 2461 1232 2499 ᾧ
1245 2465 1292 2492 καὶ
1312 2465 1326 2491 ό
1347 2464 1498 2499 ἀγιώτατός
1516 2473 1568 2499 μου
1583 2464 1729 2500 δεσπότης.

937 2514 952 2540 ό
967 2512 1158 2548 οίκουμενικὺς
1173 2511 1360 2547 πατριάρχης,
1377 2510 1484 2545 στέρξει
1503 2512 1549 2537 καὶ
1564 2511 1730 2544 ἀποδέξεται

937 2559 1019 2586 τοῦτο
1035 2558 1104 2594 μετὰ
1115 2558 1165 2593 τῆς
1186 2557 1252 2592 περὶ
1266 2556 1349 2584 αὑτὸν
1377 2556 1453 2588 θείας
1471 2560 1517 2582 καὶ
1535 2556 1611 2591 ἱερᾶς
1626 2557 1731 2591 ὁμηγὺ-

940 2613 1009 2640 ρεως
1023 2604 1077 2631 τῶν
1093 2603 1251 2638 ίιρωτάτων
1269 2601 1433 2637 ἀρχιερέων,
1454 2602 1502 2628 καὶ
1517 2602 1631 2635 ὲκθήσει
1649 2603 1730 2638 χάριν

937 2650 1035 2677 τούτου
1048 2649 1097 2676 καὶ
1111 2648 1210 2685 πρᾶξιν
1224 2647 1366 2683 συνοδικὴν
1377 2647 1464 2674 ταυτά
1477 2647 1564 2674 ταῦτα
1579 2647 1731 2683 διαλαμὸά-

938 2702 1060 2728 νουσαν,·
1067 2695 1139 2730 ἅπερ
1159 2696 1206 2722 καὶ
1221 2696 1235 2721 ό
1259 2694 1308 2729 τῆς
1322 2693 1462 2729 βασιλείας
1473 2702 1524 2728 μου
1538 2694 1662 2729 ὁρισμός.
1681 2694 1731 2720 Διὰ

938 2743 993 2777 γὰρ
1021 2741 1099 2768 τοῦτο
1116 2741 1205 2768 καὶτὸ
1220 2742 1307 2776 παρὸν
1321 2740 1368 2776 τῆς
1382 2740 1521 2775 βασιλείας
1536 2749 1587 2775 μου
1606 2740 1730 2773 ἐγεγόνει

939 2787 1014 2822 αὑτῷ
1034 2787 1212 2822 πρόσταγμα.

938 2833 958 2869 -ι-
975 2831 1043 2867 Εἶχε
1058 2832 1096 2859 δι’
1108 2832 1241 2867 ὲρυθρῶν
1256 2832 1433 2867 πριιμμάτων
1447 2831 1502 2865 τῆς
1518 2832 1599 2862 θείας
1613 2830 1661 2857 καὶ
1673 2830 1733 2862 ,ϐαρ-

994 2878 1118 2913 σιλικῆς
1129 2879 1229 2914 χειρὸς
1240 2879 1274 2905 τό
1284 2887 1291 2893 ·
1302 2879 1379 2912 Μηνὶ
1400 2878 1550 2911 [τοι-μίλιηΙῳ
1568 2877 1623 2903 In‘.
1635 2876 1676 2908 β’.
