1935 3077
121 154 197 188 1353

545 156 721 188 CALLISTI
741 156 789 186 ET
804 155 1018 187 PHILOTHEI
1038 155 1093 186 ΕΡ.
1118 154 1350 185 ΡΑἸἮῙΑΒΕΗ.

1691 147 1758 181 1354

123 212 274 249 μετριότης
291 211 372 248 ἡμῶν
398 210 587 248 ἀναδεξαμὲνη
611 212 665 239 ἀπὸ
681 211 749 238 Θεοῦ
765 211 814 246 τὴν
828 211 919 238 οίκου-
933 215 955 242 Α
971 209 1020 244 φὺς
1036 211 1085 238 καὶ
1099 209 1308 244 συὶ-λειτουργὸς
1322 208 1371 243 τῆς
1388 207 1468 243 ήμῶν
1482 206 1673 242 μετριότητος,
1689 207 1759 241 ἀνὴρ

126 259 243 296 μενικήν
263 258 318 286 τῶν
334 258 429 294 ψυχῶν
443 258 614 294 προστασίαν
637 258 691 285 τῶν
711 257 840 285 ἀπάντων
851 257 919 292 Χρι-

125 306 255 337 στιανῶν,
272 304 316 332 διὰ
332 304 474 339 φροντίδος
498 302 555 340 εἶχε
579 305 627 332 καὶ
643 305 776 340 πρότερον
798 305 918 339 ἐγκατα-

125 352 226 386 στῆσαι
245 350 381 386 ἀρχιερέα
396 351 444 378 καὶ
458 350 505 378 ἐπὶ
521 351 554 386 τῇ
573 350 633 378 καθ’
650 351 723 385 ὑμᾶς
735 349 822 385 ταύτῃ
836 351 920 384 ἁγιω-

125 397 196 433 τάτῃ
210 396 377 432 μητροπόλει
389 403 398 412 ο
410 395 472 423 ἐπεὶ
485 396 514 423 δὲ
527 395 630 431 ἀρτίως
643 395 792 422 κατέλαὸεν
802 394 919 422 ἐνταῦθα

126 442 144 469 ό
159 441 262 478 ἀρτίως
274 441 423 477 ψηφισθεὶς
448 442 495 468 καὶ
518 440 720 477 χειροτονηθεὶς
742 441 854 476 γνήσιος
871 441 921 476 ἀρ-

127 482 239 523 χιερεὺς
256 488 303 515 ἐπὶ
314 489 379 523 τῇδε
398 489 432 524 τῇ
449 488 590 525 ἁγιωτάτῃ
610 487 756 523 ἐκκλησίᾳ,
770 488 920 523 ὑπέρτιμος

126 535 176 562 καὶ
189 534 302 570 ἔξαρχος
312 535 368 562 τῶν
382 534 530 564 Κυκλάδων
556 536 658 568 νήσων,
685 535 828 570 ἀγαπητὸς
850 534 921 563 κατὰ

126 582 231 618 Κύριον
259 582 375 617 ἀδελφὸς
402 583 450 610 καὶ
477 583 685 618 συλλειτουργὺς
703 583 753 618 τῆς
774 582 854 618 ήμῶν
871 591 921 618 με·

126 629 283 664 τριότητος,
307 628 378 664 ἀνὴρ
391 629 510 665 εὐλαϐὴς
525 630 573 657 καὶ
602 630 730 665 ἐνάρετος
755 630 802 657 καὶ
829 630 921 662 ἰκανὸς

126 672 222 708 ψυχῶν
245 673 426 709 προίστασθαι
451 675 498 701 καὶ
527 676 711 710 χειραγωγεῖν
738 675 826 707 αὑτὰς
850 676 921 710 πρὸς

127 719 178 754 τὴν
204 719 341 754 σωτηρίαν
354 720 446 754 λόγοις
468 720 515 747 καὶ
539 721 721 755 παραινέσεσι
741 722 800 752 ταῖς
816 729 922 756 προση-

129 763 254 796 κούσαις.
269 764 316 791 καὶ
332 765 386 792 ίδοὺ
401 765 450 792 σὺν
462 765 522 801 Θεῷ
535 765 645 801 ἔρχεται
663 767 731 800 πρὸς
744 766 833 801 ὑμᾶς·
851 775 921 802 παρ-

128 810 263 843 εγγυᾶται
278 810 360 837 πᾶσιν
375 811 441 845 ὑμῖν
457 812 472 846 ή
493 812 639 847 μετριότης
651 812 739 848 ήμῶν,
756 813 794 845 ὼς
811 812 844 840 ἀν
856 813 922 840 ὑπο-

128 854 243 889 δέξησθε
263 854 360 882 τοῦτον
375 855 445 890 μετὰ
459 857 650 892 περιχαρείας,
676 857 724 884 καὶ
749 856 920 892 εὖφρανθῆτε

969 255 1079 283 συνέσει
1092 255 1140 282 καὶ
1153 255 1324 290 πνευματικῇ
1338 253 1450 288 παιδείᾳ
1461 253 1507 279 καλ⁴
1520 252 1606 287 ἀρετῇ
1621 259 1760 286 κεκοσμη-

971 301 1051 336 μένος
1066 301 1113 328 καὶ
1124 301 1216 332 ἰκανδς
1226 300 1320 336 ψυχῶν
1333 300 1380 327 καὶ
1391 298 1564 334 πραγμάτων
1576 296 1758 332 προΐστασθαι

969 348 1016 374 καὶ
1030 349 1212 383 χειραγωγεῖν
1227 347 1313 378 αὐτὰς
1335 346 1403 381 πρδς
1416 345 1464 381 τὴν
1480 343 1620 379 σωτηρίαν
1633 343 1673 377 τῷ
1691 343 1758 369 ὑπο-

969 393 1097 428 δείγματι
1112 393 1158 421 τοῦ
1176 393 1318 427 θεοφιλοῦς
1335 392 1392 428 βίου
1416 390 1510 423 αὐτοῦ,
1522 391 1598 421 ὅστις
1613 389 1661 416 καὶ
1682 389 1759 423 ἔρχε-

970 447 1016 466 ται
1033 439 1087 466 ἰδοὺ
1103 440 1153 466 σὺν
1174 439 1235 474 Θεῷ
1257 438 1325 474 πρὸς
1349 438 1439 473 ὑμᾶς’
1456 436 1648 472 παρεγγυᾶται
1669 435 1759 461 τοίνυν

970 485 1113 519 πατρικῶς
1138 486 1220 512 πᾶσιν
1245 485 1310 520 ὑμῖν
1332 484 1348 519 ἡ
1375 484 1521 519 μετριότης
1549 481 1640 518 ἡμῶν,
1665 480 1702 511 ὡς
1726 480 1760 506 ἂν

971 530 1136 566 ὑποδέεησθε
1151 530 1247 558 τοῦτον
1261 529 1321 566 μετ’
1335 529 1505 566 εὕφροσύνης
1530 529 1601 555 κατὰ
1614 527 1645 554 τδ
1666 526 1758 562 χρέος,

970 577 1039 612 ὅπερ
1055 577 1131 612 ἔχετε
1154 578 1208 605 ἀπὸ
1228 578 1283 605 τῶν
1299 576 1380 613 ιερῶν
1396 578 1516 604 κανόνων
1530 575 1579 602 καὶ
1594 575 1650 602 τῶν
1665 573 1760 608 φιλευ-

971 622 1059 650 σεσῶν
1071 623 1172 658 νόμων,
1184 623 1234 650 καὶ
1250 623 1407 658 ἀπονέμητε
1422 621 1509 656 τούτῳ
1527 621 1597 649 κατά
1612 620 1662 654 τὴν
1679 618 1757 654 περι-

971 668 1102 704 κειμένην
1126 669 1201 704 αὐτῷ
1225 669 1420 705 ἀρχιερατικὴν
1439 668 1520 700 ἀξίαν
1545 666 1676 694 παντοίαν
1691 665 1758 691 αἱδὼ

971 715 1019 742 καὶ
1032 715 1125 751 τιμὴν,
1135 716 1181 743 καὶ
1192 716 1308 751 δέχησθε
1326 717 1374 742 καὶ
1386 715 1521 750 σπεύδητε
1533 711 1697 749 ἐκπληροῦν,
1709 711 1759 738 ὄσι

973 763 1067 797 μέλλει
1092 763 1183 798 λέγειν
1211 765 1259 791 καὶ
1287 763 1422 790 διδάσκειν
1448 763 1530 798 ὑμᾶς,
1551 760 1696 796 ἀφορῶντα
1718 758 1760 788 εἰς

971 808 1110 843 ὠφέλειαν
1122 810 1176 836 τῶν
1189 809 1331 844 ὑμετέρων
1344 809 1450 844 ψυχῶν,
1462 808 1509 835 καὶ
1524 808 1567 842 ἐφ’
1577 805 1617 838 οἷς
1632 806 1665 833 ἂν
1675 805 1760 839 δεήσῃ

973 854 1132 889 προϐαίνειν
1154 855 1324 889 χειροτονίας
1348 855 1458 890 ἱερέων,
1483 854 1626 886 διακόνων,
1644 852 1713 879 ἀλλὰ
1728 851 1761 886 δὴ

128 900 175 927 ἐπὶ
199 901 232 935 τῇ
253 901 394 936 παρουσίᾳ
414 901 509 933 αὐτοῦ,
529 903 576 929 καὶ
593 902 708 937 δέχησθε
722 902 771 929 καὶ
785 902 920 937 σπεύδητε
938 898 957 925 Β
972 900 1020 926 καὶ
1034 899 1216 934 καθιερώσεις
1230 899 1314 931 ναῶν,
1328 899 1422 926 τοῦτον
1442 899 1524 934 μόνον
1545 898 1660 933 δέχησθε
1682 898 1760 924 ἐκτε-

130 945 296 981 ἐκπληροῦν,
319 946 368 973 ὅσα
390 947 482 982 μέλλει
506 948 598 982 λέγειν
623 949 672 975 καὶ
690 943 828 976 διδάσκειν
848 949 919 984 ὑμᾶς

128 990 277 1026 ψυχωφελῆ
297 992 343 1018 καὶ
364 992 498 1028 σωτήρια,
515 993 676 1026 ὑπείκοντες
701 995 776 1029 αὐτῷ
793 996 841 1022 καλ⁸
860 1004 921 1022 πει-

130 1035 305 1070 θαρχοῦντες,
317 1036 355 1067 ὠς
367 1037 462 1073 οἰκείῳ
477 1038 589 1072 πῖιμένι
604 1039 652 1066 καὶ
676 1040 763 1074 πατρὶ
785 1040 832 1068 καὶ
847 1040 923 1068 διδα-

131 1082 225 1117 σκάλῳ
246 1083 437 1117 πνενματικῷ,
460 1084 509 1111 καὶ
524 1085 612 1112 πάντα
633 1086 736 1121 τρόπον
754 1087 922 1119 ἐπαγωνιζό-

132 1135 208 1161 μενοι
223 1127 443 1163 ἀναστρέφεσθαι
459 1129 506 1155 καὶ
521 1129 722 1163 πολιτεύεσθαι,
738 1130 777 1162 ὡς
803 1131 922 1166 ἁρμόζει

130 1172 304 1207 Χριστιανοῖς
318 1174 473 1209 ἀνθρώποις
488 1174 558 1202 κατά
576 1175 640 1207 τοὺς
656 1175 775 1211 θεσμοὺς
793 1176 843 1211 τῆς
861 1176 923 1204 Ἐκ-

132 1218 247 1253 κλησίας
273 1218 353 1253 Θεοῦ,
378 1221 425 1247 καὶ
440 1219 532 1252 καθὼς
549 1222 574 1247 οί
593 1221 765 1255 φιλευσεσεῖς
786 1222 842 1249 τῶν
855 1223 923 1258 Χρι-

133 1265 251 1292 στιανῶν
269 1265 417 1293 ἀπαιτοῦσι
431 1266 521 1301 νόμοι,
538 1267 649 1302 ἀγάπην
673 1267 783 1303 ἔχοντες
801 1269 860 1304 μετ’
876 1269 923 1296 ἀλ-

133 1311 222 1346 λήλων
235 1313 282 1339 καλ⁹
296 1312 420 1348 εἰρήνην,
433 1312 618 1349 ἐλεημοσύνην
635 1313 683 1341 καὶ
696 1315 839 1348 μετάδοσιν
854 1317 924 1351 πρὸς

132 1357 194 1387 τοὺς
207 1356 325 1393 πένητας
335 1358 382 1385 καὶ
394 1358 456 1390 τοὺς
470 1358 671 1394 αἰχμαλώτους,
683 1360 843 1395 ἐξαγορείαν
856 1363 923 1397 πρὸς

132 1402 196 1434 τοὺς
219 1404 424 1438 πνευματικοὺς
453 1405 586 1440 πατέρας,
613 1405 669 1432 τῶν
685 1407 925 1442 ἐκκλησιαστικῶν

135 1448 272 1481 συνάξεων
285 1450 332 1476 καὶ
345 1450 400 1477 τῶν
415 1451 455 1482 είς
468 1450 535 1477 Θεὸν
545 1451 689 1486 ὑμνῳδιῶν
707 1453 843 1488 μηδαμῶς
858 1455 925 1482 ἀπο-

133 1495 331 1530 λιμπανόμενοι
360 1496 406 1522 ἐπὶ
425 1496 559 1532 καθάρσει
585 1497 633 1523 καὶ
658 1497 789 1533 ἁγιασμῷ
813 1499 869 1526 τῶν
884 1500 924 1526 οι-

134 1541 216 1568 κείων
229 1541 333 1576 ψυχῶν,
347 1541 397 1569 καὶ
410 1542 504 1574 ἀπλῶς
518 1543 617 1577 εἰπεῖν,
632 1543 720 1579 πάσης
739 1544 788 1579 μὲν
802 1545 925 1581 ἀκαθαρ-

135 1586 196 1618 σίας
212 1572 388 1621 ἀπεχόμενοι,
400 1572 500 1622 πάσης⁷
511 1588 540 1615 δὲ
565 1572 751 1624 ἀγάθοεργίας
774 1572 924 1625 ἀντεχόμε-
939 1572 960 1600 c

135 1641 186 1664 νοι,
202 1632 232 1665 ἐξ
243 1630 276 1667 ἦς
291 1632 358 1664 Θεὸς
372 1632 556 1668 θεραπεύεται
571 1635 618 1661 καὶ
630 1635 775 1668 ἀμείϐεται
790 1635 925 1666 πλουσίως

135 1679 198 1710 τοὺς
214 1678 333 1711 οἰκείους
351 1679 518 1714 θεράποντας
533 1680 562 1707 ἐν
573 1689 603 1707 τε
630 1680 668 1716 τῷ
680 1680 728 1708 νῦν
741 1681 819 1708 αἰῶνι
835 1682 882 1708 καὶ
897 1682 926 1708 ἐν

136 1724 175 1759 τῷ
190 1725 314 1760 μέλλοντι
327 1733 334 1740 ·
348 1725 477 1762 τοιαύτην
489 1726 544 1761 γὰρ
557 1726 603 1753 καὶ
616 1726 725 1762 ἔχοντες
734 1727 785 1761 τὴν
796 1727 927 1763 ἀναστρο-

136 1770 189 1806 φὴν
212 1771 260 1798 καὶ
275 1770 336 1807 Θεῷ
351 1771 576 1807 εὐαρεσλοῦντες,
591 1772 758 1808 κληρονόμοι
772 1773 924 1808 γενήσεσθε

136 1817 184 1843 καὶ
198 1817 253 1844 τῶν
268 1817 386 1844 αἰωνίων
402 1817 526 1852 ἀγαθῶν,
540 1816 558 1844 ἃ
581 1818 732 1853 ἡτοίμασεν
756 1819 770 1845 ό
788 1818 855 1850 Θεὸς
870 1821 926 1850 τοῖς

136 1862 184 1898 ὅλῃ
201 1861 329 1897 προθέσει
343 1863 432 1898 ψυχῆς
449 1863 530 1890 αὐτὸν
543 1863 705 1898 ἀγαπήσασι
719 1864 765 1890 καὶ
774 1865 823 1896 τά;
838 1873 927 1900 σωτη-

138 1908 214 1943 ρίους
233 1908 318 1936 αὐτοῦ
335 1909 487 1943 φυλάξασιν
502 1909 624 1942 ἀντολὰς,
644 1909 674 1936 οὖ
691 1909 740 1936 καὶ
756 1911 772 1945 ή
789 1911 869 1946 χάρις
882 1911 925 1946 εἴη

139 1953 210 1988 μετά
223 1953 333 1980 πάντων
348 1954 436 1989 ὑμῶν.

171 1999 191 2035 -ι-
205 2000 276 2034 Εἶχε
296 2001 347 2027 τό’
376 1999 456 2034 Μηνὶ
473 1999 630 2035 Ἀπριλλίῳ
655 2001 713 2027 ινδ.
735 2003 762 2034 ι’,
794 2001 844 2028 διὰ
870 2001 926 2036 τῆς

136 2046 236 2080 τιμίας
257 2044 444 2080 δεσποτικῆς
458 2045 508 2073 καί
523 2046 612 2081 ἁγίας
632 2047 852 2081 πατριαρχικῆς
868 2055 927 2081 χει-

137 2093 200 2126 ρός.

171 2182 208 2210 ll.
225 2181 246 2217 ἰ-
259 2181 293 2208 οι
314 2181 356 2213 είς
371 2181 422 2217 τὴν
436 2181 572 2218 ἐπαρχίαν
597 2182 643 2209 καὶ
668 2183 849 2218 ἐπικράτειαν
873 2183 928 2210 τῶν

973 946 1071 972 λοῦντα
1085 945 1173 973 ταῦτα
1188 946 1226 977 ὡς
1237 946 1348 980 γνήσιον
1363 944 1497 981 ἀρχιερέα
1507 945 1584 979 ὑμῶν
1597 944 1644 970 καὶ
1654 943 1762 976 πατέρα

975 992 1159 1026 πνευματικὸν
1185 992 1232 1018 καὶ
1260 991 1432 1022 διδάσκαλον.
1449 991 1543 1026 ἐπειδὴ
1563 990 1610 1018 καὶ
1632 986 1715 1016 αὗται
1733 988 1762 1015 αι

975 1038 1114 1069 Κυκλάδες
1138 1038 1215 1073 νῆσοι
1243 1037 1296 1065 ὑπὸ
1327 1038 1376 1073 τὴν
1404 1037 1488 1064 αὑτοῦ
1513 1037 1695 1072 ἐπικράτειαν
1716 1036 1762 1062 εὑ-

976 1084 1115 1119 ρίσκονται
1129 1083 1178 1111 καὶ
1191 1083 1330 1119 ἐφορείαν,
1345 1083 1409 1115 τοὺς
1422 1082 1450 1109 δὲ
1462 1082 1560 1114 ἀλλους
1574 1082 1679 1113 πάντας
1689 1081 1766 1108 ἀπω-

976 1129 1059 1165 θῆσθε
1089 1130 1137 1157 καὶ
1165 1130 1361 1164 ἀποπέμπητε,
1387 1129 1426 1161 ὡς
1457 1129 1596 1164 μηδεμίαν
1629 1127 1765 1163 μηδαμῶς

976 1176 1086 1212 ἔχοντας
1104 1176 1149 1202 ἐπὶ
1164 1176 1270 1208 τούτοις
1284 1176 1390 1209 ἄδειαν,
1407 1176 1478 1203 κατὰ
1490 1175 1539 1211 τὴν
1554 1176 1609 1202 τῶν
1623 1174 1714 1202 αὐτῶν
1728 1174 1766 1201 ίε-

978 1222 1033 1258 ρῶν
1049 1221 1097 1249 καὶ
1112 1221 1192 1249 θείων
1208 1222 1329 1249 κανόνων
1343 1222 1545 1258 παρακέλευσιν
1562 1221 1610 1248 καὶ
1623 1219 1745 1253 διάταξιν
1757 1228 1765 1235 ·

976 1269 1006 1295 οὑ
1023 1269 1075 1304 μὴν
1091 1268 1159 1296 ἀλλὰ
1174 1269 1222 1295 καὶ
1238 1268 1317 1304 εἴπερ
1333 1269 1494 1303 πειραθεῖεν
1509 1267 1573 1299 ἴσως
1590 1266 1664 1298 τινὲς
1678 1266 1695 1302 ἢ
1711 1266 1766 1293 τῶν

976 1315 1024 1342 τοῦ
1037 1315 1137 1350 μέρους
1152 1316 1201 1350 τῆς
1216 1316 1327 1351 Κρήτης
1339 1316 1355 1351 ἦ
1367 1315 1462 1350 έτερός
1475 1323 1519 1346 τις
1531 1314 1767 1350 παρεισέρχεσθαι

977 1360 1071 1388 αὐτόθι
1086 1362 1208 1397 ἐνεργεῖν
1223 1370 1249 1388 τι
1265 1361 1461 1397 ἀρχιερατικδν
1485 1360 1501 1396 ἢ
1516 1361 1580 1388 ἄλλο
1599 1370 1625 1388 τι
1641 1361 1696 1389 ἀπὸ
1712 1361 1768 1388 τῶν

978 1405 1106 1440 ἀνωτέρω
1127 1406 1198 1432 κατά
1219 1406 1300 1441 μέρος
1324 1406 1491 1442 εἰρημένων,
1507 1405 1553 1433 ἐπὶ
1567 1407 1767 1442 περιφρονήσει

977 1451 1054 1478 τοῦδε
1069 1449 1117 1478 τοῦ
1132 1451 1280 1485 ίερωτάτου
1297 1451 1448 1487 ἀρχιερέως
1462 1452 1510 1478 καὶ
1524 1452 1689 1487 ὕπερτίμου,
1705 1453 1768 1479 ἐπεὶ

979 1496 1031 1524 ὑπὸ
1042 1497 1092 1532 τὴν
1108 1498 1254 1532 κανονικὴν
1266 1497 1382 1533 εὐθύνην
1408 1497 1455 1524 καὶ
1469 1497 1620 1532 αὐστηρίαν
1634 1499 1697 1531 εἰσὶ,
1718 1499 1767 1526 καὶ

979 1545 995 1579 ὴ
1017 1545 1164 1581 μετριότης
1191 1545 1269 1580 ήμῶν
1293 1544 1401 1579 σύναμα
1419 1546 1452 1581 τῇ
1471 1544 1534 1571 καθ’
1548 1546 1621 1580 ἡμᾶς
1639 1545 1702 1582 ίςρᾷ
1721 1546 1769 1573 καὶ

978 1589 1038 1625 θείᾳ
1065 1591 1167 1626 συνόδῳ
1194 1591 1245 1617 καὶ
1270 1591 1323 1617 ὑπὸ
1352 1590 1436 1626 βάρος
1460 1591 1615 1626 ἀφορισμοῠ
1643 1592 1672 1618 ἐν
1698 1592 1769 1627 ἁγίῳ

978 1636 1120 1671 Πνεῦματι
1133 1637 1196 1668 τοὺς
1212 1636 1350 1668 τοιούτους
1366 1637 1531 1672 ποιούμεθα,
1547 1638 1615 1665 ἀλλά
1630 1638 1676 1665 καὶ
1689 1638 1770 1674 εἰπερ

977 1682 1032 1709 ἀπὸ
1046 1682 1143 1717 ἐτέρας
1169 1683 1317 1718 ἐκκλησίας
1340 1683 1511 1718 χηρευούσης
1524 1684 1571 1710 καὶ
1596 1683 1634 1719 μὴ
1655 1684 1768 1711 ὑποκει-

976 1728 1064 1764 μένης
1085 1728 1173 1764 ἐτέρῳ
1187 1729 1322 1764 ἀρχιερεῖ,
1341 1729 1408 1764 μηδέ
1429 1729 1594 1764 κατὰλόγον
1618 1730 1768 1762 ἐπιδόσεως

977 1773 1102 1808 δοθείσης
1116 1774 1181 1805 τινὶ,
1201 1772 1339 1808 βούλοιντό
1361 1781 1435 1804 τινες
1452 1773 1622 1808 χειροτονίας
1638 1773 1768 1806 δέξασθαι

977 1818 1110 1846 διακόνων
1138 1819 1185 1845 καὶ
1201 1819 1309 1854 ίερέων,
1323 1818 1365 1846 ἐτι
1384 1827 1414 1845 τε
1431 1820 1479 1846 καὶ
1494 1819 1675 1855 καθιερώσεις
1696 1819 1769 1846 ναῶν

977 1864 1124 1896 ποιεῖσθαι,
1138 1864 1267 1899 διδόαμεν
1289 1864 1384 1891 ἄδειαν
1406 1864 1458 1900 ἤδη
1473 1865 1520 1892 καὶ
1536 1856 1714 1900 ἐγχωροῦμεν
1728 1865 1769 1900 τῷ

977 1908 1052 1944 αὐτῷ
1075 1909 1215 1945 ίερωτάτῳ
1234 1909 1422 1946 μητροπολίτῃ
1444 1909 1535 1936 Ῥόδου
1559 1910 1608 1937 καὶ
1622 1910 1768 1945 ὑπερτίμῳ

978 1954 1099 1981 ἐκτελεῖν
1127 1954 1175 1982 καὶ
1209 1954 1295 1982 ταῦτα
1328 1954 1419 1981 πάντα
1446 1954 1692 1990 ἀποκριματίστως
1720 1956 1769 1981 καὶ

978 2000 1136 2032 ἀκωλύτως.
1157 2000 1234 2027 Ἐπεὶ
1249 1999 1315 2034 γοῦν
1341 1999 1506 2027 κατελάϐετε
1532 1999 1582 2037 τὴν
1607 2000 1654 2027 ἐπὶ
1672 2001 1768 2028 τούτου

977 2045 1116 2082 ἡμετέραν
1131 2045 1179 2073 καὶ
1198 2046 1343 2081 συνοδικην
1358 2046 1575 2081 παρακέλευσιν,
1587 2047 1710 2082 ὀφείλετε
1725 2048 1770 2074 εί.-

978 2092 1129 2127 γνωμονεῖν
1150 2091 1199 2118 καὶ
1223 2092 1256 2117 ἐκ
1285 2091 1332 2118 τοῦ
1351 2091 1400 2118 ἀπ’
1424 2091 1551 2119 ἐντεῦθεν
1577 2093 1768 2128 ἀποπληροῦν,

979 2138 1106 2174 καθάπερ
1131 2138 1336 2174 παρεγγυῶμεν
1350 2138 1399 2165 καὶ
1413 2139 1635 2174 ἐπισκήπτομεν,
1649 2139 1684 2166 ἵν’
1698 2139 1771 2167 οὕτω

979 2187 1025 2212 καὶ
1045 2186 1061 2220 ἡ
1074 2185 1120 2212 τοῦ
1136 2184 1205 2211 Θεοῦ
1218 2185 1299 2220 χάρις
1315 2185 1481 2219 διαφυλάξαι
1495 2184 1568 2219 ὑμᾶς
1580 2185 1710 2217 ἀὸλαὸεῖς
1723 2186 1771 2212 καὶ

139 2227 288 2255 Κυνλάδων
299 2227 390 2263 νήσων
402 2227 603 2262 εὑρισκόμενοι,
620 2227 775 2262 ίερωμίνοι,
785 2228 927 2264 ἄρχοντες,
943 2243 966 2270 D
979 2232 1052 2267 ψυχῇ
1067 2232 1114 2258 καὶ
1130 2230 1237 2266 σώματι
1254 2231 1301 2257 καὶ
1315 2231 1453 2265 ἀνώτερον
1467 2231 1570 2263 παντὸς
1581 2231 1697 2266 ἀνιαροῦ
1709 2240 1771 2260 συν-

139 2274 252 2310 μοναχοὶ
270 2274 317 2301 καὶ
331 2273 433 2307 mm,
449 2274 479 2300 ἐν
496 2273 591 2309 Κυρίῳ
615 2274 745 2310 ἀγαπητά
771 2275 854 2302 τέκνα
877 2275 929 2310 τῆς
980 2277 1148 2313 αντήματος.

138 2319 216 2356 ἡμῶν
234 2319 424 2355 μετριότητος,
448 2320 528 2355 χάρις
553 2320 618 2355 ὑμῖν
633 2321 676 2356 είη
695 2322 742 2349 καὶ
764 2322 860 2358 είρήνη
875 2323 930 2350 ἀπὸ

137 2365 215 2393 Θεοῦ.
229 2365 325 2392 (nam
336 2364 374 2397 ὡς
389 2365 438 2400 τῆς
450 2366 608 2401 ἁγιωτάτης
622 2366 817 2401 μητροπόλεως
835 2367 926 2395 Ῥόδου

137 2410 252 2446 γνησίου
270 2410 438 2446 ἀμοιρούσης
455 2411 619 2446 ἀρχιερέως.
633 2411 736 2447 ἐρημίᾳ
748 2412 796 2438 τοῦ
810 2413 930 2441 κωλύον-

138 2465 194 2489 τος,
208 2450 412 2491 παρέισήρχετο
427 2456 457 2482 τὸ
474 2456 558 2492 μέρος
578 2456 626 2483 τοῦ
647 2457 760 2492 Κρήτης
777 2457 793 2493 ἢ
808 2459 856 2485 καὶ
871 2459 930 2486 ἐτε-

140 2502 185 2538 ρός
196 2510 250 2534 τις,
267 2502 316 2528 καὶ
340 2502 452 2536 ἐνήργει
479 2503 651 2538 χειροτονίας
675 2503 808 2531 διακόνων
829 2505 877 2532 καὶ
892 2506 930 2532 ἰε-

140 2548 220 2586 ρέων,
233 2547 273 2573 ἔτι
287 2547 316 2573 δὲ
332 2547 381 2573 καὶ
399 2546 579 2583 καθιερώσεις
593 2549 677 2581 ναῶν,
693 2550 770 2585 παρά
782 2550 832 2585 τὴν
845 2559 929 2578 κανοη

140 2593 218 2628 νικὴν
243 2592 438 2628 παρατήρησιν
459 2593 497 2624 ὡς
524 2594 589 2629 παρ’
602 2595 720 2630 ἐνορίαν,
739 2597 777 2632 μή
801 2597 931 2629 ἐνδόσεως

140 2639 222 2674 οῦσης
231 2639 278 2665 ἐπὶ
289 2638 395 2670 τούτοις
408 2638 484 2673 παρά
493 2639 543 2674 τῆς
556 2640 701 2676 καθἰήμᾶς
713 2643 788 2678 ίερᾶς
798 2644 844 2670 καὶ
855 2643 930 2676 θείας

142 2685 251 2712 συνόδου
262 2692 271 2700 ο
291 2685 394 2719 ἀρτίως
407 2684 435 2711 δι
451 2684 599 2718 γινώσκειν
614 2686 689 2721 ὑμᾶς
713 2688 880 2724 βουλόμεθα,
892 2690 930 2721 ὡς

140 2733 173 2767 τῇ
189 2730 236 2757 τοῦ
253 2729 373 2765 Χριστοῦ
393 2731 483 2765 χάριτι
508 2730 646 2767 ἐψηφίσθη
672 2734 720 2760 καὶ
736 2735 929 2771 ἐχειροτονήθη

141 2779 187 2805 ἐπὶ
211 2778 244 2811 τῇ
273 2775 388 2812 ῥηθείσῃ
408 2776 548 2813 ἁγιωτάτῃ
569 2779 738 2814 μητροπόλει
754 2781 768 2806 ό
782 2780 930 2816 ἱερώτατος

141 2822 184 2850 ὅδε
199 2821 400 2858 μητροπολίτης
414 2821 516 2854 Ῥόδου,
529 2823 682 2858 ὐπέρτιμος
692 2824 738 2851 καὶ
749 2825 862 2861 ἔξαρχος
875 2827 930 2854 τῶν

142 2867 290 2896 Κυκλάδων
306 2867 407 2902 νήσων,
418 2867 447 2893 ἐν
458 2867 531 2902 ἀγίῳ
546 2868 685 2904 Πνεῦματι
697 2871 840 2906 ἀγαπητὸς
855 2873 930 2902 ἀδελ-

106 2917 112 2920 ‘
284 2924 420 2956 Pam.
433 2923 491 2954 Gn.
507 2921 593 2954 CLII.

1015 2323 1034 2359 1-
1053 2324 1133 2358 Μηνὶ
1157 2323 1206 2350 καί
1229 2323 1287 2350 ίνδ.
1310 2322 1372 2357 τοῖς
1391 2323 1507 2356 αὐτοῖς,
1526 2323 1576 2351 διὰ
1593 2323 1649 2358 τῆς
1674 2324 1772 2360 αὐτῆς

981 2370 1081 2405 τιμίας
1096 2370 1208 2404 χειρός.

1088 2437 1172 2465 XXX.
1190 2438 1324 2474 Profeuio
1342 2437 1405 2472 ﬁdei
1428 2437 1534 2474 Georgii
1558 2438 1660 2466 Vacca.

1015 2506 1035 2542 -ι-
1051 2505 1175 2533 Πιστεύω
1190 2507 1231 2538 εἰς
1245 2506 1295 2534 ἕνα
1309 2506 1391 2541 Θεὸν,
1408 2506 1519 2543 Πατέρα
1548 2509 1772 2543 παντοκράτορα,

981 2553 1099 2589 ποιητὴν
1112 2552 1225 2587 οὐρανοῦ
1239 2553 1288 2579 καὶ
1301 2552 1366 2587 γῆς,
1381 2561 1409 2580 κ.
1423 2560 1448 2580 τ.
1470 2552 1508 2586 λ.,
1520 2553 1568 2580 καὶ
1578 2554 1702 2589 ὁμολογῶ
1719 2574 1727 2583 .
1742 2574 1751 2582 .
1764 2575 1772 2583 .

981 2599 1172 2635 προσέρχομαι
1186 2599 1235 2627 καὶ
1249 2599 1378 2635 καθαρῶς
1391 2600 1425 2635 τῇ
1438 2599 1581 2637 ἁγιωτάτῃ
1595 2601 1710 2639 Μεγάλῃ
1726 2601 1773 2629 τοῦ

981 2646 1050 2674 Θεοῦ
1076 2646 1237 2682 Ἐκκλησία,
1254 2645 1302 2673 καὶ
1317 2646 1511 2682 ἀποσάλλομαι
1528 2647 1622 2675 πᾶσαν
1642 2648 1773 2684 (αἳρεσιν)

980 2691 1036 2718 τῶν
1055 2691 1192 2725 Λατίνων,
1209 2691 1259 2726 τὴν
1275 2691 1341 2726 περὶ
1359 2690 1410 2726 τῆς
1428 2692 1620 2727 ἐκπορεύσεως
1634 2693 1681 2720 τοῦ
1693 2694 1773 2727 ἀγίου

982 2736 1143 2772 Πνεύματος
1160 2737 1208 2764 καὶ
1223 2737 1357 2771 λέγουσαν
1371 2745 1380 2753 ο
1397 2737 1445 2764 καὶ
1457 2738 1489 2765 ἐκ
1511 2739 1557 2765 τοῦ
1572 2738 1638 2766 Υἰοῦ
1656 2759 1663 2766 .
1684 2759 1692 2768 .
1710 2758 1718 2766 .
1736 2759 1745 2767 .
1765 2759 1773 2767 .

981 2781 1105 2809 πιστεύω
1128 2782 1183 2818 γὰρ
1203 2782 1251 2809 καὶ
1265 2782 1391 2817 ὁμολογῶ
1416 2783 1487 2810 κατά
1503 2784 1553 2819 τὴν
1570 2785 1710 2820 ἀπόφασιν
1723 2787 1773 2814 τοῦ

981 2828 1084 2863 Κυρίου
1099 2828 1178 2863 ήμῶν
1200 2828 1290 2864 Ἰησοῦ
1310 2828 1430 2864 Χριστοῦ
1444 2831 1492 2857 καί
1508 2830 1556 2857 τοῦ
1576 2830 1650 2858 θείου
1665 2832 1774 2869 Συμϐό-

981 2873 1029 2900 λου
1043 2873 1076 2901 ἐκ
1090 2872 1137 2900 τοῦ
1156 2874 1264 2910 [ἰατρὸς
1282 2875 1483 2910 ἐκπορεύεσθαι
1506 2877 1589 2911 μόνου
1609 2878 1637 2906 τὸ
1651 2878 1773 2916 ’Πνεῦμα

1540 2934 1578 2964 Ιι3
