1935 3077
128 115 197 148 1359

520 118 691 148 LALLISTI
713 115 760 148 ET
784 116 998 148 PHILOTIIEI
1017 117 1073 147 ΟΡ.
1093 115 1326 147 PATRIARCH.

1684 111 1752 144 1300

127 175 175 210 λὴν
192 175 239 202 τοῦ
254 174 422 206 κωλύσοντος
448 174 575 209 ἐρημίαν,
594 175 611 202 ἀ
630 175 660 201 οὐ
677 175 757 208 θέμις
776 175 814 210 μὴ
828 175 909 209 μόνον
923 176 945 204 Α
959 174 1066 209 ἔχοντος
1079 174 1125 201 καὶ
1145 173 1276 200 τῶνκατά
1286 171 1335 207 τὴν
1345 171 1428 206 μονήν
1438 169 1638 206 τὴνδιόρθωσιν
1650 170 1751 198 λαϐόν-

125 221 266 258 ιμοναχοῖς,
293 220 350 247 ἀλλ’
370 219 431 247 οῦδὲ
458 221 564 251 λαῖκοῖς
583 221 631 247 καὶ
647 220 759 254 φαύλοις
784 221 907 255 ἀνδράσι,

125 267 176 301 τῆς
192 267 270 300 ἡμῶν
293 266 470 301 μετριότητος
488 266 526 301 μὴ
548 266 662 301 ἐχούσης
679 266 771 293 ἄδειαν
794 266 909 301 ἐρευνᾷν

120 312 175 339 -καὶ
191 311 328 343 ἐξετάζειν
352 311 387 337 τά
402 310 569 338 τοιαῦτα.Ὲὶ
594 311 616 338 δ’
630 312 644 337 ό
664 311 714 345 τῆς
738 311 910 338 Κωνσταντι-

125 357 279 387 νουπόλεως
296 355 495 390 πατριαρχικὺς
512 354 618 390 θρόνος,
642 354 690 381 an
703 355 736 390 δὴ
757 355 909 390 οίκουμενι-

123 406 172 433 κδς
184 402 232 433 ὢν,
246 402 393 436 προνόμιον
404 401 522 428 ἔκπαλαι
534 401 666 436 κέκτηται
677 400 752 436 παρὰ
762 400 816 427 τῶν
829 400 909 427 θείων

123 445 270 480 καὶιὶερῶν
286 446 408 472 κανόνων
424 446 464 477 εις
478 445 528 477 τὰς
546 445 698 480 ἑκασταχοῦ
711 445 762 480 τῆς
782 445 910 479 οἰκουμέ-

124 501 175 524 νης
187 491 347 526 ἐκκλησίας,
362 491 395 518 τὰ
410 492 641 526 παρεμπίπτοντα
657 492 686 518 ἐν
698 492 796 522 αὐταῖς
810 490 906 525 ἐκκλη-

125 537 255 564 σιαστικά
278 538 414 571 ἀναγκαῖα
430 537 578 572 ζητήματα
595 537 736 572 διερευνᾷν
757 537 803 564 καὶ
817 535 911 570 ἐξετά-

125 584 193 616 ζειν,
219 583 309 618 πολλῷ
339 583 439 618 μᾶλλον
462 583 580 609 ἐνταῦθα
603 583 632 609 ἐν
657 583 690 617 τῇ
707 582 797 617 οἰκείᾳ
824 581 910 617 ταύτῃ

128 630 321 664 μεγαλοπόλει,
338 631 367 655 ἐν
411 629 571 664 ἐστήρικται
583 628 673 663 κρίσει
685 628 753 655 θεοῦ
770 627 817 654 καὶ
828 627 911 663 ψήφῳ

127 675 255 710 βασιλικῇ
273 675 286 702 ό
303 675 424 706 τοιοῦτος
451 674 650 710 πατριαρχικδς
675 673 779 708 θρόνος.
800 673 871 700 Ἀλλ’
893 674 911 708 ἡ

127 722 274 756 μετριότης
296 721 375 756 ήμῶν
392 721 439 747 καὶ
456 720 528 747 οὕτω
548 718 662 750 δικαίως
676 719 723 746 τοῦ
749 719 913 754 πράγματος

127 767 246 802 ἔχοντος,
267 767 310 793 διὰ
332 766 381 802 τὴν
396 766 445 798 τῆς
463 765 513 801 σῆς
540 765 682 799 ἁγιότητος
702 765 813 799 ἀγάπην
831 773 912 792 πνευ-

129 812 247 848 ματικὴν
260 811 308 839 καὶ
323 811 413 846 φιλίαν
427 811 506 846 ἔμενε
519 810 651 837 σιωπῶσσ.
667 811 712 836 ἐπὶ
725 810 851 837 τοσοῦτον
864 811 911 836 καὶ

129 839 265 894 μηδεμίαν
284 839 399 893 ἔρευναν
414 839 587 892 ποιησαμένη
605 856 652 882 ἐπὶ
667 856 700 890 τῇ
716 856 829 890 τοιαύτῃ
844 856 911 890 μονῇ
926 839 950 869 Β

128 906 168 936 εἰς
184 905 347 939 συντήρησιν
359 904 407 930 καὶ
422 902 571 938 ἀσφάλειαν
585 901 704 937 ψυχικὴν
717 901 772 928 τῶν
783 902 912 927 ἐνασκου-

130 951 219 986 μένων
235 950 302 985 αὐτῇ
318 949 453 985 μοναχῶν,
470 949 559 976 καίτοι
570 955 602 982 γε
616 947 751 983 προδήλου
765 947 811 974 τοῦ
825 947 912 983 πράγο

130 1003 214 1030 ματος
229 995 315 1026 ὄντος,
330 994 368 1026 ὡς
396 994 427 1020 ού
446 993 517 1021 κατὰ
542 994 573 1020 τὸ
591 994 735 1029 μοναχικὺν
752 993 913 1028 ἐπάγγελμα

129 1040 318 1068 πολιτεύονται
341 1040 367 1066 οἱ
391 1039 534 1071 δοκοῦντες
550 1039 677 1074 προέχειν
695 1039 747 1065 τῶν
762 1038 862 1071 ἀλλων,
876 1038 913 1070 ὥς

129 1086 211 1121 δῆθεν
232 1086 344 1120 μοναχοὶ
366 1084 414 1111 καὶ
429 1083 578 1119 ιερωσύνης
600 1081 718 1115 ἀναξίως
742 1083 914 1118 ἐπειλημμέ-

130 1141 183 1163 νοι,
210 1131 258 1158 καὶ
284 1131 337 1166 πρό
351 1139 382 1164 γε
413 1130 549 1157 πάντωνό
572 1129 697 1160 ’Δνανίας
723 1130 738 1156 ό
762 1128 809 1155 τοῦ
825 1129 914 1163 Τύρου

128 1177 238 1212 ἀνεψιὸς
258 1177 304 1203 καὶ
319 1177 343 1203 οἱ
367 1176 526 1210 συμμύσται
543 1176 591 1203 καὶ
607 1175 785 1210 μυσταγωγοὶ
805 1175 914 1209 τούτου,

129 1223 206 1254 ὅστις
231 1222 281 1249 καὶ
295 1221 343 1248 τοῦ
367 1221 457 1257 Τύρου
478 1220 595 1247 ἐνταῦθα
616 1220 814 1255 ἐπιδημοῦντος
830 1221 916 1253 ἀδεῶς

127 1268 162 1305 ἦν
175 1269 303 1305 πράττων
325 1268 359 1295 τὰ
370 1268 471 1307 ἄτοπα,
482 1268 529 1295 καὶ
544 1268 600 1294 τῶν
611 1267 690 1294 θείων
702 1267 854 1302 ἁπτόμενος
867 1267 916 1296 καὶ

129 1315 294 1350 ἱερουργῶν,
309 1311 332 1342 ὧ
346 1314 407 1350 δίκη
423 1315 470 1341 καὶ
482 1313 561 1348 νόμοι
575 1314 642 1340 Θεοῦ
655 1314 661 1341 !
678 1313 913 1348 ἀνερυθριὰστωςο

128 1362 167 1392 ὼς
185 1360 213 1387 δὲ
237 1361 252 1387 ὁ
268 1360 359 1396 Τύρου
383 1360 479 1387 αὐτόθι
507 1360 679 1395 ἐπιδημήσας
703 1359 772 1394 πρὸς
787 1358 836 1395 τὴν
865 1358 915 1395 σὴν

128 1407 272 1440 ἀγιότητα,
287 1406 381 1433 ἔπεισε
397 1405 486 1442 ταύτῃ
509 1405 714 1441 ἐγχειρίσασθαι
729 1404 779 1441 τὴν
795 1405 915 1440 ήγουμε-

127 1452 204 1478 νείαν
221 1451 271 1486 τῆς
286 1451 418 1486 ρηθείσης
438 1450 589 1485 σεὸασμίας
606 1451 690 1485 μονῆς
713 1449 751 1484 τῷ
768 1448 915 1485 δηλωθέντι

961 228 1026 251 των,
1043 219 1073 246 δν
1097 219 1256 254 ἐγράφομεν
1271 217 1372 253 τρόπον
1396 216 1443 243 καὶ
1459 214 1660 251 δηλοποιοῦμεν
1687 216 1752 251 ὑμῖν

961 265 1008 291 καὶ
1023 263 1113 296 αὖθις,
1127 265 1158 291 τὸ
1169 264 1220 299 τῆς
1233 262 1387 298 ἁγιωσύνης
1397 262 1500 289 δίκαιον
1515 261 1694 296 συνετηρήθη
1705 262 1754 288 καὶ

961 311 1155 345 περισώζεται,
1168 310 1216 337 καὶ
1229 310 1245 344 ἡ
1259 309 1327 343 μονή
1341 308 1415 335 ἐστιν
1428 308 1479 334 ὖπδ
1489 307 1539 341 τήν
1551 307 1601 342 σὴν
1615 307 1754 342 ἀγιότητα

960 355 998 387 ὥς
1012 355 1057 382 καὶ
1077 356 1211 390 πρότερον
1237 354 1466 389 άπαραποιήτως.
1488 354 1619 388 Ἔκρινεν
1642 354 1694 380 οὖν
1714 353 1755 380 δὶ-

961 409 1040 428 καιον
1056 401 1073 436 ὴ
1099 400 1247 436 μετριότης
1273 400 1353 435 ήμῶν
1368 398 1563 435 παραδηλῶσαι
1585 399 1679 425 ταῦτα
1705 399 1756 425 καὶ

961 447 1030 481 πρὸς
1041 446 1090 481 τὴν
1106 447 1155 481 σὴν
1170 446 1313 481 ἁγιότητα,
1326 445 1364 477 ὡς
1382 445 1416 472 ἂν
1431 444 1568 480 γινώσκῃς
1585 444 1616 471 τδ
1631 445 1756 479 πρᾶγμα

961 485 999 524 ὧς
1013 494 1133 527 ἐγένετο,
1151 493 1258 528 μήποτε
1282 493 1371 524 άλλως
1386 491 1520 519 ἀκουσθέν
1542 491 1687 526 θορυϐήσῃ
1702 491 1757 525 τὴν

963 539 1014 574 σὴν
1024 539 1157 574 άγιότητα
1170 547 1178 555 ·
1189 539 1236 565 καὶ
1247 538 1301 573 γὰρ
1312 538 1380 573 ὅπερ
1392 537 1488 573 ἔμελλε
1498 537 1622 571 ποιήσειν
1632 537 1648 572 ὴ
1667 537 1758 569 ἀγιω-

962 585 1028 619 σύνη
1047 593 1094 611 σου
1107 585 1197 620 χάριτι
1212 584 1280 611 Θεοῦ
1296 584 1342 610 ἐπὶ
1357 585 1487 615 τοιούτοις
1503 583 1633 616 ἀθέσμοις
1660 582 1758 616 πράγ-

963 638 1030 666 μασι
1042 630 1202 665 γνωσθεῖσιν
1225 629 1414 665 ἀριδηλότατα,
1429 628 1494 655 αὐτὸ
1518 627 1596 655 τοῦτο
1611 627 1756 662 πεττοῑηκε

963 675 1010 702 καὶ
1033 677 1050 709 ἠ
1069 675 1214 710 μετριότης
1240 675 1329 711 ήμῶν,
1355 674 1404 701 καὶ
1430 674 1518 709 χρεών
1546 675 1605 700 ἐστι
1628 673 1683 707 τήν
1702 673 1757 707 σὴν

963 721 1096 756 ἀγιότητα
1125 720 1380 756 ὑπεραποδέξατθαι
1398 719 1477 747 τοῦτο
1499 719 1538 751 ὡς
1558 719 1685 754 θεοφιλὲς
1702 720 1756 745 καὶ

963 766 1148 799 πνευματικὸν
1171 765 1261 801 ἔργον.
1291 765 1417 800 Ἐρῤωσο
1432 784 1440 797 ,
1459 764 1594 798 ἀγιώτατε
1621 764 1757 797 δέσποτα,

963 810 992 836 ἐν
1020 811 1115 846 Κυρίῳ
1142 811 1268 846 ἀγαπητὶ
1293 811 1389 845 ἀδελφὶ
1410 811 1458 838 καὶ
1482 810 1677 845 συλλειτουργὲ
1700 811 1756 845 τῆς

964 856 1043 891 ἡμῶν
1058 856 1246 892 μετριότητος.

964 923 1085 952 XXXIII.
1102 924 1224 958 Synodu:
1239 924 1366 957 tramfert
1382 923 1577 957 melropolitam
1595 923 1712 951 Bilsina
1726 924 1756 950 in

1000 959 1167 992 metrorolim
1193 961 1271 986 totius
1299 959 1508 993 Ungroulachiw.
1537 960 1698 986 constituam
1724 963 1756 985 ιιι

1001 994 1120 1021 Ecclesia
1135 994 1334 1028 Ungrovlachiw
1348 994 1465 1029 subjecta
1479 995 1514 1021 εὶι
1538 994 1662 1022 Ecclesia:
1683 993 1756 1021 Cou-

998 1029 1254 1065 ειαηιὶιιοροίίιαηω.

1000 1084 1022 1114 1.
1042 1085 1064 1122 -ι-
1088 1085 1118 1113 '0
1135 1086 1329 1120 εὐγενέστατος
1346 1087 1433 1122 μέγας
1448 1086 1571 1122 βοτΰόδας
1589 1086 1638 1113 καὶ
1652 1085 1754 1113 αὐθεν-

965 1140 1016 1167 της
1031 1132 1122 1167 πάσης
1143 1132 1378 1167 Οὐγγροσλαχίσς,
1397 1133 1426 1159 ἐν
1442 1132 1513 1167 ἀγίῳ
1532 1131 1672 1165 Πνεύματι
1688 1139 1757 1166 γνη-

966 1177 1099 1208 σιώτατος
1114 1177 1171 1208 υῐδς
1183 1177 1234 1212 τῆς
1249 1177 1328 1211 ἡμῶν
1346 1176 1533 1212 μετριότητος,
1554 1176 1608 1211 κῦρ
1628 1176 1757 1209 ’Δλόξαν-

965 1221 1040 1257 δρος,
1058 1221 1109 1257 ὑπδ
1125 1221 1248 1254 φιλοθέου
1266 1220 1379 1256 γνώμης
1395 1221 1575 1256 κεκινημένος
1589 1221 1636 1248 καὶ
1653 1220 1757 1255 πολλὴν

965 1266 1171 1302 ἐνδεικνύμενος
1185 1267 1235 1302 τὴν
1251 1266 1371 1302 στοργήν
1383 1267 1430 1294 καὶ
1443 1267 1584 1302 ὑποταγὴν
1599 1267 1646 1294 καὶ
1661 1267 1757 1293 εὐπεί-

966 1311 1042 1339 θειαν
1055 1313 1095 1343 είς
1108 1312 1158 1348 τὴν
1173 1313 1255 1346 ἁγίαν
1269 1312 1316 1339 τοῦ
1332 1311 1399 1339 Θεοῦ
1412 1312 1560 1348 καθολικὴν
1576 1313 1623 1340 καὶ
1637 1313 1757 1340 ἀποστο-

965 1357 1044 1393 λικὴν
1068 1358 1243 1393 Ἐκκλησίαν,
1266 1359 1399 1394 ἐζήτησεν
1423 1359 1454 1385 οὒ
1482 1359 1563 1394 μόνον
1585 1358 1670 1391 ἅπαξ,
1686 1359 1758 1385 ἀλλὰ

965 1403 1013 1430 καὶ
1030 1403 1160 1436 πολλάκις
1182 1405 1226 1430 διὰ
1247 1405 1419 1440 γραμμάτων
1434 1404 1518 1431 αὐτοῦ
1532 1405 1578 1431 καὶ
1592 1405 1691 1440 ἐδεήθη
1707 1405 1756 1438 τῆς

966 1450 1045 1485 ήμῶν
1067 1450 1244 1489 μετριότητος
1268 1451 1316 1476 καὶ
1338 1451 1387 1484 τῆς
1410 1450 1476 1485 περὶ
1498 1450 1583 1485 αὐτὴν
1605 1450 1682 1481 θείας
1708 1451 1756 1477 καὶ

133 1498 256 1532 Ἀνανίᾳ,
274 1498 321 1524 καὶ
344 1497 423 1523 ἔλαϐε
440 1497 542 1531 ταύτην
557 1496 604 1523 ἐπὶ
622 1497 799 1531 καταστροφῇ
815 1495 864 1530 τῆς
877 1496 915 1521 οξ-
928 1507 950 1536 c
968 1496 1046 1530 ἱερᾶς
1066 1495 1186 1527 συνόδου,
1200 1495 1238 1527 ὡς
1252 1495 1285 1523 ἃν
1329 1496 1359 1522 τὺ
1371 1495 1426 1523 ἀπὸ
1439 1495 1516 1522 τοῦδε
1531 1496 1579 1523 καὶ
1594 1497 1633 1527 εις
1647 1495 1678 1522 τὸ
1692 1496 1756 1531 ἑξῆς

120 1543 205 1574 ,κείας
218 1542 320 1578 ψυχῆς,
338 1543 554 1577 ἀφροντιστήσας
572 1541 702 1573 καθάπαξ
722 1541 769 1567 καὶ
786 1541 853 1573 ὅλως
865 1540 912 1567 τοῦ

128 1589 215 1616 κοικοῦ
231 1589 352 1623 γεγονὼς
368 1589 416 1615 καὶ
430 1589 539 1615 ἀτόπων
564 1589 612 1615 καὶ
628 1587 751 1622 βεὸήλων
773 1587 914 1614 άσωτειῶν

128 1635 314 1669 ἐφαψάμενος,
343 1633 457 1668 ὰναίδην
484 1633 571 1668 πόρνῃ
593 1633 706 1666 γυναικὶ
730 1631 914 1666 συνηυνάζετο

128 1681 206 1711 am;
231 1679 277 1705 τοῦ
297 1679 404 1705 κελλιου
423 1678 509 1705 αὐτοῦ
533 1679 576 1713 ἐφ’
592 1679 668 1710 ὅλαις
692 1678 793 1713 δηλαδὴ
820 1677 914 1713 σχεδὸν

129 1725 189 1756 ταῖς
204 1723 273 1757 νυξὶ,
289 1723 544 1758 κατασωτευόμενος
559 1723 618 1757 μετ’
630 1724 725 1758 αὐτῆς,
738 1723 915 1758 παράδειγμα

129 1771 229 1802 κακίας
244 1771 301 1801 τοῖς
327 1769 506 1804 συμμύσταις
523 1769 618 1796 τούτου
642 1769 835 1804 προκείμενος.
861 1768 914 1796 Τοῦ

129 1817 195 1851 γοῦν
209 1815 332 1842 τοιούτου
343 1815 525 1850 άτοπήματος
542 1815 655 1850 ἐκδήλου
679 1815 854 1842 παντάπασιν
869 1823 915 1850 γε-

129 1862 241 1896 γονότος
251 1861 298 1888 καὶ
313 1861 423 1887 πάντων
436 1861 634 1887 καταϐοώντων
650 1862 697 1888 καὶ
709 1862 823 1895 ἀνομίαν
836 1861 915 1888 τοῦτο

130 1908 162 1942 δὴ
175 1908 204 1934 τὸ
218 1907 335 1942 πρᾶγμα
348 1905 566 1940 ἀποκαλούντων,
575 1907 592 1942 ῄ
609 1907 753 1942 μετριότης
764 1907 842 1942 ήμῶν
856 1907 914 1940 ἐξε-

129 1953 208 1980 τάσει
221 1952 305 1979 δοῦσα
321 1952 351 1978 τὸ
368 1952 496 1987 πρᾶγμα,
515 1951 553 1983 ὥς
572 1960 603 1985 γε
624 1952 718 1988 ἐχρῆν,
739 1949 803 1987 εὗρε
819 1953 915 1980 τοῦτον

131 1999 183 2034 μιᾷ
193 1998 247 2025 τῶν
263 1997 366 2024 νυκτῶν
382 1997 610 2032 συγκοιμώμενον
622 1999 669 2025 καὶ
685 1998 915 2033 συνευναζόμενον

128 2045 161 2079 τῇ
178 2043 329 2080 δηλωθείσῃ
346 2043 445 2079 πόρνῃ,
469 2044 517 2069 καὶ
534 2043 622 2075 οὓτως
644 2044 716 2070 ἐάλω
730 2045 744 2070 ὁ
759 2044 915 2078 τρισάθλιος

129 2090 173 2116 ἐπ’
181 2089 338 2125 αὐτοφώρῳ
353 2089 384 2116 τδ
398 2089 448 2124 τῆς
466 2089 591 2124 πορνείας
606 2087 699 2124 αῐσχος
714 2089 915 2126 διαπραττόμε-

130 2144 193 2167 νος·
209 2135 340 2171 ἐξήλασεν
361 2135 409 2162 οὖν
432 2135 529 2162 τοῦτον
551 2135 597 2162 διὰ
618 2136 705 2162 ταῦτα
720 2136 770 2171 τῆς
793 2137 915 2171 ἠγουμε-

127 2183 216 2216 -νείας,
241 2183 357 2217 ἐπείπερ
372 2183 403 2209 οὺ
430 2181 510 2218 μόνον
528 2183 615 2214 αἴτιος
632 2183 722 2217 ἐαυτῷ
745 2184 841 2217 γέγονε
865 2183 914 2218 τῆς

129 2228 261 2262 τοιαύτης
288 2227 400 2259 κακίας.
423 2227 491 2253 ἀλλὰ
513 2226 561 2253 καὶ
586 2226 690 2261 ἑτέροις
714 2226 848 2261 μετέδωκε
866 2226 916 2260 τῆς

130 2275 234 2305 οἰκείας
248 2273 337 2308 λύμης
350 2273 399 2300 καὶ
412 2273 531 2308 ψυχικῆς
552 2272 700 2305 ἀπωλείας,
716 2272 848 2307 σπήλαιον
868 2272 916 2307 λῃ-

133 2319 206 2346 στῶν
223 2319 271 2354 τὴν
293 2318 377 2354 μονὴν
392 2319 593 2353 ἐργασάμενος,
611 2317 818 2351 ἀποκατέστησε
832 2317 860 2343 δὲ
872 2317 916 2344 διά

133 2365 300 2399 συντήρησιν
319 2363 369 2398 μὲν
392 2364 440 2389 καὶ
453 2363 603 2395 ἀσφάλειαν
625 2362 680 2388 τῶν
696 2362 725 2388 ἐν
741 2362 810 2397 αὐτῇ
833 2371 916 2397 μονα-

131 2408 198 2443 χῶν,
217 2407 369 2442 ἀναστολήν
389 2406 479 2433 δὲκαὶ
501 2405 671 2440 ἀναχαίτισιν
686 2404 737 2439 τῆς
757 2404 804 2431 τοῦ
828 2404 915 2432 κακοῦ

65 2450 70 2453 ’
102 2490 108 2491 7
132 2455 279 2490 συνηθείας
296 2454 449 2490 ἡγούμενον
467 2455 496 2480 ἐν
512 2452 581 2487 αὐτῇ
600 2452 685 2487 ἀνδρα
706 2451 797 2486 τίμιον
809 2452 857 2479 καὶ
870 2451 918 2478 εὑ-

131 2500 202 2535 λαΰῆ
223 2500 269 2526 καὶ
294 2499 422 2533 ἐνάρετον
443 2496 550 2532 ὁρισμῷ
580 2497 626 2523 καὶ⁵
650 2496 760 2531 εὐδοκία
777 2496 915 2531 βασιλικῇ,

132 2547 206 2577 ὅστις
226 2544 278 2571 ὑπὸ
301 2543 351 2577 τῆς
366 2542 480 2578 ἐνούσης
504 2542 580 2578 αὑτῷ
603 2542 704 2577 ἀρετῆς
725 2541 835 2568 καὶτοῦ
851 2541 920 2576 Χρι-

133 2590 197 2618 στοῦ
213 2589 315 2624 τρόπον
338 2589 383 2616 καὶ
397 2589 446 2623 τῆς
461 2588 501 2619 είς
518 2587 553 2614 τὰ
574 2587 748 2622 πνευματικὰ
761 2587 918 2622 ἐπιστήμης

131 2639 257 2668 δύναται,
285 2635 398 2670 βοηθείᾳ
418 2634 468 2669 μέν
491 2634 570 2667 Θεοῦ,
596 2633 737 2668 ἀντιλήψει
754 2632 782 2659 δὲ
798 2633 844 2659 καὶ
869 2633 918 2668 τῆς

126 2684 288 2720 ,ὑπεράγνου
317 2681 466 2715 Δεσποίνης
489 2681 536 2708 καὶ
560 2680 742 2715 Θεομήτορος,
757 2679 807 2713 τὴν
835 2678 918 2714 μονὴν

132 2731 173 2761 εις
184 2729 214 2756 τὸ
228 2729 351 2764 κρεῖττον
362 2727 411 2753 κα)⁴
423 2725 528 2761 βέλτιον
540 2725 680 2760 προάξειν,
694 2725 757 2754 τοὺς
768 2723 791 2750 δ’
805 2724 834 2750 ἐν
848 2724 917 2758 αὐτῇ

132 2774 269 2811 μοναχοὺς
297 2771 552 2809 μετασκευάσασθαι
579 2771 626 2797 καὶ
654 2770 818 2805 μεταπεῖσαι
849 2769 917 2803 πρὸς

130 2821 287 2857 ἀρετὴνκαὶ
296 2819 438 2848 εὐλάϐειαν
450 2826 456 2833 ·
475 2818 545 2852 πλὴν
554 2817 601 2844 καὶ
611 2816 642 2843 οὓ
648 2826 684 2843 τω
698 2815 744 2842 τοῦ
755 2815 917 2849 πράγματος

965 1536 1045 1572 οὗτος
1068 1540 1116 1567 καὶ
1131 1540 1147 1575 ή
1166 1541 1239 1567 πᾶσα
1254 1540 1338 1567 αὑτοῦ
1360 1541 1523 1576 ἐπικράτεια
1539 1541 1587 1567 καὶ
1604 1541 1675 1576 ἀρχὴ
1701 1541 1756 1568 ὑπὸ

965 1586 1016 1621 τήν
1029 1586 1263 1621 ἐκκλησιαστικὴν
1277 1587 1423 1621 ἀνάκρισιν
1447 1588 1495 1614 καὶ
1513 1586 1687 1623 διεξαγωγὴν
1703 1588 1755 1623 τῆς

965 1631 1027 1658 καθ’
1039 1632 1113 1666 ἡμᾶς
1126 1631 1280 1667 ἁγιωτάτης
1291 1631 1337 1658 τοῦ
1350 1631 1417 1658 Θεοῦ
1430 1633 1560 1668 Μεγάλης
1577 1633 1755 1668 Ἐκκληοίας,

965 1677 1014 1705 καὶ
1037 1678 1147 1713 δέξηται
1163 1678 1304 1713 ἀρχιερέα,
1320 1678 1489 1714 χειροτονίαν
1509 1679 1576 1707 ὄντα
1599 1679 1650 1714 τῆς
1675 1680 1756 1714 ήμῶν

967 1723 1147 1759 μετριότητος
1168 1724 1216 1750 καὶ
1236 1724 1276 1756 είς
1297 1724 1347 1759 τὴν
1372 1724 1447 1751 θείαν
1470 1724 1518 1752 καὶ
1546 1724 1622 1760 ἱερὰν
1644 1725 1755 1752 σύνοδον

965 1772 1105 1804 τελοῦντα,
1119 1773 1166 1799 καὶ
1183 1772 1234 1809 ἔχῃ
1249 1773 1344 1800 τοῦτον
1358 1773 1396 1805 ὡς
1408 1774 1519 1808 γνήσιον
1532 1775 1649 1809 ποιμένα
1663 1776 1756 1811 πάσης

966 1817 1188 1852 υὺγγροσλαχίας
1201 1819 1240 1850 εἰς
1255 1817 1381 1852 εὐλογίαν
1395 1819 1443 1845 καὶ
1456 1820 1640 1854 πνευματικὸν
1652 1829 1757 1854 καταρο

965 1863 1062 1898 τισμὸν
1084 1863 1169 1890 αὑτοῦ
1192 1871 1222 1890 τε
1247 1863 1295 1890 καὶ
1318 1863 1372 1890 τῶν
1396 1863 1499 1891 παίδων
1522 1866 1569 1891 καὶ
1593 1865 1684 1900 πάσης
1705 1866 1757 1901 τῆς

965 1909 1053 1944 ἀρχῆς
1068 1909 1162 1936 αὐτοῦ’
1184 1909 1223 1935 διδ
1241 1909 1287 1935 καὶ
1305 1909 1358 1945 πρό
1382 1917 1455 1941 τινος
1470 1909 1522 1946 ήδη
1538 1910 1635 1945 καιροῦ
1652 1919 1756 1946 προσεο

965 1954 1099 1981 καλέσατο
1120 1954 1306 1989 πλησιάζοντα
1327 1954 1402 1990 αὑτῷ
1416 1954 1462 1981 τὸν
1483 1955 1631 1990 ἱερώτατον
1654 1965 1757 1992 μητρο-

965 1999 1079 2034 πολίτην
1091 1999 1226 2034 Βιτζίνης,
1241 2000 1403 2035 ὐπέρτιμον,
1416 2000 1641 2035 ἀγαπητὺν“κατὰ
1654 2002 1757 2037 Κύριον

966 2045 1080 2078 ἀδελφὺν
1094 2045 1142 2071 καὶ
1165 2045 1372 2080 συλλειτουργδν
1387 2045 1439 2079 τῆς
1462 2045 1542 2080 ήμῶν
1566 2047 1756 2081 μετριότητος,

966 2090 1019 2125 κῦρ
1037 2089 1193 2122 Ὑάκινθον,
1210 2090 1255 2116 καὶ
1269 2089 1379 2122 ἐδέξατο
1401 2089 1591 2124 ἁσμενέστατα
1615 2091 1664 2127 τὴν
1681 2092 1759 2119 εὐλο-

966 2135 1029 2169 γίαν
1043 2134 1138 2167 αὐτοῦ,
1153 2134 1201 2162 καὶ
1217 2135 1302 2167 ἔδειξε
1318 2135 1386 2171 πρδς
1398 2135 1479 2162 αὐτὸν
1493 2135 1543 2170 τήν
1560 2137 1759 2172 προσήκουσαν

929 2171 955 2201 Ῑ)
968 2180 1109 2215 ὑποταγὴν
1123 2181 1170 2207 καὶ
1193 2180 1348 2212 εὐλάϐειαν,
1366 2181 1412 2208 καὶ
1429 2182 1543 2216 ἐζήτησε
1561 2183 1630 2216 μετά
1654 2183 1759 2217 πολλῆς

966 2226 1178 2262 παρακλήσεως,
1199 2226 1242 2253 ἵνα
1254 2227 1326 2254 κατὰ
1341 2228 1391 2262 μὲν
1408 2227 1440 2253 τὸ
1459 2227 1546 2263 παρὸν
1563 2230 1698 2263 μετατεθῇ
1712 2230 1757 2255 ὅδε

965 2273 979 2298 ό
996 2271 1144 2306 ἱερώτατος
1166 2271 1367 2307 μητροπολίτης
1384 2272 1520 2308 Βιτζίνης,
1538 2273 1686 2306 ἀπόδεκτος
1704 2282 1758 2308 φαο
1785 2271 1790 2275 “

966 2318 1022 2349 vel;
1040 2317 1110 2344 κατὰ
1125 2317 1193 2344 πολὺ
1208 2317 1248 2353 τῷ
1262 2317 1376 2352 τοιούτῳ
1394 2319 1505 2354 μεγάλῳ
1521 2319 1639 2354 βοῖεῖόδᾳ,
1654 2321 1693 2351 εις
1708 2321 1758 2356 τὴν

966 2363 1114 2399 ἐκκλησίαν
1130 2364 1222 2399 πάσης
1245 2364 1480 2400 οὐγγροσλαχίας,
1507 2366 1576 2400 μετὰ
1590 2365 1619 2392 δέ
1640 2366 1757 2392 θάνατον

965 2407 1050 2436 αὑτοῦ
1064 2408 1097 2444 δή
1109 2407 1157 2435 τοῦ
1173 2407 1297 2442 Βιτζίνης
1315 2407 1468 2443 ψηφίζηται
1479 2408 1588 2444 ἔτερος,
1606 2409 1653 2435 καὶ
1667 2417 1759 2444 χειρο-

962 2453 1129 2489 τονούμενος
1141 2453 1218 2489 παρὰ
1229 2453 1279 2487 τῆς
1292 2454 1354 2480 καθ’
1369 2455 1443 2488 ἡμᾶς
1460 2454 1613 2488 ἁγιωτάτης
1629 2454 1676 2480 τοῦ
1688 2454 1757 2480 Θεοῦ

967 2498 1097 2534 Μεγάλης
1119 2499 1282 2534 Ἐκκλησίας
1298 2499 1477 2534 ἐκπέμπηται
1493 2500 1582 2525 ἐκεῖσε
1597 2499 1635 2531 ὡς
1652 2500 1758 2534 ποιμὴν

967 2545 1016 2571 καὶ
1029 2544 1175 2579 ἀρχιερεὺς
1187 2544 1300 2579 γνήσιος
1316 2544 1407 2578 πάσης
1424 2543 1660 2579 Οὒγγροὸλαχίας,
1679 2544 1759 2571 Ἐπεὶ

968 2587 1015 2616 οὖν
1029 2589 1129 2624 ἐκρίθη
1141 2589 1217 2624 παρὰ
1229 2589 1279 2624 τῆς
1293 2589 1373 2624 ήμῶν
1386 2590 1562 2624 μετριότητος
1573 2590 1620 2616 καὶ
1633 2589 1681 2624 τῆς
1691 2590 1760 2624 περὶ

968 2635 1052 2670 αὐτὴν
1067 2635 1142 2665 θείας
1158 2635 1322 2670 ὁμηγύρεως
1335 2635 1389 2662 τῶν
1405 2635 1560 2670 ἱερωτάτων
1574 2635 1726 2670 ἀρχιερέων
1740 2637 1757 2670 ή

968 2681 1081 2716 τοιαύτη
1098 2681 1212 2716 ζήτησις
1229 2681 1276 2708 καὶ
1291 2681 1405 2714 ἀξίωσις
1427 2680 1474 2707 τοῦ
1495 2681 1691 2715 εὐγενεστάτου
1710 2689 1759 2715 με-

968 2714 1053 2761 man
1068 2714 1176 2762 ῥοῖσὶςδᾲ
1189 2728 1229 2760 εις
1244 2727 1350 2754 πολλῶν
1363 2727 1458 2762 ψυχῶν
1472 2714 1606 2762 ὠφέλειαν
1619 2728 1666 2754 καὶ
1677 2714 1760 2754 κατά-

970 2781 1075 2806 στασιν,
1094 2773 1146 2805 πᾶς
1158 2773 1186 2800 δὲ
1198 2774 1212 2799 ό
1225 2774 1338 2809 κόσμος,
1353 2772 1445 2804 καθὼς
1457 2774 1487 2799 ἐν
1499 2774 1555 2803 τοῖς
1572 2771 1654 2807 ἱεροῖς
1669 2772 1759 2807 Εὐαγ-

970 2818 1068 2852 γελίοις
1099 2820 1113 2846 ό
1143 2819 1246 2855 Κύριος
1277 2819 1446 2854 ἀπεφήνατο,
1484 2819 1550 2854 μιᾶς
1581 2818 1671 2854 ψυχῆς
1703 2819 1754 2846 οὐκ
