1935 3077
139 157 205 191 1361

670 159 867 190 SYNODICIE
885 159 1223 191 CONSTITUTIONES'.

1681 153 1690 183 1
1697 152 1763 183 362‘

135 217 260 250 ἀντάξιος
281 216 328 244 καὶ
342 217 386 244 διὰ
407 216 453 244 τοῦ
470 217 609 252 προφήτου
625 218 640 245 ό
662 218 766 253 ἐξάγων
791 219 865 252 ἀξιον
888 219 919 251 ἐξ
935 222 958 250 Α
971 220 1082 255 ποιήτου
1098 221 1151 246 κάν
1162 219 1201 253 τῷ
1215 217 1278 252 ἐξῆς
1289 216 1332 244 ἀεὶ
1345 217 1433 251 χρόνῳ
1446 215 1495 250 τῆς
1510 213 1644 248 ἐνωμότου
1661 214 1755 246 ἀσφα-

136 262 259 295 ἀναείου,
276 263 315 294 ὡς
333 262 420 296 στόμα
435 271 485 297 μου
503 263 572 296 ἐστι,
590 264 681 298 μέλλει
692 264 721 291 δέ
735 264 789 303 ἀπρ
799 264 848 299 τῆς
861 273 918 292 τοι·

137 307 222 342 αύτης
242 307 440 342 ἀρχιερατικῆς
463 307 626 339 ἐπιστασίας
649 307 697 334 καὶ
723 307 887 342 ποιμανσίας
903 309 918 334 ό

136 354 166 379 ἐν
189 354 223 388 τῇ
248 353 380 388 είρημένῃ
404 353 475 388 ἀρχῇ
492 353 539 379 καὶ
559 353 727 390 ’ἐπικρατείᾳ
754 354 843 389 πάσης
868 353 918 389 τῆς

137 397 285 433 εἰρημένης
304 398 527 433 οὐγγροσλαχίας
548 399 741 434 εὑρισκόμενος
759 398 919 434 Χριστώνυ-

138 451 191 478 μος
203 443 250 470 τοῦ
266 443 368 478 Κυρίου
382 443 446 475 λαὸς
456 443 612 479 όδηγείσθαι
627 445 667 476 είς
679 445 853 480 ἐκπλήρωσιν
865 445 918 471 τῶν

137 489 280 524 σωτηρίων
301 489 349 516 τοῦ
365 490 484 523 Χριστοῦ
502 491 618 518 ἐντολῶν
640 491 732 526 μέλλει
756 492 919 527 εἰσηγουμέ-

136 542 183 561 νου
205 534 253 562 τοῦ
277 535 430 570 ἀρχιερέως
447 536 495 562 καὶ
521 536 726 568 ἐκδιδάσκοντος
751 537 850 569 αὐτοὺς
869 537 920 572 τὴν

136 579 184 606 τοῦ
199 579 364 614 Εὐαγγελίου
381 581 440 608 ὁδὸν
456 581 503 608 καὶ
518 582 686 616 ἀφιστῶντος
704 583 751 610 καὶ
770 583 920 613 κωλύοντος

137 624 191 652 ἀπὸ
212 625 268 652 τῶν
290 626 522 661 ἀπηγορευμένων
542 627 632 662 ἔργων
647 628 696 662 τῆς
714 628 849 663 ἁμαρτίας
874 627 921 655 καὶ

138 672 239 703 παντὸς
253 671 371 706 ἐκφύλου
385 672 431 698 καὶ
443 672 583 708 ἀλλοτρίου
593 673 728 708 δόγματος
740 674 789 708 τῆς
808 674 921 708 Ἐκκλη-

140 717 202 748 σίας
218 716 351 752 Χριστοῦ,
364 717 404 744 ἔτι
417 717 445 744 δέ
462 718 511 745 καὶ
525 718 574 753 τῆς
588 718 667 753 ἡμῶν
685 719 861 753 μετριότητος
877 719 922 746 διὰ

137 762 258 796 σπουδῆς
281 761 361 789 τοῦτο
380 762 533 798 μελλούσης
554 763 598 790 ἀεὶ
621 764 710 790 ποιεῖν
733 765 781 791 καὶ
803 764 921 799 γράφειν

137 807 184 834 καὶ
210 807 347 834 νουθετεῖν
373 807 471 839 αὐτοὺς
496 809 536 839 είς
563 808 679 843 τήρησιν
707 809 757 843 τῆς
783 809 921 843 ἀσφαλοῦς

137 852 217 887 ήμῶν
243 853 373 884 πίστεως,
397 853 465 888 ὅπερ
490 853 581 889 ἀφορᾷ
607 854 647 886 είς
676 854 777 889 πολλὴν
803 855 922 890 ψυχικὴν

136 898 270 933 ὠφέλειαν
299 898 400 931 αὐτῶν,
426 899 499 934 ὑπὲρ
522 895 553 926 οὗ
581 899 654 926 θείου
683 900 846 936 πράγματος
872 900 922 935 οὐχ
938 892 959 922 Β

139 944 230 976 ίκανδς
253 944 340 976 ὅλοςό
360 944 473 980 κόσμος,
498 945 536 976 ὼς
561 946 761 974 ἀποδέδεικται·
788 946 836 974 διὰ
858 947 924 982 γοῦν

137 991 224 1018 ταῦτα
240 991 257 1025 ή
275 991 422 1026 μετριότης
438 991 528 1026 ἡμῶν,
540 992 796 1028 συνδιασκεψαμένη
810 992 843 1019 τά
860 993 925 1028 περὶ

138 1036 234 1063 τούτου
249 1037 282 1071 τῇ
299 1036 362 1070 περὶ
376 1036 461 1071 αὑτήν
477 1037 536 1073 θείᾳ
550 1037 686 1074 όμηγύρει
701 1039 756 1065 τῶν
770 1039 925 1075 ίερωτάτων

139 1082 353 1118 ἀρχιερέων,τῷ
370 1081 542 1118 Ἡρακλείας.
582 1104 589 1112 .
629 1103 637 1112 .
676 1104 684 1113 .
723 1105 731 1113 .
770 1105 779 1114 .
819 1103 828 1113 .
867 1106 876 1114 .
915 1105 923 1114 .

139 1173 199 1200 ἐπεὶ
210 1174 386 1207 ἀμεταθέτως
399 1175 524 1211 ἐξέχεται
538 1177 578 1207 είς
595 1177 627 1204 τδ
651 1177 836 1213 μετατεθῆναι
849 1177 925 1205 τόνδε

139 1219 184 1245 τὸν
197 1221 400 1256 μητροπολίτην
415 1221 540 1258 Βιτζίνης
558 1223 572 1249 ό
585 1222 706 1256 τοιοῦτος
726 1223 813 1259 μέγας
835 1223 926 1259 βοϊσόο

139 1264 188 1296 δας
207 1266 246 1298 είς
263 1266 308 1294 τὸν
324 1266 419 1302 θρόνον
439 1268 530 1304 πάσης
554 1269 782 1306 Οὒγγροόλαχίας
798 1270 844 1297 καὶ
865 1270 925 1297 ἐπι-

141 1310 273 1344 κρατείας
293 1312 340 1338 καὶ
355 1312 443 1347 ἀρχῆς
457 1312 552 1345 αὐτοῦ,
567 1314 615 1341 καὶ
637 1314 709 1341 κατά
726 1315 757 1341 τὸ
775 1315 862 1350 παρὺν
875 1315 925 1342 οὐκ

141 1355 181 1386 είς
201 1355 295 1391 ἕτερόν
319 1365 392 1389 τινα,
415 1358 473 1385 ἀλλ’
490 1359 530 1390 είς
552 1359 633 1386 αὐτὸν
654 1360 706 1395 τὴν
729 1359 925 1396 ἀρχιερατικὴν

141 1401 242 1437 ταύτην
253 1404 423 1438 προστασίαν
436 1405 505 1439 μετὰ
516 1405 616 1440 πολλῆς
629 1405 706 1442 ζητετ
715 1406 923 1442 παρακλήσεως,

141 1446 356 1482 ὑπισχνούμενος
367 1448 460 1476 δοῦναι
474 1449 609 1485 ἐνώμοτον
622 1451 670 1478 καὶ
685 1451 823 1486 ἔγγραφον
838 1451 927 1487 ἀσφά-

141 1492 227 1522 λειαν,
239 1493 287 1520 ἴνα
301 1494 364 1529 τελῇ
379 1495 410 1522 τὸ
425 1494 479 1522 ἀπὸ
491 1495 567 1523 τοῦδε
584 1496 630 1524 καὶ
643 1497 683 1529 είς
695 1497 725 1524 τὸ
739 1497 812 1533 ἑξῆς,
828 1498 925 1534 μέχρις

141 1538 174 1565 ἂν
192 1540 351 1567 συνίσταται
367 1543 383 1575 ὴ
398 1541 527 1569 αὐθεντία
544 1543 592 1570 καὶ
614 1543 685 1580 ἀρχὴ
700 1544 795 1577 αὐτοῦ,
810 1544 827 1579 ή
848 1545 925 1579 εἰρη-

143 1585 211 1620 μένη
227 1586 301 1612 πᾶσα
317 1586 536 1622 Ούγγροὸλαχία,
549 1589 602 1616 ὑπὸ
617 1589 666 1624 τὴν
682 1589 742 1617 καθ’
752 1591 827 1625 ἡμᾶς
840 1591 925 1625 ἁγιω-

141 1632 226 1667 τάτην
250 1632 299 1659 τοῦ
329 1633 395 1660 Θεοῦ
418 1634 550 1670 Μεγάλην
584 1636 749 1671 Ἐκκλησίαν
781 1638 852 1664 κατά
878 1637 924 1664 τὸν

142 1679 392 1720 ἀναγεγραμμένον
413 1681 525 1716 τρόπον·
545 1682 679 1718 μετέθηκε
703 1682 797 1710 τοῦτον
823 1684 855 1719 δὴ
879 1684 925 1710 τὸν

96 1719 99 1722 ’
142 1724 269 1759 Βιτζίνης
282 1725 298 1760 ή
321 1725 466 1761 μετριότης
481 1726 561 1761 ἡμῶν
576 1727 673 1762 γνώμῃ
689 1728 737 1755 καὶ
755 1727 865 1762 εὐδοκία
877 1726 924 1754 τοῦ

143 1770 276 1804 κραταιοῦ
300 1771 348 1797 καὶ
365 1772 444 1805 ἁγίου
469 1780 520 1806 μου
540 1772 752 1808 αὐτοκράτορος,
775 1772 822 1800 τοῦ
847 1773 926 1801 πάντ’

142 1816 256 1849 ἀρίστου
278 1816 325 1842 καὶ
352 1816 545 1851 ἀπαραμίλλου
570 1819 603 1852 τῇ
630 1817 677 1844 τοῦ
703 1817 785 1852 ῆθους
809 1818 856 1844 καὶ
871 1817 926 1844 τῶν

142 1859 251 1894 τρόπων
264 1860 429 1895 χρηστότητί
441 1869 470 1887 τε
485 1861 533 1888 καὶ
547 1861 710 1897 γαληνότητι
723 1862 768 1888 καὶ
782 1862 812 1888 τὸ
822 1862 926 1889 δίκαιον

143 1907 172 1932 ἐν
191 1905 277 1932 ἅπασι
291 1904 455 1940 βουλομένου
475 1907 588 1940 κρατεῖν
611 1907 659 1933 καὶ
677 1907 925 1942 παρρησιάζεσθαι,

144 1952 183 1983 είς
193 1951 238 1978 τὸν
253 1950 346 1986 θρόνον
365 1952 456 1987 πάσης
476 1952 709 1988 Οὐγγροσλαχίας.
723 1953 819 1980 Ἔσται
838 1953 927 1981 τοίνυν

143 1999 173 2024 τὸ
187 1998 241 2024 ἀπὸ
255 1997 333 2024 τοῦδε
356 1998 403 2024 καὶ
418 1999 457 2030 είς
470 1998 516 2025 τὸν
531 1999 594 2033 ἐξῆς
611 1999 719 2026 ἀπαντα
734 1999 831 2034 χρόνον
845 2000 858 2026 ό
880 1999 927 2035 δη-

143 2044 240 2075 λωθεὶς
258 2044 405 2078 ἱερώτατος
430 2044 630 2080 μητροπολίτης
646 2045 736 2079 πάσης
752 2045 927 2080 Οὐγγροδλα-

144 2089 216 2124 χίας,
244 2089 405 2125 ὐπέρτιμος,
429 2090 572 2124 ἀγαπητὸς
595 2091 666 2117 κατά
690 2090 792 2126 Κύριον
815 2089 927 2126 ἀδελφὸς

144 2136 222 2172 ἡμῶν
237 2137 285 2164 καὶ
300 2137 518 2172 συλλειτουργδς,
532 2137 628 2173 ὥσπερ
644 2137 691 2164 τοῦ
708 2137 804 2173 θρόνου
826 2137 928 2173 ταύτης

145 2183 191 2210 καὶ
207 2183 253 2210 τοῦ
267 2183 408 2218 ὀνόματος,
425 2183 496 2210 οὕτω
512 2184 635 2219 μετέχων
653 2184 700 2211 καὶ
716 2183 861 2211 ἀπολαύων
881 2183 927 2210 καὶ

143 2229 193 2260 τῆς
217 2228 266 2254 τοῦ
292 2227 366 2263 ἱεροῦ
391 2227 539 2263 συνθρόνου
568 2228 796 2263 ἐγκαθιδρύσεως,
822 2227 869 2255 ἅτε
895 2227 927 2263 δὴ
944 2239 967 2270 ο

145 2275 255 2310 γνήσιος
269 2274 416 2310 ἀρχιερεὺς
429 2274 473 2302 8ιά
487 2274 537 2310 τῆς
553 2275 662 2309 χάριτος
678 2274 725 2301 τοῦ
740 2274 808 2301 Θεοῦ
823 2275 928 2301 ἀποκα-

144 2321 246 2352 ταστὰς
271 2320 322 2355 τῆς
349 2320 519 2356 δηλωθείσης
548 2320 707 2355 ἁγιωτάτης
736 2320 930 2356 μητροπόλεως

145 2365 369 2401 Οὐγγροόλαχίας
392 2366 462 2393 κατά
482 2365 532 2401 τήν
548 2365 780 2401 ἐκκλησιαστικὴν
798 2365 877 2398 τάξιν
900 2373 930 2392 τε

146 2412 192 2437 καὶ
204 2411 390 2444 ὑποτύπωσιν,
401 2412 579 2446 ἀναγνώστας
588 2419 618 2438 τε
629 2411 786 2446 σφραγίζων
797 2411 829 2437 ἐκ
839 2411 930 2445 πάσης

146 2457 194 2492 τῆς
217 2458 350 2492 ἐπαρχίας
366 2458 413 2485 καὶ
430 2458 538 2493 ἐνορίας
561 2457 643 2484 αὐτοῦ
667 2458 714 2484 καὶ
737 2457 931 2489 ὑποδιακόνους

147 2503 192 2529 καὶ
211 2503 350 2534 διακόνους
367 2503 543 2538 προσιῧάζων
558 2504 605 2531 καὶ
621 2503 826 2539 πρεσϐυτέρους
841 2511 931 2538 χειρο-

147 2549 242 2581 τονῶν,
260 2549 458 2583 ἐπιλαὸόμενός
471 2558 500 2575 τε
514 2549 561 2576 καὶ
575 2550 684 2576 πάντων
700 2549 754 2576 τῶν
768 2548 930 2585 όθενδήποτε

146 2595 330 2630 διαφερόντων
345 2594 432 2630 ταύτῃ
444 2595 566 2621 δικαίων·
581 2595 642 2622 ὅθεν
656 2595 807 2629 ὀφείλουσιν
819 2595 845 2621 οἴ
857 2602 888 2620 τε
901 2594 931 2620 ἐν

147 2642 215 2677 αὐτῇ
234 2641 361 2676 κληρικοὶ
376 2641 422 2667 καὶ
437 2641 462 2666 οί
484 2639 558 2667 ἀλλοι
577 2641 731 2676 ίερωμένοι,
753 2641 864 2676 μοναχοὶ
883 2640 932 2667 καὶ

147 2688 247 2720 mw,
264 2687 389 2713 ὑπείκειν
411 2687 459 2712 καὶ
483 2686 681 2712 ὑποτάττεσθαι
697 2687 794 2722 τούτῳ,
817 2687 866 2713 ὅσα
883 2686 932 2713 καὶ

147 2734 251 2767 γνησίῳ
275 2733 365 2758 αὐτῶν
391 2731 502 2766 ποιμένι
525 2731 571 2758 καὶ
596 2732 678 2764 πατρὶ
696 2733 744 2758 καὶ
766 2732 930 2767 διδασκάλῳ,

148 2777 195 2804 καὶ
210 2777 333 2812 δέχεσθαι
348 2777 496 2812 προθύμως
510 2777 557 2803 καὶ
569 2777 758 2811 ἀποπληροῦν,
773 2778 822 2804 ὅσα
838 2777 931 2812 μέλλει

147 2825 236 2855 λέγειν
254 2825 300 2851 καὶ
314 2825 457 2858 παραινεῖν
471 2824 518 2850 καὶ
541 2823 711 2850 ἐκδιδάσκειν
732 2824 842 2856 αὐτοὺς,
865 2824 932 2858 ἀφο-

148 2872 239 2906 ρῶντα
255 2872 293 2901 εἰς
308 2869 425 2905 ψυχικὴν
442 2868 621 2903 λυσιτέλειαν,
637 2870 807 2905 τηρουμένης
822 2870 930 2904 ἀπαρα-

969 267 1043 299 λείας
1064 267 1111 293 καὶ
1133 264 1304 299 ὑποσχέσεως
1320 261 1459 297 ἐγγράφου
1478 261 1518 292 είς
1541 261 1591 294 τὴν
1607 259 1688 294 ἁγίαν
1704 258 1751 285 τοῦ

968 312 1089 348 Χριστοῦ
1102 310 1249 343 καθολικὴν
1264 308 1312 336 καὶ
1325 307 1508 340 ἀποστολικὴν
1525 305 1689 339 Ἐκκλησίαν
1705 304 1751 331 τοῦ

942 378 949 384 .
969 358 1093 385 τοιούτου
1107 356 1302 390 εὐγενεστάτου
1319 353 1438 389 μεγάλου
1459 351 1566 387 βοῖὸόδα
1582 352 1621 381 είς
1636 350 1665 377 τὸ
1682 348 1752 376 εἶναι

969 404 1013 430 ἀεὶ
1027 403 1077 437 τὴν
1089 400 1239 435 ἐκκλησίαν
1250 400 1298 434 τῆς
1312 397 1537 433 Ούγγροὸλαχίας
1553 396 1598 423 ὑπ’
1609 395 1693 430 αὐτὴν
1705 396 1753 421 καὶ

969 448 1095 484 δέχεσθαι
1117 448 1163 474 ἀπ’
1189 446 1274 480 αὐτῆς
1300 444 1435 480 ἀρχιερέα
1458 443 1580 478 γνήσιον·
1600 441 1670 468 ὥστε
1697 440 1762 474 γὰρ

971 494 1165 530 συντηρεῐσθαι
1180 494 1219 525 είς
1234 493 1266 519 τὸ
1281 492 1344 527 ἐξῆς
1361 490 1440 518 τοῦτο
1461 487 1689 522 ἀκαίνοτόμητον,
1707 486 1754 513 καὶ

970 541 1121 577 βαρύτατον
1135 539 1182 566 καὶ
1195 537 1332 565 συνοδικδν
1349 534 1525 572 (ἀφορισμὺν)
1538 533 1670 568 ἢπείλητο
1683 532 1754 558 κατά

972 576 1071 617 παντὸς
1088 585 1136 612 τοῦ
1156 583 1392 619 βουληθησομόνου
1409 580 1552 616 ἀκυρῶσαι
1567 579 1646 605 αὐτόν
1660 576 1755 609 ἐπειδὴ

971 631 1067 659 τούτου
1083 631 1177 658 ἕνεκεν
1191 630 1240 656 καὶ
1259 629 1276 665 ή
1299 627 1427 663 παροῦσα
1445 627 1571 661 συνοδικὴ
1588 623 1687 660 πρᾶξις
1709 631 1754 657 γε·

971 680 1067 713 γονυία
1089 678 1127 713 τῷ
1148 677 1289 712 εἰρημένῳ
1312 674 1498 711 μητροπολίτῃ
1525 672 1616 707 πάσης
1635 671 1755 704 οὐγγρο-

972 724 1085 760 ὁλαχίας
1109 724 1156 751 καὶ
1184 717 1327 758 ὑπερτίμῳ
1353 722 1394 752 είς
1420 719 1570 754 ἀσφάλειαν
1594 716 1754 745 ἐπιδέδοτσι,

972 770 1141 798 ἀπολυθεῖσα
1165 769 1238 796 κατὰ
1257 769 1329 804 μῆνα
1353 767 1438 794 Μάῖον
1459 766 1508 800 τῆς
1525 763 1703 798 ἐνισταμένης
1723 761 1757 796 ιβ’

975 815 1023 842 ίνδ.
1041 814 1087 841 τοῦ
1100 812 1190 847 ,ςωξξ
1206 813 1293 845 ἐτους,
1306 813 1367 847 ἣτις
1378 811 1426 839 καὶ
1439 809 1621 845 ὑπεσημάνθη
1634 809 1667 844 τῇ
1681 806 1761 834 αὐτο-

973 861 1057 896 χειριρ
1072 860 1166 895 γραφῇ
1185 859 1236 893 τῆς
1249 858 1327 894 ἡμῶν
1344 857 1533 900 μετριότητιξςι

1010 950 1044 978 ﬂ.
1064 949 1084 986 ’ξ-
1103 948 1310 985 Εὐγενέστατε,
1350 946 1518 975 συνετώτατε
1530 964 1538 977 ,
1573 943 1759 979 ἀνδρικώτατε

977 995 1048 1030 μέγα
1064 994 1171 1030 βοῖδόδα
1189 993 1237 1021 καὶ
1263 992 1386 1020 αὑθέντα
1405 992 1496 1026 πάσης
1523 988 1760 1024 Οὐγγροδλαχίας,

975 1038 1004 1065 ἐν
1019 1038 1090 1073 ἁγίῳ
1108 1037 1249 1072 Πνεύματι
1261 1035 1445 1071 γνησιώτατε.
1462 1035 1636 1062 ποθεινότατε
1652 1033 1695 1061 υίέ
1711 1033 1761 1068 τῆς

975 1085 1053 1121 ἡμῶν
1082 1084 1270 1120 μετριότητος,
1301 1084 1353 1117 κῦρ
1383 1081 1553 1117 Ἀλέξανδρε,
1579 1080 1685 1115 ὑγίειαν
1713 1079 1761 1106 καὶ

975 1130 1109 1165 εὐθυμίαν
1128 1130 1228 1165 ψυχῆς,
1244 1129 1370 1165 σώματός
1384 1136 1413 1154 τε
1431 1127 1515 1164 ρῶσιν
1533 1127 1579 1154 καὶ
1591 1124 1766 1159 εὐεξίαν-καὶ-

976 1176 1030 1203 πᾶν
1051 1176 1065 1203 ὃ
1080 1185 1105 1203 τι
1130 1175 1233 1210 ἀγαθὸν
1249 1175 1298 1203 καὶ
1312 1175 1456 1209 σωτήριον,
1475 1173 1618 1208 ἐπεύχεται
1635 1173 1669 1207 τῇ
1687 1172 1764 1197 ἀντι-

975 1221 1055 1256 λήψει
1073 1221 1153 1257 σουή
1172 1221 1319 1256 μετριότης
1343 1220 1422 1255 ἡμῶν
1436 1219 1491 1246 ἀπδ
1512 1218 1579 1246 Θεοῦ
1603 1216 1762 1251 παντοκρά-

975 1277 1064 1303 τορος,
1087 1267 1154 1294 ’Δπδ
1167 1266 1222 1294 τῶν
1237 1266 1410 1302 γραμμάτων
1426 1265 1477 1300 τῆς
1492 1264 1542 1298 σῆς
1556 1262 1697 1298 εὐγενείας
1710 1262 1760 1290 καὶ
1798 1270 1803 1275 ·

975 1314 1030 1342 τῶν
1044 1314 1187 1349 προτέρων
1204 1312 1251 1339 καὶ
1264 1311 1318 1339 τῶν
1336 1311 1458 1346 ὑστέρων
1473 1311 1621 1345 ἐγνώρισεν
1636 1308 1761 1344 ἀκριδῶς

976 1361 993 1396 ή
1009 1361 1154 1396 μετριότης
1168 1359 1257 1395 ήμῶν,
1276 1359 1326 1386 ὅσα
1347 1358 1443 1394 ἐδήλου
1466 1358 1483 1393 ὴ
1503 1356 1625 1391 εὐγένειά
1643 1364 1702 1387 σου,
1715 1356 1763 1382 καὶ

975 1406 1124 1438 ἀπεδέξατο
1143 1406 1214 1433 κατά
1232 1405 1300 1433 πολὺ
1323 1406 1371 1433 καὶ
1392 1405 1507 1441 ἐπῄνεσε
1532 1405 1581 1440 τὴν
1603 1403 1762 1431 εὐπείθειαν

979 1452 1027 1479 καὶ
1041 1451 1181 1488 ὑποταγὴν
1197 1453 1245 1478 καὶ
1258 1452 1375 1487 στοργήν
1390 1453 1437 1478 καὶ
1451 1451 1572 1486 ἀγάπην,
1589 1450 1623 1485 ἠν
1635 1449 1706 1484 εχεις
1721 1449 1762 1479 είς

975 1498 1026 1533 τὴν
1043 1497 1125 1532 ἁγίαν
1136 1497 1184 1524 τοῦ
1201 1497 1321 1533 Χριστοῦ
1344 1497 1491 1532 καθολικὴν
1511 1498 1557 1523 καὶ
1578 1494 1762 1528 ἀποστολικὴν

982 1543 1158 1580 Ἐκκλησίαν,
1172 1544 1233 1579 ἥτις
1245 1544 1319 1571 ἐστὶν
1334 1545 1351 1579 ἡ
1365 1543 1441 1579 πηγὴ
1452 1543 1498 1570 καὶ
1511 1543 1527 1578 ἡ
1545 1542 1608 1578 ῥίζα
1623 1541 1671 1577 τῆς
1684 1541 1763 1567 εὐσε-

977 1590 1053 1623 ϐείας
1065 1591 1110 1617 καὶ
1124 1591 1154 1617 τδ
1168 1591 1308 1626 στήριγμα
1323 1591 1372 1617 καὶ
1386 1591 1400 1618 ό
1424 1589 1549 1624 θεμέλιος
1566 1588 1615 1616 τοῦ
1634 1588 1764 1623 Χριστια-

976 1634 1086 1670 νισμοῦ,
1102 1635 1149 1662 καὶ
1164 1635 1292 1670 μάλιστα,
1304 1635 1345 1662 ὅτι
1359 1634 1451 1670 ζητεῖς
1465 1633 1519 1662 ἀπὺ
1531 1633 1621 1669 ψυχῆς
1631 1632 1764 1669 ἀρχιερέα

976 1682 1023 1709 καὶ
1039 1682 1158 1716 ποιμένα
1172 1682 1219 1708 καὶ
1234 1680 1396 1708 διδάσκαλον
1409 1680 1457 1707 τοῦ
1473 1681 1558 1707 τόπου
1571 1679 1619 1706 καὶ
1637 1680 1687 1714 τῆς
1704 1679 1764 1704 ἐπι-

976 1727 1107 1762 κρατείας
1122 1728 1172 1762 τῆς
1186 1727 1325 1761 εὐγενείας
1347 1735 1405 1758 σου,
1419 1725 1590 1762 χειροτονίαν
1609 1725 1659 1760 τῆς
1681 1723 1763 1758 ἀγίας

976 1771 1024 1798 τοῦ
1048 1771 1117 1798 Θεοῦ
1145 1771 1294 1806 καθολικῆς
1318 1773 1366 1798 καὶ
1381 1772 1564 1806 ἀποπολικῆς
1584 1770 1761 1806 Ἐκκλησίας,

976 1817 1014 1849 ὡς
1031 1817 1089 1848 υἱὸς
1114 1817 1201 1848 αὐτῆς
1218 1818 1330 1852 γνήσιος
1348 1818 1396 1844 καὶ
1415 1816 1557 1852 εὐπειθής,
1577 1815 1669 1848 καθώς
1688 1817 1762 1842 ἐστιν

976 1861 1152 1896 ὀφειλόμενον
1165 1862 1247 1888 παντὶ
1261 1862 1417 1898 βουλομένῳ
1432 1862 1541 1896 θερμῶς
1553 1862 1601 1889 καὶ
1615 1861 1685 1897 μετὰ
1698 1861 1762 1888 εἰλι-

977 1907 1088 1942 κρινοῦς
1112 1908 1231 1939 πίστεως
1254 1907 1381 1942 δέχεσθαι
1400 1907 1450 1942 τὴν
1467 1907 1608 1934 εὐσέϐειαν
1625 1908 1673 1935 καὶ
1696 1907 1765 1934 ἀπο-

977 1953 1126 1988 τρέπεσθαι
1137 1953 1187 1985 τάς
1200 1961 1229 1980 τε
1241 1961 1277 1980 πα
1283 1953 1482 1988 ρασυναγωγάς
1493 1952 1541 1980 καὶ
1553 1953 1587 1979 τά
1599 1951 1701 1986 ἔκφυλα
1716 1952 1763 1978 καὶ

977 1999 1106 2035 ἀλλότρια
1130 1999 1264 2034 δόγματα.
1290 1999 1367 2026 Ἐπεὶ
1392 1997 1450 2030 οὖν,
1478 1999 1517 2031 ὼς
1544 1999 1664 2033 εἴρηται,
1692 1998 1763 2032 μετά

977 2045 1079 2080 πολλῆς
1093 2045 1227 2080 ἀποδοχῆς
1244 2046 1290 2072 καὶ
1306 2044 1423 2079 ὀρέξεως
1438 2045 1516 2081 ζητεῖ
1529 2046 1545 2081 ή
1561 2045 1686 2080 εὐγένειά
1704 2054 1763 2079 σου,

979 2090 1023 2118 ἵνα
1037 2090 1087 2127 ἔχῃ
1100 2091 1195 2118 αὐτόθι
1209 2091 1340 2127 ἀρχιερέα
1353 2090 1403 2124 τῆς
1417 2091 1483 2126 περὶ
1495 2091 1544 2127 τὴν
1559 2091 1638 2126 ἡμῶν
1654 2092 1765 2128 μετριό-

978 2145 1047 2172 τητα
1064 2137 1141 2168 θείας
1155 2137 1202 2163 καὶ
1218 2137 1295 2172 (apd;
1310 2136 1420 2163 συνόδου
1434 2137 1483 2171 τῆς
1499 2137 1631 2172 Μεγάλης
1651 2137 1766 2173 Ἐκκλη-

980 2183 1052 2215 σίας,
1069 2183 1116 2209 καὶ
1131 2182 1178 2208 νῦν
1195 2182 1244 2217 μὲν
1258 2182 1304 2209 τὸν
1321 2181 1466 2217 ἱερώτατον
1492 2183 1693 2218 μητροπολίτην
1721 2183 1766 2210 Βι-

979 2228 1084 2263 τζίνης,
1102 2227 1264 2263 ὑπίρτιμον,
1275 2228 1419 2263 ἀγαπητὸν
1435 2227 1506 2255 κατὰ
1528 2228 1638 2264 Κύριον.
1651 2227 1767 2262 ἀδελφὸν

980 2274 1029 2308 τῆς
1058 2273 1139 2308 ἡμῶν
1169 2273 1348 2309 μετριότητος
1382 2274 1430 2300 καὶ
1463 2273 1678 2309 συλλειτουργδν,
1713 2275 1767 2309 κῦρ

985 2320 1141 2353 Ὑάκινθον,
1160 2320 1230 2354 μετᾶ
1252 2319 1281 2346 δὲ
1306 2320 1470 2356 παρέλευσιν
1483 2319 1579 2352 αὐτοῦ,
1596 2319 1626 2346 δν
1639 2320 1672 2347 ἃν
1687 2320 1766 2347 ἐκλέ-

981 2365 1060 2402 ξηται
1073 2366 1122 2392 καὶ
1140 2366 1322 2403 χειροτονήσῃ
1335 2365 1419 2401 ψήφῳ
1437 2366 1599 2401 συνοδικῇή
1617 2366 1678 2393 καθ’
1692 2367 1767 2401 ἡμᾶς

981 2413 1122 2447 ἀγιωτάτη
1134 2412 1181 2440 τοῦ
1194 2412 1261 2439 Θεοῦ
1274 2412 1388 2447 Μεγάλη
1404 2412 1563 2447 Ἐκκλησία,
1578 2413 1625 2440 καὶ
1638 2412 1768 2449 ἐκπέμψῃ

981 2459 1050 2494 πρὸς
1065 2459 1115 2494 τὴν
1128 2457 1269 2492 εὐγένειάν
1288 2466 1336 2485 σου
1354 2458 1402 2485 καὶ
1415 2458 1484 2493 πρὸς
1497 2458 1547 2493 τὴν
1566 2458 1659 2486 αὐτόθι
1675 2460 1767 2485 πᾶσαν

979 2504 1067 2539 ἀρχὴν
1083 2505 1129 2530 καὶ
1143 2504 1320 2539 ἐπικράτειαν
1337 2503 1418 2531 αὐτοῦ
1438 2505 1570 2539 ἀρχιερέα
1581 2505 1703 2539 γνήσιον,
1719 2504 1768 2532 καὶ

981 2549 1244 2577 ὄτι¹διασε6αιοῦται
1258 2550 1276 2585 ή
1290 2549 1416 2584 εὐγένειά
1432 2558 1480 2576 σου
1496 2550 1616 2585 ἐνόρκως
1634 2551 1683 2576 καὶ
1696 2550 1767 2585 μετά

981 2595 1084 2630 πολλῆς
1100 2595 1263 2630 ἀσφαλείας,
1275 2596 1316 2623 ὅτι
1329 2597 1376 2623 καὶ
1391 2596 1461 2630 μετά
1472 2596 1590 2624 θάνατον
1604 2595 1688 2623 αὐτοῦ
1704 2596 1768 2630 μέλ-

981 2641 1022 2668 λει
1036 2639 1106 2668 εἰναι
1130 2641 1210 2668 τοῦτο
1227 2642 1435 2677 ἀπαραποίητον
1461 2643 1509 2669 κηιὶ
1535 2641 1704 2677 ἀμετάθετον
1728 2642 1769 2673 είς

982 2687 1044 2718 τοὺς
1059 2687 1245 2723 κληρονόμους
1265 2688 1312 2714 καὶ
1326 2687 1465 2723 διαδόχους
1479 2687 1567 2722 αὐτῆς
1580 2687 1620 2718 είς
1638 2687 1669 2713 τὸ
1684 2686 1767 2722 μηδέ-

982 2741 1048 2760 ποτε
1071 2733 1183 2768 θελῆσαι
1198 2733 1329 2766 δέξασθαι
1353 2733 1452 2766 αὐτοὺς
1467 2733 1598 2768 ἀρχιερέα
1620 2732 1766 2767 ἑτέρωθεν,

982 2780 1036 2806 κᾶν
1049 2777 1105 2811 οἷος
1118 2780 1172 2815 ἀρα
1187 2780 1235 2807 καὶ
1249 2779 1333 2813 ἔστιν,
1351 2781 1374 2806 ει
1396 2779 1434 2815 μὴ
1457 2779 1624 2814 χειροτονίαν
1639 2778 1685 2805 καὶ
1699 2779 1767 2805 ἀπο-

985 2825 1081 2860 στολὴν
1095 2827 1145 2860 τῆς
1158 2826 1219 2853 καθ’
1232 2827 1305 2860 ἡμᾶς
1321 2826 1478 2860 ἁγιωτάτης
1494 2824 1540 2852 τοῦ
1553 2823 1621 2851 Θεοῦ
1636 2823 1766 2858 Μεγάλης

990 2871 1163 2906 Ἑκκλησίας.
1176 2871 1225 2898 Διὰ
1240 2871 1305 2906 γοῦν
1320 2872 1406 2899 ταῦτα
1422 2873 1509 2899 πάντα
1525 2870 1571 2897 καὶ
1593 2869 1708 2906 μάλιστα
1721 2869 1767 2897 διὰ
