1935 3077
145 121 213 154 1367

539 123 710 154 CALLISTI
730 123 779 154 ET
803 121 1018 154 PHILOTHEI
1039 122 1094 153 CP.
1115 111 1354 153 PATRIARCH;

1716 118 1792 150 1368

142 181 319 218 ἡτοίμασται·
349 181 430 215 νόμος
459 181 513 216 γάρ
528 180 607 212 οὗτος
634 180 750 212 παλαιὸς
777 180 825 208 καὶ
842 179 934 211 καλῶς
947 182 972 212 Α
986 179 1183 212 ἀποκαταστάς
1194 179 1243 211 τῆς
1264 178 1395 215 ρηθείσης
1407 177 1565 213 ἁγιωτάτης
1582 166 1793 212 μητροπόλεως

142 230 214 265 ἔχων
229 230 262 265 τῇ
287 227 335 255 τοῦ
364 227 432 254 Θεοῦ
457 226 609 262 Ἐκκλησία
627 227 816 262 ἐπεκράτησεν
829 226 870 256 εἰς
883 225 933 261 τὴν

143 277 246 310 ταύτης
260 273 405 308 οἰκοδομὴν
416 273 488 300 ὥστε
502 273 551 299 καὶ
568 272 617 303 τὰς
643 272 699 299 τῶν
725 271 880 306 ἐκκλησιῶν
902 279 933 297 τε

142 323 190 349 καὶ
203 321 307 348 πόλεων
319 320 480 356 περιφανεῖς
495 319 544 346 καὶ
553 318 693 353 ποιμένων
708 317 847 353 εὐμοιρεῖν
861 316 934 348 άξιο-

142 369 231 402 λόγων
246 367 294 394 καὶ
308 366 420 397 τούτους
443 365 543 397 αὐτοὺς
559 364 642 391 πάλιν
655 363 736 391 οἱονεί
764 371 837 394 τινος
863 363 934 396 ἑφα-

145 414 240 449 μίλλου
260 412 374 448 γνώμης
399 413 432 448 τῇ
460 411 580 447 σφετέρᾳ
609 410 704 449 φύσειγ
722 408 934 445 μεμετρημένης

143 458 269 487 ἐντεῦθεν
282 458 351 494 πρὸς
365 458 454 492 λόγων
468 458 540 493 ἔχειν
556 448 729 490 ἐφάπτεσθαι
755 455 804 482 καὶ
826 455 876 490 τὴν
892 455 934 480 οῑ-

144 505 222 532 κείαν
237 505 330 536 ἐντοῖς
344 503 498 535 καλλίστοις
514 502 723 530 ἐπιδείκνυσθαι
735 501 861 536 δύναμιν·
879 500 935 535 άμ-

145 549 302 585 φοτέρωθεν
316 549 370 586 γὰρ
386 548 421 576 ἃν
438 545 516 580 οῦτος
541 548 556 575 ὁ
583 548 630 574 τοῦ
643 547 747 574 δικαίου
775 545 934 578 διασώζοιτο

145 594 237 628 λόγος,
253 594 302 621 καὶ
323 594 354 620 τὸ
367 593 417 628 τῆς
435 592 599 628 Ἐκκλησίας
623 593 761 628 πλήρωμα
790 591 843 618 ὑπὸ
875 590 936 626 8εῷ

146 639 286 675 συμμάχῳ
301 639 372 666 κατὰ
388 640 418 666 τὸ
440 639 634 676 προσαρμόζον
658 639 752 673 σχῆμα
769 637 933 671 διατηροῖτο.

146 685 232 715 Ταῦτ’
244 687 298 722 ἄρα
323 686 402 722 καὶὴ
424 686 572 721 μετριότης
598 684 678 720 ἡμῶν
702 684 752 720 τὴν
779 682 936 717 άγιωτάτην

152 732 320 767 μητρόπολιν
333 732 501 759 Ναυπάκτου
532 731 573 762 εις
600 731 726 757 πλεῖστον
753 730 816 756 ὅσον
841 728 937 764 χρόνον

149 777 235 813 εἰδυῖα.
250 778 436 812 στερουμένην
453 777 607 812 ἀρχιερέως
629 775 741 811 γνησίου
758 775 806 802 καὶ
829 775 875 802 τδν
890 773 937 801 ὑπ’

148 822 234 858 αὐτὴν
245 821 443 858 Χριστώνυμον
456 821 503 849 τοῦ
520 822 624 858 Κυρίου
636 821 702 848 λαὸν
712 822 745 857 τῇ
760 820 857 848 τούτου
870 820 935 855 ἐρη-

988 224 1169 257 Ναυπάκτου,
1196 225 1243 251 καὶ
1266 224 1339 251 κατὰ
1363 223 1413 259 τὴν
1440 223 1682 258 ἐκκλησιαστικὴν
1711 223 1794 255 τάξιν

989 270 1037 298 καὶ
1051 271 1230 298 ὑποτύπωσιν
1246 271 1295 306 τῆς
1309 271 1468 306 ἀνηκούσης
1486 271 1570 306 τιμῆς
1598 270 1628 297 ἐν
1657 279 1690 298 τε
1707 271 1796 297 καθέ-

986 318 1074 354 δραις,
1090 319 1203 345 στάσεσι
1219 327 1249 345 τε
1274 318 1323 345 καὶ
1346 318 1545 349 συνελεύσεσιν,
1560 318 1750 352 ἀναγνώστας
1762 326 1796 344 τε

988 364 1148 400 σφραγίζων
1158 365 1190 391 ἐκ
1201 364 1256 391 τῶν
1268 365 1298 391 ἐν
1313 365 1383 399 αὐτῇ
1397 364 1443 391 καὶ
1459 364 1660 395 ὑποδιακόνους
1670 365 1722 390 καὶ
1739 364 1798 390 δια-

988 410 1085 442 κόνους
1102 410 1281 446 προόιὸάζων
1310 411 1357 437 καὶ
1386 409 1591 445 πρεσϐυτέρους
1617 410 1795 446 χειροτονῶν

986 457 1035 484 καὶ
1053 456 1221 487 ἐπισκόπους
1236 457 1276 487 είς
1288 456 1338 487 τὰς
1366 455 1413 482 ὑπ’
1429 455 1510 482 αὑτὸν
1524 455 1679 489 ἐκκλησίας
1693 456 1794 489 ἐγκα-

988 501 1104 534 θιστῶν,
1120 502 1272 537 ἐφειμένων
1288 501 1432 536 καὶτούτῳ
1457 500 1688 536 διαπράττεσθαι,
1723 502 1795 527 ἑπι-

987 548 1139 583 λαὸόμενός
1157 557 1188 575 τε
1201 548 1247 575 καὶ
1270 548 1384 575 πάντων
1410 548 1465 575 τῶν
1491 547 1659 582 όθενδήποτε
1690 546 1796 580 διαφε-

990 595 1095 629 ρόντων
1111 595 1198 631 ταύτῃ
1219 595 1344 622 δικαίων·
1376 593 1438 621 ὅθεν
1464 594 1621 629 ὀφείλουσιν
1647 593 1679 620 οῖ
1702 601 1737 618 τε
1765 594 1797 618 ἐν

989 640 1059 676 αὐτῇ
1078 641 1208 675 κληρικοὶ
1224 641 1273 668 καὶ
1291 641 1437 676 ἱερωμένοι
1468 641 1583 676 μοναχοὶ
1612 639 1663 667 καὶ
1693 638 1796 666 λαϊκοὶ

989 682 1149 714 ὑποκεῖσθαι
1167 686 1214 714 καὶ
1228 687 1387 722 πειθαρχεῖν
1405 687 1504 722 τούτῳ,
1531 687 1582 713 ὅσα
1612 685 1662 712 καὶ
1691 684 1796 718 οίκείῳ

992 733 1042 759 καὶ
1056 732 1162 768 γνησίῳ
1174 732 1264 759 αὐτῶν
1279 733 1390 767 ποιμένι
1405 734 1453 760 καὶ
1468 732 1553 768 πατρὶ
1564 732 1612 759 καὶ
1628 730 1797 764 διδασκάλῳ

989 779 1036 806 καὶ
1051 779 1148 814 μεσίτῃ
1160 779 1207 807 καὶ
1221 778 1365 815 διαλλακτῇ
1378 779 1413 806 τὰ.
1423 779 1492 815 πρὸς
1507 779 1553 805 τὸν
1565 778 1633 805 Θεὸν
1649 778 1700 804 καὶ
1712 777 1795 812 δέχε-

989 824 1052 852 σθαι
1075 824 1224 860 προθύμως
1240 827 1289 852 καὶ
1312 825 1501 861 ἀποπληροῦν,
1517 825 1567 851 ὅσα
1583 824 1677 858 μέλλει
1694 823 1794 857 λέγειν

151 868 202 904 μία
217 868 471 904 περιπλανώμενοι,
485 868 523 899 ὡς
544 868 595 895 οὐκ
609 867 676 900 ἔδει,
690 868 736 894 καὶ
749 867 812 893 ὅσον
839 865 870 892 τδ
889 867 936 892 ἐν·
952 864 973 893 Β
988 870 1035 897 καὶ
1048 870 1215 906 εἰσηγεῖσθαι
1236 871 1328 902 αὐτοῖς
1339 870 1486 906 ψυχωφελῆ
1504 871 1550 897 καὶ⁵
1567 868 1795 904 σωτήρια.Δύτή

146 915 244 943 τεῡθεν
257 916 342 943 κακδν
358 915 521 951 ὲννοήσασα,
537 915 567 942 οὐ
584 914 634 950 μὲν
651 933 659 942 .
674 934 681 941 .
699 934 706 941 .
726 913 833 941 δίκαιον
857 912 935 948 ᾠήθη

148 961 264 997 ἀμελείᾳ⁵
281 962 327 989 καὶ
343 962 384 993 εις
396 962 426 988 τὺ
441 961 504 996 ἑξῆς
513 961 637 988 ὁπωσοῦν
649 960 818 996 χρήσασθαι,
831 960 871 991 εἰς
886 958 936 994 τὴν

148 1008 250 1043 ταύτης
262 1008 407 1042 ἐπίσκεψιν
425 1009 472 1036 καὶ
489 1008 673 1043 προμήθειαν,
690 1007 873 1042 χηρεύουσαν,
900 1005 937 1037 ὼς

148 1055 313 1091 διείληπται,
327 1055 525 1091 ἀρχιερατικῆς
547 1054 712 1086 ἐπιστασίας
726 1054 773 1080 ἐπὶ
797 1052 937 1084 τοσοῦτον,

148 1102 195 1128 καὶ
208 1101 294 1128 ταῦτα
310 1101 442 1137 πλείστης
458 1101 592 1136 δεομένην
609 1101 767 1136 συνάρσεως
784 1099 831 1126 καὶ
856 1098 938 1133 κηδε-

150 1147 257 1182 μονίας,
272 1147 330 1182 ἅμα
345 1147 395 1183 μὲν
407 1146 452 1174 διά
473 1147 504 1174 τὺ
530 1145 754 1182 συναριθμεῖσθαι
770 1145 829 1175 ταῖς
843 1143 940 1178 ἐκκρί-

150 1202 206 1224 τοις
220 1193 275 1220 τῶν
291 1193 489 1229 μητροπόλεων
514 1193 561 1220 καὶ
590 1192 621 1218 το
643 1191 856 1226 συγκεχωρηκὸς
865 1190 939 1224 ἔχειν

149 1239 204 1266 ἀπό
212 1248 242 1266 τε
253 1239 348 1275 θρόνου
357 1241 403 1267 καὶ
413 1239 510 1274 χρόνου
518 1238 564 1266 καὶ
575 1238 605 1265 τὸ
617 1236 781 1272 πρεσϐεύειν
800 1236 938 1269 ἐντεῦθεν,

152 1285 208 1320 ἇμσ
223 1284 252 1311 δέ
269 1285 317 1312 καὶ
332 1284 378 1312 διά
389 1285 420 1311 τδ
434 1284 632 1320 παραχωρήσει
646 1282 715 1310 Θεοῦ
730 1282 829 1318 πλήθει
848 1282 939 1317 ἁμαρ-

151 1330 217 1357 τιῶν
232 1331 286 1366 πρό
301 1339 382 1358 τινων
395 1331 446 1366 ήδη
461 1331 564 1365 χρόνων
575 1329 701 1357 ἐπελθεῖν
714 1329 803 1355 ἐκεῖσε
824 1328 873 1363 τήν
883 1327 940 1355 τῶν

154 1376 326 1412 πραγμάτων
340 1376 500 1412 ἀνωμαλίαν
526 1376 575 1403 καὶ
605 1375 739 1411 σύγχυσιν
767 1375 815 1402 καὶ
837 1374 940 1409 ταύτης

154 1423 235 1457 ἔργον
250 1423 380 1457 γενέσθαι
409 1422 457 1449 καὶ
482 1422 568 1457 αὐτὴν
595 1421 809 1456 δυστυχέστατα.
840 1420 896 1447 Καὶ
908 1420 941 1455 δὴ

154 1468 316 1503 σπούδασμα
331 1468 403 1496 κατὰ
429 1469 459 1495 τδ
473 1469 546 1500 είκὺς
571 1470 618 1495 καὶ
634 1467 764 1503 φροντίδα
779 1467 809 1493 οὐ
839 1466 941 1501 μικρὰν

157 1516 334 1551 ποιησαμένη
352 1515 500 1547 συνοδικῶς
525 1515 592 1550 περὶ
603 1514 716 1547 ταύτης,
743 1513 805 1540 ἐπεὶ
821 1509 885 1547 εὗρε
896 1513 942 1538 τὸν

154 1563 362 1594 θεοφιλέστατον
389 1563 538 1589 ἐπίσκοπον
563 1560 775 1597 Κεφαλληνίας,
794 1559 869 1595 ζήλῳ
884 1559 943 1585 θεο-

154 1611 228 1643 φιλεῖ
249 1611 296 1637 καὶ
313 1610 410 1645 πρώην
426 1609 528 1644 ταύτης
542 1608 691 1644 κηδόμενον
721 1608 770 1635 καὶ
785 1607 821 1634 τὰ
845 1606 944 1641 ἐκκλη-

155 1656 284 1684 σιαστικὰ
301 1656 392 1683 δίκαια
411 1655 461 1691 τῆς
471 1654 621 1691 εἰρημένης
649 1654 805 1689 ἁγιωτάτης
839 1660 943 1688 μητρο-

156 1703 267 1734 πόλεως’
275 1701 445 1729 Ναυπάκτου
458 1701 671 1736 ἀναδεδεγμένον
699 1699 776 1735 παρὰ
790 1699 839 1735 τῆς
864 1698 944 1733 ήμῶν

158 1749 335 1785 μετριότητος
363 1748 409 1775 καὶ
439 1747 541 1782 πολλὴν
568 1746 687 1781 σπουδὴν
716 1744 945 1780 εἰσενεγκάμενον

157 1795 377 1832 ὐπὶρὼφελείας
390 1795 439 1821 τοῦ
460 1794 550 1821 ἐκεῖσε
582 1791 780 1828 Χριστωνύμου
798 1791 865 1819 λαοῦ
896 1790 946 1818 καὶ

157 1844 249 1872 πάντα
262 1843 395 1878 πράττειν
409 1840 457 1868 καὶ
470 1840 560 1867 ποιεῖν
581 1838 820 1875 προθυμούμενον,
850 1837 901 1865 ὅσα
915 1845 946 1864 τι

157 1893 197 1925 είς
209 1891 340 1919 σύστασιν
356 1890 490 1918 συντείνει
504 1889 559 1915 τῶν
571 1886 693 1914 εύσεδῶν
705 1885 846 1920 κτητόρων
861 1884 948 1919 αὐτῆς

157 1941 205 1968 καὶ
223 1941 263 1972 είς
276 1939 458 1975 εὐαρέστησιν
474 1935 521 1964 τοῦ
547 1934 628 1962 Θεοῦ⁸
647 1933 664 1968 ἠ
699 1931 845 1968 μετριότης
868 1929 948 1967 ήμῶν

159 1989 237 2023 κοινῇ
258 1986 342 2022 ψήφῳ
354 1985 402 2012 καὶ
419 1982 561 2018 διασκέψει
585 1981 635 2016 τῆς
658 1979 723 2015 περὶ
753 1979 840 2014 αὐτὴν
870 1977 948 2009 θείας

159 2032 323 2069 δμηγύρεως
337 2031 392 2058 τῶν
408 2030 564 2066 ίερωτάτων
583 2026 749 2063 ἀρχιερέων,
775 2024 823 2052 τοῦ
840 2024 946 2051 Καισα-

161 2081 249 2115 ρείας,
261 2078 310 2106 τοῦ
330 2077 463 2110 Κυζίκου,
477 2075 525 2102 τοῦ
538 2074 670 2105 Νικαίας,
691 2071 739 2100 τοῦ
763 2070 947 2106 Χαλκηδόνος,

160 2127 208 2154 τοῦ
245 2123 502 2160 Ποντοηρακλείας,
534 2119 581 2148 τοῦ
614 2118 879 2154 Τραϊανουπόλεως,·
901 2115 949 2143 τοῦ

164 2173 304 2209 Βρύσεως,
325 2170 372 2197 τοῦ
386 2168 580 2204 Ἀμάστριδος,
600 2165 646 2193 τοῦ
672 2163 826 2200 Σηλυϐρίας
842 2162 889 2190 καὶ
903 2162 950 2189 τὸν

989 915 1022 951 δὴ
1037 916 1132 943 τούτου
1150 916 1245 943 ἕνεκεν
1271 916 1317 943 καὶ
1331 917 1348 951 ή
1367 915 1492 951 παροῦσα
1510 915 1634 950 ἡμετέρα
1658 914 1793 949 συνοδικὴ

989 962 1091 997 πρᾶξις
1103 963 1232 998 γεγονυῖα
1253 962 1293 998 τῷ
1312 961 1487 997 διαληφθέντι
1510 962 1651 997 ίερωτάτῳ
1684 968 1794 996 μητρο-

989 1009 1085 1045 πολίτῃ
1095 1009 1260 1036 Ναυπάκτου
1280 1008 1327 1036 καὶ
1337 1009 1482 1044 ὑπερτίμῳ
1503 1009 1544 1039 εἰς
1561 1008 1715 1042 ἀσφάλειαν
1725 1007 1792 1033 ἐπι-

989 1054 1103 1089 δέδοται,
1128 1055 1294 1083 ἀπολυθεῖσα
1319 1055 1390 1082 κατὰ
1415 1055 1488 1090 μῆνα
1516 1053 1706 1089 Σεπτέμσριον
1739 1053 1792 1087 τῆς

989 1101 1168 1137 ἐνισταμένης
1199 1100 1312 1137 πρώτης
1344 1100 1393 1128 ίνδ.
1420 1100 1466 1128 τοῦ
1493 1103 1582 1137 ,ςωοω
1609 1099 1698 1131 ἐτους,
1727 1099 1791 1133 ἥτις

990 1149 1038 1177 καὶ
1059 1148 1239 1184 ὑπεσημάνθη
1251 1149 1284 1184 τῇ
1303 1147 1454 1184 αὒτοχείρῳ
1478 1147 1626 1183 ὑπογραφῇ
1645 1145 1696 1181 τῆς
1711 1144 1792 1180 ἡμῶν

992 1203 1043 1231 μετ
1047 1195 1102 1230 ριότ
1107 1203 1182 1229 ητος.

1028 1252 1165 1281 XXXVII.
1183 1253 1306 1290 Synodus
1319 1261 1404 1315 mag-ets
1416 1260 1517 1315 ‘pravos
1530 1252 1558 1279 in
1574 1249 1755 1278 matrimoniis

1338 1298 1353 1315 a
1372 1297 1387 1315 ο
1400 1297 1414 1315 e
1430 1307 1437 1315 .

1338 1293 1437 1316 abolet.

1030 1335 1050 1371 ἰ-
1062 1336 1149 1370 Ὂσην
1164 1335 1214 1370 μὲν
1228 1334 1359 1361 σύστασιν
1374 1335 1421 1361 καὶ
1434 1333 1584 1368 ἀσφάλειαν
1598 1332 1630 1358 τδ
1643 1331 1696 1366 τῆς
1711 1330 1790 1365 εῖρή-

993 1391 1041 1417 νης
1055 1382 1101 1409 καὶ
1113 1381 1241 1417 ὁμονοίας
1254 1380 1348 1416 χρῆμα
1363 1379 1489 1416 προξενεῖ
1501 1381 1534 1414 τῇ
1552 1378 1703 1413 Ἐκκλησία
1718 1376 1789 1404 Θεοῦ

994 1428 1043 1455 καὶ
1059 1428 1132 1459 ὅπως
1150 1428 1292 1462 ἐπικρατεῖ
1309 1427 1353 1453 διὰ
1369 1426 1466 1453 τούτου
1483 1425 1594 1457 εὐταξία
1610 1425 1659 1451 καὶ⁹
1675 1423 1787 1458 κοσμιό-

995 1481 1045 1507 της
1057 1473 1087 1499 ἐν
1099 1473 1187 1500 άπασι
1201 1473 1257 1504 τοῖς
1272 1471 1510 1507 ἐκκλησιαστικοῖς
1522 1471 1696 1504 πράγμασιν,
1712 1469 1788 1494 ῖσασι

995 1519 1096 1550 πάντες
1109 1519 1133 1545 οἱ
1147 1518 1233 1553 ταύτῃ
1245 1518 1313 1548 ὅλως
1327 1516 1523 1552 προσκείμενοι
1542 1516 1589 1542 καὶ
1602 1515 1639 1546 ὡς
1656 1515 1724 1550 μέλη
1737 1514 1787 1548 τῆς

1003 1564 1168 1599 Ἐκκλησίας
1185 1563 1243 1598 μεθ’
1256 1563 1390 1598 ἁρμονίας
1407 1563 1597 1597 πνευματικῆς
1612 1562 1653 1592 είς
1669 1561 1698 1587 ἓν
1712 1569 1786 1586 συνο-

996 1611 1122 1647 δούμενοι
1145 1611 1224 1646 σῶμα
1246 1611 1294 1637 καὶ
1317 1609 1439 1645 κεφαλὴν
1465 1609 1527 1644 μὲν,
1552 1609 1624 1636 κατὰ
1647 1608 1693 1635 τὸν
1716 1608 1787 1634 θεῖον

1003 1657 1175 1691 Ἀπόστολον,
1191 1657 1299 1692 ἔχοντες
1311 1657 1357 1684 τδν
1370 1656 1499 1693 Χριστὸν,
1515 1653 1561 1690 ὕφ’
1571 1655 1612 1682 ἑνὶ
1626 1656 1654 1682 δέ
1669 1655 1788 1689 καθηγε-

1000 1703 1078 1739 μόνι,
1101 1704 1141 1738 τῷ
1166 1704 1307 1740 προστάτῃ
1331 1703 1382 1738 τῆς
1399 1703 1579 1738 Ἐκκλησίσς,
1604 1702 1786 1736 ταττόμενον

998 1751 1065 1786 ὅσην
1086 1751 1119 1786 δὴ
1142 1750 1225 1778 πάλιν
1246 1750 1372 1785 ταραχὴν
1393 1748 1454 1777 κατ’
1469 1748 1557 1783 αὐτῆς
1577 1748 1719 1783 ἐπεγείρει
1740 1747 1787 1773 καὶ

1000 1796 1084 1833 ζάλην
1098 1797 1115 1833 ἡ
1129 1797 1248 1832 κακίστη
1262 1796 1405 1827 διάστασις
1419 1795 1466 1822 καὶ
1481 1794 1632 1829 φιλονεικία
1647 1793 1696 1820 καὶ
1709 1793 1742 1820 τά
1755 1793 1787 1818 ἐκ

1000 1844 1102 1876 ταύτης
1122 1844 1295 1879 ἐπιφυόμενα
1314 1842 1467 1876 σκάνδαλα,
1486 1842 1532 1869 καὶ
1550 1841 1617 1876 ὅσην
1633 1840 1787 1875 ἀπεργάζε-

1000 1898 1046 1918 ται
1062 1890 1200 1924 ἀκοσμίαν
1214 1889 1262 1916 καὶ
1276 1889 1418 1924 σύγχυσιν,
1433 1888 1572 1923 γνώριμον
1586 1887 1634 1914 καὶ
1647 1886 1726 1913 τοῦτο
1742 1894 1789 1912 κα-

1001 1936 1127 1963 θίσταται
1143 1936 1200 1968 τοῖς
1215 1935 1344 1971 ἐχέφροσι
1360 1935 1409 1962 καὶ
1422 1933 1470 1961 τοῦ
1485 1933 1590 1961 δικαίου
1607 1933 1788 1968 ἐξεχομὲνοις,

1004 1983 1175 2018 μαρτυρήσει
1195 1982 1280 2017 δὀὐκ
1300 1979 1381 2017 ἧττον
1402 1982 1450 2008 καὶ
1469 1981 1503 2008 τά
1524 1980 1572 2008 νῦν
1590 1979 1787 2015 λεχθησόμενα.

1001 2029 1136 2056 Φθάνουσι
1157 2028 1210 2063 πρὸ
1229 2027 1322 2062 ὀλίγου
1344 2027 1504 2062 ἐγκύψαντα
1525 2026 1663 2053 σκάνδαλα
1682 2027 1724 2057 είς
1741 2025 1789 2061 τὴν

1009 2075 1174 2108 Ἐκκλησίαν
1188 2073 1267 2108 Θεοῦ,
1284 2073 1348 2110 παρ’
1359 2070 1397 2101 ὧν
1411 2074 1465 2108 άρα
1479 2073 1526 2100 καὶ
1541 2074 1689 2107 ἐνέκυψαν,
1705 2073 1788 2107 μεγάο

1004 2121 1054 2156 λην
1075 2120 1198 2156 ταραχὴν
1218 2121 1402 2156 ἐπεγείραντα
1423 2120 1458 2155 τῇ
1481 2121 1656 2154 πνευματικῇ
1679 2119 1787 2154 ὁμονοίᾳ

1004 2167 1052 2194 τοῦ
1069 2167 1171 2202 ταύτης
1192 2167 1335 2202 σώματος,
1352 2166 1389 2199 ὡς
1411 2167 1448 2202 μὴ
1468 2165 1573 2202 ὤφελεν
1585 2173 1592 2181 ·
1612 2165 1660 2192 τοῦ
1679 2164 1744 2197 γοῦν
1760 2165 1788 2190 ἐκ

163 2220 247 2246 τόπον
273 2217 420 2253 ἐπέχοντος
448 2213 604 2246 Κοτολείουι
632 2211 681 2239 τοῦ
711 2210 872 2245 Σουγδαίας.
901 2209 950 2236 τοῦ
967 2215 990 2243 D
1003 2214 1072 2241 Θεοῦ
1089 2213 1236 2248 κρατίστου
1253 2213 1301 2240 καὶ
1317 2213 1396 2248 ἁγίου
1412 2213 1491 2248 ἡμῶν
1506 2212 1637 2239 αὐθέντου
1653 2212 1701 2238 καὶ
1717 2211 1788 2246 βασι-

162 2263 435 2303 Χριστιανουπόλεως
461 2261 508 2288 καὶ
549 2259 597 2287 τοῦ
624 2258 749 2293 Ῥωσὶου,
779 2256 881 2284 εἰδήσει
903 2257 952 2284 καὶ

164 2302 275 2349 εύδοκίᾳ
287 2312 335 2339 τοῦ
348 2310 498 2347 κρατίστου
507 2308 555 2334 καὶ
571 2306 652 2340 ἁγίου
668 2312 720 2340 μου
733 2302 950 2338 αὐτοκράτορος,

164 2362 212 2389 τοῦ
226 2358 394 2395 κοσμοῦντος
413 2357 460 2384 καὶ
475 2352 636 2390 ἐδράζοντος
660 2351 690 2378 τδ
705 2351 755 2386 τῆς
789 2349 953 2385 Ἐκκλησίας

166 2407 315 2442 στερέωμα
341 2403 395 2432 ἀπὸ
412 2403 464 2438 τῆς
483 2399 674 2435 δεδωρημένης
691 2398 730 2433 τῷ
751 2396 837 2432 ἐνθέῳ
855 2395 952 2432 κράτει

166 2454 249 2482 αὑτοῦ
268 2450 426 2488 ὑπερφυοῦς
440 2446 618 2484 μεγαλονοίας
633 2445 682 2473 καὶ
701 2445 751 2480 τῆς
764 2442 952 2480 πανταρίστης

167 2503 214 2529 καὶ
229 2491 413 2535 κηδεμονικῆς
433 2494 515 2522 αὑτοῦ
553 2491 667 2528 γνώμης
688 2492 735 2519 καὶ
747 2491 856 2524 φύσεως
872 2490 954 2525 μετὲ-

168 2545 353 2582 οηκε-τοῦτον
382 2544 421 2575 είς
452 2541 502 2577 τὴν
527 2540 578 2576 τῆς
603 2539 769 2567 Ναυπάκτου
794 2539 954 2574 άγιωτάτην

168 2593 273 2627 ταύτην
290 2589 467 2627 μητρόπολιν,
484 2587 514 2620 ὃς
529 2587 561 2623 δή
574 2586 722 2622 ἱερώτατος
752 2585 955 2621 μητροπολίτης

170 2639 351 2670 Ναυπάκτου,
365 2636 516 2672 ὑπέρτιμος
531 2635 559 2660 ἐν
573 2634 645 2669 άγίῳ
659 2632 800 2667 Πνεύματι
811 2631 956 2666 άγαπητδς

170 2686 286 2721 ἀδελφὸς
303 2683 382 2720 ἡμῶν
396 2683 442 2709 καὶ
455 2679 675 2715 συλλειτουργδς,
705 2678 801 2712 ὥσπερ
814 2678 864 2711 τῆς
879 2678 955 2704 ἐπω-

169 2734 270 2769 νυμίας
282 2731 330 2760 τοῦ
345 2731 440 2767 θρόνου
459 2727 563 2762 ταύτης
580 2727 627 2754 καὶ
639 2726 687 2753 τοῦ
702 2725 847 2760 ὀνόματος,
867 2723 956 2757 οὕτως

170 2781 246 2808 ἔσται
259 2780 310 2807 κάν
324 2777 363 2813 τῷ
375 2777 439 2812 ἐξῆς
454 2775 497 2804 ἀεὶ
511 2774 601 2810 χρόνῳ
617 2772 739 2809 μετέχων
754 2773 802 2799 καὶ
812 2771 957 2799 ἀπολαύων

171 2827 287 2861 καὶτῆς
303 2824 350 2852 τοῦ
376 2823 451 2858 ίεροῦ
481 2821 629 2856 συνθρόνου
656 2817 887 2854 ἐγκαθιδρύσεως,
909 2818 957 2844 au

170 2874 281 2909 γνήσιος
298 2872 349 2909 ’ήδη
370 2869 516 2907 ἀρχιερεὺς
541 2867 586 2896 διὰ
603 2867 652 2902 τῆς
677 2865 724 2893 τοῦ
750 2865 818 2892 Θεοῦ
843 2863 957 2901 χάριτος

1003 2261 1070 2292 λέιιις
1088 2259 1142 2287 ὑπὸ
1157 2260 1207 2296 τῆς
1223 2260 1339 2295 ἐνούσης
1355 2258 1429 2295 αύτῷ
1447 2258 1636 2295 μεγαλοφυῖας
1653 2259 1700 2285 καὶ
1716 2257 1788 2292 άγχι-

1003 2307 1077 2338 νοίας
1095 2306 1142 2332 καὶ
1161 2306 1276 2342 περὶτὰ
1297 2306 1367 2333 καλά
1386 2305 1504 2341 σπουδῆς
1521 2313 1552 2332 τε
1572 2305 1620 2331 καὶ
1639 2304 1788 2339 συνδρομῆς

1004 2353 1038 2380 τὰ
1048 2352 1164 2380 τοιαῦτα
1177 2351 1314 2380 σκάνδαλα
1326 2352 1516 2383 διαλελυκότος
1529 2351 1576 2378 καὶ
1589 2350 1713 2377 ἐκποδὼν
1725 2350 1787 2376 ἁπε-

1005 2399 1154 2435 ληλακότος
1168 2399 1216 2426 καὶ
1228 2399 1278 2434 τὴν
1291 2399 1405 2434 εἰρήνην
1417 2398 1468 2434 τῆς
1480 2397 1528 2425 τοῦ
1542 2397 1611 2424 Θεοῦ
1628 2396 1787 2431 Ἐκκλησίας

1005 2446 1137 2482 φιλοθέως
1157 2446 1224 2481 ἡμῖν
1241 2446 1447 2481 χορηγήσαντος
1464 2444 1512 2472 καὶ
1527 2445 1590 2475 τοὺς
1606 2443 1787 2478 διισταμένους

1004 2493 1060 2520 τῶν
1079 2492 1235 2529 ίερωτάτων
1250 2492 1404 2528 ἀρχιερέων
1422 2491 1590 2526 συνάψαντος
1606 2489 1646 2525 τῷ
1661 2498 1692 2517 τε
1710 2497 1788 2516 πανα-

1005 2540 1132 2575 γιωτάτῳ
1144 2539 1222 2574 ἡμῶν
1234 2538 1364 2575 δεσπότῃ,
1377 2538 1417 2573 τῷ
1428 2536 1611 2572 οίκουμενικῷ
1626 2536 1786 2571 πατριάρχῃ,

1007 2586 1055 2613 καὶ
1071 2587 1104 2621 τῇ
1130 2585 1195 2620 περὶ
1211 2585 1293 2612 αὑτὸν
1311 2584 1372 2620 θείᾳ
1389 2585 1436 2611 καὶ
1455 2584 1517 2619 ῑερᾷ
1535 2583 1655 2618 συνόδῳ,
1672 2581 1786 2616 ἀπελύθη

1006 2631 1158 2666 τηνικαῦτα
1184 2631 1231 2657 καὶ
1257 2630 1330 2657 θεῖον
1355 2631 1402 2657 καὶ
1431 2629 1531 2656 σεπτὸν
1556 2628 1721 2665 πρόσταγμα
1743 2626 1787 2661 τῆς

1008 2679 1089 2712 ἁγίας
1115 2677 1255 2712 βασιλείας
1281 2675 1383 2709 αὐτοῦ,
1409 2676 1595 2711 διοριζόμενον
1618 2672 1786 2707 ἐξετασθῆναι

1009 2723 1160 2754 κανονικῶς
1176 2722 1211 2749 τὰ
1230 2721 1430 2757 προτεινόμενα
1452 2721 1519 2756 παρ’
1532 2720 1623 2748 αὐτῶν
1642 2719 1785 2754 κεφάλαια,

1009 2771 1089 2805 εἴπερ
1111 2770 1165 2805 ἄρα
1182 2768 1270 2796 ταῦτα
1292 2768 1450 2804 προέϐησαν
1469 2768 1594 2803 μηδόλως
1612 2767 1693 2794 τινῶν
1710 2766 1786 2793 καθα-

1009 2817 1137 2853 ψάμενα,
1150 2816 1218 2842 ἀλλὰ
1231 2815 1300 2850 μετὰ
1313 2815 1427 2850 εἰρήνης
1439 2815 1486 2841 καὶ
1499 2815 1658 2849 συμφωνίας
1673 2821 1785 2847 πνευμα-

1010 2862 1089 2899 τικῆς
1098 2882 1106 2897 ,
1121 2860 1296 2898 τηρουμένης
1311 2861 1360 2897 τῆς
1377 2861 1416 2893 εἰς
1432 2860 1479 2888 τὸν
1496 2859 1704 2894 παναγιώτατον
1719 2859 1784 2894 ἡμῶν
