1930 3080
139 110 221 144 1T6)

664 119 880 152 'SYNODICIE
900 122 1241 157 CONSTITUTIONES.

1706 129 1755 161 137
1768 131 1786 162 θ

135 171 300 224 δεσπότην,
316 171 364 224 τὸν
380 173 570 224 ρίκουμενικδν
586 177 776 224 πατριάρχην,
794 179 939 215 ὀφειλομέ-
954 185 978 212 Α
992 183 1070 217 θῆναι
1084 183 1210 210 ἐντεῦθεν
1222 184 1270 211 καὶ
1281 184 1314 212 τὰ
1328 184 1500 220 ἐπιφυόμενα
1514 186 1662 220 σκάνδαλα,
1675 187 1787 224 ἀπητή-

137 225 200 251 νης
214 216 365 253 ὑποταγῆς,
379 219 616 255 ὲξετασθησόμενα
631 223 678 250 καὶ
692 224 834 260 ληψόμενα
848 226 940 254 ἐντεῦ-

139 262 198 291 θεν
211 263 352 297 ἀναλόγως
366 265 416 300 τὴν
431 265 590 300 θεραπείαν.
610 268 687 295 Ἐπεὶ
702 269 768 304 γοῦν
783 271 835 306 πρὸ
849 272 941 307 ὀλίγου

140 309 158 336 ὃ
177 318 211 336 τιι
229 309 376 345 ῖερώτατος
395 312 597 348 μητροπολίτης
614 314 791 351 Χαλκηδόνος
808 318 856 344 καὶ
872 319 887 345 ό
902 327 943 345 τι-

143 354 289 390 μιώτατος
303 356 457 392 ύποψήφιος
470 358 680 396 Θεσσαλονίκης,
695 362 874 399 ίερομόναχος
887 364 942 401 κῦρ

141 401 249 434 Νεῖλος
269 403 283 429 ὁ
303 403 479 436 Καϐἀσιλας,
497 404 702 441 ιγχειρίσαντες
721 409 887 446 κατάστιχον
903 411 943 447 τῷ

143 449 353 484 παναγιωτάτῳ
374 450 452 484 ἡμῶν
468 450 587 488 δεσπότῃ
599 472 606 486 ,
624 453 663 489 τῷ
683 454 868 491 οῖκούμενικῷ
890 465 943 484 πα-

142 494 284 531 τριάρχῃ,
298 496 493 530 κεφαλαιωδῶς
508 498 715 534 περιλαμϐάνον
729 501 779 532 τὰς
793 501 941 537 διαφόρως,

143 539 199 567 νῦν
215 549 245 568 τι
262 542 309 568 καὶ
326 542 460 578 πρότερον
475 545 625 580 γενομένας
641 547 717 582 παρά
732 548 823 574 πᾶσαν
840 549 944 584 εἴδησιν

144 587 200 621 τῆς
220 587 386 623 Ἐκκλησίας
406 589 475 616 Θεοῦ
496 591 663 625 τριγαμίας,
685 594 875 629 τετραγαμίας
895 594 944 622 καὶ

146 631 389 668 ἀθεμιτογαμιας,
404 634 446 661 ἐτι
460 642 491 661 τε
505 636 553 662 καὶ
568 635 637 663 ἄλλα
650 637 729 669 τινὰ.
744 637 782 670 ὡς
797 638 878 673 δῆθεν
892 639 942 674 ζη-

145 677 262 712 τήματα
281 681 431 713 κανονικὰ,
449 681 497 709 καὶ
516 681 620 709 ἐδέοντο
640 683 690 718 τῆς
709 684 813 712 τούτων
832 685 944 720 διορθώ-

148 730 234 754 σεως.
249 723 285 754 τό
304 722 351 751 οὗν
372 726 582 760 παναγιὼτατος
602 727 681 763 ήμῶν
701 728 850 764 δεσπότης,
871 730 885 757 ό
905 731 945 757 οῖ-

149 770 318 804 κουμενικδς
339 772 531 808 πατριάρχης,
552 773 602 801 καὶ
624 774 708 802 πάλαι
730 775 874 810 διόρθωσιν
894 776 944 812 τὴν

149 815 271 851 δυνατὴν
285 818 469 854 ποιησάμενος
482 819 511 845 ὲν
524 820 581 851 τοῖς
594 820 726 852 τοιούτοις
740 822 787 849 καὶ
803 822 944 858 ἐκδίκησιν

148 863 204 899 τὴν
220 865 430 900 προσήκουσαν,
446 866 566 901 Χριστοῦ
582 868 692 904 χάριτι,
708 869 756 895 καὶ
772 869 942 904 διατηρήσας

149 909 200 935 τδν
212 910 312 945 τρόπον
325 911 375 946 τῆς
400 912 502 939 τούτων
515 913 562 940 καὶ
578 913 618 940 ἔτι
634 915 943 950 μετακινήσεως,’ὅμως

150 956 198 983 διὰ
213 956 244 983 τὸ
259 957 310 991 τῆς
324 957 437 993 εἰρήνης
447 977 456 990 ,
470 958 507 991 ὡς
523 959 632 995 εἴρηται
642 978 656 994 ν
666 960 811 988 κάλλιστον
825 962 943 997 πρᾶγμα

151 1003 203 1030 καὶ
221 1004 265 1031 διὰ.
282 1004 331 1040 τὴν
348 1004 487 1041 ἔγγραφον
503 1007 662 1042 προσταγήν
679 1007 726 1034 τοῦ
744 1008 876 1043 κραταιοῦ
895 1008 943 1035 καὶ

152 1050 234 1084 ἁγίου
254 1050 334 1086 ἡμῶν
351 1051 481 1079 αὺθέντου
502 1054 549 1080 καὶ
569 1052 702 1088 βασιλέως
720 1055 943 1089 προσκαλεσάμε-

152 1105 199 1128 νος
215 1097 260 1124 τόν
276 1106 306 1124 τε
325 1098 478 1132 ἁγιώτατον
493 1099 627 1134 δεσπότην
644 1100 690 1127 καὶ
710 1100 882 1137 πατριάρχην
899 1100 944 1128 Ἰε-

154 1143 315 1179 ροσολύμων
336 1145 384 1172 καὶ
406 1146 512 1178 πάντας
530 1146 594 1178 τοὺς
618 1147 783 1182 ίερωτάτους
803 1148 944 1183 ἀρχιερεῖς

151 1189 217 1221 τοὺς
235 1190 440 1226 ἐπιδημοῦντας
458 1193 487 1219 έν
501 1193 535 1228 τῇ
555 1192 737 1230 βασιλευούσῃ
753 1193 808 1220 τῶν
824 1193 942 1226 πόλεων,

153 1237 430 1276 παρεκελεύσατρεζς
445 1239 564 1274 ἐπήκοον
579 1240 689 1267 πάντων
704 1241 807 1267 τούτων
822 1241 943 1275 ἀναγνω-

153 1283 254 1318 σθῆναι
271 1284 301 1311 τδ
318 1286 465 1321 εἰρημένον
483 1286 664 1322 κατάστιχον,
681 1287 750 1323 ὅπερ
767 1287 815 1314 καὶ
831 1287 943 1323 διελάμ-

153 1329 236 1357 ϐανεν
247 1350 255 1364 ,
270 1331 322 1358 ὅσα
337 1331 405 1366 δῆτα
421 1332 468 1359 καὶ
484 1332 675 1368 διελάμὸανεν.
695 1333 882 1368 Ἀναγνωσθεν
896 1332 943 1362 οὖν

155 1376 232 1410 παρὰ
244 1377 290 1404 τοῦ
303 1378 468 1413 τιμιωτάτου
485 1379 603 1413 μεγάλου
618 1379 797 1415 σικελλαρίου
812 1380 858 1407 καὶ
871 1380 944 1408 διδα-

154 1423 254 1451 σκάλου
269 1424 323 1453 τῶν
336 1425 503 1452 διδασκάλων
516 1425 546 1452 οὐ
562 1427 641 1462 μόνον
655 1426 740 1459 Επαξ,
756 1426 824 1454 ἀλλὰ
839 1427 887 1454 καὶ
902 1427 943 1459 δὶς

154 1471 202 1497 καὶ
223 1471 300 1506 τρὶς,
324 1471 554 1507 συνεδριαζόντων
576 1473 614 1508 τῷ
637 1474 838 1509 παναγιωτάτῳ
855 1474 942 1509 ὴμῶν

154 1516 287 1551 δεσπίτῃ,
303 1515 341 1551 τῷ
358 1517 542 1552 οίκουμενικῷ
557 1518 732 1554 πατριάρχῃ,
748 1519 796 1546 τοῦ
810 1527 841 1546 τε
857 1519 943 1554 ἀγιω·
955 1531 977 1561 c

153 1562 235 1588 τάτου
257 1562 388 1589 δεσπότου
411 1563 460 1589 καὶ
481 1564 653 1599 πατριάρχου
675 1564 873 1600 Ἱεροσολύμων
895 1565 943 1592 καὶ

154 1608 208 1634 τῶν
227 1609 380 1643 ίερωτάτων
397 1609 550 1644 ἀρχιερέων
570 1610 695 1642 πάντων,
713 1610 784 1646 πλὴν
800 1610 847 1637 τοῦ
869 1611 943 1638 Χαλ-

155 1654 282 1689 κηδόνος,
299 1655 395 1690 ὶκρίθη
414 1655 545 1691 περισσὸν
562 1656 610 1682 καὶ
628 1656 760 1692 σύγχυσιν
777 1657 857 1691 μόνον
874 1657 943 1684 ἐπά-

155 1709 201 1735 γον
218 1702 247 1728 τὸ
267 1703 451 1738 προκομισθὲν
467 1702 547 1729 τοῦτο
566 1703 743 1738 κατάστιχον,
761 1703 822 1730 ἐπεὶ
839 1703 874 1730 τὰ
894 1703 944 1739 μὲν

154 1749 206 1775 τῶν
224 1750 419 1785 ἐμφερομένων
437 1750 512 1786 αὐτῷ
530 1750 688 1786 κεφαλαίων
705 1751 828 1785 ἔφθασαν
845 1752 944 1778 διεκδι-

156 1796 272 1831 κηθῆναι
295 1796 396 1828 ἱκανῶς
417 1797 466 1823 καὶ
487 1796 557 1829 μετά
578 1797 624 1823 τδν
645 1797 822 1832 ὲγχωροῦντα
843 1797 944 1832 τρόπον

156 1843 189 1877 τῇ
208 1850 238 1868 τε
256 1842 402 1877 Ἐκκλησία
424 1842 493 1868 Θεοῦ
515 1843 563 1870 καὶ
583 1842 622 1877 τῷ
644 1843 844 1877 παναγιωτάτῳ
864 1843 944 1877 ἡμῶν

157 1888 282 1923 δεσπότῃ,
297 1887 336 1922 τῷ
349 1887 534 1923 οίκουμενικῷ
549 1887 716 1923 πατριάρχῃ,
733 1888 881 1923 ἐγγράφως
897 1887 944 1914 καὶ

157 1934 287 1970 ἀγράφως
303 1934 559 1969 προμηθευσαμένῳ
576 1934 624 1961 καὶ
640 1934 824 1961 σπουδάσαντι
840 1934 880 1966 εις
895 1935 944 1969 τὴν

156 1981 259 2007 τούτων
275 1980 419 2016 διόρθωσιν
429 2001 436 2012 ,
453 1980 476 2006 εἰ
495 1980 542 2007 καί
556 1988 629 2011 τινες
645 1980 670 2007 οῖ
684 1975 870 2015 τολμήσαντες
887 1980 945 2007 δια-

158 2027 310 2062 πράξασθαι
327 2027 377 2059 τὰς
393 2026 521 2058 τοιαύτας
539 2027 729 2062 παρανομίας,
746 2027 945 2063 ἀμεταμέλητα

158 2074 197 2100 ἔτι
213 2073 368 2106 νοσοῦντες,
383 2073 523 2108 έξέχονται
539 2073 642 2101 τούτων
658 2074 706 2101 καὶ
724 2074 794 2109 μετά
809 2074 859 2110 τὴν
875 2074 945 2101 ἔνδι-

158 2129 204 2148 κον
217 2120 390 2155 ἐπιτίμησιν.
406 2119 446 2146 Τὰ
461 2119 488 2146 δὲ
506 2119 585 2155 ἔσχον
601 2119 698 2155 ἑτέραν
714 2120 857 2156 συνοδικὴν
872 2119 945 2154 διόρ-

159 2168 238 2194 θωσιν
252 2168 299 2194 καὶ
313 2167 540 2194 ἀποκατάστασιν
551 2185 558 2198 ,
573 2166 659 2202 ήγουν
673 2166 708 2193 τὰ
724 2167 789 2202 περὶ
804 2166 851 2194 τοῦ
870 2167 946 2194 Ἀλα-

993 229 1080 264 θησαν
1093 230 1141 257 καὶ
1154 230 1262 265 γνῶμαι
1275 231 1375 263 κοινῶς
1389 232 1435 258 ἐπὶ
1448 233 1482 266 τῇ
1496 233 1610 269 τοιαύτῃ
1626 233 1784 261 συνελεύσει

991 276 1047 302 τῶν
1063 276 1201 311 ῥηθέντων
1218 277 1374 311 ῖερωτάτων
1389 278 1543 314 ἀρχιερέων
1557 279 1601 306 διὰ
1616 281 1665 315 τὴν
1681 281 1783 315 ἑφεξῆς

992 322 1143 356 ἀσφάλειαν
1155 330 1163 337 ·
1179 322 1226 349 καὶ¹
1241 322 1274 357 δὴ
1292 322 1399 357 πρῶτος
1414 324 1428 350 ό
1447 324 1612 359 Ἡρακλείας
1628 323 1706 352 εἶπεν
1716 345 1724 358 ,
1741 326 1783 352 ὅτι

992 367 1030 393 Οὐ
1052 367 1092 394 δεῖ
1112 367 1176 402 περὶ
1197 367 1252 394 τῶν
1276 367 1430 402 τριγαμιῶν
1450 369 1498 395 καὶ
1519 370 1714 404 τετραγαμιῶν
1736 369 1785 397 καὶ

993 411 1220 447 ἀθεμιτογαμιῶν
1239 413 1374 440 κινεῖσθαι
1394 414 1538 450 παρρησίᾳ
1550 435 1557 448 ,
1575 415 1638 442 ὲπεὶ
1657 415 1785 450 οὐδαμῶς

993 457 1065 491 μετὰ
1080 457 1129 492 τῆς
1145 457 1281 493 τυχούσης
1301 458 1416 495 γνώμης
1435 459 1481 486 καὶ
1501 460 1631 492 ὲνδόσεως
1647 461 1698 495 τῆς
1717 461 1785 487 Ἐκ-

993 502 1110 538 κλησίας
1124 504 1285 538 γεγόνασιν,
1302 504 1361 532 ἀλλ’
1375 505 1418 531 ῖνα
1434 506 1638 534 ὲπεκδικῶνται
1654 506 1785 542 ἀλλαχόθι

995 548 1044 583 μὲν
1067 548 1143 584 παρὰ
1164 549 1212 576 τοῦ
1229 549 1306 589 ¹κατὰ
1330 549 1423 586 χώραν
1444 551 1596 578 ἐπισκόπου
1621 552 1783 584 κανονικῶς,

993 593 1110 620 ινταῦθα
1128 593 1157 620 δὲ
1177 594 1231 629 ῖδίᾳ
1252 594 1327 630 παρὰ
1345 594 1391 621 τοῦ
1413 596 1624 629 παναγιωτάτου
1643 596 1723 631 ἡμῶν
1741 596 1784 624 δε-

994 639 1105 672 σπότου,
1115 639 1163 666 τοῦ
1174 640 1365 675 οῖκουμενικοῦ
1376 642 1558 677 πατριάρχου,
1569 642 1635 677 παρ’
1642 638 1673 669 οῦ
1683 643 1730 669 καὶ
1739 644 1785 670 ὲκ-

993 684 1114 720 δικήσεις
1131 686 1178 713 ἐπὶ
1193 686 1299 718 τούτοις
1316 687 1490 722 ἐγεγόνεισαν
1505 689 1641 724 διαφόρως
1653 697 1660 705 ³
1677 690 1784 724 στέργω

992 729 1021 756 δὲ
1042 730 1090 757 καὶ
1107 730 1157 766 τὴν
1175 731 1317 766 προὸᾶταν
1336 732 1512 768 συγχώρησιν
1532 733 1601 768 ὑπὲρ
1618 733 1665 760 τοῦ
1687 733 1784 769 ἱερέως

992 774 1040 801 τοῦ
1055 775 1225 811 Μαχητρίου.
1238 777 1269 804 Ὂ
1285 777 1406 810 Κυζίκου
1420 777 1510 810 εἶπεν,
1528 778 1570 806 ὅτι
1587 780 1634 805 Δεῖ
1648 779 1732 806 ταῦτα
1745 780 1784 812 ὡς

993 820 1082 848 ἄτοπα
1108 822 1269 858 διαλυθῆναι
1297 823 1363 856 καὶ,
1388 823 1426 856 ὡς
1452 824 1583 857 δυνατὸν,
1609 825 1780 858 κωλύεσθαι,

993 865 1087 902 ὥσπερ
1107 867 1140 904 δὴ
1161 869 1207 895 καὶ
1228 868 1448 904 ἀναχαιτίζονται
1470 870 1516 896 καὶ
1536 870 1689 897 κωλύονται
1710 871 1783 898 κατὰ

993 914 1024 941 τὸ
1036 914 1175 950 ἐγχωροῦν
1187 915 1226 951 τῷ
1240 916 1441 952 παναγιωτάτῳ
1453 917 1469 952 ή
1474 917 1532 951 μῶν
1545 917 1663 953 δεσπότῃ
1672 938 1679 949 ,
1692 917 1731 953 τῷ
1743 919 1783 944 ol-

994 960 1148 994 κουμενικῷ
1162 961 1332 997 πατριάρχῃ,
1346 961 1384 997 μὴ
1399 962 1492 996 μέντοι
1507 963 1684 998 προστρίϐειν
1696 962 1783 990 ταῦτα

993 1007 1027 1041 τῇ
1045 1006 1204 1042 Ἐκκλησίᾳ,
1219 1007 1277 1034 ἀλλ’
1288 1007 1445 1036 ἀνατιθέναι
1460 1008 1509 1044 τὴν
1524 1009 1626 1036 τούτων
1642 1009 1782 1045 ἐκδίκησιν

993 1052 1033 1087 τῷ
1047 1053 1187 1090 προστάτῃ
1202 1054 1252 1088 τῆς
1269 1053 1446 1089 Ἐκκλησίας,
1461 1055 1534 1090 πλὴν
1551 1055 1620 1091 μετά
1636 1055 1782 1090 βασιλικῆς

995 1098 1107 1134 ἰσχύος·
1130 1100 1237 1136 στέργω
1256 1100 1284 1127 δὲ
1305 1101 1354 1127 καὶ
1373 1101 1424 1137 τὴν
1445 1102 1588 1137 προσᾱσαν
1607 1102 1782 1136 συγχώρησιν

994 1145 1138 1180 συνοδικὴν
1152 1145 1222 1180 ὑπὲρ
1237 1146 1284 1172 τοῦ
1301 1147 1397 1182 ἱερέως
1413 1147 1460 1174 τοῦ
1476 1147 1648 1183 Μαχητρίου.
1670 1147 1698 1174 '0
1715 1149 1782 1175 Πον-

993 1191 1173 1226 τοηρακλείας
1188 1190 1277 1225 εἶπεν,
1293 1193 1333 1220 ὅτι
1347 1193 1451 1229 Στοιχῶ
1464 1193 1535 1220 κατά
1551 1195 1639 1222 πάντα
1653 1194 1700 1220 ἐπὶ
1714 1194 1782 1220 πᾶσι

993 1237 1098 1269 τούτοις
1112 1238 1145 1273 τῇ
1162 1237 1261 1274 γνώμῃ
1276 1237 1323 1265 τοῦ
1337 1238 1469 1265 δεσπότου
1485 1238 1533 1265 τοῦ
1552 1239 1724 1275 Ἡρακλείας,
1741 1239 1782 1266 ὅτι

993 1285 1023 1312 οὗ
1040 1285 1081 1312 δεῖ
1097 1285 1184 1312 ταῦτα
1200 1286 1439 1322 παρρησιάζεσθαι
1457 1287 1473 1322 ἢ
1491 1287 1706 1323 προστρίϐεσθαι
1725 1287 1784 1321 μῶ-

995 1339 1046 1366 μον
1059 1332 1092 1367 τῇ
1109 1331 1213 1368 συνόδῳ
1226 1332 1270 1359 διὰ
1284 1332 1371 1360 ταῦτα
1382 1341 1390 1348 ·
1405 1332 1512 1369 στέργω
1525 1334 1574 1360 καὶ
1587 1334 1637 1369 τὴν
1650 1333 1721 1368 ὑπὲρ
1733 1333 1781 1359 τοῦ

995 1379 1090 1414 ἱερέως
1107 1378 1155 1405 τοῦ
1172 1379 1334 1415 Μαχητρίου
1353 1379 1496 1414 συνοδικὴν
1513 1379 1670 1413 διάγνωσιν.
1690 1379 1720 1406 ’0
1737 1379 1784 1405 Βι-

993 1425 1061 1461 ζύης
1078 1422 1174 1458 εἶπεν,
1190 1425 1231 1452 ὅτι
1245 1425 1317 1452 Ὅσα
1335 1424 1456 1459 γίνονται
1476 1426 1552 1461 παρὰ
1567 1425 1613 1452 τὸν
1630 1424 1712 1460 τόμον
1729 1423 1781 1458 τῆς

993 1471 1117 1504 ἐνώσεως
1134 1471 1179 1498 ἐπὶ
1195 1472 1251 1502 τοῖς
1267 1470 1399 1503 τοιούτοις
1417 1470 1556 1506 ἀθεμίτοις
1574 1471 1674 1504 γάμοις
1685 1489 1692 1502 ,
1709 1469 1784 1504 ὀφεί-

993 1519 1048 1552 λει,
1062 1518 1106 1545 ῖνα
1119 1518 1317 1545 ὲπεκδικῶνται
1331 1517 1407 1552 παρὰ
1419 1517 1466 1543 τοῦ
1481 1515 1689 1550 παναγιωτάτου
1703 1515 1782 1551 ήμῶν

994 1565 1135 1598 δεσπότου,
1158 1565 1205 1591 τοῦ
1229 1563 1420 1599 οἰκουμενικοῦ
1447 1564 1631 1599 πατριάρχου,
1656 1563 1725 1590 κατά
1749 1562 1781 1588 τδ

993 1611 1105 1638 δυνατὸν
1120 1611 1193 1647 αὐτῷ
1203 1630 1211 1643 ,
1226 1609 1321 1645 ὥσπερ
1335 1610 1404 1646 δῆτα
1419 1610 1467 1637 καὶ
1482 1609 1589 1644 γίνεται
1603 1609 1669 1644 παρ’
1682 1607 1764 1635 αὑτοῦ
1775 1628 1784 1642 ,

994 1659 1041 1685 καὶ
1057 1658 1088 1685 οὐ
1104 1658 1157 1693 χρὴ
1175 1656 1413 1693 παρρησιάζεσθαι
1428 1655 1516 1683 ταῦτα
1530 1656 1578 1683 καὶ
1595 1655 1731 1682 κινεῖσθαι
1749 1654 1785 1681 δι’

994 1704 1054 1730 ὅλου
1071 1704 1099 1730 ἐν
1111 1705 1144 1738 τῇ
1160 1703 1220 1739 θείᾳ
1233 1704 1281 1730 καὶ
1295 1702 1356 1738 ίερᾷ
1372 1702 1473 1737 συνόδῳ
1485 1710 1492 1717 ·
1510 1702 1535 1728 εί
1550 1701 1573 1728 δ’
1585 1701 1651 1732 ἴσως
1666 1700 1730 1736 ἔλθῃ
1744 1700 1786 1731 είς

993 1749 1146 1784 ἀδυναμίαν
1166 1749 1213 1775 τοῦ
1235 1748 1322 1775 ταῦτα
1345 1747 1476 1774 δύνασθαι
1498 1746 1615 1774 κωλύειν
1634 1748 1676 1778 εἰς
1695 1746 1784 1778 τέλος,

995 1797 1040 1823 ῖνα
1060 1795 1175 1830 γένηται
1191 1795 1221 1822 τδ
1241 1795 1365 1821 ἐλλεῖπον
1383 1794 1433 1828 τῆς
1454 1794 1622 1828 ἐκδικήσεως
1644 1792 1719 1826 παρά
1736 1791 1787 1834 τῆς

996 1841 1140 1877 βασιλικῆς
1155 1841 1299 1875 δυνάμεως
1311 1848 1318 1855 ·
1335 1839 1444 1874 στέργω
1458 1839 1486 1865 δὲ
1502 1841 1551 1865 καὶ
1564 1839 1615 1872 τὴν
1631 1837 1725 1869 ἁπλῶς
1739 1845 1787 1871 γε·

995 1887 1113 1922 νομένην
1130 1886 1273 1920 συνοδικὴν
1289 1885 1464 1920 συγχώρησιν
1479 1884 1550 1919 ὑπὲρ
1565 1884 1612 1911 τοῦ
1627 1883 1722 1920 ἱερέως
1739 1882 1787 1909 τοῦ

995 1931 1168 1967 Μαχητρίου.
1187 1931 1218 1957 ’0
1233 1930 1361 1966 Βρύσεως
1375 1928 1462 1962 εἶπεν,
1478 1929 1520 1956 ὃτι
1536 1928 1614 1955 Κατὰ
1629 1928 1684 1955 τῶν
1698 1928 1788 1955 τοιού-

995 1985 1049 2004 των
1062 1975 1285 2010 ἀθεμιτογαμιῶν
1299 1975 1348 2002 καὶ
1360 1973 1537 2008 πολυγαμιῶν
1546 1973 1674 2009 ἐποίησιν
1687 1973 1702 2000 ό
1717 1980 1788 2000 παν-

995 2021 1147 2056 αγιώτατος
1171 2021 1250 2056 ήμῶν
1274 2020 1418 2054 δεσπότης,
1429 2020 1443 2046 ό
1454 2019 1643 2054 οίκουμενικὺς
1654 2018 1789 2053 πατριάρ-

996 2077 1065 2104 χης,
1083 2069 1145 2095 ὅσον
1162 2067 1216 2094 ἔδει
1233 2065 1385 2098 κανονικῶς
1396 2085 1403 2098 ,
1425 2065 1493 2101 μετά
1512 2065 1558 2092 καὶ
1574 2064 1626 2100 τῆς
1644 2063 1719 2096 θείας
1740 2063 1788 2090 καὶ

997 2115 1072 2150 ἱερᾶς
1094 2113 1205 2141 συνόδου
1217 2133 1224 2146 ,
1243 2112 1290 2140 καὶ
1309 2112 1444 2146 ἐπεξῆλθε
1461 2110 1548 2138 ταῦτα
1570 2110 1718 2146 ἐγγράφως
1740 2108 1788 2136 καὶ

997 2161 1130 2195 ἀγράφως
1142 2167 1150 2175 ·
1167 2158 1300 2194 περισσὸν
1315 2156 1362 2187 οὖν
1379 2158 1453 2185 δοκεί
1469 2158 1516 2185 καὶ
1532 2157 1582 2184 οὐκ
1598 2156 1708 2188 εὔλογον
1718 2175 1726 2188 ,
1743 2156 1788 2182 ῖνα

158 2216 224 2249 νίας,
238 2214 285 2241 τοῦ
301 2214 486 2249 Περιθεωρίου
500 2215 547 2241 καὶ.
559 2201 644 2249 ἕτερά.
656 2222 718 2241 τινα
729 2201 945 2249 τοιουτότροπα’
965 2217 984 2244 D
998 2206 1128 2234 κινῶνται
1144 2204 1230 2232 ταῦτα
1247 2205 1288 2235 είς
1305 2203 1354 2239 τὴν
1372 2203 1497 2235 σύνοδον,
1517 2203 1555 2235 ὡς
1574 2201 1788 2249 προσῗρίδξσθξι

158 2262 238 2297 ἕτερα
258 2262 286 2289 δὲ
304 2261 359 2288 τῶν
376 2261 506 2289 τοιούτων
523 2261 664 2297 ἀθεμίτων
682 2261 797 2296 γάμων,
816 2260 947 2295 γεγονότα

159 2309 231 2343 παρὰ
253 2309 343 2335 πᾶσαν
364 2307 477 2344 γνώμην
495 2308 544 2334 καὶ
565 2307 694 2343 βούλησιν
712 2307 763 2342 τῆς
782 2306 948 2342 Ἐκκλησίας

159 2355 235 2387 Θεοῦ,
256 2355 462 2390 έπετιμήθησαν
484 2354 534 2389 μὲν
554 2354 591 2386 ὥς
612 2353 770 2389 παράνομα,
791 2353 896 2381 δέονται
918 2353 947 2380 δὲ

160 2403 196 2433 είς
208 2402 238 2428 τὸ
252 2402 454 2436 διασπασθῆναι
470 2400 517 2428 καὶ
531 2401 580 2436 τῆς
595 2400 670 2435 παρά
683 2399 731 2427 τοῦ
748 2399 882 2435 κραταιοῦ
900 2399 948 2426 καὶ

160 2447 234 2481 ἁγίου
257 2447 336 2482 ἡμῶν
361 2446 492 2474 αὑθέντου
514 2446 562 2473 καὶ
585 2446 718 2481 βασιλέως
738 2445 945 2480 διεκδικήσεως.

161 2494 216 2520 Τῶν
235 2493 328 2528 μέντοι
349 2493 395 2519 δύο
411 2492 515 2520 τούτων
533 2492 690 2527 ίερωτάτων
706 2491 860 2527 ἀρχιερέων
872 2512 879 2524 ,
898 2490 946 2517 τοῦ

160 2550 186 2568 τε
200 2541 374 2576 Χαλκηδόνος
388 2542 435 2566 καὶ
448 2539 496 2566 τοῦ
512 2539 674 2573 Σουγδαίας,
689 2537 728 2565 ἑτι
743 2537 772 2565 δὲ
787 2539 834 2564 καὶ
847 2537 894 2564 τοῦ
908 2545 948 2564 τι-

164 2589 296 2624 μιωτάτου
319 2587 488 2622 ὑποψηφίου,
511 2585 701 2613 ἀπαιτούντων
723 2585 769 2611 καὶ
792 2583 947 2618 ζητούντων

162 2636 267 2663 πλείονα
281 2635 331 2670 τὴν
344 2633 489 2670 διόρθωσιν
502 2633 550 2660 καὶ
564 2632 719 2668 βαρυτέραν
734 2632 784 2667 τὴν
799 2625 946 2663 ἐπεξέλευ-

164 2691 200 2708 σιν
216 2682 262 2709 καὶ
279 2682 316 2716 μὴ
334 2681 514 2716 στοιχούντων
528 2679 656 2707 ἐντεῦθεν
670 2680 703 2714 τῇ
720 2677 855 2714 εἰρημένῃ
871 2684 947 2703 συνο-

163 2731 218 2765 διιιῇ
240 2728 386 2764 διαγνώσει
408 2728 455 2755 καὶ
475 2728 553 2762 κοινῇ
575 2726 659 2761 ψήφῳ
680 2726 728 2752 καὶ
748 2723 876 2759 ὁμονοία,
899 2722 946 2749 καὶ

164 2776 298 2810 ζητήσεως
324 2772 469 2807 συνοδικῆς
489 2771 640 2806 γενομένης
661 2770 727 2805 περὶ
748 2769 805 2803 τοῦ,
827 2769 884 2800 πῶς
906 2767 947 2795 δεῖ

164 2820 379 2855 ἀποκαταστῆναι
404 2819 439 2845 τὰ
462 2817 639 2852 ἔμφερόμενα
661 2816 700 2850 τῷ
723 2815 836 2849 τοιούτῳ
860 2823 945 2841 κατα-

164 2869 241 2905 στίχῳ
257 2868 304 2896 καὶ
319 2867 411 2895 λαϐεῖν
425 2865 531 2894 τελείαν
543 2865 592 2900 τὴν
604 2863 778 2892 διευλύτωσιν
793 2864 838 2891 καὶ
853 2862 944 2890 διαλυ-

999 2252 1123 2279 ὲντεῦθεν
1139 2251 1218 2286 ὓϐριν
1233 2250 1281 2278 καὶ
1297 2249 1465 2286 κατηγορίαν
1481 2250 1514 2284 τῇ
1533 2248 1683 2283 Ἑκκλησίᾳ
1700 2246 1768 2274 Θεοῦ
1779 2267 1787 2280 ,

998 2299 1067 2333 ὅπερ
1083 2298 1141 2325 ἐστὶ
1156 2296 1341 2324 ἀτοπώτατον.
1355 2295 1430 2330 Ἐχω
1445 2294 1474 2321 δὲ
1489 2295 1524 2321 τὰ
1539 2294 1654 2321 τοιαῦτα
1669 2292 1788 2326 ἀθέμιτα

999 2343 1157 2372 συνοικέσια
1175 2342 1224 2370 καὶ
1241 2341 1307 2376 ἐγὼ,
1325 2341 1415 2373 καθὼς
1434 2339 1496 2367 κατ’
1507 2339 1598 2367 αὐτῶν
1613 2339 1638 2365 οι
1656 2338 1722 2365 θεῖοι
1739 2337 1788 2364 καὶ

999 2391 1068 2427 ἱεροὶ
1081 2389 1196 2421 κανόνες
1207 2387 1396 2423 διαγορεύουσι
1410 2387 1457 2414 καὶ
1469 2389 1483 2414 ό
1494 2386 1542 2421 τῆς
1556 2385 1681 2417 ἐνώσεως
1693 2385 1788 2419 τόμος,

998 2437 1046 2464 καὶ
1060 2437 1110 2463 οὐκ
1121 2435 1210 2465 ἄλλως
1219 2442 1228 2450 θ
1242 2433 1349 2469 στέργω
1361 2433 1389 2460 δὲ
1403 2432 1491 2459 καὶτὸ
1503 2431 1608 2467 προσάν
1620 2430 1669 2466 τῆς
1683 2437 1789 2464 συγχω-

999 2483 1106 2518 ρήσεως
1127 2481 1246 2516 γράμμα
1269 2478 1417 2510 συνοδικῶς
1439 2478 1494 2505 ἀπὸ
1518 2476 1692 2512 συμπαθείας
1716 2475 1788 2510 ὑπὲρ

997 2530 1043 2557 τοῦ
1060 2529 1155 2565 ἱερέως
1169 2528 1217 2555 τοῦ
1232 2527 1404 2563 Μαχητρὶου,
1420 2525 1491 2560 πλὴν
1507 2525 1549 2552 ἵνα
1563 2523 1638 2550 οὐδὲν
1655 2523 1786 2558 ἱερουργῇ

997 2577 1014 2613 ἢ
1030 2576 1180 2612 ἐργάζηται
1191 2584 1218 2602 τι
1232 2574 1369 2610 ἱερατικὸν
1382 2572 1450 2604 ὅλως
1465 2573 1493 2598 ὲν
1505 2571 1543 2605 τῷ
1559 2569 1717 2605 περιονύμῳ
1730 2568 1787 2602 ναῷ

997 2624 1045 2659 τῆς
1058 2623 1106 2650 τοῦ
1120 2622 1188 2649 Θεοῦ
1202 2621 1290 2655 Λόγου
1306 2619 1417 2654 Σοφιας,
1431 2618 1446 2644 δ
1459 2618 1491 2653 δὴ
1505 2618 1608 2648 πάντες
1620 2616 1645 2642 οἱ
1658 2614 1788 2650 ἀνωτέρω

997 2668 1241 2705 γνωματεύσαντες
1253 2666 1393 2702 ἀρχιερεῖς
1406 2662 1546 2699 ἔστερξαν.
1565 2663 1595 2689 '0
1607 2662 1788 2697 Χριστιανού-

998 2717 1102 2748 πόλεως
1122 2713 1219 2742 εἶπεν⁹
1240 2713 1282 2739 Τὰ
1302 2711 1368 2747 περὶ
1389 2711 1444 2738 τῶν
1464 2710 1593 2737 τοιούτων
1617 2708 1786 2743 ἀθεμιτογα-

999 2764 1078 2799 μιῶν,
1093 2762 1147 2797 ἔχω
1159 2760 1247 2788 ταῦτα
1261 2760 1307 2786 καὶ
1320 2758 1402 2790 αὐτὸς
1415 2757 1517 2793 αἰσχρὰ
1529 2757 1576 2783 καὶ
1590 2755 1674 2788 κακὰ,
1689 2753 1785 2788 ὥσπερ

998 2812 1043 2839 καῖ
1063 2811 1088 2837 οι
1107 2810 1173 2836 θεῖοι
1191 2809 1237 2835 καὶ
1256 2808 1323 2843 ἱεροὶ
1343 2806 1454 2836 κανόνες
1471 2804 1520 2839 τὴν
1535 2803 1627 2838 ψῆφον
1643 2801 1708 2836 περὶ
1725 2801 1788 2827 τού·
1842 2802 1847 2804 ⁷

999 2868 1051 2887 των
1066 2857 1263 2893 προφέρουσιν,
1278 2854 1344 2881 ἀλλὰ
1356 2853 1389 2888 δὴ
1402 2852 1447 2880 καῖ
1459 2852 1473 2878 δ
1486 2853 1533 2888 τῆς
1546 2849 1668 2880 ἑνώσεως
1680 2844 1763 2884 τόμος
1774 2856 1782 2863 ·
