  <div class='ocr_page' id='page_1' title='image "/cluster/home/n/w/nwhite01/storage/ocr_20150623/152/njp.32101077773206/711.png"; bbox 0 0 1935 3077; ppageno 0'>
   <div class='ocr_carea' id='block_1_1' title="bbox 156 122 224 153">
    <p class='ocr_par' dir='ltr' id='par_1_1' title="bbox 156 122 224 153">
     <span class='ocr_line' id='line_1_1' title="bbox 156 122 224 153; baseline 0.015 -1"><span class='ocrx_word' id='word_1_1' title='bbox 156 122 224 153; x_wconf 82' lang='grc'>1375</span> 
     </span>
    </p>
   </div>
   <div class='ocr_carea' id='block_1_2' title="bbox 560 123 1362 171">
    <p class='ocr_par' dir='ltr' id='par_1_2' title="bbox 560 123 1362 171">
     <span class='ocr_line' id='line_1_2' title="bbox 560 123 1362 171; baseline 0.001 -17"><span class='ocrx_word' id='word_1_2' title='bbox 560 123 735 154; x_wconf 80' lang='lat' dir='ltr'>CALLISTI</span> <span class='ocrx_word' id='word_1_3' title='bbox 756 124 805 154; x_wconf 87' lang='grc' dir='ltr'>ΕΤ</span> <span class='ocrx_word' id='word_1_4' title='bbox 829 124 1041 155; x_wconf 81' lang='lat' dir='ltr'>PHILOTHEI</span> <span class='ocrx_word' id='word_1_5' title='bbox 1059 125 1116 156; x_wconf 75' lang='grc' dir='ltr'>(ΣΡ.</span> <span class='ocrx_word' id='word_1_6' title='bbox 1134 124 1362 171; x_wconf 61' lang='grc' dir='ltr'>ᾙΑΤΒΙΑΒΕΗ.</span> 
     </span>
    </p>
   </div>
   <div class='ocr_carea' id='block_1_3' title="bbox 1702 122 1787 155">
    <p class='ocr_par' dir='ltr' id='par_1_3' title="bbox 1702 122 1787 155">
     <span class='ocr_line' id='line_1_3' title="bbox 1702 122 1787 155; baseline 0.012 -1"><span class='ocrx_word' id='word_1_7' title='bbox 1702 122 1787 155; x_wconf 79' lang='grc'>1376</span> 
     </span>
    </p>
   </div>
   <div class='ocr_carea' id='block_1_4' title="bbox 154 182 1790 220">
    <p class='ocr_par' dir='ltr' id='par_1_4' title="bbox 154 182 1790 220">
     <span class='ocr_line' id='line_1_4' title="bbox 154 182 1790 220; baseline 0.002 -13"><span class='ocrx_word' id='word_1_8' title='bbox 154 182 252 217; x_wconf 83' lang='grc' dir='ltr'>πολλῆς</span> <span class='ocrx_word' id='word_1_9' title='bbox 264 182 413 214; x_wconf 78' lang='grc' dir='ltr'>ἐξετάσεως</span> <span class='ocrx_word' id='word_1_10' title='bbox 428 183 576 218; x_wconf 78' lang='grc' dir='ltr'>γενομένης</span> <span class='ocrx_word' id='word_1_11' title='bbox 591 183 672 218; x_wconf 85' lang='grc' dir='ltr'>χάριν</span> <span class='ocrx_word' id='word_1_12' title='bbox 686 183 741 210; x_wconf 88' lang='grc' dir='ltr'>τῶν</span> <span class='ocrx_word' id='word_1_13' title='bbox 767 183 833 219; x_wconf 73' lang='grc' dir='ltr'>παρ’</span> <span class='ocrx_word' id='word_1_14' title='bbox 848 185 935 219; x_wconf 87' lang='grc' dir='ltr'>ἀμφο-</span> <span class='ocrx_word' id='word_1_15' title='bbox 948 187 972 215; x_wconf 77' lang='grc' dir='ltr'>Α</span> <span class='ocrx_word' id='word_1_16' title='bbox 985 184 1013 211; x_wconf 82' lang='grc' dir='ltr'>δέ</span> <span class='ocrx_word' id='word_1_17' title='bbox 1024 185 1170 219; x_wconf 67' lang='grc' dir='ltr'>ἱερώτατος</span> <span class='ocrx_word' id='word_1_18' title='bbox 1185 185 1395 220; x_wconf 86' lang='grc' dir='ltr'>μητροπολίτης,</span> <span class='ocrx_word' id='word_1_19' title='bbox 1407 183 1460 219; x_wconf 84' lang='grc' dir='ltr'>κῦρ</span> <span class='ocrx_word' id='word_1_20' title='bbox 1480 182 1632 218; x_wconf 74' lang='grc' dir='ltr'>Ῥωμανδς,</span> <span class='ocrx_word' id='word_1_21' title='bbox 1658 184 1689 210; x_wconf 86' lang='grc' dir='ltr'>οὗ</span> <span class='ocrx_word' id='word_1_22' title='bbox 1724 184 1790 218; x_wconf 85' lang='grc' dir='ltr'>μό-</span> 
     </span>
    </p>
   </div>
   <div class='ocr_carea' id='block_1_5' title="bbox 152 227 935 264">
    <p class='ocr_par' dir='ltr' id='par_1_5' title="bbox 152 227 935 264">
     <span class='ocr_line' id='line_1_5' title="bbox 152 227 935 264; baseline 0.004 -11"><span class='ocrx_word' id='word_1_23' title='bbox 152 227 365 263; x_wconf 75' lang='grc' dir='ltr'>τέρων“τούτων</span> <span class='ocrx_word' id='word_1_24' title='bbox 389 228 443 255; x_wconf 89' lang='grc' dir='ltr'>τῶν</span> <span class='ocrx_word' id='word_1_25' title='bbox 471 229 622 264; x_wconf 85' lang='grc' dir='ltr'>ἀρχιερέων</span> <span class='ocrx_word' id='word_1_26' title='bbox 641 229 808 264; x_wconf 74' lang='grc' dir='ltr'>κινηθέντων</span> <span class='ocrx_word' id='word_1_27' title='bbox 839 229 935 264; x_wconf 86' lang='grc' dir='ltr'>λόγων,</span> 
     </span>
    </p>
   </div>
   <div class='ocr_carea' id='block_1_6' title="bbox 152 271 936 309">
    <p class='ocr_par' dir='ltr' id='par_1_6' title="bbox 152 271 936 309">
     <span class='ocr_line' id='line_1_6' title="bbox 152 271 936 309; baseline 0.003 -11"><span class='ocrx_word' id='word_1_28' title='bbox 152 273 365 307; x_wconf 70' lang='grc' dir='ltr'>προηγουμένως</span> <span class='ocrx_word' id='word_1_29' title='bbox 379 273 429 306; x_wconf 74' lang='grc' dir='ltr'>μὶν</span> <span class='ocrx_word' id='word_1_30' title='bbox 441 273 544 308; x_wconf 76' lang='grc' dir='ltr'>ἐτάχθη</span> <span class='ocrx_word' id='word_1_31' title='bbox 558 271 627 300; x_wconf 88' lang='grc' dir='ltr'>εἶναι</span> <span class='ocrx_word' id='word_1_32' title='bbox 653 274 698 300; x_wconf 75' lang='grc' dir='ltr'>καὶ</span> <span class='ocrx_word' id='word_1_33' title='bbox 723 274 898 309; x_wconf 84' lang='grc' dir='ltr'>εὑρίσκεσθαι</span> <span class='ocrx_word' id='word_1_34' title='bbox 921 274 936 300; x_wconf 99' lang='lat'>6</span> 
     </span>
    </p>
   </div>
   <div class='ocr_carea' id='block_1_7' title="bbox 153 317 937 354">
    <p class='ocr_par' dir='ltr' id='par_1_7' title="bbox 153 317 937 354">
     <span class='ocr_line' id='line_1_7' title="bbox 153 317 937 354; baseline 0.003 -10"><span class='ocrx_word' id='word_1_35' title='bbox 153 317 302 352; x_wconf 77' lang='grc' dir='ltr'>ἱερώτατος</span> <span class='ocrx_word' id='word_1_36' title='bbox 316 319 519 354; x_wconf 84' lang='grc' dir='ltr'>μητροπολίτης</span> <span class='ocrx_word' id='word_1_37' title='bbox 534 318 587 353; x_wconf 82' lang='grc' dir='ltr'>κῦρ</span> <span class='ocrx_word' id='word_1_38' title='bbox 608 319 737 352; x_wconf 77' lang='grc' dir='ltr'>’Δλέξιος.</span> <span class='ocrx_word' id='word_1_39' title='bbox 752 320 847 354; x_wconf 85' lang='grc' dir='ltr'>ὥσπερ</span> <span class='ocrx_word' id='word_1_40' title='bbox 867 320 937 354; x_wconf 85' lang='grc' dir='ltr'>ἐχει-</span> 
     </span>
    </p>
   </div>
   <div class='ocr_carea' id='block_1_8' title="bbox 154 362 937 400">
    <p class='ocr_par' dir='ltr' id='par_1_8' title="bbox 154 362 937 400">
     <span class='ocr_line' id='line_1_8' title="bbox 154 362 937 400; baseline 0.004 -12"><span class='ocrx_word' id='word_1_41' title='bbox 154 362 283 398; x_wconf 90' lang='grc' dir='ltr'>ροτονήθη</span> <span class='ocrx_word' id='word_1_42' title='bbox 299 363 347 398; x_wconf 80' lang='grc' dir='ltr'>τήν</span> <span class='ocrx_word' id='word_1_43' title='bbox 371 363 458 398; x_wconf 80' lang='grc' dir='ltr'>ἀρχὴν</span> <span class='ocrx_word' id='word_1_44' title='bbox 484 363 591 390; x_wconf 85' lang='grc' dir='ltr'>Κυέϐου</span> <span class='ocrx_word' id='word_1_45' title='bbox 617 364 665 391; x_wconf 77' lang='grc' dir='ltr'>καὶ</span> <span class='ocrx_word' id='word_1_46' title='bbox 696 365 787 400; x_wconf 76' lang='grc' dir='ltr'>πάσης</span> <span class='ocrx_word' id='word_1_47' title='bbox 823 365 937 397; x_wconf 86' lang='grc' dir='ltr'>Ῥωσίας</span> 
     </span>
    </p>
   </div>
   <div class='ocr_carea' id='block_1_9' title="bbox 153 407 937 446">
    <p class='ocr_par' dir='ltr' id='par_1_9' title="bbox 153 407 937 446">
     <span class='ocr_line' id='line_1_9' title="bbox 153 407 937 446; baseline 0.006 -13"><span class='ocrx_word' id='word_1_48' title='bbox 153 407 224 434; x_wconf 86' lang='grc' dir='ltr'>κατά</span> <span class='ocrx_word' id='word_1_49' title='bbox 236 407 285 441; x_wconf 81' lang='grc' dir='ltr'>τὴν</span> <span class='ocrx_word' id='word_1_50' title='bbox 310 407 412 434; x_wconf 86' lang='grc' dir='ltr'>ἀνωθεν</span> <span class='ocrx_word' id='word_1_51' title='bbox 437 409 663 444; x_wconf 76' lang='grc' dir='ltr'>ἐπικρατήσασαν</span> <span class='ocrx_word' id='word_1_52' title='bbox 689 410 853 445; x_wconf 80' lang='grc' dir='ltr'>συνήθειαν·</span> <span class='ocrx_word' id='word_1_53' title='bbox 873 411 937 446; x_wconf 77' lang='grc' dir='ltr'>περὶ</span> 
     </span>
    </p>
   </div>
   <div class='ocr_carea' id='block_1_10' title="bbox 156 454 935 494">
    <p class='ocr_par' dir='ltr' id='par_1_10' title="bbox 156 454 935 494">
     <span class='ocr_line' id='line_1_10' title="bbox 156 454 935 494; baseline 0.008 -14"><span class='ocrx_word' id='word_1_54' title='bbox 156 454 250 487; x_wconf 80' lang='grc' dir='ltr'>μέντοι</span> <span class='ocrx_word' id='word_1_55' title='bbox 264 454 311 481; x_wconf 85' lang='grc' dir='ltr'>τοῦ</span> <span class='ocrx_word' id='word_1_56' title='bbox 328 455 474 488; x_wconf 85' lang='grc' dir='ltr'>ῑερωτάτου</span> <span class='ocrx_word' id='word_1_57' title='bbox 493 457 693 492; x_wconf 85' lang='grc' dir='ltr'>μητροπολίτου</span> <span class='ocrx_word' id='word_1_58' title='bbox 707 458 760 494; x_wconf 89' lang='grc' dir='ltr'>κῦρ</span> <span class='ocrx_word' id='word_1_59' title='bbox 781 458 935 493; x_wconf 85' lang='grc' dir='ltr'>Ῥωμανοῦ,</span> 
     </span>
    </p>
   </div>
   <div class='ocr_carea' id='block_1_11' title="bbox 153 500 937 539">
    <p class='ocr_par' dir='ltr' id='par_1_11' title="bbox 153 500 937 539">
     <span class='ocr_line' id='line_1_11' title="bbox 153 500 937 539; baseline 0.004 -12"><span class='ocrx_word' id='word_1_60' title='bbox 153 500 190 531; x_wconf 82' lang='grc' dir='ltr'>ὼς</span> <span class='ocrx_word' id='word_1_61' title='bbox 207 502 427 535; x_wconf 74' lang='grc' dir='ltr'>χειροτονηθέντα</span> <span class='ocrx_word' id='word_1_62' title='bbox 438 503 484 530; x_wconf 81' lang='grc' dir='ltr'>καὶ</span> <span class='ocrx_word' id='word_1_63' title='bbox 502 504 585 530; x_wconf 75' lang='grc' dir='ltr'>αὑτὸν</span> <span class='ocrx_word' id='word_1_64' title='bbox 613 504 730 538; x_wconf 84' lang='grc' dir='ltr'>Λιτϐῶν,</span> <span class='ocrx_word' id='word_1_65' title='bbox 759 504 904 539; x_wconf 77' lang='grc' dir='ltr'>διωρίσατο</span> <span class='ocrx_word' id='word_1_66' title='bbox 923 505 937 530; x_wconf 85' lang='lat'>6</span> 
     </span>
    </p>
   </div>
   <div class='ocr_carea' id='block_1_12' title="bbox 152 547 937 586">
    <p class='ocr_par' dir='ltr' id='par_1_12' title="bbox 152 547 937 586">
     <span class='ocr_line' id='line_1_12' title="bbox 152 547 937 586; baseline 0.006 -14"><span class='ocrx_word' id='word_1_67' title='bbox 152 547 299 581; x_wconf 83' lang='grc' dir='ltr'>κράτιστος</span> <span class='ocrx_word' id='word_1_68' title='bbox 310 548 354 574; x_wconf 79' lang='grc' dir='ltr'>καὶ</span> <span class='ocrx_word' id='word_1_69' title='bbox 369 549 447 583; x_wconf 80' lang='grc' dir='ltr'>ἀγιός</span> <span class='ocrx_word' id='word_1_70' title='bbox 479 558 530 583; x_wconf 92' lang='grc' dir='ltr'>μου</span> <span class='ocrx_word' id='word_1_71' title='bbox 555 549 734 586; x_wconf 80' lang='grc' dir='ltr'>αὐτοκράτωρ</span> <span class='ocrx_word' id='word_1_72' title='bbox 759 550 937 584; x_wconf 76' lang='grc' dir='ltr'>συγκαταϐά-</span> 
     </span>
    </p>
   </div>
   <div class='ocr_carea' id='block_1_13' title="bbox 154 592 937 631">
    <p class='ocr_par' dir='ltr' id='par_1_13' title="bbox 154 592 937 631">
     <span class='ocr_line' id='line_1_13' title="bbox 154 592 937 631; baseline 0.006 -14"><span class='ocrx_word' id='word_1_73' title='bbox 154 599 223 623; x_wconf 76' lang='grc' dir='ltr'>σεως</span> <span class='ocrx_word' id='word_1_74' title='bbox 236 592 307 627; x_wconf 88' lang='grc' dir='ltr'>λόγῳ</span> <span class='ocrx_word' id='word_1_75' title='bbox 322 594 368 619; x_wconf 81' lang='grc' dir='ltr'>καὶ</span> <span class='ocrx_word' id='word_1_76' title='bbox 386 594 443 628; x_wconf 75' lang='grc' dir='ltr'>ἃμα</span> <span class='ocrx_word' id='word_1_77' title='bbox 459 594 504 621; x_wconf 82' lang='grc' dir='ltr'>διὰ</span> <span class='ocrx_word' id='word_1_78' title='bbox 519 595 568 630; x_wconf 85' lang='grc' dir='ltr'>τὴν</span> <span class='ocrx_word' id='word_1_79' title='bbox 580 595 773 631; x_wconf 87' lang='grc' dir='ltr'>ἀνενοχλησίαν</span> <span class='ocrx_word' id='word_1_80' title='bbox 797 595 845 622; x_wconf 83' lang='grc' dir='ltr'>καὶ</span> <span class='ocrx_word' id='word_1_81' title='bbox 860 595 937 630; x_wconf 76' lang='grc' dir='ltr'>εἰρή-</span> 
     </span>
    </p>
   </div>
   <div class='ocr_carea' id='block_1_14' title="bbox 153 637 937 675">
    <p class='ocr_par' dir='ltr' id='par_1_14' title="bbox 153 637 937 675">
     <span class='ocr_line' id='line_1_14' title="bbox 153 637 937 675; baseline 0.005 -13"><span class='ocrx_word' id='word_1_82' title='bbox 153 644 201 670; x_wconf 84' lang='grc' dir='ltr'>νην</span> <span class='ocrx_word' id='word_1_83' title='bbox 210 637 257 663; x_wconf 89' lang='grc' dir='ltr'>τοῦ</span> <span class='ocrx_word' id='word_1_84' title='bbox 271 637 360 665; x_wconf 74' lang='grc' dir='ltr'>ἐκεῖσε</span> <span class='ocrx_word' id='word_1_85' title='bbox 376 639 460 665; x_wconf 86' lang='grc' dir='ltr'>τόπου</span> <span class='ocrx_word' id='word_1_86' title='bbox 475 639 548 673; x_wconf 76' lang='grc' dir='ltr'>ἔχειν</span> <span class='ocrx_word' id='word_1_87' title='bbox 563 640 611 666; x_wconf 82' lang='grc' dir='ltr'>σῦν</span> <span class='ocrx_word' id='word_1_88' title='bbox 624 641 684 671; x_wconf 78' lang='grc' dir='ltr'>ταῖς</span> <span class='ocrx_word' id='word_1_89' title='bbox 699 639 794 671; x_wconf 77' lang='grc' dir='ltr'>οὔσαις</span> <span class='ocrx_word' id='word_1_90' title='bbox 822 641 855 675; x_wconf 82' lang='grc' dir='ltr'>τῇ</span> <span class='ocrx_word' id='word_1_91' title='bbox 883 639 937 667; x_wconf 91' lang='grc' dir='ltr'>τῶν</span> 
     </span>
    </p>
   </div>
   <div class='ocr_carea' id='block_1_15' title="bbox 152 681 938 719">
    <p class='ocr_par' dir='ltr' id='par_1_15' title="bbox 152 681 938 719">
     <span class='ocr_line' id='line_1_15' title="bbox 152 681 938 719; baseline 0.003 -10"><span class='ocrx_word' id='word_1_92' title='bbox 152 681 260 709; x_wconf 88' lang='grc' dir='ltr'>Διτϐὦν</span> <span class='ocrx_word' id='word_1_93' title='bbox 275 682 395 719; x_wconf 82' lang='grc' dir='ltr'>ἐπαρχίᾳ</span> <span class='ocrx_word' id='word_1_94' title='bbox 416 683 492 710; x_wconf 79' lang='grc' dir='ltr'>δυσὶν</span> <span class='ocrx_word' id='word_1_95' title='bbox 516 686 693 716; x_wconf 77' lang='grc' dir='ltr'>ἐπισκοπαίς,</span> <span class='ocrx_word' id='word_1_96' title='bbox 708 685 738 711; x_wconf 80' lang='grc' dir='ltr'>τὸ</span> <span class='ocrx_word' id='word_1_97' title='bbox 764 684 938 717; x_wconf 80' lang='grc' dir='ltr'>Πωλότζικον</span> 
     </span>
    </p>
   </div>
   <div class='ocr_carea' id='block_1_16' title="bbox 154 728 936 767">
    <p class='ocr_par' dir='ltr' id='par_1_16' title="bbox 154 728 936 767">
     <span class='ocr_line' id='line_1_16' title="bbox 154 728 936 767; baseline 0.005 -13"><span class='ocrx_word' id='word_1_98' title='bbox 154 729 245 755; x_wconf 75' lang='grc' dir='ltr'>καὶτὸ</span> <span class='ocrx_word' id='word_1_99' title='bbox 259 728 394 763; x_wconf 88' lang='grc' dir='ltr'>Τούροϐον</span> <span class='ocrx_word' id='word_1_100' title='bbox 409 731 479 765; x_wconf 84' lang='grc' dir='ltr'>μετά</span> <span class='ocrx_word' id='word_1_101' title='bbox 506 731 553 758; x_wconf 85' lang='grc' dir='ltr'>καὶ</span> <span class='ocrx_word' id='word_1_102' title='bbox 580 731 628 758; x_wconf 89' lang='grc' dir='ltr'>τοῦ</span> <span class='ocrx_word' id='word_1_103' title='bbox 657 731 936 767; x_wconf 80' lang='grc' dir='ltr'>Νοϐογραδοπουλίου,</span> 
     </span>
    </p>
   </div>
   <div class='ocr_carea' id='block_1_17' title="bbox 154 773 939 813">
    <p class='ocr_par' dir='ltr' id='par_1_17' title="bbox 154 773 939 813">
     <span class='ocr_line' id='line_1_17' title="bbox 154 773 939 813; baseline 0.008 -14"><span class='ocrx_word' id='word_1_104' title='bbox 154 773 201 800; x_wconf 89' lang='grc' dir='ltr'>τοῦ</span> <span class='ocrx_word' id='word_1_105' title='bbox 229 774 397 809; x_wconf 87' lang='grc' dir='ltr'>καθίσματος</span> <span class='ocrx_word' id='word_1_106' title='bbox 428 776 475 803; x_wconf 84' lang='grc' dir='ltr'>τοῦ</span> <span class='ocrx_word' id='word_1_107' title='bbox 505 777 723 812; x_wconf 86' lang='grc' dir='ltr'>μητροπολίτου,</span> <span class='ocrx_word' id='word_1_108' title='bbox 744 778 794 805; x_wconf 83' lang='grc' dir='ltr'>καὶ</span> <span class='ocrx_word' id='word_1_109' title='bbox 819 778 869 808; x_wconf 80' lang='grc' dir='ltr'>τὰς</span> <span class='ocrx_word' id='word_1_110' title='bbox 888 778 939 813; x_wconf 86' lang='grc' dir='ltr'>τῆς</span> 
     </span>
    </p>
   </div>
   <div class='ocr_carea' id='block_1_18' title="bbox 155 818 939 859">
    <p class='ocr_par' dir='ltr' id='par_1_18' title="bbox 155 818 939 859">
     <span class='ocr_line' id='line_1_18' title="bbox 155 818 939 859; baseline 0.008 -13"><span class='ocrx_word' id='word_1_111' title='bbox 155 820 257 854; x_wconf 75' lang='grc' dir='ltr'>μικρᾶς</span> <span class='ocrx_word' id='word_1_112' title='bbox 276 818 396 853; x_wconf 83' lang='grc' dir='ltr'>Ῥωσίας</span> <span class='ocrx_word' id='word_1_113' title='bbox 413 822 575 856; x_wconf 79' lang='grc' dir='ltr'>ἐπισκοπάς,</span> <span class='ocrx_word' id='word_1_114' title='bbox 594 823 662 859; x_wconf 81' lang='grc' dir='ltr'>ὅπερ</span> <span class='ocrx_word' id='word_1_115' title='bbox 676 824 774 859; x_wconf 76' lang='grc' dir='ltr'>διέγνω</span> <span class='ocrx_word' id='word_1_116' title='bbox 798 824 845 852; x_wconf 79' lang='grc' dir='ltr'>καὶ</span> <span class='ocrx_word' id='word_1_117' title='bbox 872 824 939 851; x_wconf 85' lang='grc' dir='ltr'>ἀπε-</span> 
     </span>
    </p>
   </div>
   <div class='ocr_carea' id='block_1_19' title="bbox 154 865 937 905">
    <p class='ocr_par' dir='ltr' id='par_1_19' title="bbox 154 865 937 905">
     <span class='ocr_line' id='line_1_19' title="bbox 154 865 937 905; baseline 0.006 -14"><span class='ocrx_word' id='word_1_118' title='bbox 154 865 287 901; x_wconf 80' lang='grc' dir='ltr'>φήνατοή</span> <span class='ocrx_word' id='word_1_119' title='bbox 303 867 447 902; x_wconf 79' lang='grc' dir='ltr'>μετριότης</span> <span class='ocrx_word' id='word_1_120' title='bbox 473 868 564 903; x_wconf 81' lang='grc' dir='ltr'>ἡμῶν,</span> <span class='ocrx_word' id='word_1_121' title='bbox 591 869 659 896; x_wconf 87' lang='grc' dir='ltr'>ἀλλά</span> <span class='ocrx_word' id='word_1_122' title='bbox 690 869 723 904; x_wconf 80' lang='grc' dir='ltr'>δὴ</span> <span class='ocrx_word' id='word_1_123' title='bbox 754 870 802 897; x_wconf 76' lang='grc' dir='ltr'>καὶ</span> <span class='ocrx_word' id='word_1_124' title='bbox 825 871 842 905; x_wconf 87' lang='grc' dir='ltr'>ή</span> <span class='ocrx_word' id='word_1_125' title='bbox 872 869 937 905; x_wconf 83' lang='grc' dir='ltr'>περὶ</span> 
     </span>
    </p>
   </div>
   <div class='ocr_carea' id='block_1_20' title="bbox 153 909 937 950">
    <p class='ocr_par' dir='ltr' id='par_1_20' title="bbox 153 909 937 950">
     <span class='ocr_line' id='line_1_20' title="bbox 153 909 937 950; baseline 0.01 -15"><span class='ocrx_word' id='word_1_126' title='bbox 153 909 237 944; x_wconf 76' lang='grc' dir='ltr'>αὐτὴν</span> <span class='ocrx_word' id='word_1_127' title='bbox 250 910 309 938; x_wconf 87' lang='grc' dir='ltr'>θεία</span> <span class='ocrx_word' id='word_1_128' title='bbox 324 912 372 938; x_wconf 79' lang='grc' dir='ltr'>καὶ</span> <span class='ocrx_word' id='word_1_129' title='bbox 387 912 447 948; x_wconf 76' lang='grc' dir='ltr'>ίερά</span> <span class='ocrx_word' id='word_1_130' title='bbox 462 913 579 946; x_wconf 79' lang='grc' dir='ltr'>σύνοδος,</span> <span class='ocrx_word' id='word_1_131' title='bbox 595 913 667 950; x_wconf 72' lang='grc' dir='ltr'>ἔχειν</span> <span class='ocrx_word' id='word_1_132' title='bbox 698 915 729 942; x_wconf 83' lang='grc' dir='ltr'>τὸ</span> <span class='ocrx_word' id='word_1_133' title='bbox 750 915 864 950; x_wconf 74' lang='grc' dir='ltr'>στέργον</span> <span class='ocrx_word' id='word_1_134' title='bbox 887 915 937 942; x_wconf 76' lang='grc' dir='ltr'>καὶ</span> 
     </span>
    </p>
   </div>
   <div class='ocr_carea' id='block_1_21' title="bbox 154 954 937 996">
    <p class='ocr_par' dir='ltr' id='par_1_21' title="bbox 154 954 937 996">
     <span class='ocr_line' id='line_1_21' title="bbox 154 954 937 996; baseline 0.009 -15"><span class='ocrx_word' id='word_1_135' title='bbox 154 954 264 989; x_wconf 85' lang='grc' dir='ltr'>βέϐαιον</span> <span class='ocrx_word' id='word_1_136' title='bbox 278 958 348 984; x_wconf 88' lang='grc' dir='ltr'>κατά</span> <span class='ocrx_word' id='word_1_137' title='bbox 362 959 412 993; x_wconf 81' lang='grc' dir='ltr'>τὴν</span> <span class='ocrx_word' id='word_1_138' title='bbox 427 959 473 985; x_wconf 69' lang='grc' dir='ltr'>ἐπὶ</span> <span class='ocrx_word' id='word_1_139' title='bbox 490 959 579 995; x_wconf 85' lang='grc' dir='ltr'>τούτῳ</span> <span class='ocrx_word' id='word_1_140' title='bbox 593 961 732 996; x_wconf 77' lang='grc' dir='ltr'>ἐπίκρισιν</span> <span class='ocrx_word' id='word_1_141' title='bbox 745 961 793 987; x_wconf 84' lang='grc' dir='ltr'>καὶ</span> <span class='ocrx_word' id='word_1_142' title='bbox 807 961 937 995; x_wconf 83' lang='grc' dir='ltr'>εὐνομίαν</span> 
     </span>
    </p>
   </div>
   <div class='ocr_carea' id='block_1_22' title="bbox 153 1002 938 1042">
    <p class='ocr_par' dir='ltr' id='par_1_22' title="bbox 153 1002 938 1042">
     <span class='ocr_line' id='line_1_22' title="bbox 153 1002 938 1042; baseline 0.008 -14"><span class='ocrx_word' id='word_1_143' title='bbox 153 1002 200 1028; x_wconf 85' lang='grc' dir='ltr'>τοῦ</span> <span class='ocrx_word' id='word_1_144' title='bbox 217 1004 364 1038; x_wconf 79' lang='grc' dir='ltr'>κρατίστου</span> <span class='ocrx_word' id='word_1_145' title='bbox 379 1004 426 1031; x_wconf 78' lang='grc' dir='ltr'>καὶ</span> <span class='ocrx_word' id='word_1_146' title='bbox 441 1005 519 1040; x_wconf 91' lang='grc' dir='ltr'>ἀγίου</span> <span class='ocrx_word' id='word_1_147' title='bbox 536 1014 588 1040; x_wconf 91' lang='grc' dir='ltr'>μου</span> <span class='ocrx_word' id='word_1_148' title='bbox 604 1007 814 1041; x_wconf 80' lang='grc' dir='ltr'>αὐτοκράτορος,</span> <span class='ocrx_word' id='word_1_149' title='bbox 830 1007 938 1042; x_wconf 85' lang='grc' dir='ltr'>προμή-</span> 
     </span>
    </p>
   </div>
   <div class='ocr_carea' id='block_1_23' title="bbox 153 1047 937 1088">
    <p class='ocr_par' dir='ltr' id='par_1_23' title="bbox 153 1047 937 1088">
     <span class='ocr_line' id='line_1_23' title="bbox 153 1047 937 1088; baseline 0.009 -15"><span class='ocrx_word' id='word_1_150' title='bbox 153 1047 229 1074; x_wconf 81' lang='grc' dir='ltr'>θειαν</span> <span class='ocrx_word' id='word_1_151' title='bbox 239 1050 411 1085; x_wconf 81' lang='grc' dir='ltr'>ποιησαμένη</span> <span class='ocrx_word' id='word_1_152' title='bbox 426 1052 471 1078; x_wconf 81' lang='grc' dir='ltr'>καὶ</span> <span class='ocrx_word' id='word_1_153' title='bbox 487 1051 557 1086; x_wconf 80' lang='grc' dir='ltr'>αὐτὴ</span> <span class='ocrx_word' id='word_1_154' title='bbox 571 1051 619 1079; x_wconf 87' lang='grc' dir='ltr'>τοῦ</span> <span class='ocrx_word' id='word_1_155' title='bbox 646 1052 767 1079; x_wconf 87' lang='grc' dir='ltr'>τοιούτου</span> <span class='ocrx_word' id='word_1_156' title='bbox 791 1052 937 1088; x_wconf 83' lang='grc' dir='ltr'>ῑερωτάτου</span> 
     </span>
    </p>
   </div>
   <div class='ocr_carea' id='block_1_24' title="bbox 153 1095 938 1134">
    <p class='ocr_par' dir='ltr' id='par_1_24' title="bbox 153 1095 938 1134">
     <span class='ocr_line' id='line_1_24' title="bbox 153 1095 938 1134; baseline 0.008 -15"><span class='ocrx_word' id='word_1_157' title='bbox 153 1095 353 1129; x_wconf 83' lang='grc' dir='ltr'>μητροπολίτου</span> <span class='ocrx_word' id='word_1_158' title='bbox 379 1097 497 1130; x_wconf 85' lang='grc' dir='ltr'>Λιτϐὦν.</span> <span class='ocrx_word' id='word_1_159' title='bbox 527 1097 580 1132; x_wconf 88' lang='grc' dir='ltr'>κῦρ</span> <span class='ocrx_word' id='word_1_160' title='bbox 609 1097 762 1133; x_wconf 82' lang='grc' dir='ltr'>Ῥωμανοῦ,</span> <span class='ocrx_word' id='word_1_161' title='bbox 796 1098 938 1134; x_wconf 84' lang='grc' dir='ltr'>προϐάσης</span> 
     </span>
    </p>
   </div>
   <div class='ocr_carea' id='block_1_25' title="bbox 152 1141 938 1179">
    <p class='ocr_par' dir='ltr' id='par_1_25' title="bbox 152 1141 938 1179">
     <span class='ocr_line' id='line_1_25' title="bbox 152 1141 938 1179; baseline 0.006 -13"><span class='ocrx_word' id='word_1_162' title='bbox 152 1141 201 1167; x_wconf 87' lang='grc' dir='ltr'>καὶ</span> <span class='ocrx_word' id='word_1_163' title='bbox 229 1141 326 1176; x_wconf 80' lang='grc' dir='ltr'>ἐτέρας</span> <span class='ocrx_word' id='word_1_164' title='bbox 340 1143 483 1178; x_wconf 83' lang='grc' dir='ltr'>συνοδικῆς</span> <span class='ocrx_word' id='word_1_165' title='bbox 499 1143 635 1178; x_wconf 83' lang='grc' dir='ltr'>πράξεως,</span> <span class='ocrx_word' id='word_1_166' title='bbox 652 1144 690 1176; x_wconf 86' lang='grc' dir='ltr'>ὡς</span> <span class='ocrx_word' id='word_1_167' title='bbox 705 1144 739 1171; x_wconf 75' lang='grc' dir='ltr'>ἀν</span> <span class='ocrx_word' id='word_1_168' title='bbox 753 1144 768 1170; x_wconf 88' lang='grc' dir='ltr'>ό</span> <span class='ocrx_word' id='word_1_169' title='bbox 784 1143 835 1179; x_wconf 71' lang='grc' dir='ltr'>μὲν</span> <span class='ocrx_word' id='word_1_170' title='bbox 859 1144 938 1179; x_wconf 79' lang='grc' dir='ltr'>ίερώ-</span> 
     </span>
    </p>
   </div>
   <div class='ocr_carea' id='block_1_26' title="bbox 151 1187 937 1223">
    <p class='ocr_par' dir='ltr' id='par_1_26' title="bbox 151 1187 937 1223">
     <span class='ocr_line' id='line_1_26' title="bbox 151 1187 937 1223; baseline 0.005 -12"><span class='ocrx_word' id='word_1_171' title='bbox 151 1193 233 1217; x_wconf 85' lang='grc' dir='ltr'>τατος</span> <span class='ocrx_word' id='word_1_172' title='bbox 247 1187 450 1223; x_wconf 82' lang='grc' dir='ltr'>μητροπολίτης</span> <span class='ocrx_word' id='word_1_173' title='bbox 479 1187 587 1215; x_wconf 75' lang='grc' dir='ltr'>Κυέϐου</span> <span class='ocrx_word' id='word_1_174' title='bbox 615 1189 662 1215; x_wconf 83' lang='grc' dir='ltr'>καὶ</span> <span class='ocrx_word' id='word_1_175' title='bbox 689 1188 780 1223; x_wconf 83' lang='grc' dir='ltr'>πάσης</span> <span class='ocrx_word' id='word_1_176' title='bbox 809 1189 937 1221; x_wconf 79' lang='grc' dir='ltr'>Ῥωσίας,</span> 
     </span>
    </p>
   </div>
   <div class='ocr_carea' id='block_1_27' title="bbox 153 1230 938 1271">
    <p class='ocr_par' dir='ltr' id='par_1_27' title="bbox 153 1230 938 1271">
     <span class='ocr_line' id='line_1_27' title="bbox 153 1230 938 1271; baseline 0.006 -14"><span class='ocrx_word' id='word_1_177' title='bbox 153 1230 206 1265; x_wconf 88' lang='grc' dir='ltr'>κῦρ</span> <span class='ocrx_word' id='word_1_178' title='bbox 226 1231 354 1266; x_wconf 75' lang='grc' dir='ltr'>’Δλέξιο;,</span> <span class='ocrx_word' id='word_1_179' title='bbox 375 1233 537 1269; x_wconf 78' lang='grc' dir='ltr'>ἐπιλάϐηται</span> <span class='ocrx_word' id='word_1_180' title='bbox 554 1234 601 1261; x_wconf 76' lang='grc' dir='ltr'>καὶ</span> <span class='ocrx_word' id='word_1_181' title='bbox 623 1235 746 1270; x_wconf 79' lang='grc' dir='ltr'>κατάσχῃ</span> <span class='ocrx_word' id='word_1_182' title='bbox 771 1235 862 1262; x_wconf 77' lang='grc' dir='ltr'>πᾶσαν</span> <span class='ocrx_word' id='word_1_183' title='bbox 888 1235 938 1271; x_wconf 80' lang='grc' dir='ltr'>τὴν</span> 
     </span>
    </p>
   </div>
   <div class='ocr_carea' id='block_1_28' title="bbox 153 1275 940 1315">
    <p class='ocr_par' dir='ltr' id='par_1_28' title="bbox 153 1275 940 1315">
     <span class='ocr_line' id='line_1_28' title="bbox 153 1275 940 1315; baseline 0.01 -15"><span class='ocrx_word' id='word_1_184' title='bbox 153 1275 200 1301; x_wconf 81' lang='grc' dir='ltr'>ὑπ’</span> <span class='ocrx_word' id='word_1_185' title='bbox 220 1275 302 1302; x_wconf 80' lang='grc' dir='ltr'>αὐτὸν</span> <span class='ocrx_word' id='word_1_186' title='bbox 322 1277 429 1312; x_wconf 76' lang='grc' dir='ltr'>ἐνορίαν</span> <span class='ocrx_word' id='word_1_187' title='bbox 453 1279 523 1314; x_wconf 84' lang='grc' dir='ltr'>μετά</span> <span class='ocrx_word' id='word_1_188' title='bbox 536 1280 583 1306; x_wconf 63' lang='grc' dir='ltr'>κα)ι</span> <span class='ocrx_word' id='word_1_189' title='bbox 598 1279 652 1307; x_wconf 84' lang='grc' dir='ltr'>τῶν</span> <span class='ocrx_word' id='word_1_190' title='bbox 678 1280 708 1306; x_wconf 78' lang='grc' dir='ltr'>ἐν</span> <span class='ocrx_word' id='word_1_191' title='bbox 732 1280 800 1315; x_wconf 84' lang='grc' dir='ltr'>αὐτῇ</span> <span class='ocrx_word' id='word_1_192' title='bbox 829 1281 940 1308; x_wconf 77' lang='grc' dir='ltr'>ἐπισκο-</span> 
     </span>
    </p>
   </div>
   <div class='ocr_carea' id='block_1_29' title="bbox 154 1320 938 1361">
    <p class='ocr_par' dir='ltr' id='par_1_29' title="bbox 154 1320 938 1361">
     <span class='ocr_line' id='line_1_29' title="bbox 154 1320 938 1361; baseline 0.01 -15"><span class='ocrx_word' id='word_1_193' title='bbox 154 1320 215 1347; x_wconf 84' lang='grc' dir='ltr'>πῶν</span> <span class='ocrx_word' id='word_1_194' title='bbox 255 1322 441 1358; x_wconf 85' lang='grc' dir='ltr'>ἀνενοχλήτως</span> <span class='ocrx_word' id='word_1_195' title='bbox 471 1325 644 1352; x_wconf 82' lang='grc' dir='ltr'>παντάπασιν</span> <span class='ocrx_word' id='word_1_196' title='bbox 673 1325 721 1352; x_wconf 81' lang='grc' dir='ltr'>καὶ</span> <span class='ocrx_word' id='word_1_197' title='bbox 750 1326 938 1361; x_wconf 82' lang='grc' dir='ltr'>ἀδιασείστως,</span> 
     </span>
    </p>
   </div>
   <div class='ocr_carea' id='block_1_30' title="bbox 154 1368 939 1408">
    <p class='ocr_par' dir='ltr' id='par_1_30' title="bbox 154 1368 939 1408">
     <span class='ocr_line' id='line_1_30' title="bbox 154 1368 939 1408; baseline 0.008 -14"><span class='ocrx_word' id='word_1_198' title='bbox 154 1368 201 1394; x_wconf 83' lang='grc' dir='ltr'>καὶ</span> <span class='ocrx_word' id='word_1_199' title='bbox 212 1369 288 1396; x_wconf 64' lang='grc' dir='ltr'>οὐδὲν</span> <span class='ocrx_word' id='word_1_200' title='bbox 305 1370 421 1406; x_wconf 75' lang='grc' dir='ltr'>εὑρίσκῃ</span> <span class='ocrx_word' id='word_1_201' title='bbox 434 1371 510 1406; x_wconf 76' lang='grc' dir='ltr'>παρὰ</span> <span class='ocrx_word' id='word_1_202' title='bbox 523 1371 570 1398; x_wconf 91' lang='grc' dir='ltr'>τοῦ</span> <span class='ocrx_word' id='word_1_203' title='bbox 600 1372 749 1406; x_wconf 85' lang='grc' dir='ltr'>ίερωτάτου</span> <span class='ocrx_word' id='word_1_204' title='bbox 772 1374 939 1408; x_wconf 87' lang='grc' dir='ltr'>μητροπολί-</span> 
     </span>
    </p>
   </div>
   <div class='ocr_carea' id='block_1_31' title="bbox 152 1414 939 1454">
    <p class='ocr_par' dir='ltr' id='par_1_31' title="bbox 152 1414 939 1454">
     <span class='ocr_line' id='line_1_31' title="bbox 152 1414 939 1454; baseline 0.009 -15"><span class='ocrx_word' id='word_1_205' title='bbox 152 1422 200 1440; x_wconf 87' lang='grc' dir='ltr'>του</span> <span class='ocrx_word' id='word_1_206' title='bbox 226 1414 344 1447; x_wconf 88' lang='grc' dir='ltr'>Λιτϐῶν,</span> <span class='ocrx_word' id='word_1_207' title='bbox 367 1415 420 1451; x_wconf 83' lang='grc' dir='ltr'>κῦρ</span> <span class='ocrx_word' id='word_1_208' title='bbox 454 1415 605 1452; x_wconf 83' lang='grc' dir='ltr'>Ῥωμανοῦ,</span> <span class='ocrx_word' id='word_1_209' title='bbox 631 1417 677 1443; x_wconf 81' lang='grc' dir='ltr'>ἐπὶ</span> <span class='ocrx_word' id='word_1_210' title='bbox 700 1419 733 1453; x_wconf 82' lang='grc' dir='ltr'>τῇ</span> <span class='ocrx_word' id='word_1_211' title='bbox 762 1420 864 1454; x_wconf 82' lang='grc' dir='ltr'>κατοχῇ</span> <span class='ocrx_word' id='word_1_212' title='bbox 892 1420 939 1446; x_wconf 83' lang='grc' dir='ltr'>καὶ</span> 
     </span>
    </p>
   </div>
   <div class='ocr_carea' id='block_1_32' title="bbox 153 1459 939 1499">
    <p class='ocr_par' dir='ltr' id='par_1_32' title="bbox 153 1459 939 1499">
     <span class='ocr_line' id='line_1_32' title="bbox 153 1459 939 1499; baseline 0.008 -14"><span class='ocrx_word' id='word_1_213' title='bbox 153 1459 306 1495; x_wconf 77' lang='grc' dir='ltr'>διεξαγωγῇ</span> <span class='ocrx_word' id='word_1_214' title='bbox 324 1461 371 1487; x_wconf 81' lang='grc' dir='ltr'>καὶ</span> <span class='ocrx_word' id='word_1_215' title='bbox 385 1461 517 1496; x_wconf 81' lang='grc' dir='ltr'>διοικήσει</span> <span class='ocrx_word' id='word_1_216' title='bbox 531 1464 581 1496; x_wconf 84' lang='grc' dir='ltr'>τῆς</span> <span class='ocrx_word' id='word_1_217' title='bbox 598 1463 748 1498; x_wconf 82' lang='grc' dir='ltr'>είρημένης</span> <span class='ocrx_word' id='word_1_218' title='bbox 770 1464 876 1499; x_wconf 84' lang='grc' dir='ltr'>ἐνορίας</span> <span class='ocrx_word' id='word_1_219' title='bbox 890 1465 939 1498; x_wconf 88' lang='grc' dir='ltr'>τῆς</span> 
     </span>
    </p>
   </div>
   <div class='ocr_carea' id='block_1_33' title="bbox 156 1507 938 1544">
    <p class='ocr_par' dir='ltr' id='par_1_33' title="bbox 156 1507 938 1544">
     <span class='ocr_line' id='line_1_33' title="bbox 156 1507 938 1544; baseline 0.008 -13"><span class='ocrx_word' id='word_1_220' title='bbox 156 1507 350 1541; x_wconf 76' lang='grc' dir='ltr'>μητροπόλεως</span> <span class='ocrx_word' id='word_1_221' title='bbox 367 1508 472 1534; x_wconf 86' lang='grc' dir='ltr'>Κυέϐου</span> <span class='ocrx_word' id='word_1_222' title='bbox 490 1510 560 1544; x_wconf 84' lang='grc' dir='ltr'>μετὰ</span> <span class='ocrx_word' id='word_1_223' title='bbox 586 1509 682 1536; x_wconf 83' lang='grc' dir='ltr'>πασῶν</span> <span class='ocrx_word' id='word_1_224' title='bbox 702 1510 756 1537; x_wconf 84' lang='grc' dir='ltr'>τῶν</span> <span class='ocrx_word' id='word_1_225' title='bbox 780 1510 938 1537; x_wconf 86' lang='grc' dir='ltr'>ἐπισκοπῶν</span> 
     </span>
    </p>
   </div>
   <div class='ocr_carea' id='block_1_34' title="bbox 154 1551 938 1592">
    <p class='ocr_par' dir='ltr' id='par_1_34' title="bbox 154 1551 938 1592">
     <span class='ocr_line' id='line_1_34' title="bbox 154 1551 938 1592; baseline 0.006 -14"><span class='ocrx_word' id='word_1_226' title='bbox 154 1551 238 1578; x_wconf 68' lang='grc' dir='ltr'>αὑτοῦ</span> <span class='ocrx_word' id='word_1_227' title='bbox 266 1551 317 1587; x_wconf 83' lang='grc' dir='ltr'>τὴν</span> <span class='ocrx_word' id='word_1_228' title='bbox 343 1553 479 1588; x_wconf 83' lang='grc' dir='ltr'>τυχοῦσαν</span> <span class='ocrx_word' id='word_1_229' title='bbox 509 1554 770 1591; x_wconf 77' lang='grc' dir='ltr'>καταδυναστείανή</span> <span class='ocrx_word' id='word_1_230' title='bbox 795 1557 938 1592; x_wconf 83' lang='grc' dir='ltr'>ἐπήρειαν,</span> 
     </span>
    </p>
   </div>
   <div class='ocr_carea' id='block_1_35' title="bbox 154 1596 938 1637">
    <p class='ocr_par' dir='ltr' id='par_1_35' title="bbox 154 1596 938 1637">
     <span class='ocr_line' id='line_1_35' title="bbox 154 1596 938 1637; baseline 0.009 -15"><span class='ocrx_word' id='word_1_231' title='bbox 154 1596 324 1631; x_wconf 70' lang='grc' dir='ltr'>ἀρκουμένου</span> <span class='ocrx_word' id='word_1_232' title='bbox 344 1598 391 1625; x_wconf 92' lang='grc' dir='ltr'>τοῦ</span> <span class='ocrx_word' id='word_1_233' title='bbox 412 1599 535 1626; x_wconf 82' lang='grc' dir='ltr'>τοιούτου</span> <span class='ocrx_word' id='word_1_234' title='bbox 567 1601 714 1636; x_wconf 86' lang='grc' dir='ltr'>ίερωτάτου</span> <span class='ocrx_word' id='word_1_235' title='bbox 740 1602 938 1637; x_wconf 87' lang='grc' dir='ltr'>μητροπολίτου</span> 
     </span>
    </p>
   </div>
   <div class='ocr_carea' id='block_1_36' title="bbox 154 1642 939 1683">
    <p class='ocr_par' dir='ltr' id='par_1_36' title="bbox 154 1642 939 1683">
     <span class='ocr_line' id='line_1_36' title="bbox 154 1642 939 1683; baseline 0.009 -15"><span class='ocrx_word' id='word_1_236' title='bbox 154 1642 271 1676; x_wconf 86' lang='grc' dir='ltr'>Διτϐῶν,</span> <span class='ocrx_word' id='word_1_237' title='bbox 286 1643 338 1678; x_wconf 87' lang='grc' dir='ltr'>κῦρ</span> <span class='ocrx_word' id='word_1_238' title='bbox 360 1643 514 1680; x_wconf 84' lang='grc' dir='ltr'>Ῥωμανοῦ,</span> <span class='ocrx_word' id='word_1_239' title='bbox 527 1646 568 1678; x_wconf 87' lang='grc' dir='ltr'>είς</span> <span class='ocrx_word' id='word_1_240' title='bbox 582 1647 651 1682; x_wconf 85' lang='grc' dir='ltr'>ὅπερ</span> <span class='ocrx_word' id='word_1_241' title='bbox 665 1647 738 1682; x_wconf 85' lang='grc' dir='ltr'>αὑτῷ</span> <span class='ocrx_word' id='word_1_242' title='bbox 756 1647 832 1683; x_wconf 80' lang='grc' dir='ltr'>ἐδόθη</span> <span class='ocrx_word' id='word_1_243' title='bbox 861 1656 939 1675; x_wconf 90' lang='grc' dir='ltr'>συνο-</span> 
     </span>
    </p>
   </div>
   <div class='ocr_carea' id='block_1_37' title="bbox 154 1690 940 1730">
    <p class='ocr_par' dir='ltr' id='par_1_37' title="bbox 154 1690 940 1730">
     <span class='ocr_line' id='line_1_37' title="bbox 154 1690 940 1730; baseline 0.009 -14"><span class='ocrx_word' id='word_1_244' title='bbox 154 1690 216 1725; x_wconf 84' lang='grc' dir='ltr'>δικῇ</span> <span class='ocrx_word' id='word_1_245' title='bbox 247 1691 395 1726; x_wconf 82' lang='grc' dir='ltr'>διαγνώσει</span> <span class='ocrx_word' id='word_1_246' title='bbox 426 1692 544 1720; x_wconf 79' lang='grc' dir='ltr'>ἐνώπιον</span> <span class='ocrx_word' id='word_1_247' title='bbox 575 1694 625 1729; x_wconf 83' lang='grc' dir='ltr'>τῆς</span> <span class='ocrx_word' id='word_1_248' title='bbox 648 1695 729 1730; x_wconf 84' lang='grc' dir='ltr'>ἡμῶν</span> <span class='ocrx_word' id='word_1_249' title='bbox 762 1695 940 1730; x_wconf 73' lang='grc' dir='ltr'>μετριότητος</span> 
     </span>
    </p>
   </div>
   <div class='ocr_carea' id='block_1_38' title="bbox 160 1736 939 1776">
    <p class='ocr_par' dir='ltr' id='par_1_38' title="bbox 160 1736 939 1776">
     <span class='ocr_line' id='line_1_38' title="bbox 160 1736 939 1776; baseline 0.008 -13"><span class='ocrx_word' id='word_1_250' title='bbox 160 1736 284 1772; x_wconf 78' lang='grc' dir='ltr'>ὕστερον,</span> <span class='ocrx_word' id='word_1_251' title='bbox 301 1737 339 1770; x_wconf 86' lang='grc' dir='ltr'>ὡς</span> <span class='ocrx_word' id='word_1_252' title='bbox 355 1738 515 1773; x_wconf 79' lang='grc' dir='ltr'>δεδήλωται,</span> <span class='ocrx_word' id='word_1_253' title='bbox 528 1739 733 1776; x_wconf 81' lang='grc' dir='ltr'>ἐμπεδωθείσης</span> <span class='ocrx_word' id='word_1_254' title='bbox 746 1741 796 1776; x_wconf 81' lang='grc' dir='ltr'>τῆς</span> <span class='ocrx_word' id='word_1_255' title='bbox 810 1742 939 1776; x_wconf 85' lang='grc' dir='ltr'>τοιαύτης</span> 
     </span>
    </p>
   </div>
   <div class='ocr_carea' id='block_1_39' title="bbox 158 1780 939 1821">
    <p class='ocr_par' dir='ltr' id='par_1_39' title="bbox 158 1780 939 1821">
     <span class='ocr_line' id='line_1_39' title="bbox 158 1780 939 1821; baseline 0.008 -14"><span class='ocrx_word' id='word_1_256' title='bbox 158 1780 283 1816; x_wconf 84' lang='grc' dir='ltr'>πράξεως</span> <span class='ocrx_word' id='word_1_257' title='bbox 296 1783 328 1817; x_wconf 87' lang='grc' dir='ltr'>τῇ</span> <span class='ocrx_word' id='word_1_258' title='bbox 341 1783 374 1809; x_wconf 82' lang='grc' dir='ltr'>ἐκ</span> <span class='ocrx_word' id='word_1_259' title='bbox 389 1783 444 1810; x_wconf 88' lang='grc' dir='ltr'>τῶν</span> <span class='ocrx_word' id='word_1_260' title='bbox 459 1783 539 1811; x_wconf 86' lang='grc' dir='ltr'>θείων</span> <span class='ocrx_word' id='word_1_261' title='bbox 554 1785 601 1811; x_wconf 87' lang='grc' dir='ltr'>καὶ</span> <span class='ocrx_word' id='word_1_262' title='bbox 614 1784 694 1821; x_wconf 80' lang='grc' dir='ltr'>ιερῶν</span> <span class='ocrx_word' id='word_1_263' title='bbox 711 1786 831 1812; x_wconf 81' lang='grc' dir='ltr'>κανόνων</span> <span class='ocrx_word' id='word_1_264' title='bbox 853 1786 939 1820; x_wconf 73' lang='grc' dir='ltr'>ἐπηρ-</span> 
     </span>
    </p>
   </div>
   <div class='ocr_carea' id='block_1_40' title="bbox 155 1828 940 1865">
    <p class='ocr_par' dir='ltr' id='par_1_40' title="bbox 155 1828 940 1865">
     <span class='ocr_line' id='line_1_40' title="bbox 155 1828 940 1865; baseline 0.006 -12"><span class='ocrx_word' id='word_1_265' title='bbox 155 1828 261 1864; x_wconf 81' lang='grc' dir='ltr'>τημένῃ</span> <span class='ocrx_word' id='word_1_266' title='bbox 275 1828 409 1864; x_wconf 79' lang='grc' dir='ltr'>καταδίκῃ</span> <span class='ocrx_word' id='word_1_267' title='bbox 437 1830 493 1861; x_wconf 85' lang='grc' dir='ltr'>τοῖς</span> <span class='ocrx_word' id='word_1_268' title='bbox 509 1830 693 1865; x_wconf 76' lang='grc' dir='ltr'>ἀνατρέπουσι</span> <span class='ocrx_word' id='word_1_269' title='bbox 705 1830 826 1863; x_wconf 85' lang='grc' dir='ltr'>τούτους.</span> <span class='ocrx_word' id='word_1_270' title='bbox 842 1830 880 1863; x_wconf 84' lang='grc' dir='ltr'>ὡς</span> <span class='ocrx_word' id='word_1_271' title='bbox 907 1831 940 1858; x_wconf 77' lang='grc' dir='ltr'>ἂν</span> 
     </span>
    </p>
   </div>
   <div class='ocr_carea' id='block_1_41' title="bbox 155 1873 939 1914">
    <p class='ocr_par' dir='ltr' id='par_1_41' title="bbox 155 1873 939 1914">
     <span class='ocr_line' id='line_1_41' title="bbox 155 1873 939 1914; baseline 0.006 -14"><span class='ocrx_word' id='word_1_272' title='bbox 155 1874 230 1905; x_wconf 80' lang='grc' dir='ltr'>ὅστις</span> <span class='ocrx_word' id='word_1_273' title='bbox 243 1873 272 1906; x_wconf 81' lang='grc' dir='ltr'>ἐξ</span> <span class='ocrx_word' id='word_1_274' title='bbox 286 1875 447 1911; x_wconf 73' lang='grc' dir='ltr'>ἀμφοτέρων</span> <span class='ocrx_word' id='word_1_275' title='bbox 464 1876 502 1911; x_wconf 83' lang='grc' dir='ltr'>μὴ</span> <span class='ocrx_word' id='word_1_276' title='bbox 522 1876 694 1914; x_wconf 76' lang='grc' dir='ltr'>ἐφησυχάζῃ,</span> <span class='ocrx_word' id='word_1_277' title='bbox 718 1877 888 1913; x_wconf 82' lang='grc' dir='ltr'>ἀρκούμενος</span> <span class='ocrx_word' id='word_1_278' title='bbox 901 1877 939 1914; x_wconf 87' lang='grc' dir='ltr'>τῷ</span> 
     </span>
    </p>
   </div>
   <div class='ocr_carea' id='block_1_42' title="bbox 155 1920 941 1959">
    <p class='ocr_par' dir='ltr' id='par_1_42' title="bbox 155 1920 941 1959">
     <span class='ocr_line' id='line_1_42' title="bbox 155 1920 941 1959; baseline 0.006 -13"><span class='ocrx_word' id='word_1_279' title='bbox 155 1920 247 1955; x_wconf 87' lang='grc' dir='ltr'>οίκείῳ</span> <span class='ocrx_word' id='word_1_280' title='bbox 261 1920 369 1956; x_wconf 79' lang='grc' dir='ltr'>δικαίῳ,</span> <span class='ocrx_word' id='word_1_281' title='bbox 385 1923 434 1949; x_wconf 79' lang='grc' dir='ltr'>καὶ</span> <span class='ocrx_word' id='word_1_282' title='bbox 458 1923 571 1958; x_wconf 83' lang='grc' dir='ltr'>είρήνην</span> <span class='ocrx_word' id='word_1_283' title='bbox 596 1923 645 1959; x_wconf 80' lang='grc' dir='ltr'>ἔχῃ</span> <span class='ocrx_word' id='word_1_284' title='bbox 675 1923 715 1955; x_wconf 85' lang='grc' dir='ltr'>είς</span> <span class='ocrx_word' id='word_1_285' title='bbox 734 1923 839 1956; x_wconf 74' lang='grc' dir='ltr'>ἑαυτὸν,</span> <span class='ocrx_word' id='word_1_286' title='bbox 865 1925 903 1957; x_wconf 87' lang='grc' dir='ltr'>ὡς</span> <span class='ocrx_word' id='word_1_287' title='bbox 926 1925 941 1951; x_wconf 88' lang='lat'>6</span> 
     </span>
    </p>
   </div>
   <div class='ocr_carea' id='block_1_43' title="bbox 155 1965 941 2006">
    <p class='ocr_par' dir='ltr' id='par_1_43' title="bbox 155 1965 941 2006">
     <span class='ocr_line' id='line_1_43' title="bbox 155 1965 941 2006; baseline 0.009 -15"><span class='ocrx_word' id='word_1_288' title='bbox 155 1965 203 1992; x_wconf 89' lang='grc' dir='ltr'>τοῦ</span> <span class='ocrx_word' id='word_1_289' title='bbox 213 1966 317 2001; x_wconf 80' lang='grc' dir='ltr'>Κυρίου</span> <span class='ocrx_word' id='word_1_290' title='bbox 335 1967 460 2002; x_wconf 82' lang='grc' dir='ltr'>βούλεται</span> <span class='ocrx_word' id='word_1_291' title='bbox 475 1968 556 2001; x_wconf 82' lang='grc' dir='ltr'>νόμος</span> <span class='ocrx_word' id='word_1_292' title='bbox 572 1969 620 1996; x_wconf 76' lang='grc' dir='ltr'>καὶ</span> <span class='ocrx_word' id='word_1_293' title='bbox 640 1969 672 1996; x_wconf 78' lang='grc' dir='ltr'>τὸ</span> <span class='ocrx_word' id='word_1_294' title='bbox 697 1970 871 2006; x_wconf 79' lang='grc' dir='ltr'>ἐπάγγελμα,</span> <span class='ocrx_word' id='word_1_295' title='bbox 893 1971 941 1998; x_wconf 75' lang='grc' dir='ltr'>καὶ</span> 
     </span>
    </p>
   </div>
   <div class='ocr_carea' id='block_1_44' title="bbox 156 2011 941 2051">
    <p class='ocr_par' dir='ltr' id='par_1_44' title="bbox 156 2011 941 2051">
     <span class='ocr_line' id='line_1_44' title="bbox 156 2011 941 2051; baseline 0.006 -13"><span class='ocrx_word' id='word_1_296' title='bbox 156 2011 247 2043; x_wconf 87' lang='grc' dir='ltr'>καθώς</span> <span class='ocrx_word' id='word_1_297' title='bbox 263 2012 321 2038; x_wconf 90' lang='grc' dir='ltr'>ἐστι</span> <span class='ocrx_word' id='word_1_298' title='bbox 338 2012 457 2047; x_wconf 83' lang='grc' dir='ltr'>μάλιστα</span> <span class='ocrx_word' id='word_1_299' title='bbox 483 2012 660 2049; x_wconf 80' lang='grc' dir='ltr'>ὀφειλόμενον</span> <span class='ocrx_word' id='word_1_300' title='bbox 675 2015 731 2046; x_wconf 84' lang='grc' dir='ltr'>τοῖς</span> <span class='ocrx_word' id='word_1_301' title='bbox 753 2016 941 2051; x_wconf 82' lang='grc' dir='ltr'>πνευματικὴν</span> 
     </span>
    </p>
   </div>
   <div class='ocr_carea' id='block_1_45' title="bbox 156 2058 940 2096">
    <p class='ocr_par' dir='ltr' id='par_1_45' title="bbox 156 2058 940 2096">
     <span class='ocr_line' id='line_1_45' title="bbox 156 2058 940 2096; baseline 0.005 -12"><span class='ocrx_word' id='word_1_302' title='bbox 156 2058 327 2093; x_wconf 74' lang='grc' dir='ltr'>προστασίαν</span> <span class='ocrx_word' id='word_1_303' title='bbox 342 2058 465 2094; x_wconf 84' lang='grc' dir='ltr'>λαχοῦσι,</span> <span class='ocrx_word' id='word_1_304' title='bbox 482 2063 551 2095; x_wconf 88' lang='grc' dir='ltr'>μετά</span> <span class='ocrx_word' id='word_1_305' title='bbox 565 2060 615 2095; x_wconf 85' lang='grc' dir='ltr'>τὴν</span> <span class='ocrx_word' id='word_1_306' title='bbox 638 2059 768 2096; x_wconf 82' lang='grc' dir='ltr'>τοιαύτην</span> <span class='ocrx_word' id='word_1_307' title='bbox 799 2060 940 2096; x_wconf 80' lang='grc' dir='ltr'>συνοδικὴν</span> 
     </span>
    </p>
   </div>
   <div class='ocr_carea' id='block_1_46' title="bbox 156 2105 941 2144">
    <p class='ocr_par' dir='ltr' id='par_1_46' title="bbox 156 2105 941 2144">
     <span class='ocr_line' id='line_1_46' title="bbox 156 2105 941 2144; baseline 0.006 -14"><span class='ocrx_word' id='word_1_308' title='bbox 156 2105 304 2138; x_wconf 75' lang='grc' dir='ltr'>διάγνωσιν</span> <span class='ocrx_word' id='word_1_309' title='bbox 327 2106 427 2140; x_wconf 84' lang='grc' dir='ltr'>πρᾶξίν</span> <span class='ocrx_word' id='word_1_310' title='bbox 441 2114 471 2132; x_wconf 83' lang='grc' dir='ltr'>τε</span> <span class='ocrx_word' id='word_1_311' title='bbox 486 2114 534 2134; x_wconf 81' lang='grc' dir='ltr'>και</span> <span class='ocrx_word' id='word_1_312' title='bbox 549 2107 728 2141; x_wconf 86' lang='grc' dir='ltr'>κατάστασιν,</span> <span class='ocrx_word' id='word_1_313' title='bbox 741 2107 808 2135; x_wconf 85' lang='grc' dir='ltr'>ἀλλά</span> <span class='ocrx_word' id='word_1_314' title='bbox 827 2108 941 2144; x_wconf 77' lang='grc' dir='ltr'>χωρήσῃ</span> 
     </span>
    </p>
   </div>
   <div class='ocr_carea' id='block_1_47' title="bbox 155 2152 940 2190">
    <p class='ocr_par' dir='ltr' id='par_1_47' title="bbox 155 2152 940 2190">
     <span class='ocr_line' id='line_1_47' title="bbox 155 2152 940 2190; baseline 0.005 -12"><span class='ocrx_word' id='word_1_315' title='bbox 155 2152 197 2183; x_wconf 81' lang='grc' dir='ltr'>είς</span> <span class='ocrx_word' id='word_1_316' title='bbox 210 2152 338 2187; x_wconf 76' lang='grc' dir='ltr'>ἀθέτησιν</span> <span class='ocrx_word' id='word_1_317' title='bbox 352 2152 477 2180; x_wconf 78' lang='grc' dir='ltr'>ὁπωσοῦν</span> <span class='ocrx_word' id='word_1_318' title='bbox 488 2153 602 2189; x_wconf 81' lang='grc' dir='ltr'>ταύτης,</span> <span class='ocrx_word' id='word_1_319' title='bbox 615 2155 662 2181; x_wconf 84' lang='grc' dir='ltr'>καὶ</span> <span class='ocrx_word' id='word_1_320' title='bbox 675 2154 796 2190; x_wconf 83' lang='grc' dir='ltr'>τολμήσῃ</span> <span class='ocrx_word' id='word_1_321' title='bbox 805 2155 881 2189; x_wconf 89' lang='grc' dir='ltr'>παρά</span> <span class='ocrx_word' id='word_1_322' title='bbox 891 2155 940 2190; x_wconf 77' lang='grc' dir='ltr'>τὴν</span> 
     </span>
    </p>
   </div>
   <div class='ocr_carea' id='block_1_48' title="bbox 988 229 1790 265">
    <p class='ocr_par' dir='ltr' id='par_1_48' title="bbox 988 229 1790 265">
     <span class='ocr_line' id='line_1_48' title="bbox 988 229 1790 265; baseline -0.002 -8"><span class='ocrx_word' id='word_1_323' title='bbox 988 238 1033 258; x_wconf 90' lang='grc' dir='ltr'>νον</span> <span class='ocrx_word' id='word_1_324' title='bbox 1048 229 1226 265; x_wconf 75' lang='grc' dir='ltr'>ἐξερχόμενος</span> <span class='ocrx_word' id='word_1_325' title='bbox 1242 230 1295 257; x_wconf 87' lang='grc' dir='ltr'>τῶν</span> <span class='ocrx_word' id='word_1_326' title='bbox 1307 230 1423 257; x_wconf 88' lang='grc' dir='ltr'>ἐνταῦθα</span> <span class='ocrx_word' id='word_1_327' title='bbox 1436 230 1551 265; x_wconf 75' lang='grc' dir='ltr'>ἠθέλησε</span> <span class='ocrx_word' id='word_1_328' title='bbox 1565 229 1657 256; x_wconf 74' lang='grc' dir='ltr'>λαϐεῖν</span> <span class='ocrx_word' id='word_1_329' title='bbox 1682 229 1790 263; x_wconf 74' lang='grc' dir='ltr'>γράμο</span> 
     </span>
    </p>
   </div>
   <div class='ocr_carea' id='block_1_49' title="bbox 989 271 1788 312">
    <p class='ocr_par' dir='ltr' id='par_1_49' title="bbox 989 271 1788 312">
     <span class='ocr_line' id='line_1_49' title="bbox 989 271 1788 312; baseline -0.005 -9"><span class='ocrx_word' id='word_1_330' title='bbox 989 285 1062 311; x_wconf 90' lang='grc' dir='ltr'>ματα</span> <span class='ocrx_word' id='word_1_331' title='bbox 1074 271 1123 311; x_wconf 79' lang='grc' dir='ltr'>τ’ής</span> <span class='ocrx_word' id='word_1_332' title='bbox 1137 276 1217 311; x_wconf 83' lang='grc' dir='ltr'>ήμῶν</span> <span class='ocrx_word' id='word_1_333' title='bbox 1230 277 1406 312; x_wconf 78' lang='grc' dir='ltr'>μετριότητος</span> <span class='ocrx_word' id='word_1_334' title='bbox 1419 276 1459 306; x_wconf 85' lang='grc' dir='ltr'>είς</span> <span class='ocrx_word' id='word_1_335' title='bbox 1471 275 1603 302; x_wconf 87' lang='grc' dir='ltr'>πίστωσιν</span> <span class='ocrx_word' id='word_1_336' title='bbox 1626 274 1674 300; x_wconf 84' lang='grc' dir='ltr'>καὶ</span> <span class='ocrx_word' id='word_1_337' title='bbox 1688 274 1788 308; x_wconf 83' lang='grc' dir='ltr'>ἀσφά-</span> 
     </span>
    </p>
   </div>
   <div class='ocr_carea' id='block_1_50' title="bbox 986 319 1787 357">
    <p class='ocr_par' dir='ltr' id='par_1_50' title="bbox 986 319 1787 357">
     <span class='ocr_line' id='line_1_50' title="bbox 986 319 1787 357; baseline -0.004 -9"><span class='ocrx_word' id='word_1_338' title='bbox 986 322 1061 349; x_wconf 83' lang='grc' dir='ltr'>λειαν</span> <span class='ocrx_word' id='word_1_339' title='bbox 1076 322 1131 349; x_wconf 89' lang='grc' dir='ltr'>τῶν</span> <span class='ocrx_word' id='word_1_340' title='bbox 1143 322 1230 354; x_wconf 78' lang='grc' dir='ltr'>οὕτως</span> <span class='ocrx_word' id='word_1_341' title='bbox 1249 323 1468 357; x_wconf 69' lang='grc' dir='ltr'>ἀποφανθέντων,</span> <span class='ocrx_word' id='word_1_342' title='bbox 1483 320 1545 348; x_wconf 76' lang='grc' dir='ltr'>οὗτε</span> <span class='ocrx_word' id='word_1_343' title='bbox 1568 320 1618 356; x_wconf 82' lang='grc' dir='ltr'>τὴν</span> <span class='ocrx_word' id='word_1_344' title='bbox 1629 319 1787 354; x_wconf 82' lang='grc' dir='ltr'>ὀφειλομέ-</span> 
     </span>
    </p>
   </div>
   <div class='ocr_carea' id='block_1_51' title="bbox 988 365 1783 403">
    <p class='ocr_par' dir='ltr' id='par_1_51' title="bbox 988 365 1783 403">
     <span class='ocr_line' id='line_1_51' title="bbox 988 365 1783 403; baseline -0.005 -9"><span class='ocrx_word' id='word_1_345' title='bbox 988 375 1037 402; x_wconf 89' lang='grc' dir='ltr'>νην</span> <span class='ocrx_word' id='word_1_346' title='bbox 1052 368 1192 403; x_wconf 79' lang='grc' dir='ltr'>ὑποταγὴν</span> <span class='ocrx_word' id='word_1_347' title='bbox 1205 367 1371 400; x_wconf 80' lang='grc' dir='ltr'>ἐνδείξασθαι</span> <span class='ocrx_word' id='word_1_348' title='bbox 1385 368 1425 399; x_wconf 89' lang='grc' dir='ltr'>είς</span> <span class='ocrx_word' id='word_1_349' title='bbox 1439 366 1488 402; x_wconf 87' lang='grc' dir='ltr'>τὴν</span> <span class='ocrx_word' id='word_1_350' title='bbox 1498 366 1578 402; x_wconf 82' lang='grc' dir='ltr'>ἡμῶν</span> <span class='ocrx_word' id='word_1_351' title='bbox 1594 365 1783 400; x_wconf 76' lang='grc' dir='ltr'>μετριότητα,</span> 
     </span>
    </p>
   </div>
   <div class='ocr_carea' id='block_1_52' title="bbox 987 412 1786 449">
    <p class='ocr_par' dir='ltr' id='par_1_52' title="bbox 987 412 1786 449">
     <span class='ocr_line' id='line_1_52' title="bbox 987 412 1786 449; baseline -0.004 -9"><span class='ocrx_word' id='word_1_352' title='bbox 987 413 1045 440; x_wconf 77' lang='grc' dir='ltr'>ἀλλ’</span> <span class='ocrx_word' id='word_1_353' title='bbox 1064 413 1153 440; x_wconf 87' lang='grc' dir='ltr'>ἀπιὼν</span> <span class='ocrx_word' id='word_1_354' title='bbox 1166 413 1252 449; x_wconf 76' lang='grc' dir='ltr'>ᾤχετο</span> <span class='ocrx_word' id='word_1_355' title='bbox 1264 414 1304 444; x_wconf 83' lang='grc' dir='ltr'>είς</span> <span class='ocrx_word' id='word_1_356' title='bbox 1320 413 1369 448; x_wconf 86' lang='grc' dir='ltr'>τὴν</span> <span class='ocrx_word' id='word_1_357' title='bbox 1382 412 1519 448; x_wconf 82' lang='grc' dir='ltr'>λαχοῦσαν</span> <span class='ocrx_word' id='word_1_358' title='bbox 1541 412 1634 443; x_wconf 79' lang='grc' dir='ltr'>αὐτὸν,</span> <span class='ocrx_word' id='word_1_359' title='bbox 1659 412 1786 438; x_wconf 77' lang='grc' dir='ltr'>κάκεῖσε</span> 
     </span>
    </p>
   </div>
   <div class='ocr_carea' id='block_1_53' title="bbox 988 457 1786 494">
    <p class='ocr_par' dir='ltr' id='par_1_53' title="bbox 988 457 1786 494">
     <span class='ocr_line' id='line_1_53' title="bbox 988 457 1786 494; baseline -0.005 -8"><span class='ocrx_word' id='word_1_360' title='bbox 988 458 1222 494; x_wconf 81' lang='grc' dir='ltr'>παραγενόμενος,</span> <span class='ocrx_word' id='word_1_361' title='bbox 1237 460 1276 491; x_wconf 84' lang='grc' dir='ltr'>ὡς</span> <span class='ocrx_word' id='word_1_362' title='bbox 1292 458 1424 494; x_wconf 84' lang='grc' dir='ltr'>ἀνηνέχθη</span> <span class='ocrx_word' id='word_1_363' title='bbox 1454 459 1488 493; x_wconf 78' lang='grc' dir='ltr'>τῇ</span> <span class='ocrx_word' id='word_1_364' title='bbox 1506 457 1587 492; x_wconf 82' lang='grc' dir='ltr'>ἡμῶν</span> <span class='ocrx_word' id='word_1_365' title='bbox 1604 458 1786 492; x_wconf 82' lang='grc' dir='ltr'>μετριότητι,</span> 
     </span>
    </p>
   </div>
   <div class='ocr_carea' id='block_1_54' title="bbox 988 500 1785 538">
    <p class='ocr_par' dir='ltr' id='par_1_54' title="bbox 988 500 1785 538">
     <span class='ocr_line' id='line_1_54' title="bbox 988 500 1785 538; baseline -0.005 -8"><span class='ocrx_word' id='word_1_366' title='bbox 988 504 1074 530; x_wconf 86' lang='grc' dir='ltr'>πολλά</span> <span class='ocrx_word' id='word_1_367' title='bbox 1089 502 1143 529; x_wconf 85' lang='grc' dir='ltr'>τῶν</span> <span class='ocrx_word' id='word_1_368' title='bbox 1160 503 1346 530; x_wconf 81' lang='grc' dir='ltr'>ἀκανονίστων</span> <span class='ocrx_word' id='word_1_369' title='bbox 1360 503 1510 538; x_wconf 79' lang='grc' dir='ltr'>εἰργάσατο</span> <span class='ocrx_word' id='word_1_370' title='bbox 1525 509 1533 518; x_wconf 72' lang='grc' dir='ltr'>υ</span> <span class='ocrx_word' id='word_1_371' title='bbox 1563 501 1690 528; x_wconf 80' lang='grc' dir='ltr'>ἀπελθὼν</span> <span class='ocrx_word' id='word_1_372' title='bbox 1718 500 1785 536; x_wconf 83' lang='grc' dir='ltr'>γὰρ</span> 
     </span>
    </p>
   </div>
   <div class='ocr_carea' id='block_1_55' title="bbox 989 547 1786 585">
    <p class='ocr_par' dir='ltr' id='par_1_55' title="bbox 989 547 1786 585">
     <span class='ocr_line' id='line_1_55' title="bbox 989 547 1786 585; baseline -0.005 -9"><span class='ocrx_word' id='word_1_373' title='bbox 989 551 1028 582; x_wconf 87' lang='grc' dir='ltr'>είς</span> <span class='ocrx_word' id='word_1_374' title='bbox 1045 550 1075 576; x_wconf 80' lang='grc' dir='ltr'>τὸ</span> <span class='ocrx_word' id='word_1_375' title='bbox 1088 549 1195 577; x_wconf 76' lang='grc' dir='ltr'>Κύεϐον</span> <span class='ocrx_word' id='word_1_376' title='bbox 1211 549 1354 584; x_wconf 86' lang='grc' dir='ltr'>ἀμετόχως</span> <span class='ocrx_word' id='word_1_377' title='bbox 1368 548 1548 585; x_wconf 70' lang='grc' dir='ltr'>ἱερούργησεν</span> <span class='ocrx_word' id='word_1_378' title='bbox 1574 549 1603 575; x_wconf 86' lang='grc' dir='ltr'>ἐν</span> <span class='ocrx_word' id='word_1_379' title='bbox 1625 547 1700 583; x_wconf 79' lang='grc' dir='ltr'>αὐτῷ</span> <span class='ocrx_word' id='word_1_380' title='bbox 1727 547 1786 573; x_wconf 78' lang='grc' dir='ltr'>καὶ</span> 
     </span>
    </p>
   </div>
   <div class='ocr_carea' id='block_1_56' title="bbox 988 593 1785 631">
    <p class='ocr_par' dir='ltr' id='par_1_56' title="bbox 988 593 1785 631">
     <span class='ocr_line' id='line_1_56' title="bbox 988 593 1785 631; baseline -0.005 -9"><span class='ocrx_word' id='word_1_381' title='bbox 988 595 1154 631; x_wconf 87' lang='grc' dir='ltr'>χειροτονίας</span> <span class='ocrx_word' id='word_1_382' title='bbox 1182 595 1358 628; x_wconf 78' lang='grc' dir='ltr'>διεπράξατο,</span> <span class='ocrx_word' id='word_1_383' title='bbox 1386 595 1433 622; x_wconf 78' lang='grc' dir='ltr'>καὶ</span> <span class='ocrx_word' id='word_1_384' title='bbox 1463 593 1560 621; x_wconf 71' lang='grc' dir='ltr'>ἑαυτὸν</span> <span class='ocrx_word' id='word_1_385' title='bbox 1593 593 1701 620; x_wconf 80' lang='grc' dir='ltr'>Κυέϐου</span> <span class='ocrx_word' id='word_1_386' title='bbox 1727 593 1785 620; x_wconf 73' lang='grc' dir='ltr'>καὶ</span> 
     </span>
    </p>
   </div>
   <div class='ocr_carea' id='block_1_57' title="bbox 988 638 1785 676">
    <p class='ocr_par' dir='ltr' id='par_1_57' title="bbox 988 638 1785 676">
     <span class='ocr_line' id='line_1_57' title="bbox 988 638 1785 676; baseline -0.004 -9"><span class='ocrx_word' id='word_1_387' title='bbox 988 640 1079 676; x_wconf 65' lang='grc' dir='ltr'>πάσης</span> <span class='ocrx_word' id='word_1_388' title='bbox 1092 639 1205 672; x_wconf 85' lang='grc' dir='ltr'>Ῥωσίας</span> <span class='ocrx_word' id='word_1_389' title='bbox 1218 640 1363 668; x_wconf 82' lang='grc' dir='ltr'>καθολικδν</span> <span class='ocrx_word' id='word_1_390' title='bbox 1384 639 1586 675; x_wconf 85' lang='grc' dir='ltr'>μητροπολίτην</span> <span class='ocrx_word' id='word_1_391' title='bbox 1602 639 1688 670; x_wconf 81' lang='grc' dir='ltr'>ἀδεῶς</span> <span class='ocrx_word' id='word_1_392' title='bbox 1715 638 1785 665; x_wconf 67' lang='lat' dir='ltr'><strong>dvo-</strong></span> 
     </span>
    </p>
   </div>
   <div class='ocr_carea' id='block_1_58' title="bbox 990 685 1783 721">
    <p class='ocr_par' dir='ltr' id='par_1_58' title="bbox 990 685 1783 721">
     <span class='ocr_line' id='line_1_58' title="bbox 990 685 1783 721; baseline -0.003 -8"><span class='ocrx_word' id='word_1_393' title='bbox 990 686 1081 721; x_wconf 73' lang='grc' dir='ltr'>μάζει,</span> <span class='ocrx_word' id='word_1_394' title='bbox 1091 686 1161 721; x_wconf 85' lang='grc' dir='ltr'>ὅπερ</span> <span class='ocrx_word' id='word_1_395' title='bbox 1179 686 1342 721; x_wconf 79' lang='grc' dir='ltr'>προεξένησε</span> <span class='ocrx_word' id='word_1_396' title='bbox 1364 687 1496 721; x_wconf 77' lang='grc' dir='ltr'>σύγχυσιν</span> <span class='ocrx_word' id='word_1_397' title='bbox 1523 687 1571 712; x_wconf 84' lang='grc' dir='ltr'>καὶ</span> <span class='ocrx_word' id='word_1_398' title='bbox 1595 685 1717 720; x_wconf 79' lang='grc' dir='ltr'>ταραχὴν</span> <span class='ocrx_word' id='word_1_399' title='bbox 1744 686 1783 718; x_wconf 79' lang='grc' dir='ltr'>τῇ</span> 
     </span>
    </p>
   </div>
   <div class='ocr_carea' id='block_1_59' title="bbox 988 729 1784 767">
    <p class='ocr_par' dir='ltr' id='par_1_59' title="bbox 988 729 1784 767">
     <span class='ocr_line' id='line_1_59' title="bbox 988 729 1784 767; baseline -0.004 -8"><span class='ocrx_word' id='word_1_400' title='bbox 988 732 1108 767; x_wconf 77' lang='grc' dir='ltr'>ἐπαρχίᾳ</span> <span class='ocrx_word' id='word_1_401' title='bbox 1133 732 1180 759; x_wconf 92' lang='grc' dir='ltr'>τοῦ</span> <span class='ocrx_word' id='word_1_402' title='bbox 1203 732 1353 767; x_wconf 82' lang='grc' dir='ltr'>ίερωτάτου</span> <span class='ocrx_word' id='word_1_403' title='bbox 1376 731 1574 767; x_wconf 86' lang='grc' dir='ltr'>μητροπολίτου</span> <span class='ocrx_word' id='word_1_404' title='bbox 1592 731 1700 757; x_wconf 76' lang='grc' dir='ltr'>Κυέϐου</span> <span class='ocrx_word' id='word_1_405' title='bbox 1728 729 1784 757; x_wconf 77' lang='grc' dir='ltr'>καὶ</span> 
     </span>
    </p>
   </div>
   <div class='ocr_carea' id='block_1_60' title="bbox 988 774 1783 811">
    <p class='ocr_par' dir='ltr' id='par_1_60' title="bbox 988 774 1783 811">
     <span class='ocr_line' id='line_1_60' title="bbox 988 774 1783 811; baseline -0.003 -9"><span class='ocrx_word' id='word_1_406' title='bbox 988 776 1080 810; x_wconf 86' lang='grc' dir='ltr'>πάσης</span> <span class='ocrx_word' id='word_1_407' title='bbox 1097 775 1224 809; x_wconf 80' lang='grc' dir='ltr'>Ῥωσίας,</span> <span class='ocrx_word' id='word_1_408' title='bbox 1240 777 1287 802; x_wconf 74' lang='grc' dir='ltr'>καὶ</span> <span class='ocrx_word' id='word_1_409' title='bbox 1301 776 1470 811; x_wconf 77' lang='grc' dir='ltr'>παρεκίνησε</span> <span class='ocrx_word' id='word_1_410' title='bbox 1487 776 1535 802; x_wconf 80' lang='grc' dir='ltr'>καὶ</span> <span class='ocrx_word' id='word_1_411' title='bbox 1564 775 1610 802; x_wconf 81' lang='grc' dir='ltr'>τὸν</span> <span class='ocrx_word' id='word_1_412' title='bbox 1640 774 1783 809; x_wconf 83' lang='grc' dir='ltr'>αὐθέντην</span> 
     </span>
    </p>
   </div>
   <div class='ocr_carea' id='block_1_61' title="bbox 988 820 1781 856">
    <p class='ocr_par' dir='ltr' id='par_1_61' title="bbox 988 820 1781 856">
     <span class='ocr_line' id='line_1_61' title="bbox 988 820 1781 856; baseline -0.003 -8"><span class='ocrx_word' id='word_1_413' title='bbox 988 821 1095 848; x_wconf 89' lang='grc' dir='ltr'>Λιτϐῶν</span> <span class='ocrx_word' id='word_1_414' title='bbox 1108 822 1180 849; x_wconf 82' lang='grc' dir='ltr'>κατά</span> <span class='ocrx_word' id='word_1_415' title='bbox 1191 821 1246 848; x_wconf 88' lang='grc' dir='ltr'>τῶν</span> <span class='ocrx_word' id='word_1_416' title='bbox 1276 821 1448 856; x_wconf 84' lang='grc' dir='ltr'>Χριστιανῶν</span> <span class='ocrx_word' id='word_1_417' title='bbox 1474 820 1706 855; x_wconf 81' lang='grc' dir='ltr'>κατεξαναστῆναι</span> <span class='ocrx_word' id='word_1_418' title='bbox 1726 821 1781 846; x_wconf 73' lang='grc' dir='ltr'>καὶ</span> 
     </span>
    </p>
   </div>
   <div class='ocr_carea' id='block_1_62' title="bbox 986 866 1780 903">
    <p class='ocr_par' dir='ltr' id='par_1_62' title="bbox 986 866 1780 903">
     <span class='ocr_line' id='line_1_62' title="bbox 986 866 1780 903; baseline -0.003 -9"><span class='ocrx_word' id='word_1_419' title='bbox 986 868 1037 894; x_wconf 83' lang='grc' dir='ltr'>οὐκ</span> <span class='ocrx_word' id='word_1_420' title='bbox 1048 868 1142 902; x_wconf 83' lang='grc' dir='ltr'>ὀλίγην</span> <span class='ocrx_word' id='word_1_421' title='bbox 1158 867 1262 903; x_wconf 78' lang='grc' dir='ltr'>φθορὰν</span> <span class='ocrx_word' id='word_1_422' title='bbox 1275 867 1323 894; x_wconf 75' lang='grc' dir='ltr'>καὶ</span> <span class='ocrx_word' id='word_1_423' title='bbox 1335 867 1429 903; x_wconf 83' lang='grc' dir='ltr'>χύσεις</span> <span class='ocrx_word' id='word_1_424' title='bbox 1442 867 1565 902; x_wconf 77' lang='grc' dir='ltr'>αἱμάτων</span> <span class='ocrx_word' id='word_1_425' title='bbox 1593 866 1780 902; x_wconf 72' lang='grc' dir='ltr'>ἐργάσασθαι,</span> 
     </span>
    </p>
   </div>
   <div class='ocr_carea' id='block_1_63' title="bbox 988 913 1783 948">
    <p class='ocr_par' dir='ltr' id='par_1_63' title="bbox 988 913 1783 948">
     <span class='ocr_line' id='line_1_63' title="bbox 988 913 1783 948; baseline -0.003 -8"><span class='ocrx_word' id='word_1_426' title='bbox 988 913 1062 948; x_wconf 73' lang='grc' dir='ltr'>άπερ</span> <span class='ocrx_word' id='word_1_427' title='bbox 1078 913 1183 946; x_wconf 70' lang='grc' dir='ltr'>ἔδειξαν</span> <span class='ocrx_word' id='word_1_428' title='bbox 1194 913 1390 948; x_wconf 74' lang='grc' dir='ltr'>ἀκριϐέστερον</span> <span class='ocrx_word' id='word_1_429' title='bbox 1405 914 1429 940; x_wconf 86' lang='lat' dir='ltr'><strong>ol</strong></span> <span class='ocrx_word' id='word_1_430' title='bbox 1449 913 1496 940; x_wconf 87' lang='grc' dir='ltr'>τοῦ</span> <span class='ocrx_word' id='word_1_431' title='bbox 1511 913 1657 948; x_wconf 85' lang='grc' dir='ltr'>ίερωτάτου</span> <span class='ocrx_word' id='word_1_432' title='bbox 1674 920 1783 947; x_wconf 75' lang='grc' dir='ltr'>μητρο‹</span> 
     </span>
    </p>
   </div>
   <div class='ocr_carea' id='block_1_64' title="bbox 988 957 1781 994">
    <p class='ocr_par' dir='ltr' id='par_1_64' title="bbox 988 957 1781 994">
     <span class='ocr_line' id='line_1_64' title="bbox 988 957 1781 994; baseline -0.001 -9"><span class='ocrx_word' id='word_1_433' title='bbox 988 959 1098 986; x_wconf 85' lang='grc' dir='ltr'>πολίτου</span> <span class='ocrx_word' id='word_1_434' title='bbox 1113 959 1218 986; x_wconf 79' lang='grc' dir='ltr'>Κυέϐου</span> <span class='ocrx_word' id='word_1_435' title='bbox 1234 960 1281 986; x_wconf 78' lang='grc' dir='ltr'>καὶ</span> <span class='ocrx_word' id='word_1_436' title='bbox 1296 959 1385 994; x_wconf 81' lang='grc' dir='ltr'>πάσης</span> <span class='ocrx_word' id='word_1_437' title='bbox 1402 959 1528 993; x_wconf 80' lang='grc' dir='ltr'>Ῥωσίας,</span> <span class='ocrx_word' id='word_1_438' title='bbox 1556 959 1609 994; x_wconf 85' lang='grc' dir='ltr'>κῦρ</span> <span class='ocrx_word' id='word_1_439' title='bbox 1643 957 1781 990; x_wconf 72' lang='grc' dir='ltr'>Ἀλεξίου,</span> 
     </span>
    </p>
   </div>
   <div class='ocr_carea' id='block_1_65' title="bbox 987 1005 1782 1041">
    <p class='ocr_par' dir='ltr' id='par_1_65' title="bbox 987 1005 1782 1041">
     <span class='ocr_line' id='line_1_65' title="bbox 987 1005 1782 1041; baseline -0.001 -9"><span class='ocrx_word' id='word_1_440' title='bbox 987 1006 1205 1041; x_wconf 83' lang='grc' dir='ltr'>ἀποκρισιάριοι,</span> <span class='ocrx_word' id='word_1_441' title='bbox 1221 1005 1422 1037; x_wconf 88' lang='grc' dir='ltr'>καταλαϐόντες</span> <span class='ocrx_word' id='word_1_442' title='bbox 1450 1006 1567 1033; x_wconf 76' lang='grc' dir='ltr'>ἐνταῦθα</span> <span class='ocrx_word' id='word_1_443' title='bbox 1579 1006 1628 1033; x_wconf 86' lang='grc' dir='ltr'>καὶ</span> <span class='ocrx_word' id='word_1_444' title='bbox 1643 1005 1673 1037; x_wconf 71' lang='grc' dir='ltr'>ἐξ</span> <span class='ocrx_word' id='word_1_445' title='bbox 1687 1005 1782 1032; x_wconf 81' lang='grc' dir='ltr'>ἀλλων</span> 
     </span>
    </p>
   </div>
   <div class='ocr_carea' id='block_1_66' title="bbox 990 1047 1783 1086">
    <p class='ocr_par' dir='ltr' id='par_1_66' title="bbox 990 1047 1783 1086">
     <span class='ocr_line' id='line_1_66' title="bbox 990 1047 1783 1086; baseline -0.003 -8"><span class='ocrx_word' id='word_1_446' title='bbox 990 1051 1040 1086; x_wconf 62' lang='grc' dir='ltr'>μιν</span> <span class='ocrx_word' id='word_1_447' title='bbox 1069 1050 1188 1084; x_wconf 85' lang='grc' dir='ltr'>πολλῶν,</span> <span class='ocrx_word' id='word_1_448' title='bbox 1213 1051 1332 1086; x_wconf 89' lang='grc' dir='ltr'>μάλιστα</span> <span class='ocrx_word' id='word_1_449' title='bbox 1363 1050 1391 1077; x_wconf 79' lang='grc' dir='ltr'>δέ</span> <span class='ocrx_word' id='word_1_450' title='bbox 1419 1051 1465 1078; x_wconf 83' lang='grc' dir='ltr'>καὶ</span> <span class='ocrx_word' id='word_1_451' title='bbox 1491 1050 1539 1084; x_wconf 86' lang='grc' dir='ltr'>ἀφ’</span> <span class='ocrx_word' id='word_1_452' title='bbox 1559 1047 1598 1077; x_wconf 79' lang='grc' dir='ltr'>ὧν</span> <span class='ocrx_word' id='word_1_453' title='bbox 1618 1050 1783 1085; x_wconf 85' lang='grc' dir='ltr'>διεκόμισαν</span> 
     </span>
    </p>
   </div>
   <div class='ocr_carea' id='block_1_67' title="bbox 987 1096 1783 1133">
    <p class='ocr_par' dir='ltr' id='par_1_67' title="bbox 987 1096 1783 1133">
     <span class='ocr_line' id='line_1_67' title="bbox 987 1096 1783 1133; baseline -0.001 -10"><span class='ocrx_word' id='word_1_454' title='bbox 987 1096 1161 1132; x_wconf 87' lang='grc' dir='ltr'>γραμμάτων</span> <span class='ocrx_word' id='word_1_455' title='bbox 1177 1097 1224 1123; x_wconf 91' lang='grc' dir='ltr'>τοῦ</span> <span class='ocrx_word' id='word_1_456' title='bbox 1239 1097 1387 1132; x_wconf 83' lang='grc' dir='ltr'>ίερωτάτου</span> <span class='ocrx_word' id='word_1_457' title='bbox 1410 1097 1618 1133; x_wconf 84' lang='grc' dir='ltr'>μητροπολίτου,</span> <span class='ocrx_word' id='word_1_458' title='bbox 1635 1096 1687 1132; x_wconf 90' lang='grc' dir='ltr'>κῦρ</span> <span class='ocrx_word' id='word_1_459' title='bbox 1708 1097 1783 1123; x_wconf 74' lang='grc' dir='ltr'>Ῥω-</span> 
     </span>
    </p>
   </div>
   <div class='ocr_carea' id='block_1_68' title="bbox 990 1139 1781 1181">
    <p class='ocr_par' dir='ltr' id='par_1_68' title="bbox 990 1139 1781 1181">
     <span class='ocr_line' id='line_1_68' title="bbox 990 1139 1781 1181; baseline -0.001 -12"><span class='ocrx_word' id='word_1_460' title='bbox 990 1142 1088 1177; x_wconf 85' lang='grc' dir='ltr'>μανοῦ,</span> <span class='ocrx_word' id='word_1_461' title='bbox 1104 1142 1175 1178; x_wconf 84' lang='grc' dir='ltr'>ὕπερ</span> <span class='ocrx_word' id='word_1_462' title='bbox 1200 1139 1238 1170; x_wconf 85' lang='grc' dir='ltr'>ὧν</span> <span class='ocrx_word' id='word_1_463' title='bbox 1269 1144 1317 1170; x_wconf 73' lang='grc' dir='ltr'>καὶ</span> <span class='ocrx_word' id='word_1_464' title='bbox 1336 1142 1432 1179; x_wconf 84' lang='grc' dir='ltr'>ὥσπερ</span> <span class='ocrx_word' id='word_1_465' title='bbox 1456 1143 1659 1181; x_wconf 52' lang='grc' dir='ltr'>ἐγκαυχώμενοι</span> <span class='ocrx_word' id='word_1_466' title='bbox 1678 1143 1703 1169; x_wconf 87' lang='grc' dir='ltr'>οι</span> <span class='ocrx_word' id='word_1_467' title='bbox 1727 1141 1781 1168; x_wconf 84' lang='grc' dir='ltr'>τοῦ</span> 
     </span>
    </p>
   </div>
   <div class='ocr_carea' id='block_1_69' title="bbox 989 1187 1780 1224">
    <p class='ocr_par' dir='ltr' id='par_1_69' title="bbox 989 1187 1780 1224">
     <span class='ocr_line' id='line_1_69' title="bbox 989 1187 1780 1224; baseline -0.001 -10"><span class='ocrx_word' id='word_1_468' title='bbox 989 1188 1137 1224; x_wconf 80' lang='grc' dir='ltr'>ἱερωτάτου</span> <span class='ocrx_word' id='word_1_469' title='bbox 1157 1188 1358 1224; x_wconf 86' lang='grc' dir='ltr'>μητροπολίτου</span> <span class='ocrx_word' id='word_1_470' title='bbox 1386 1189 1492 1216; x_wconf 82' lang='grc' dir='ltr'>Διτϐὦν</span> <span class='ocrx_word' id='word_1_471' title='bbox 1506 1188 1657 1224; x_wconf 75' lang='grc' dir='ltr'>ἄνθρωποι,</span> <span class='ocrx_word' id='word_1_472' title='bbox 1673 1187 1780 1222; x_wconf 80' lang='grc' dir='ltr'>πρότε-</span> 
     </span>
    </p>
   </div>
   <div class='ocr_carea' id='block_1_70' title="bbox 991 1233 1780 1270">
    <p class='ocr_par' dir='ltr' id='par_1_70' title="bbox 991 1233 1780 1270">
     <span class='ocr_line' id='line_1_70' title="bbox 991 1233 1780 1270; baseline -0.001 -9"><span class='ocrx_word' id='word_1_473' title='bbox 991 1243 1037 1270; x_wconf 89' lang='grc' dir='ltr'>ρον</span> <span class='ocrx_word' id='word_1_474' title='bbox 1053 1235 1254 1267; x_wconf 87' lang='grc' dir='ltr'>καταλαϐόντες</span> <span class='ocrx_word' id='word_1_475' title='bbox 1280 1234 1408 1268; x_wconf 83' lang='grc' dir='ltr'>ἐνταῦθα,</span> <span class='ocrx_word' id='word_1_476' title='bbox 1424 1235 1612 1270; x_wconf 81' lang='grc' dir='ltr'>διεκήρυττον,</span> <span class='ocrx_word' id='word_1_477' title='bbox 1630 1234 1668 1266; x_wconf 84' lang='grc' dir='ltr'>ὡς</span> <span class='ocrx_word' id='word_1_478' title='bbox 1682 1233 1780 1260; x_wconf 86' lang='grc' dir='ltr'>τοσοῦ-</span> 
     </span>
    </p>
   </div>
   <div class='ocr_carea' id='block_1_71' title="bbox 989 1280 1779 1317">
    <p class='ocr_par' dir='ltr' id='par_1_71' title="bbox 989 1280 1779 1317">
     <span class='ocr_line' id='line_1_71' title="bbox 989 1280 1779 1317; baseline 0 -10"><span class='ocrx_word' id='word_1_479' title='bbox 989 1288 1035 1307; x_wconf 87' lang='grc' dir='ltr'>τον</span> <span class='ocrx_word' id='word_1_480' title='bbox 1051 1281 1064 1307; x_wconf 90' lang='lat'>6</span> <span class='ocrx_word' id='word_1_481' title='bbox 1081 1280 1230 1316; x_wconf 80' lang='grc' dir='ltr'>ἱερώτατος</span> <span class='ocrx_word' id='word_1_482' title='bbox 1247 1281 1452 1317; x_wconf 84' lang='grc' dir='ltr'>μητροπολίτης</span> <span class='ocrx_word' id='word_1_483' title='bbox 1467 1280 1520 1316; x_wconf 89' lang='grc' dir='ltr'>κῦρ</span> <span class='ocrx_word' id='word_1_484' title='bbox 1545 1280 1685 1316; x_wconf 80' lang='grc' dir='ltr'>Ῥωμανός</span> <span class='ocrx_word' id='word_1_485' title='bbox 1700 1280 1779 1307; x_wconf 81' lang='grc' dir='ltr'>ἐστιν</span> 
     </span>
    </p>
   </div>
   <div class='ocr_carea' id='block_1_72' title="bbox 991 1325 1778 1362">
    <p class='ocr_par' dir='ltr' id='par_1_72' title="bbox 991 1325 1778 1362">
     <span class='ocr_line' id='line_1_72' title="bbox 991 1325 1778 1362; baseline 0 -9"><span class='ocrx_word' id='word_1_486' title='bbox 991 1326 1102 1362; x_wconf 66' lang='grc' dir='ltr'>ἰσχυρός</span> <span class='ocrx_word' id='word_1_487' title='bbox 1115 1326 1162 1353; x_wconf 82' lang='grc' dir='ltr'>καὶ</span> <span class='ocrx_word' id='word_1_488' title='bbox 1176 1326 1288 1354; x_wconf 83' lang='grc' dir='ltr'>δύναται</span> <span class='ocrx_word' id='word_1_489' title='bbox 1299 1327 1348 1361; x_wconf 83' lang='grc' dir='ltr'>τὴν</span> <span class='ocrx_word' id='word_1_490' title='bbox 1361 1327 1496 1362; x_wconf 78' lang='grc' dir='ltr'>ἐπαρχίαν</span> <span class='ocrx_word' id='word_1_491' title='bbox 1525 1326 1633 1353; x_wconf 71' lang='grc' dir='ltr'>ἅπασαν</span> <span class='ocrx_word' id='word_1_492' title='bbox 1644 1325 1694 1361; x_wconf 82' lang='grc' dir='ltr'>τῆς</span> <span class='ocrx_word' id='word_1_493' title='bbox 1720 1334 1778 1361; x_wconf 89' lang='grc' dir='ltr'>μη-</span> 
     </span>
    </p>
   </div>
   <div class='ocr_carea' id='block_1_73' title="bbox 988 1370 1778 1407">
    <p class='ocr_par' dir='ltr' id='par_1_73' title="bbox 988 1370 1778 1407">
     <span class='ocr_line' id='line_1_73' title="bbox 988 1370 1778 1407; baseline -0.003 -9"><span class='ocrx_word' id='word_1_494' title='bbox 988 1371 1142 1406; x_wconf 87' lang='grc' dir='ltr'>τροπόλεως</span> <span class='ocrx_word' id='word_1_495' title='bbox 1155 1372 1229 1407; x_wconf 68' lang='grc' dir='ltr'>ἐχειν</span> <span class='ocrx_word' id='word_1_496' title='bbox 1249 1372 1376 1405; x_wconf 83' lang='grc' dir='ltr'>Ῥωσίας,</span> <span class='ocrx_word' id='word_1_497' title='bbox 1404 1373 1446 1400; x_wconf 83' lang='grc' dir='ltr'>ὅτι</span> <span class='ocrx_word' id='word_1_498' title='bbox 1471 1373 1518 1400; x_wconf 80' lang='grc' dir='ltr'>καὶ</span> <span class='ocrx_word' id='word_1_499' title='bbox 1543 1373 1582 1404; x_wconf 88' lang='grc' dir='ltr'>είς</span> <span class='ocrx_word' id='word_1_500' title='bbox 1611 1371 1641 1398; x_wconf 86' lang='grc' dir='ltr'>τδ</span> <span class='ocrx_word' id='word_1_501' title='bbox 1669 1370 1778 1398; x_wconf 86' lang='grc' dir='ltr'>Κύεϐον</span> 
     </span>
    </p>
   </div>
   <div class='ocr_carea' id='block_1_74' title="bbox 988 1415 1779 1453">
    <p class='ocr_par' dir='ltr' id='par_1_74' title="bbox 988 1415 1779 1453">
     <span class='ocr_line' id='line_1_74' title="bbox 988 1415 1779 1453; baseline -0.005 -8"><span class='ocrx_word' id='word_1_502' title='bbox 988 1417 1096 1453; x_wconf 80' lang='grc' dir='ltr'>ἀπῆλθε</span> <span class='ocrx_word' id='word_1_503' title='bbox 1125 1418 1173 1445; x_wconf 79' lang='grc' dir='ltr'>καὶ</span> <span class='ocrx_word' id='word_1_504' title='bbox 1195 1417 1400 1453; x_wconf 81' lang='grc' dir='ltr'>ἐλειτούργησε,</span> <span class='ocrx_word' id='word_1_505' title='bbox 1426 1417 1473 1445; x_wconf 85' lang='grc' dir='ltr'>καὶ</span> <span class='ocrx_word' id='word_1_506' title='bbox 1502 1416 1655 1448; x_wconf 78' lang='grc' dir='ltr'>ἐπισκοπάς</span> <span class='ocrx_word' id='word_1_507' title='bbox 1674 1415 1779 1446; x_wconf 79' lang='grc' dir='ltr'>πολλὰς</span> 
     </span>
    </p>
   </div>
   <div class='ocr_carea' id='block_1_75' title="bbox 990 1461 1777 1499">
    <p class='ocr_par' dir='ltr' id='par_1_75' title="bbox 990 1461 1777 1499">
     <span class='ocr_line' id='line_1_75' title="bbox 990 1461 1777 1499; baseline -0.003 -9"><span class='ocrx_word' id='word_1_508' title='bbox 990 1463 1182 1499; x_wconf 86' lang='grc' dir='ltr'>προσελάϐετο,</span> <span class='ocrx_word' id='word_1_509' title='bbox 1200 1464 1247 1492; x_wconf 85' lang='grc' dir='ltr'>καὶ</span> <span class='ocrx_word' id='word_1_510' title='bbox 1270 1464 1315 1491; x_wconf 75' lang='grc' dir='ltr'>τὸν</span> <span class='ocrx_word' id='word_1_511' title='bbox 1338 1464 1472 1499; x_wconf 80' lang='grc' dir='ltr'>αὐθέντην</span> <span class='ocrx_word' id='word_1_512' title='bbox 1498 1462 1605 1490; x_wconf 85' lang='grc' dir='ltr'>Διτϐὦν</span> <span class='ocrx_word' id='word_1_513' title='bbox 1628 1462 1698 1489; x_wconf 79' lang='grc' dir='ltr'>κατὰ</span> <span class='ocrx_word' id='word_1_514' title='bbox 1726 1461 1777 1488; x_wconf 84' lang='grc' dir='ltr'>τοῦ</span> 
     </span>
    </p>
   </div>
   <div class='ocr_carea' id='block_1_76' title="bbox 990 1506 1776 1544">
    <p class='ocr_par' dir='ltr' id='par_1_76' title="bbox 990 1506 1776 1544">
     <span class='ocr_line' id='line_1_76' title="bbox 990 1506 1776 1544; baseline -0.003 -10"><span class='ocrx_word' id='word_1_515' title='bbox 990 1507 1044 1543; x_wconf 87' lang='grc' dir='ltr'>κῦρ</span> <span class='ocrx_word' id='word_1_516' title='bbox 1066 1508 1184 1542; x_wconf 69' lang='grc' dir='ltr'>Ἀλεξίου</span> <span class='ocrx_word' id='word_1_517' title='bbox 1205 1508 1337 1544; x_wconf 85' lang='grc' dir='ltr'>διήγειρε,</span> <span class='ocrx_word' id='word_1_518' title='bbox 1361 1509 1409 1536; x_wconf 84' lang='grc' dir='ltr'>καὶ</span> <span class='ocrx_word' id='word_1_519' title='bbox 1437 1507 1524 1535; x_wconf 82' lang='grc' dir='ltr'>πάντα</span> <span class='ocrx_word' id='word_1_520' title='bbox 1549 1507 1654 1541; x_wconf 72' lang='grc' dir='ltr'>ἔξεστιν</span> <span class='ocrx_word' id='word_1_521' title='bbox 1677 1506 1776 1541; x_wconf 78' lang='grc' dir='ltr'>ἐκείνῳ</span> 
     </span>
    </p>
   </div>
   <div class='ocr_carea' id='block_1_77' title="bbox 991 1552 1775 1590">
    <p class='ocr_par' dir='ltr' id='par_1_77' title="bbox 991 1552 1775 1590">
     <span class='ocr_line' id='line_1_77' title="bbox 991 1552 1775 1590; baseline -0.005 -8"><span class='ocrx_word' id='word_1_522' title='bbox 991 1556 1079 1582; x_wconf 84' lang='grc' dir='ltr'>ποιεῖν</span> <span class='ocrx_word' id='word_1_523' title='bbox 1091 1555 1187 1588; x_wconf 84' lang='grc' dir='ltr'>ἀδεῶς.</span> <span class='ocrx_word' id='word_1_524' title='bbox 1203 1555 1318 1590; x_wconf 83' lang='grc' dir='ltr'>δύναμιν</span> <span class='ocrx_word' id='word_1_525' title='bbox 1331 1555 1360 1582; x_wconf 86' lang='grc' dir='ltr'>οὐ</span> <span class='ocrx_word' id='word_1_526' title='bbox 1373 1554 1476 1590; x_wconf 83' lang='grc' dir='ltr'>μικρὰν</span> <span class='ocrx_word' id='word_1_527' title='bbox 1500 1554 1600 1590; x_wconf 76' lang='grc' dir='ltr'>ἔχοντι,</span> <span class='ocrx_word' id='word_1_528' title='bbox 1630 1554 1670 1585; x_wconf 84' lang='grc' dir='ltr'>είς</span> <span class='ocrx_word' id='word_1_529' title='bbox 1695 1552 1775 1580; x_wconf 82' lang='grc' dir='ltr'>τοῦτο</span> 
     </span>
    </p>
   </div>
   <div class='ocr_carea' id='block_1_78' title="bbox 991 1599 1776 1636">
    <p class='ocr_par' dir='ltr' id='par_1_78' title="bbox 991 1599 1776 1636">
     <span class='ocr_line' id='line_1_78' title="bbox 991 1599 1776 1636; baseline -0.001 -9"><span class='ocrx_word' id='word_1_530' title='bbox 991 1600 1197 1636; x_wconf 86' lang='grc' dir='ltr'>παρακινοῦσαν</span> <span class='ocrx_word' id='word_1_531' title='bbox 1210 1600 1255 1628; x_wconf 78' lang='grc' dir='ltr'>τὸν</span> <span class='ocrx_word' id='word_1_532' title='bbox 1270 1601 1403 1636; x_wconf 83' lang='grc' dir='ltr'>αὐθέντην</span> <span class='ocrx_word' id='word_1_533' title='bbox 1418 1600 1526 1628; x_wconf 88' lang='grc' dir='ltr'>Λιτϐὦν</span> <span class='ocrx_word' id='word_1_534' title='bbox 1540 1609 1547 1616; x_wconf 89' lang='grc'>·</span> <span class='ocrx_word' id='word_1_535' title='bbox 1572 1600 1616 1628; x_wconf 82' lang='grc' dir='ltr'>διὰ</span> <span class='ocrx_word' id='word_1_536' title='bbox 1640 1600 1706 1635; x_wconf 86' lang='grc' dir='ltr'>γοῦν</span> <span class='ocrx_word' id='word_1_537' title='bbox 1725 1599 1776 1634; x_wconf 78' lang='grc' dir='ltr'>τὴν</span> 
     </span>
    </p>
   </div>
   <div class='ocr_carea' id='block_1_79' title="bbox 989 1643 1775 1682">
    <p class='ocr_par' dir='ltr' id='par_1_79' title="bbox 989 1643 1775 1682">
     <span class='ocr_line' id='line_1_79' title="bbox 989 1643 1775 1682; baseline -0.001 -9"><span class='ocrx_word' id='word_1_538' title='bbox 989 1646 1118 1682; x_wconf 85' lang='grc' dir='ltr'>τοιαύτην</span> <span class='ocrx_word' id='word_1_539' title='bbox 1130 1646 1321 1682; x_wconf 81' lang='grc' dir='ltr'>(κατάστασιν)</span> <span class='ocrx_word' id='word_1_540' title='bbox 1340 1646 1479 1682; x_wconf 73' lang='grc' dir='ltr'>ἐπισφαλῆ</span> <span class='ocrx_word' id='word_1_541' title='bbox 1501 1646 1675 1674; x_wconf 81' lang='grc' dir='ltr'>παντάπασιν</span> <span class='ocrx_word' id='word_1_542' title='bbox 1692 1643 1775 1673; x_wconf 77' lang='grc' dir='ltr'>οὖσαν</span> 
     </span>
    </p>
   </div>
   <div class='ocr_carea' id='block_1_80' title="bbox 989 1692 1773 1729">
    <p class='ocr_par' dir='ltr' id='par_1_80' title="bbox 989 1692 1773 1729">
     <span class='ocr_line' id='line_1_80' title="bbox 989 1692 1773 1729; baseline 0 -9"><span class='ocrx_word' id='word_1_543' title='bbox 989 1693 1038 1720; x_wconf 84' lang='grc' dir='ltr'>καὶ</span> <span class='ocrx_word' id='word_1_544' title='bbox 1053 1692 1106 1725; x_wconf 76' lang='grc' dir='ltr'>ἔξω</span> <span class='ocrx_word' id='word_1_545' title='bbox 1118 1693 1166 1728; x_wconf 85' lang='grc' dir='ltr'>τῆς</span> <span class='ocrx_word' id='word_1_546' title='bbox 1178 1693 1233 1720; x_wconf 86' lang='grc' dir='ltr'>τῶν</span> <span class='ocrx_word' id='word_1_547' title='bbox 1250 1693 1331 1720; x_wconf 84' lang='grc' dir='ltr'>θείων</span> <span class='ocrx_word' id='word_1_548' title='bbox 1346 1693 1394 1720; x_wconf 87' lang='grc' dir='ltr'>καὶ</span> <span class='ocrx_word' id='word_1_549' title='bbox 1410 1693 1492 1729; x_wconf 83' lang='grc' dir='ltr'>ιερῶν</span> <span class='ocrx_word' id='word_1_550' title='bbox 1506 1693 1628 1720; x_wconf 85' lang='grc' dir='ltr'>κανόνων</span> <span class='ocrx_word' id='word_1_551' title='bbox 1642 1692 1773 1728; x_wconf 84' lang='grc' dir='ltr'>διαταγῆς</span> 
     </span>
    </p>
   </div>
   <div class='ocr_carea' id='block_1_81' title="bbox 990 1738 1773 1775">
    <p class='ocr_par' dir='ltr' id='par_1_81' title="bbox 990 1738 1773 1775">
     <span class='ocr_line' id='line_1_81' title="bbox 990 1738 1773 1775; baseline 0 -11"><span class='ocrx_word' id='word_1_552' title='bbox 990 1738 1038 1764; x_wconf 84' lang='grc' dir='ltr'>καὶ</span> <span class='ocrx_word' id='word_1_553' title='bbox 1051 1738 1107 1773; x_wconf 77' lang='grc' dir='ltr'>ἀμα</span> <span class='ocrx_word' id='word_1_554' title='bbox 1119 1738 1164 1765; x_wconf 79' lang='grc' dir='ltr'>διὰ</span> <span class='ocrx_word' id='word_1_555' title='bbox 1178 1739 1209 1765; x_wconf 79' lang='grc' dir='ltr'>τὸ</span> <span class='ocrx_word' id='word_1_556' title='bbox 1222 1739 1260 1774; x_wconf 83' lang='grc' dir='ltr'>μὴ</span> <span class='ocrx_word' id='word_1_557' title='bbox 1275 1738 1434 1775; x_wconf 87' lang='grc' dir='ltr'>προϐαίνειν</span> <span class='ocrx_word' id='word_1_558' title='bbox 1455 1738 1527 1766; x_wconf 85' lang='grc' dir='ltr'>κατὰ</span> <span class='ocrx_word' id='word_1_559' title='bbox 1544 1738 1592 1765; x_wconf 80' lang='grc' dir='ltr'>τοῦ</span> <span class='ocrx_word' id='word_1_560' title='bbox 1614 1738 1773 1773; x_wconf 87' lang='grc' dir='ltr'>Χριστιανι-</span> 
     </span>
    </p>
   </div>
   <div class='ocr_carea' id='block_1_82' title="bbox 989 1783 1774 1820">
    <p class='ocr_par' dir='ltr' id='par_1_82' title="bbox 989 1783 1774 1820">
     <span class='ocr_line' id='line_1_82' title="bbox 989 1783 1774 1820; baseline -0.003 -9"><span class='ocrx_word' id='word_1_561' title='bbox 989 1783 1037 1811; x_wconf 83' lang='grc' dir='ltr'>κοῦ</span> <span class='ocrx_word' id='word_1_562' title='bbox 1048 1783 1098 1818; x_wconf 84' lang='grc' dir='ltr'>τῆς</span> <span class='ocrx_word' id='word_1_563' title='bbox 1118 1783 1234 1817; x_wconf 84' lang='grc' dir='ltr'>Ῥωσίας</span> <span class='ocrx_word' id='word_1_564' title='bbox 1247 1785 1345 1819; x_wconf 86' lang='grc' dir='ltr'>γένους</span> <span class='ocrx_word' id='word_1_565' title='bbox 1358 1785 1456 1820; x_wconf 81' lang='grc' dir='ltr'>φόνους</span> <span class='ocrx_word' id='word_1_566' title='bbox 1487 1785 1533 1811; x_wconf 73' lang='grc' dir='ltr'>καὶ</span> <span class='ocrx_word' id='word_1_567' title='bbox 1557 1783 1702 1819; x_wconf 87' lang='grc' dir='ltr'>συγχύσεις</span> <span class='ocrx_word' id='word_1_568' title='bbox 1728 1784 1774 1810; x_wconf 83' lang='grc' dir='ltr'>καὶ</span> 
     </span>
    </p>
   </div>
   <div class='ocr_carea' id='block_1_83' title="bbox 992 1829 1772 1866">
    <p class='ocr_par' dir='ltr' id='par_1_83' title="bbox 992 1829 1772 1866">
     <span class='ocr_line' id='line_1_83' title="bbox 992 1829 1772 1866; baseline -0.001 -10"><span class='ocrx_word' id='word_1_569' title='bbox 992 1829 1082 1865; x_wconf 88' lang='grc' dir='ltr'>μάχας</span> <span class='ocrx_word' id='word_1_570' title='bbox 1095 1831 1142 1857; x_wconf 76' lang='grc' dir='ltr'>καὶ</span> <span class='ocrx_word' id='word_1_571' title='bbox 1165 1831 1299 1866; x_wconf 86' lang='grc' dir='ltr'>ταραχάς,</span> <span class='ocrx_word' id='word_1_572' title='bbox 1325 1831 1364 1862; x_wconf 85' lang='grc' dir='ltr'>ὡς</span> <span class='ocrx_word' id='word_1_573' title='bbox 1389 1831 1509 1866; x_wconf 85' lang='grc' dir='ltr'>λέγεται,</span> <span class='ocrx_word' id='word_1_574' title='bbox 1539 1831 1611 1865; x_wconf 83' lang='grc' dir='ltr'>ἀπερ</span> <span class='ocrx_word' id='word_1_575' title='bbox 1635 1830 1694 1856; x_wconf 79' lang='grc' dir='ltr'>ἐστὶ</span> <span class='ocrx_word' id='word_1_576' title='bbox 1719 1830 1772 1860; x_wconf 87' lang='grc' dir='ltr'>τοῖς</span> 
     </span>
    </p>
   </div>
   <div class='ocr_carea' id='block_1_84' title="bbox 990 1873 1772 1910">
    <p class='ocr_par' dir='ltr' id='par_1_84' title="bbox 990 1873 1772 1910">
     <span class='ocr_line' id='line_1_84' title="bbox 990 1873 1772 1910; baseline -0.003 -8"><span class='ocrx_word' id='word_1_577' title='bbox 990 1875 1095 1902; x_wconf 68' lang='grc' dir='ltr'>ἔθνεσιν</span> <span class='ocrx_word' id='word_1_578' title='bbox 1107 1875 1160 1902; x_wconf 76' lang='grc' dir='ltr'>ἴδια</span> <span class='ocrx_word' id='word_1_579' title='bbox 1172 1876 1229 1906; x_wconf 75' lang='grc' dir='ltr'>τοῖς</span> <span class='ocrx_word' id='word_1_580' title='bbox 1256 1875 1295 1910; x_wconf 82' lang='grc' dir='ltr'>μὴ</span> <span class='ocrx_word' id='word_1_581' title='bbox 1321 1875 1403 1909; x_wconf 84' lang='grc' dir='ltr'>φόϐον</span> <span class='ocrx_word' id='word_1_582' title='bbox 1427 1875 1457 1902; x_wconf 85' lang='grc' dir='ltr'>ἐν</span> <span class='ocrx_word' id='word_1_583' title='bbox 1477 1875 1583 1907; x_wconf 75' lang='grc' dir='ltr'>ἑαυτοῖς</span> <span class='ocrx_word' id='word_1_584' title='bbox 1611 1874 1703 1910; x_wconf 80' lang='grc' dir='ltr'>έχουσι</span> <span class='ocrx_word' id='word_1_585' title='bbox 1727 1873 1772 1901; x_wconf 87' lang='grc' dir='ltr'>τοῦ</span> 
     </span>
    </p>
   </div>
   <div class='ocr_carea' id='block_1_85' title="bbox 989 1920 1774 1956">
    <p class='ocr_par' dir='ltr' id='par_1_85' title="bbox 989 1920 1774 1956">
     <span class='ocr_line' id='line_1_85' title="bbox 989 1920 1774 1956; baseline -0.004 -7"><span class='ocrx_word' id='word_1_586' title='bbox 989 1922 1069 1955; x_wconf 82' lang='grc' dir='ltr'>Θεοῦ,</span> <span class='ocrx_word' id='word_1_587' title='bbox 1083 1922 1129 1949; x_wconf 82' lang='grc' dir='ltr'>καὶ</span> <span class='ocrx_word' id='word_1_588' title='bbox 1138 1921 1169 1948; x_wconf 87' lang='grc' dir='ltr'>οὐ</span> <span class='ocrx_word' id='word_1_589' title='bbox 1181 1922 1238 1953; x_wconf 77' lang='grc' dir='ltr'>τοϊς</span> <span class='ocrx_word' id='word_1_590' title='bbox 1248 1920 1418 1956; x_wconf 82' lang='grc' dir='ltr'>ἀρχιερεῦσι,</span> <span class='ocrx_word' id='word_1_591' title='bbox 1434 1921 1482 1948; x_wconf 81' lang='grc' dir='ltr'>καὶ</span> <span class='ocrx_word' id='word_1_592' title='bbox 1495 1920 1603 1956; x_wconf 87' lang='grc' dir='ltr'>πρῶτον</span> <span class='ocrx_word' id='word_1_593' title='bbox 1617 1920 1666 1955; x_wconf 73' lang='grc' dir='ltr'>μὲν</span> <span class='ocrx_word' id='word_1_594' title='bbox 1676 1920 1774 1954; x_wconf 84' lang='grc' dir='ltr'>ἐγγρά-</span> 
     </span>
    </p>
   </div>
   <div class='ocr_carea' id='block_1_86' title="bbox 990 1965 1773 2004">
    <p class='ocr_par' dir='ltr' id='par_1_86' title="bbox 990 1965 1773 2004">
     <span class='ocr_line' id='line_1_86' title="bbox 990 1965 1773 2004; baseline -0.003 -9"><span class='ocrx_word' id='word_1_595' title='bbox 990 1977 1048 2003; x_wconf 85' lang='grc' dir='ltr'>φως</span> <span class='ocrx_word' id='word_1_596' title='bbox 1061 1967 1280 2004; x_wconf 87' lang='grc' dir='ltr'>παρεκελεύσατο</span> <span class='ocrx_word' id='word_1_597' title='bbox 1291 1968 1360 2002; x_wconf 74' lang='grc' dir='ltr'>πρὸς</span> <span class='ocrx_word' id='word_1_598' title='bbox 1370 1968 1452 1995; x_wconf 75' lang='grc' dir='ltr'>αὑτὸν</span> <span class='ocrx_word' id='word_1_599' title='bbox 1466 1967 1499 2003; x_wconf 80' lang='grc' dir='ltr'>δὴ</span> <span class='ocrx_word' id='word_1_600' title='bbox 1513 1967 1560 1994; x_wconf 83' lang='grc' dir='ltr'>τδν</span> <span class='ocrx_word' id='word_1_601' title='bbox 1583 1966 1636 2002; x_wconf 86' lang='grc' dir='ltr'>κῦρ</span> <span class='ocrx_word' id='word_1_602' title='bbox 1666 1965 1773 2001; x_wconf 79' lang='grc' dir='ltr'>Ῥωμα-</span> 
     </span>
    </p>
   </div>
   <div class='ocr_carea' id='block_1_87' title="bbox 989 2011 1774 2049">
    <p class='ocr_par' dir='ltr' id='par_1_87' title="bbox 989 2011 1774 2049">
     <span class='ocr_line' id='line_1_87' title="bbox 989 2011 1774 2049; baseline -0.003 -9"><span class='ocrx_word' id='word_1_603' title='bbox 989 2014 1034 2041; x_wconf 78' lang='grc' dir='ltr'>νδν</span> <span class='ocrx_word' id='word_1_604' title='bbox 1046 2014 1063 2049; x_wconf 86' lang='grc' dir='ltr'>ή</span> <span class='ocrx_word' id='word_1_605' title='bbox 1079 2013 1228 2049; x_wconf 85' lang='grc' dir='ltr'>μετριότης</span> <span class='ocrx_word' id='word_1_606' title='bbox 1241 2013 1332 2048; x_wconf 84' lang='grc' dir='ltr'>ήμῶν,</span> <span class='ocrx_word' id='word_1_607' title='bbox 1360 2013 1545 2048; x_wconf 83' lang='grc' dir='ltr'>είσηγουμένη</span> <span class='ocrx_word' id='word_1_608' title='bbox 1566 2012 1665 2047; x_wconf 85' lang='grc' dir='ltr'>τούτῳ,</span> <span class='ocrx_word' id='word_1_609' title='bbox 1677 2012 1714 2043; x_wconf 82' lang='grc' dir='ltr'>ὡς</span> <span class='ocrx_word' id='word_1_610' title='bbox 1742 2011 1774 2038; x_wconf 83' lang='grc' dir='ltr'>ἂν</span> 
     </span>
    </p>
   </div>
   <div class='ocr_carea' id='block_1_88' title="bbox 991 2057 1771 2095">
    <p class='ocr_par' dir='ltr' id='par_1_88' title="bbox 991 2057 1771 2095">
     <span class='ocr_line' id='line_1_88' title="bbox 991 2057 1771 2095; baseline -0.005 -8"><span class='ocrx_word' id='word_1_611' title='bbox 991 2061 1098 2095; x_wconf 81' lang='grc' dir='ltr'>ἀποστῇ</span> <span class='ocrx_word' id='word_1_612' title='bbox 1123 2059 1180 2087; x_wconf 90' lang='grc' dir='ltr'>τῶν</span> <span class='ocrx_word' id='word_1_613' title='bbox 1204 2058 1334 2086; x_wconf 81' lang='grc' dir='ltr'>τοιούτων</span> <span class='ocrx_word' id='word_1_614' title='bbox 1358 2058 1542 2086; x_wconf 82' lang='grc' dir='ltr'>ἀκανονίστων</span> <span class='ocrx_word' id='word_1_615' title='bbox 1570 2057 1707 2094; x_wconf 78' lang='grc' dir='ltr'>πράξεων,</span> <span class='ocrx_word' id='word_1_616' title='bbox 1736 2058 1771 2088; x_wconf 77' lang='grc' dir='ltr'>ὡς</span> 
     </span>
    </p>
   </div>
   <div class='ocr_carea' id='block_1_89' title="bbox 990 2103 1771 2141">
    <p class='ocr_par' dir='ltr' id='par_1_89' title="bbox 990 2103 1771 2141">
     <span class='ocr_line' id='line_1_89' title="bbox 990 2103 1771 2141; baseline -0.004 -8"><span class='ocrx_word' id='word_1_617' title='bbox 990 2105 1162 2141; x_wconf 82' lang='grc' dir='ltr'>ἐγράψαμεν,</span> <span class='ocrx_word' id='word_1_618' title='bbox 1179 2104 1500 2140; x_wconf 63' lang='grc' dir='ltr'>πέργεινάπαραϐάτως</span> <span class='ocrx_word' id='word_1_619' title='bbox 1521 2105 1556 2131; x_wconf 90' lang='grc' dir='ltr'>τά</span> <span class='ocrx_word' id='word_1_620' title='bbox 1587 2103 1771 2138; x_wconf 81' lang='grc' dir='ltr'>διεγνωσμένα</span> 
     </span>
    </p>
   </div>
   <div class='ocr_carea' id='block_1_90' title="bbox 991 2147 1772 2185">
    <p class='ocr_par' dir='ltr' id='par_1_90' title="bbox 991 2147 1772 2185">
     <span class='ocr_line' id='line_1_90' title="bbox 991 2147 1772 2185; baseline -0.006 -7"><span class='ocrx_word' id='word_1_621' title='bbox 991 2150 1138 2182; x_wconf 86' lang='grc' dir='ltr'>συνοδικῶς</span> <span class='ocrx_word' id='word_1_622' title='bbox 1163 2149 1211 2177; x_wconf 76' lang='grc' dir='ltr'>καὶ</span> <span class='ocrx_word' id='word_1_623' title='bbox 1234 2149 1272 2185; x_wconf 83' lang='grc' dir='ltr'>μὴ</span> <span class='ocrx_word' id='word_1_624' title='bbox 1302 2148 1461 2185; x_wconf 84' lang='grc' dir='ltr'>περαιτέρω</span> <span class='ocrx_word' id='word_1_625' title='bbox 1486 2148 1590 2175; x_wconf 86' lang='grc' dir='ltr'>τούτων</span> <span class='ocrx_word' id='word_1_626' title='bbox 1618 2147 1772 2182; x_wconf 86' lang='grc' dir='ltr'>προϐαίνειν</span> 
     </span>
    </p>
   </div>
   <div class='ocr_carea' id='block_1_91' title="bbox 156 2193 1773 2236">
    <p class='ocr_par' dir='ltr' id='par_1_91' title="bbox 156 2193 1773 2236">
     <span class='ocr_line' id='line_1_91' title="bbox 156 2193 1773 2236; baseline -0.006 -9"><span class='ocrx_word' id='word_1_627' title='bbox 156 2199 263 2234; x_wconf 61' lang='grc' dir='ltr'>ἐιορίαν</span> <span class='ocrx_word' id='word_1_628' title='bbox 294 2198 376 2226; x_wconf 85' lang='grc' dir='ltr'>αὐτοῦ</span> <span class='ocrx_word' id='word_1_629' title='bbox 408 2199 612 2234; x_wconf 83' lang='grc' dir='ltr'>διαπράξασθαί</span> <span class='ocrx_word' id='word_1_630' title='bbox 641 2209 668 2228; x_wconf 91' lang='grc' dir='ltr'>τι</span> <span class='ocrx_word' id='word_1_631' title='bbox 699 2200 892 2236; x_wconf 81' lang='grc' dir='ltr'>ἁρχιερατικὸν</span> <span class='ocrx_word' id='word_1_632' title='bbox 921 2200 938 2235; x_wconf 75' lang='grc' dir='ltr'><strong>ἢ</strong></span> <span class='ocrx_word' id='word_1_633' title='bbox 955 2199 977 2229; x_wconf 85' lang='lat' dir='ltr'><strong>D</strong></span> <span class='ocrx_word' id='word_1_634' title='bbox 994 2195 1125 2223; x_wconf 76' lang='grc' dir='ltr'>καὶκατὰ</span> <span class='ocrx_word' id='word_1_635' title='bbox 1141 2194 1189 2222; x_wconf 87' lang='grc' dir='ltr'>τοῦ</span> <span class='ocrx_word' id='word_1_636' title='bbox 1215 2194 1268 2229; x_wconf 87' lang='grc' dir='ltr'>κῦρ</span> <span class='ocrx_word' id='word_1_637' title='bbox 1300 2194 1421 2226; x_wconf 83' lang='grc' dir='ltr'>’Δλεξὶου</span> <span class='ocrx_word' id='word_1_638' title='bbox 1448 2193 1706 2227; x_wconf 68' lang='grc' dir='ltr'>κατεξανίστασθαι,</span> <span class='ocrx_word' id='word_1_639' title='bbox 1731 2194 1773 2219; x_wconf 79' lang='grc' dir='ltr'>καὶ</span> 
     </span>
    </p>
   </div>
   <div class='ocr_carea' id='block_1_92' title="bbox 159 2246 942 2283">
    <p class='ocr_par' dir='ltr' id='par_1_92' title="bbox 159 2246 942 2283">
     <span class='ocr_line' id='line_1_92' title="bbox 159 2246 942 2283; baseline 0.003 -11"><span class='ocrx_word' id='word_1_640' title='bbox 159 2246 294 2280; x_wconf 76' lang='grc' dir='ltr'>ἱερατικὸν</span> <span class='ocrx_word' id='word_1_641' title='bbox 310 2246 327 2281; x_wconf 77' lang='grc' dir='ltr'><strong>ἢ</strong></span> <span class='ocrx_word' id='word_1_642' title='bbox 345 2247 569 2281; x_wconf 70' lang='grc' dir='ltr'>ἐκκλησιαστικὸν</span> <span class='ocrx_word' id='word_1_643' title='bbox 581 2247 651 2279; x_wconf 80' lang='grc' dir='ltr'>ὅλως</span> <span class='ocrx_word' id='word_1_644' title='bbox 675 2247 722 2274; x_wconf 80' lang='grc' dir='ltr'>ἐπὶ</span> <span class='ocrx_word' id='word_1_645' title='bbox 737 2248 875 2283; x_wconf 82' lang='grc' dir='ltr'>ἀνατροπῇ</span> <span class='ocrx_word' id='word_1_646' title='bbox 893 2247 942 2282; x_wconf 85' lang='grc' dir='ltr'>τῆς</span> 
     </span>
    </p>
   </div>
   <div class='ocr_carea' id='block_1_93' title="bbox 157 2291 944 2328">
    <p class='ocr_par' dir='ltr' id='par_1_93' title="bbox 157 2291 944 2328">
     <span class='ocr_line' id='line_1_93' title="bbox 157 2291 944 2328; baseline 0.001 -10"><span class='ocrx_word' id='word_1_647' title='bbox 157 2291 389 2327; x_wconf 83' lang='grc' dir='ltr'>ἐκκλησιαστικῆς</span> <span class='ocrx_word' id='word_1_648' title='bbox 406 2293 609 2325; x_wconf 87' lang='grc' dir='ltr'>καταστάσεως,</span> <span class='ocrx_word' id='word_1_649' title='bbox 637 2293 675 2324; x_wconf 85' lang='grc' dir='ltr'>ῶς</span> <span class='ocrx_word' id='word_1_650' title='bbox 691 2292 815 2319; x_wconf 81' lang='grc' dir='ltr'>ἐντεῦθεν</span> <span class='ocrx_word' id='word_1_651' title='bbox 828 2300 944 2328; x_wconf 88' lang='grc' dir='ltr'>παρεισ-</span> 
     </span>
    </p>
   </div>
   <div class='ocr_carea' id='block_1_94' title="bbox 157 2337 943 2374">
    <p class='ocr_par' dir='ltr' id='par_1_94' title="bbox 157 2337 943 2374">
     <span class='ocr_line' id='line_1_94' title="bbox 157 2337 943 2374; baseline 0.003 -11"><span class='ocrx_word' id='word_1_652' title='bbox 157 2337 274 2373; x_wconf 87' lang='grc' dir='ltr'>αχθῆναι</span> <span class='ocrx_word' id='word_1_653' title='bbox 299 2338 380 2364; x_wconf 75' lang='grc' dir='ltr'>πάλιν</span> <span class='ocrx_word' id='word_1_654' title='bbox 397 2338 534 2365; x_wconf 83' lang='grc' dir='ltr'>σκάνδαλα</span> <span class='ocrx_word' id='word_1_655' title='bbox 550 2339 597 2366; x_wconf 76' lang='grc' dir='ltr'>καὶ</span> <span class='ocrx_word' id='word_1_656' title='bbox 630 2338 766 2374; x_wconf 88' lang='grc' dir='ltr'>ὀχλήσεις,</span> <span class='ocrx_word' id='word_1_657' title='bbox 780 2339 796 2368; x_wconf 85' lang='lat'>6</span> <span class='ocrx_word' id='word_1_658' title='bbox 823 2338 943 2370; x_wconf 88' lang='grc' dir='ltr'>τοιοῦτος</span> 
     </span>
    </p>
   </div>
   <div class='ocr_carea' id='block_1_95' title="bbox 157 2384 942 2421">
    <p class='ocr_par' dir='ltr' id='par_1_95' title="bbox 157 2384 942 2421">
     <span class='ocr_line' id='line_1_95' title="bbox 157 2384 942 2421; baseline 0.003 -11"><span class='ocrx_word' id='word_1_659' title='bbox 157 2384 237 2417; x_wconf 83' lang='grc' dir='ltr'>ἀξίαν</span> <span class='ocrx_word' id='word_1_660' title='bbox 270 2384 454 2419; x_wconf 79' lang='grc' dir='ltr'>ὑποστήσεται</span> <span class='ocrx_word' id='word_1_661' title='bbox 478 2384 528 2420; x_wconf 83' lang='grc' dir='ltr'>τὴν</span> <span class='ocrx_word' id='word_1_662' title='bbox 560 2385 707 2421; x_wconf 81' lang='grc' dir='ltr'>κανονικὴν</span> <span class='ocrx_word' id='word_1_663' title='bbox 734 2385 869 2420; x_wconf 88' lang='grc' dir='ltr'>τιμωρίαν</span> <span class='ocrx_word' id='word_1_664' title='bbox 895 2387 942 2412; x_wconf 78' lang='grc' dir='ltr'>καὶ</span> 
     </span>
    </p>
   </div>
   <div class='ocr_carea' id='block_1_96' title="bbox 158 2422 943 2466">
    <p class='ocr_par' dir='ltr' id='par_1_96' title="bbox 158 2422 943 2466">
     <span class='ocr_line' id='line_1_96' title="bbox 158 2422 943 2466; baseline 0.003 -11"><span class='ocrx_word' id='word_1_665' title='bbox 158 2422 331 2463; x_wconf 74' lang='grc' dir='ltr'>ἐπεξέλεῦσιν</span> <span class='ocrx_word' id='word_1_666' title='bbox 345 2430 421 2464; x_wconf 85' lang='grc' dir='ltr'>παρά</span> <span class='ocrx_word' id='word_1_667' title='bbox 439 2431 489 2464; x_wconf 80' lang='grc' dir='ltr'>τῆς</span> <span class='ocrx_word' id='word_1_668' title='bbox 516 2430 594 2466; x_wconf 87' lang='grc' dir='ltr'>ήμῶν</span> <span class='ocrx_word' id='word_1_669' title='bbox 620 2431 796 2466; x_wconf 74' lang='grc' dir='ltr'>μετριότητος</span> <span class='ocrx_word' id='word_1_670' title='bbox 821 2431 868 2458; x_wconf 75' lang='grc' dir='ltr'>καὶ</span> <span class='ocrx_word' id='word_1_671' title='bbox 892 2431 943 2466; x_wconf 86' lang='grc' dir='ltr'>τῆς</span> 
     </span>
    </p>
   </div>
   <div class='ocr_carea' id='block_1_97' title="bbox 159 2474 944 2510">
    <p class='ocr_par' dir='ltr' id='par_1_97' title="bbox 159 2474 944 2510">
     <span class='ocr_line' id='line_1_97' title="bbox 159 2474 944 2510; baseline 0.001 -9"><span class='ocrx_word' id='word_1_672' title='bbox 159 2475 224 2509; x_wconf 81' lang='grc' dir='ltr'>περὶ</span> <span class='ocrx_word' id='word_1_673' title='bbox 239 2474 324 2509; x_wconf 87' lang='grc' dir='ltr'>αὐτὴν</span> <span class='ocrx_word' id='word_1_674' title='bbox 345 2474 420 2506; x_wconf 83' lang='grc' dir='ltr'>θείας</span> <span class='ocrx_word' id='word_1_675' title='bbox 442 2475 489 2501; x_wconf 75' lang='grc' dir='ltr'>καὶ</span> <span class='ocrx_word' id='word_1_676' title='bbox 516 2475 592 2509; x_wconf 77' lang='grc' dir='ltr'>ἱερᾶς</span> <span class='ocrx_word' id='word_1_677' title='bbox 614 2475 734 2508; x_wconf 79' lang='grc' dir='ltr'>συνόδου,</span> <span class='ocrx_word' id='word_1_678' title='bbox 756 2475 794 2508; x_wconf 81' lang='grc' dir='ltr'>ὡς</span> <span class='ocrx_word' id='word_1_679' title='bbox 810 2476 944 2510; x_wconf 82' lang='grc' dir='ltr'>ἀθετητὴς</span> 
     </span>
    </p>
   </div>
   <div class='ocr_carea' id='block_1_98' title="bbox 158 2520 942 2557">
    <p class='ocr_par' dir='ltr' id='par_1_98' title="bbox 158 2520 942 2557">
     <span class='ocr_line' id='line_1_98' title="bbox 158 2520 942 2557; baseline 0.001 -10"><span class='ocrx_word' id='word_1_680' title='bbox 158 2521 204 2547; x_wconf 81' lang='grc' dir='ltr'>καὶ</span> <span class='ocrx_word' id='word_1_681' title='bbox 216 2520 324 2548; x_wconf 76' lang='grc' dir='ltr'>ἐναντία</span> <span class='ocrx_word' id='word_1_682' title='bbox 340 2520 448 2555; x_wconf 83' lang='grc' dir='ltr'>φρονῶν</span> <span class='ocrx_word' id='word_1_683' title='bbox 462 2522 493 2556; x_wconf 86' lang='grc' dir='ltr'>τῇ</span> <span class='ocrx_word' id='word_1_684' title='bbox 513 2521 578 2557; x_wconf 82' lang='grc' dir='ltr'>ἁγίᾳ</span> <span class='ocrx_word' id='word_1_685' title='bbox 593 2521 641 2548; x_wconf 90' lang='grc' dir='ltr'>τοῦ</span> <span class='ocrx_word' id='word_1_686' title='bbox 665 2521 786 2557; x_wconf 86' lang='grc' dir='ltr'>Χριστοῦ</span> <span class='ocrx_word' id='word_1_687' title='bbox 811 2521 942 2557; x_wconf 78' lang='grc' dir='ltr'>καθολικῇ</span> 
     </span>
    </p>
   </div>
   <div class='ocr_carea' id='block_1_99' title="bbox 159 2563 944 2602">
    <p class='ocr_par' dir='ltr' id='par_1_99' title="bbox 159 2563 944 2602">
     <span class='ocr_line' id='line_1_99' title="bbox 159 2563 944 2602; baseline 0.005 -12"><span class='ocrx_word' id='word_1_688' title='bbox 159 2566 208 2592; x_wconf 75' lang='grc' dir='ltr'>καὶ</span> <span class='ocrx_word' id='word_1_689' title='bbox 223 2563 390 2600; x_wconf 80' lang='grc' dir='ltr'>ἀποστολικῇ</span> <span class='ocrx_word' id='word_1_690' title='bbox 409 2564 568 2601; x_wconf 72' lang='grc' dir='ltr'>Ἐκκλησία,</span> <span class='ocrx_word' id='word_1_691' title='bbox 582 2566 630 2592; x_wconf 73' lang='grc' dir='ltr'>καὶ</span> <span class='ocrx_word' id='word_1_692' title='bbox 644 2566 806 2602; x_wconf 76' lang='grc' dir='ltr'>βουλόμενος</span> <span class='ocrx_word' id='word_1_693' title='bbox 819 2567 944 2594; x_wconf 86' lang='grc' dir='ltr'>ἐντεῦθεν</span> 
     </span>
    </p>
   </div>
   <div class='ocr_carea' id='block_1_100' title="bbox 159 2611 943 2648">
    <p class='ocr_par' dir='ltr' id='par_1_100' title="bbox 159 2611 943 2648">
     <span class='ocr_line' id='line_1_100' title="bbox 159 2611 943 2648; baseline 0.005 -12"><span class='ocrx_word' id='word_1_694' title='bbox 159 2611 293 2645; x_wconf 87' lang='grc' dir='ltr'>σύγχυσιν</span> <span class='ocrx_word' id='word_1_695' title='bbox 315 2611 363 2636; x_wconf 84' lang='grc' dir='ltr'>καὶ</span> <span class='ocrx_word' id='word_1_696' title='bbox 393 2612 515 2646; x_wconf 82' lang='grc' dir='ltr'>ταραχὴν</span> <span class='ocrx_word' id='word_1_697' title='bbox 539 2612 586 2638; x_wconf 80' lang='grc' dir='ltr'>καὶ</span> <span class='ocrx_word' id='word_1_698' title='bbox 614 2612 718 2648; x_wconf 71' lang='grc' dir='ltr'>φθορὰν</span> <span class='ocrx_word' id='word_1_699' title='bbox 744 2612 884 2648; x_wconf 72' lang='grc' dir='ltr'>προξενεῖν</span> <span class='ocrx_word' id='word_1_700' title='bbox 904 2612 943 2648; x_wconf 81' lang='grc' dir='ltr'>τῷ</span> 
     </span>
    </p>
   </div>
   <div class='ocr_carea' id='block_1_101' title="bbox 158 2655 944 2692">
    <p class='ocr_par' dir='ltr' id='par_1_101' title="bbox 158 2655 944 2692">
     <span class='ocr_line' id='line_1_101' title="bbox 158 2655 944 2692; baseline 0.005 -10"><span class='ocrx_word' id='word_1_701' title='bbox 158 2656 213 2683; x_wconf 86' lang='grc' dir='ltr'>τῶν</span> <span class='ocrx_word' id='word_1_702' title='bbox 247 2655 357 2682; x_wconf 81' lang='grc' dir='ltr'>Ῥώσων</span> <span class='ocrx_word' id='word_1_703' title='bbox 385 2656 572 2692; x_wconf 84' lang='grc' dir='ltr'>Χριστιανικῷ</span> <span class='ocrx_word' id='word_1_704' title='bbox 600 2658 684 2692; x_wconf 82' lang='grc' dir='ltr'>γένει.</span> <span class='ocrx_word' id='word_1_705' title='bbox 721 2658 804 2685; x_wconf 79' lang='grc' dir='ltr'>Ἀλλά</span> <span class='ocrx_word' id='word_1_706' title='bbox 843 2658 944 2686; x_wconf 82' lang='grc' dir='ltr'>τούτων</span> 
     </span>
    </p>
   </div>
   <div class='ocr_carea' id='block_1_102' title="bbox 158 2701 943 2740">
    <p class='ocr_par' dir='ltr' id='par_1_102' title="bbox 158 2701 943 2740">
     <span class='ocr_line' id='line_1_102' title="bbox 158 2701 943 2740; baseline 0.004 -12"><span class='ocrx_word' id='word_1_707' title='bbox 158 2701 229 2729; x_wconf 80' lang='grc' dir='ltr'>οὕτω</span> <span class='ocrx_word' id='word_1_708' title='bbox 246 2702 400 2737; x_wconf 74' lang='grc' dir='ltr'>γενομένων</span> <span class='ocrx_word' id='word_1_709' title='bbox 414 2703 462 2730; x_wconf 80' lang='grc' dir='ltr'>καὶ</span> <span class='ocrx_word' id='word_1_710' title='bbox 488 2704 749 2737; x_wconf 85' lang='grc' dir='ltr'>ἀποκαταστάντων,</span> <span class='ocrx_word' id='word_1_711' title='bbox 777 2704 807 2730; x_wconf 83' lang='grc' dir='ltr'>ὃν</span> <span class='ocrx_word' id='word_1_712' title='bbox 835 2705 943 2740; x_wconf 85' lang='grc' dir='ltr'>εῐρηται</span> 
     </span>
    </p>
   </div>
   <div class='ocr_carea' id='block_1_103' title="bbox 159 2748 944 2785">
    <p class='ocr_par' dir='ltr' id='par_1_103' title="bbox 159 2748 944 2785">
     <span class='ocr_line' id='line_1_103' title="bbox 159 2748 944 2785; baseline 0.004 -11"><span class='ocrx_word' id='word_1_713' title='bbox 159 2749 269 2783; x_wconf 85' lang='grc' dir='ltr'>τρόπον,</span> <span class='ocrx_word' id='word_1_714' title='bbox 287 2748 301 2774; x_wconf 86' lang='grc' dir='ltr'>ό</span> <span class='ocrx_word' id='word_1_715' title='bbox 316 2748 367 2783; x_wconf 84' lang='grc' dir='ltr'>μὲν</span> <span class='ocrx_word' id='word_1_716' title='bbox 383 2748 528 2784; x_wconf 85' lang='grc' dir='ltr'>ίερώτατος</span> <span class='ocrx_word' id='word_1_717' title='bbox 545 2750 749 2785; x_wconf 86' lang='grc' dir='ltr'>μητροπολίτης</span> <span class='ocrx_word' id='word_1_718' title='bbox 766 2751 872 2778; x_wconf 76' lang='grc' dir='ltr'>Κυέϐου</span> <span class='ocrx_word' id='word_1_719' title='bbox 896 2751 944 2778; x_wconf 79' lang='grc' dir='ltr'>καὶ</span> 
     </span>
    </p>
   </div>
   <div class='ocr_carea' id='block_1_104' title="bbox 160 2793 942 2831">
    <p class='ocr_par' dir='ltr' id='par_1_104' title="bbox 160 2793 942 2831">
     <span class='ocr_line' id='line_1_104' title="bbox 160 2793 942 2831; baseline 0.001 -10"><span class='ocrx_word' id='word_1_720' title='bbox 160 2795 248 2829; x_wconf 80' lang='grc' dir='ltr'>πάσης</span> <span class='ocrx_word' id='word_1_721' title='bbox 267 2793 421 2826; x_wconf 84' lang='grc' dir='ltr'>Ῥωσίας,ό</span> <span class='ocrx_word' id='word_1_722' title='bbox 443 2795 496 2830; x_wconf 88' lang='grc' dir='ltr'>κῦρ</span> <span class='ocrx_word' id='word_1_723' title='bbox 527 2795 654 2828; x_wconf 77' lang='grc' dir='ltr'>Ἀλέξιος,</span> <span class='ocrx_word' id='word_1_724' title='bbox 686 2795 843 2831; x_wconf 81' lang='grc' dir='ltr'>εὑρίσκεται</span> <span class='ocrx_word' id='word_1_725' title='bbox 873 2796 942 2823; x_wconf 83' lang='grc' dir='ltr'>κατὰ</span> 
     </span>
    </p>
   </div>
   <div class='ocr_carea' id='block_1_105' title="bbox 159 2840 942 2877">
    <p class='ocr_par' dir='ltr' id='par_1_105' title="bbox 159 2840 942 2877">
     <span class='ocr_line' id='line_1_105' title="bbox 159 2840 942 2877; baseline 0.003 -10"><span class='ocrx_word' id='word_1_726' title='bbox 159 2840 248 2868; x_wconf 81' lang='grc' dir='ltr'>πάντα</span> <span class='ocrx_word' id='word_1_727' title='bbox 272 2840 433 2876; x_wconf 77' lang='grc' dir='ltr'>πειθόμενος</span> <span class='ocrx_word' id='word_1_728' title='bbox 453 2843 507 2874; x_wconf 78' lang='grc' dir='ltr'>τοῖς</span> <span class='ocrx_word' id='word_1_729' title='bbox 534 2842 723 2876; x_wconf 77' lang='grc' dir='ltr'>διαγνωσθεῖσι</span> <span class='ocrx_word' id='word_1_730' title='bbox 749 2842 904 2877; x_wconf 69' lang='grc' dir='ltr'>συνοδικῶς,</span> <span class='ocrx_word' id='word_1_731' title='bbox 929 2842 942 2869; x_wconf 90' lang='grc' dir='ltr'>ό</span> 
     </span>
    </p>
   </div>
   <div class='ocr_carea' id='block_1_106' title="bbox 992 2240 1774 2277">
    <p class='ocr_par' dir='ltr' id='par_1_106' title="bbox 992 2240 1774 2277">
     <span class='ocr_line' id='line_1_106' title="bbox 992 2240 1774 2277; baseline -0.004 -9"><span class='ocrx_word' id='word_1_732' title='bbox 992 2241 1042 2277; x_wconf 84' lang='grc' dir='ltr'>τὴν</span> <span class='ocrx_word' id='word_1_733' title='bbox 1058 2241 1170 2277; x_wconf 79' lang='grc' dir='ltr'>μείζονα</span> <span class='ocrx_word' id='word_1_734' title='bbox 1191 2242 1345 2276; x_wconf 79' lang='grc' dir='ltr'>ἐπισκοπὴν</span> <span class='ocrx_word' id='word_1_735' title='bbox 1363 2241 1413 2275; x_wconf 86' lang='grc' dir='ltr'>τῆς</span> <span class='ocrx_word' id='word_1_736' title='bbox 1429 2241 1556 2273; x_wconf 85' lang='grc' dir='ltr'>Ῥωσίας,</span> <span class='ocrx_word' id='word_1_737' title='bbox 1572 2240 1620 2266; x_wconf 88' lang='grc' dir='ltr'>τοῦ</span> <span class='ocrx_word' id='word_1_738' title='bbox 1642 2240 1774 2275; x_wconf 85' lang='grc' dir='ltr'>Μπριανί-</span> 
     </span>
    </p>
   </div>
   <div class='ocr_carea' id='block_1_107' title="bbox 993 2285 1773 2323">
    <p class='ocr_par' dir='ltr' id='par_1_107' title="bbox 993 2285 1773 2323">
     <span class='ocr_line' id='line_1_107' title="bbox 993 2285 1773 2323; baseline -0.004 -9"><span class='ocrx_word' id='word_1_739' title='bbox 993 2294 1074 2320; x_wconf 84' lang='grc' dir='ltr'>σκου,</span> <span class='ocrx_word' id='word_1_740' title='bbox 1095 2287 1289 2323; x_wconf 85' lang='grc' dir='ltr'>ίδιοποιήσατο,</span> <span class='ocrx_word' id='word_1_741' title='bbox 1312 2287 1469 2323; x_wconf 84' lang='grc' dir='ltr'>ἀνήκουσαν</span> <span class='ocrx_word' id='word_1_742' title='bbox 1494 2285 1533 2321; x_wconf 82' lang='grc' dir='ltr'>τῷ</span> <span class='ocrx_word' id='word_1_743' title='bbox 1563 2285 1700 2321; x_wconf 81' lang='grc' dir='ltr'>ίερωτάτῳ</span> <span class='ocrx_word' id='word_1_744' title='bbox 1724 2294 1773 2320; x_wconf 89' lang='grc' dir='ltr'>μη-</span> 
     </span>
    </p>
   </div>
   <div class='ocr_carea' id='block_1_108' title="bbox 993 2331 1772 2369">
    <p class='ocr_par' dir='ltr' id='par_1_108' title="bbox 993 2331 1772 2369">
     <span class='ocr_line' id='line_1_108' title="bbox 993 2331 1772 2369; baseline -0.003 -9"><span class='ocrx_word' id='word_1_745' title='bbox 993 2333 1141 2369; x_wconf 82' lang='grc' dir='ltr'>τροπολίτῃ</span> <span class='ocrx_word' id='word_1_746' title='bbox 1156 2333 1265 2360; x_wconf 83' lang='grc' dir='ltr'>Κυέϐου</span> <span class='ocrx_word' id='word_1_747' title='bbox 1289 2333 1337 2360; x_wconf 80' lang='grc' dir='ltr'>καὶ</span> <span class='ocrx_word' id='word_1_748' title='bbox 1370 2333 1462 2368; x_wconf 83' lang='grc' dir='ltr'>πάσης</span> <span class='ocrx_word' id='word_1_749' title='bbox 1499 2332 1626 2364; x_wconf 86' lang='grc' dir='ltr'>Ῥωσίας,</span> <span class='ocrx_word' id='word_1_750' title='bbox 1661 2331 1700 2366; x_wconf 86' lang='grc' dir='ltr'>τῷ</span> <span class='ocrx_word' id='word_1_751' title='bbox 1724 2331 1772 2366; x_wconf 89' lang='grc' dir='ltr'>κῦρ</span> 
     </span>
    </p>
   </div>
   <div class='ocr_carea' id='block_1_109' title="bbox 999 2377 1773 2416">
    <p class='ocr_par' dir='ltr' id='par_1_109' title="bbox 999 2377 1773 2416">
     <span class='ocr_line' id='line_1_109' title="bbox 999 2377 1773 2416; baseline -0.004 -9"><span class='ocrx_word' id='word_1_752' title='bbox 999 2380 1120 2416; x_wconf 81' lang='grc' dir='ltr'>’Δλεξίῳ,</span> <span class='ocrx_word' id='word_1_753' title='bbox 1136 2380 1182 2415; x_wconf 81' lang='grc' dir='ltr'>ἀφ’</span> <span class='ocrx_word' id='word_1_754' title='bbox 1193 2377 1224 2407; x_wconf 75' lang='grc' dir='ltr'>οῦ</span> <span class='ocrx_word' id='word_1_755' title='bbox 1237 2379 1358 2414; x_wconf 85' lang='grc' dir='ltr'>δηλονότι</span> <span class='ocrx_word' id='word_1_756' title='bbox 1370 2378 1525 2414; x_wconf 77' lang='grc' dir='ltr'>ὑφορῶνται</span> <span class='ocrx_word' id='word_1_757' title='bbox 1549 2378 1596 2404; x_wconf 73' lang='grc' dir='ltr'>καὶ</span> <span class='ocrx_word' id='word_1_758' title='bbox 1609 2377 1650 2404; x_wconf 78' lang='grc' dir='ltr'>ἔτι</span> <span class='ocrx_word' id='word_1_759' title='bbox 1667 2378 1773 2413; x_wconf 73' lang='grc' dir='ltr'>μείζονα</span> 
     </span>
    </p>
   </div>
   <div class='ocr_carea' id='block_1_110' title="bbox 993 2423 1772 2462">
    <p class='ocr_par' dir='ltr' id='par_1_110' title="bbox 993 2423 1772 2462">
     <span class='ocr_line' id='line_1_110' title="bbox 993 2423 1772 2462; baseline -0.004 -9"><span class='ocrx_word' id='word_1_760' title='bbox 993 2426 1028 2453; x_wconf 77' lang='grc' dir='ltr'>τὰ</span> <span class='ocrx_word' id='word_1_761' title='bbox 1043 2427 1117 2454; x_wconf 84' lang='grc' dir='ltr'>κακά</span> <span class='ocrx_word' id='word_1_762' title='bbox 1131 2426 1322 2462; x_wconf 86' lang='grc' dir='ltr'>προχωρήσειν</span> <span class='ocrx_word' id='word_1_763' title='bbox 1335 2425 1382 2452; x_wconf 86' lang='grc' dir='ltr'>καὶ</span> <span class='ocrx_word' id='word_1_764' title='bbox 1392 2424 1526 2459; x_wconf 87' lang='grc' dir='ltr'>καθολική</span> <span class='ocrx_word' id='word_1_765' title='bbox 1551 2433 1595 2456; x_wconf 88' lang='grc' dir='ltr'>τις</span> <span class='ocrx_word' id='word_1_766' title='bbox 1615 2423 1702 2459; x_wconf 86' lang='grc' dir='ltr'>φθορὰ</span> <span class='ocrx_word' id='word_1_767' title='bbox 1731 2424 1772 2450; x_wconf 76' lang='grc' dir='ltr'>καὶ</span> 
     </span>
    </p>
   </div>
   <div class='ocr_carea' id='block_1_111' title="bbox 993 2471 1771 2508">
    <p class='ocr_par' dir='ltr' id='par_1_111' title="bbox 993 2471 1771 2508">
     <span class='ocr_line' id='line_1_111' title="bbox 993 2471 1771 2508; baseline -0.006 -7"><span class='ocrx_word' id='word_1_768' title='bbox 993 2473 1153 2508; x_wconf 89' lang='grc' dir='ltr'>καινοτομία</span> <span class='ocrx_word' id='word_1_769' title='bbox 1166 2474 1221 2500; x_wconf 91' lang='grc' dir='ltr'>τῶν</span> <span class='ocrx_word' id='word_1_770' title='bbox 1236 2471 1472 2508; x_wconf 85' lang='grc' dir='ltr'>ἐκκλησιαστικῶν</span> <span class='ocrx_word' id='word_1_771' title='bbox 1497 2471 1668 2506; x_wconf 70' lang='grc' dir='ltr'>πραγμάτων</span> <span class='ocrx_word' id='word_1_772' title='bbox 1692 2471 1722 2496; x_wconf 81' lang='grc' dir='ltr'>ἐν</span> <span class='ocrx_word' id='word_1_773' title='bbox 1743 2471 1771 2505; x_wconf 78' lang='grc' dir='ltr'>τῇ</span> 
     </span>
    </p>
   </div>
   <div class='ocr_carea' id='block_1_112' title="bbox 993 2516 1772 2556">
    <p class='ocr_par' dir='ltr' id='par_1_112' title="bbox 993 2516 1772 2556">
     <span class='ocr_line' id='line_1_112' title="bbox 993 2516 1772 2556; baseline -0.004 -10"><span class='ocrx_word' id='word_1_774' title='bbox 993 2520 1043 2556; x_wconf 80' lang='grc' dir='ltr'>ὅλῃ</span> <span class='ocrx_word' id='word_1_775' title='bbox 1058 2520 1179 2555; x_wconf 78' lang='grc' dir='ltr'>ἐπαρχίᾳ</span> <span class='ocrx_word' id='word_1_776' title='bbox 1193 2519 1243 2554; x_wconf 82' lang='grc' dir='ltr'>τῆς</span> <span class='ocrx_word' id='word_1_777' title='bbox 1262 2518 1379 2550; x_wconf 83' lang='grc' dir='ltr'>Ῥωσίας</span> <span class='ocrx_word' id='word_1_778' title='bbox 1395 2526 1404 2535; x_wconf 89' lang='grc'><strong>·</strong></span> <span class='ocrx_word' id='word_1_779' title='bbox 1422 2518 1439 2554; x_wconf 84' lang='grc' dir='ltr'>ή</span> <span class='ocrx_word' id='word_1_780' title='bbox 1469 2517 1613 2552; x_wconf 76' lang='grc' dir='ltr'>μετριότης</span> <span class='ocrx_word' id='word_1_781' title='bbox 1637 2516 1728 2552; x_wconf 85' lang='grc' dir='ltr'>ήμῶν,</span> <span class='ocrx_word' id='word_1_782' title='bbox 1747 2517 1772 2543; x_wconf 81' lang='grc' dir='ltr'>ὃν</span> 
     </span>
    </p>
   </div>
   <div class='ocr_carea' id='block_1_113' title="bbox 994 2560 1771 2601">
    <p class='ocr_par' dir='ltr' id='par_1_113' title="bbox 994 2560 1771 2601">
     <span class='ocr_line' id='line_1_113' title="bbox 994 2560 1771 2601; baseline -0.006 -9"><span class='ocrx_word' id='word_1_783' title='bbox 994 2566 1102 2601; x_wconf 71' lang='grc' dir='ltr'>εἴρηται</span> <span class='ocrx_word' id='word_1_784' title='bbox 1116 2565 1230 2601; x_wconf 86' lang='grc' dir='ltr'>τρόπον,</span> <span class='ocrx_word' id='word_1_785' title='bbox 1245 2564 1383 2599; x_wconf 85' lang='grc' dir='ltr'>κηδομένη</span> <span class='ocrx_word' id='word_1_786' title='bbox 1395 2563 1442 2589; x_wconf 74' lang='grc' dir='ltr'>καὶ</span> <span class='ocrx_word' id='word_1_787' title='bbox 1455 2562 1646 2598; x_wconf 79' lang='grc' dir='ltr'>φροντίζουσα,</span> <span class='ocrx_word' id='word_1_788' title='bbox 1660 2560 1771 2597; x_wconf 77' lang='grc' dir='ltr'>Χριστοῦ</span> 
     </span>
    </p>
   </div>
   <div class='ocr_carea' id='block_1_114' title="bbox 993 2607 1771 2647">
    <p class='ocr_par' dir='ltr' id='par_1_114' title="bbox 993 2607 1771 2647">
     <span class='ocr_line' id='line_1_114' title="bbox 993 2607 1771 2647; baseline -0.006 -9"><span class='ocrx_word' id='word_1_789' title='bbox 993 2611 1094 2647; x_wconf 80' lang='grc' dir='ltr'>χάριτι,</span> <span class='ocrx_word' id='word_1_790' title='bbox 1108 2611 1159 2646; x_wconf 86' lang='grc' dir='ltr'>τῆς</span> <span class='ocrx_word' id='word_1_791' title='bbox 1173 2611 1285 2646; x_wconf 83' lang='grc' dir='ltr'>εἰρήνης</span> <span class='ocrx_word' id='word_1_792' title='bbox 1295 2610 1342 2636; x_wconf 80' lang='grc' dir='ltr'>καὶ</span> <span class='ocrx_word' id='word_1_793' title='bbox 1360 2608 1487 2643; x_wconf 78' lang='grc' dir='ltr'>ὁμονοίας</span> <span class='ocrx_word' id='word_1_794' title='bbox 1511 2608 1558 2635; x_wconf 88' lang='grc' dir='ltr'>τοῦ</span> <span class='ocrx_word' id='word_1_795' title='bbox 1585 2607 1635 2642; x_wconf 87' lang='grc' dir='ltr'>τῆς</span> <span class='ocrx_word' id='word_1_796' title='bbox 1662 2607 1771 2643; x_wconf 82' lang='grc' dir='ltr'>Ἐκκλη-</span> 
     </span>
    </p>
   </div>
   <div class='ocr_carea' id='block_1_115' title="bbox 995 2651 1771 2691">
    <p class='ocr_par' dir='ltr' id='par_1_115' title="bbox 995 2651 1771 2691">
     <span class='ocr_line' id='line_1_115' title="bbox 995 2651 1771 2691; baseline -0.005 -7"><span class='ocrx_word' id='word_1_797' title='bbox 995 2658 1055 2689; x_wconf 88' lang='grc' dir='ltr'>σίας</span> <span class='ocrx_word' id='word_1_798' title='bbox 1066 2657 1126 2683; x_wconf 81' lang='grc' dir='ltr'>ὅλου</span> <span class='ocrx_word' id='word_1_799' title='bbox 1138 2656 1333 2691; x_wconf 86' lang='grc' dir='ltr'>πληρώματος,</span> <span class='ocrx_word' id='word_1_800' title='bbox 1356 2654 1510 2689; x_wconf 81' lang='grc' dir='ltr'>ὀφείλοντος</span> <span class='ocrx_word' id='word_1_801' title='bbox 1538 2654 1566 2681; x_wconf 81' lang='grc' dir='ltr'>ἐν</span> <span class='ocrx_word' id='word_1_802' title='bbox 1590 2654 1671 2689; x_wconf 87' lang='grc' dir='ltr'>σῶμα</span> <span class='ocrx_word' id='word_1_803' title='bbox 1697 2651 1771 2686; x_wconf 80' lang='grc' dir='ltr'>εἷναι,</span> 
     </span>
    </p>
   </div>
   <div class='ocr_carea' id='block_1_116' title="bbox 994 2699 1771 2737">
    <p class='ocr_par' dir='ltr' id='par_1_116' title="bbox 994 2699 1771 2737">
     <span class='ocr_line' id='line_1_116' title="bbox 994 2699 1771 2737; baseline -0.005 -7"><span class='ocrx_word' id='word_1_804' title='bbox 994 2703 1041 2730; x_wconf 78' lang='grc' dir='ltr'>καὶ</span> <span class='ocrx_word' id='word_1_805' title='bbox 1055 2701 1209 2729; x_wconf 83' lang='grc' dir='ltr'>συνδεῖσθαι</span> <span class='ocrx_word' id='word_1_806' title='bbox 1225 2701 1265 2737; x_wconf 88' lang='grc' dir='ltr'>τῷ</span> <span class='ocrx_word' id='word_1_807' title='bbox 1283 2701 1333 2735; x_wconf 88' lang='grc' dir='ltr'>τῆς</span> <span class='ocrx_word' id='word_1_808' title='bbox 1350 2701 1463 2736; x_wconf 88' lang='grc' dir='ltr'>ἀγάπης</span> <span class='ocrx_word' id='word_1_809' title='bbox 1479 2701 1611 2736; x_wconf 78' lang='grc' dir='ltr'>ἀρῤήκτῳ</span> <span class='ocrx_word' id='word_1_810' title='bbox 1626 2699 1718 2734; x_wconf 82' lang='grc' dir='ltr'>δεσμῷ</span> <span class='ocrx_word' id='word_1_811' title='bbox 1732 2700 1771 2726; x_wconf 75' lang='grc' dir='ltr'>καί</span> 
     </span>
    </p>
   </div>
   <div class='ocr_carea' id='block_1_117' title="bbox 994 2745 1771 2784">
    <p class='ocr_par' dir='ltr' id='par_1_117' title="bbox 994 2745 1771 2784">
     <span class='ocr_line' id='line_1_117' title="bbox 994 2745 1771 2784; baseline -0.004 -9"><span class='ocrx_word' id='word_1_812' title='bbox 994 2748 1067 2784; x_wconf 78' lang='grc' dir='ltr'>ἔχειν</span> <span class='ocrx_word' id='word_1_813' title='bbox 1103 2747 1229 2774; x_wconf 81' lang='grc' dir='ltr'>ἐντεῦθεν</span> <span class='ocrx_word' id='word_1_814' title='bbox 1256 2747 1302 2774; x_wconf 78' lang='grc' dir='ltr'>τὸν</span> <span class='ocrx_word' id='word_1_815' title='bbox 1336 2747 1535 2781; x_wconf 83' lang='grc' dir='ltr'>ἀκρογωνιαῑον</span> <span class='ocrx_word' id='word_1_816' title='bbox 1561 2746 1634 2772; x_wconf 86' lang='grc' dir='ltr'>λίθον</span> <span class='ocrx_word' id='word_1_817' title='bbox 1661 2745 1771 2780; x_wconf 71' lang='grc' dir='ltr'>Χριστὸν</span> 
     </span>
    </p>
   </div>
   <div class='ocr_carea' id='block_1_118' title="bbox 993 2793 1771 2830">
    <p class='ocr_par' dir='ltr' id='par_1_118' title="bbox 993 2793 1771 2830">
     <span class='ocr_line' id='line_1_118' title="bbox 993 2793 1771 2830; baseline -0.003 -10"><span class='ocrx_word' id='word_1_818' title='bbox 993 2794 1126 2830; x_wconf 81' lang='grc' dir='ltr'>κεφαλὴν,</span> <span class='ocrx_word' id='word_1_819' title='bbox 1142 2794 1200 2828; x_wconf 72' lang='grc' dir='ltr'>ἅμα</span> <span class='ocrx_word' id='word_1_820' title='bbox 1225 2794 1252 2820; x_wconf 85' lang='grc' dir='ltr'>δέ</span> <span class='ocrx_word' id='word_1_821' title='bbox 1282 2794 1458 2828; x_wconf 83' lang='grc' dir='ltr'>ἀναχαιτίσαι</span> <span class='ocrx_word' id='word_1_822' title='bbox 1485 2793 1644 2828; x_wconf 81' lang='grc' dir='ltr'>πειρωμένη</span> <span class='ocrx_word' id='word_1_823' title='bbox 1677 2793 1722 2818; x_wconf 78' lang='grc' dir='ltr'>καὶ</span> <span class='ocrx_word' id='word_1_824' title='bbox 1743 2793 1771 2819; x_wconf 77' lang='grc' dir='ltr'>τὰ</span> 
     </span>
    </p>
   </div>
   <div class='ocr_carea' id='block_1_119' title="bbox 995 2839 1770 2877">
    <p class='ocr_par' dir='ltr' id='par_1_119' title="bbox 995 2839 1770 2877">
     <span class='ocr_line' id='line_1_119' title="bbox 995 2839 1770 2877; baseline 0 -10"><span class='ocrx_word' id='word_1_825' title='bbox 995 2841 1222 2877; x_wconf 48' lang='grc' dir='ltr'>μεσολαὸίλσαντα</span> <span class='ocrx_word' id='word_1_826' title='bbox 1238 2840 1372 2868; x_wconf 75' lang='grc' dir='ltr'>σκάνδαλα</span> <span class='ocrx_word' id='word_1_827' title='bbox 1385 2839 1485 2875; x_wconf 70' lang='grc' dir='ltr'>μεταξὺ</span> <span class='ocrx_word' id='word_1_828' title='bbox 1495 2840 1549 2867; x_wconf 87' lang='grc' dir='ltr'>τῶν</span> <span class='ocrx_word' id='word_1_829' title='bbox 1560 2840 1605 2866; x_wconf 76' lang='grc' dir='ltr'>δύο</span> <span class='ocrx_word' id='word_1_830' title='bbox 1617 2839 1770 2875; x_wconf 79' lang='grc' dir='ltr'>ἀρχιερέων,</span> 
     </span>
    </p>
   </div>
  </div>
