1935 3077
113 167 180 200 13·ίῖ

647 154 840 186 8ΥΝΟΒῘΟ.¹Ε
855 148 1192 183 CONS’I‘ITUTIONES.

1653 147 1723 179 1318

105 217 358 255 συνδιασκεψαμένη
373 216 408 243 τὰ
431 214 494 251 περὶ
510 213 606 240 τούτου
633 213 689 244 τοῖς
718 211 782 246 περὶ
804 210 888 245 αὐτὴν
902 215 926 245 Α
945 216 998 244 ριοι
1013 208 1084 235 κατά
1093 208 1141 243 τὴν
1154 206 1266 234 ἐνοῦσαν
1276 206 1366 239 αὐτοῖς
1379 206 1526 242 ἐμπειρίαν
1553 207 1600 233 καὶ
1625 206 1726 241 είδησιν

106 267 261 305 ἱερωτάτοις
277 262 434 300 ἀρχιερεῦσι
449 261 496 288 καὶ
507 259 679 295 ὑπερτίμοις,
699 257 771 284 κατὰ
789 256 891 291 Κύριον

106 301 260 347 ἀγαπητοῖς
274 310 399 344 ἀδελφοῖς
410 307 458 341 τῆς
474 305 554 342 ήμῶν
570 303 747 340 μετριότητος
761 303 808 329 καὶ
827 301 892 328 συλ-

104 358 286 393 λειτουργοίς,
303 355 342 390 τῷ
357 353 489 385 Κυζίκου,
503 351 542 385 τῷ
555 349 738 385 Χαλκηδόνος,
753 348 792 382 τῷ
823 347 892 374 Πον-

105 391 350 438 τοηρακλείας,τῷ
378 397 489 432 Βιζύης,
517 395 556 430 τῷ
582 395 630 422 καὶ
661 394 706 420 τὸν
728 393 811 438 τόπον
843 391 891 418 τοῦ

105 436 318 482 Σταυροπόλεως
330 443 466 478 ἐπέχοντι,
480 440 520 476 τῷ
542 440 680 475 Βρύσεως,
705 437 744 472 τῷ
771 436 893 471 Κελτζη-

106 494 167 529 νῆς,
184 492 223 526 τῷ
234 489 515 526 Χριστιανουπόλεως,
527 486 566 521 τῷ
594 483 754 518 Σουγδαίαςι
768 482 807 517 τῷ
827 483 894 508 Ῥω·

108 527 178 570 σίου.
195 538 233 573 τῷ
251 537 378 571 Μάκρης,
406 534 446 569 τῷ
472 532 559 559 Γάνου
591 530 639 557 καὶ
668 529 706 564 τῷ
735 527 894 573 τιμιωτάτῳ

108 583 256 619 ὺποψηφίῳ
282 582 332 616 τῆς
359 578 513 614 ἁγιωτάτης
538 574 730 612 μητροπόλεως
744 572 893 619 ,Θεσσαλο-

109 617 201 664 νίκης,
215 617 447 661 ἐπευὸοκήσαντος
475 624 516 654 είς
527 621 607 649 τοῦτο
622 620 668 647 τοῦ
680 621 712 646 ἐκ
735 617 804 645 Θεοῦ
827 625 894 652 κρα-

109 663 201 702 τίστου
216 674 263 701 καὶ
278 673 356 707 ἁγίου
368 679 418 705 μου
433 667 647 703 αὐτοκράτορος,
661 666 699 697 ὠς
726 663 894 699 ἀποδεχομέ-

108 730 154 748 νου
167 722 201 756 τῇ
219 713 332 754 ἐμὶρύτῳ
347 717 430 744 αὑτοῦ
443 716 507 750 περὶ
530 715 565 741 τὰ
578 713 649 740 καλά
675 711 841 748 χρηστότητι
865 709 896 736 τὸ

109 766 159 801 τῆς
172 766 283 801 είρήνης
302 764 349 790 καὶ
362 762 487 797 ὁμονοίας
496 760 578 787 καλὸν
593 759 639 785 καὶ
652 757 796 785 διεκδικείν
812 755 897 783 σπεύ-

109 811 199 841 δοντος
214 809 303 836 πάντα
315 808 350 835 τὰ
364 805 578 842 ἐκκλησιαστικά
592 804 684 831 δίκαια
699 803 746 830 καὶ
759 801 895 836 προνόμια

109 856 157 882 καὶ
174 853 355 888 ἐκλεξαμένου
366 853 412 879 τὸν
424 850 587 886 τιμιώτατον
602 848 743 875 σακελλίου
770 847 820 881 τῆς
835 845 897 873 καθ’

110 902 185 936 ήμᾶς
196 899 353 933 ἁγιωτάτης
368 897 416 925 τοῦ
431 895 499 924 Θεοῦ
522 894 642 931 μεγάλης
660 893 825 928 Ἐκκλησίας
852 893 898 919 καὶ
913 902 935 931 Β

111 944 319 979 συλλειτουργδν
335 942 382 969 καὶ
408 942 454 968 τδν
480 941 645 976 τιμιώτατον
675 938 815 965 σακελλίου
846 937 895 972 τῆς

111 989 172 1016 καθ’
188 990 262 1024 ἡμᾶς
284 986 438 1021 ἁγιωτάτης
452 984 500 1012 τοῦ
523 984 592 1011 Θεοῦ
618 982 747 1017 Μεγάλης
781 981 895 1016 Ἐκκλη-

112 1035 173 1066 σίας
188 1035 233 1061 καὶ
249 1032 456 1067 δικαιοφύλακα,
466 1031 496 1057 ἐν
511 1030 580 1063 ἀγίῳ
604 1029 743 1064 Πνεύματι
772 1026 893 1061 γνησιώ-

110 1088 191 1107 τατον
207 1079 264 1106 υίδν
290 1077 340 1113 τῆς
357 1076 435 1112 ήμῶν
465 1076 652 1111 μετριότητος,
682 1073 733 1108 κῦρ
759 1073 896 1107 Γεώργιον

111 1125 235 1152 διάκονον
245 1124 291 1151 τὸν
306 1123 454 1157 Περδίκην,
470 1121 516 1148 καὶ
532 1120 569 1152 ὡς
585 1120 711 1151 εύλαὸεῖς
735 1119 782 1145 καὶ
801 1118 897 1153 χρησί-

113 1179 182 1206 μους
195 1170 242 1197 καὶ
259 1167 424 1203 ἀναγκαίους
451 1166 613 1202 ἀνθρώπους
643 1165 691 1192 καὶ
720 1164 823 1199 εἴδησιν
847 1164 898 1190 οὐκ

111 1216 206 1251 ὀλίγην
219 1215 407 1249 κεκτημένους
424 1213 479 1240 τῶν
496 1212 578 1239 θείων
594 1211 641 1238 καὶ
665 1211 745 1246 ίερῶν
765 1209 897 1241 κανόνων,

113 1263 225 1298 ιχοντας
239 1261 267 1287 δὲ
281 1261 328 1288 καὶ
351 1260 440 1291 ἄλλως
454 1259 522 1286 πολὺ
536 1258 566 1284 τὸ
583 1257 740 1289 ἀξιόπιστον
767 1255 823 1282 ἀπὸ
850 1255 897 1281 τοῦ

113 1308 215 1343 τρόπου
252 1307 299 1334 καὶ
329 1308 379 1343 τῆς
407 1306 541 1336 συνέσεως
570 1303 678 1336 αὐτῶν,
708 1300 898 1334 ἐξαπέστειλεν

114 1354 361 1389 ἀποκρισιαρίους,
393 1351 463 1378 ὥστε
499 1348 664 1384 ποιήσασθαι
693 1348 744 1382 τὴν
768 1345 898 1381 τοιαύτην

114 1400 249 1432 ἐξέτασιν,
266 1399 362 1429 οἵτινες
379 1397 426 1424 καὶ
449 1395 601 1430 ὀφείλουσιν
628 1394 755 1420 ἀπελθεῖν
785 1395 825 1424 είς
850 1393 899 1427 τὴν

121 1447 238 1473 Ῥωσίαν
255 1445 301 1471 καὶ
317 1442 556 1480 προσκαλέσασθαι
574 1440 637 1471 τοὺς
661 1440 750 1466 ἐκεῖσε
779 1438 898 1473 θεοφιλε-

116 1493 230 1524 στάτους
247 1491 424 1522 ἐπισκόπους,
437 1489 517 1519 ὅσους
543 1486 574 1513 οὐ
589 1486 689 1513 κωλύει
706 1485 736 1512 τὺ
761 1484 827 1512 πολὺ
849 1483 900 1518 τῆς

115 1539 174 1566 ὁδοῦ
189 1539 276 1574 μῆκος
290 1537 330 1568 είς
344 1535 426 1563 ταυτὸ
444 1534 594 1566 συνελθεῖν,
606 1533 675 1560 ἀλλά
700 1531 733 1567 δὴ
759 1530 807 1558 καὶ
837 1531 900 1561 τοὺς

941 255 996 282 τῶν
1012 254 1091 282 θείων
1106 255 1153 281 καὶ
1173 254 1253 290 ἱερῶν
1273 254 1404 286 κανόνων,
1428 253 1520 285 καθὼς
1548 253 1726 287 ἀνετέθησαν,

943 300 1108 334 ποιήσασθαι
1123 299 1270 330 ἀκωλύτως
1287 298 1336 333 τὴν
1351 298 1482 333 τοιαύτην
1508 298 1632 331 ἐξέτασιν
1661 298 1728 324 ἐνώ-

942 354 1006 373 πιον
1024 345 1079 372 τῶν
1100 344 1313 378 θεοιριλεστάτων
1326 344 1485 370 ἐπισκόπων
1499 344 1547 370 καὶ
1567 343 1622 369 τῶν
1650 343 1729 377 εὐγε-

942 392 1080 417 νεστάτων
1108 388 1213 424 ρηγῶν,
1242 388 1281 420 ὡς
1303 387 1337 415 ἂν
1362 387 1410 414 καὶ
1439 387 1527 419 οὕτως
1560 388 1605 414 τὶν
1628 387 1729 422 τρόπον

943 435 1036 462 τοῦτον
1050 435 1154 468 ἐκκοπῇ
1175 434 1251 460 πᾶσα
1269 434 1404 468 πρόφασις
1425 434 1473 460 καὶ
1500 432 1606 467 αίτίαή
1633 432 1730 467 προξε-

943 479 1027 506 νοῦσα
1040 478 1136 510 κακῶς
1147 478 1194 504 καὶ
1206 477 1389 508 ἀκανονίστως
1403 478 1437 504 τὰ
1452 476 1567 503 τοιαῦτα
1582 477 1728 504 σκάνδαλα.

944 524 992 555 Είς
1005 524 1059 557 γὰρ
1072 523 1121 558 τὴν
1138 523 1203 557 περὶ
1217 522 1314 549 τούτου
1334 523 1488 558 ἀσφάλειαν
1505 521 1668 548 ἀπολέλυται
1683 522 1731 548 καὶ

945 570 962 604 ή
976 568 1102 604 παροῦσα
1117 568 1243 602 συνοδικὴ
1267 567 1377 603 πρᾶξις,
1393 567 1618 602 καταστρωθεϊσα
1631 568 1661 593 ἐν
1692 567 1731 601 τῷ

946 613 1012 650 ἱερῷ
1029 613 1149 648 κωδικίῳ
1163 613 1232 639 κατὰ
1250 613 1322 648 μῆνα
1342 612 1453 639 Ἰούλιον
1478 612 1525 639 τοῦ
1539 611 1629 648 ,ςωξθ¹
1645 611 1730 644 ἔτους.

979 660 1000 696 -ι-
1019 658 1090 694 Εἶχε
1121 659 1171 685 καὶ
1199 658 1249 686 διὰ
1272 659 1370 693 τιμίας
1397 657 1613 694 πατριαρχιχῆς
1632 657 1733 692 χειρὸς

945 706 980 734 τό
993 714 1001 723 ’
1015 705 1096 740 Μηνὶ
1117 705 1237 738 Ἰουλίῳ
1262 705 1320 732 ινδ.
1338 704 1383 731 ιδ’.

945 785 1070 813 XXXIX.
1083 785 1250 812 Patriarchw
1268 783 1362 812 liuere
1377 784 1411 820 a4
1432 784 1628 820 imperatorem,
1648 784 1734 820 99mi-

982 820 1048 882 iinm
1078 822 1102 848 ei
1120 821 1209 847 daulis
1237 820 1265 846 in
1295 820 1373 847 rebus
1393 818 1571 847 lanu'ensium
1596 825 1620 847 et
1652 819 1734 847 Vene-

994 863 1081 882 orum.

994 863 1081 883 orum.

1021 911 1167 938 Πιττάκιον
1181 910 1380 946 πατριαρχικδν
1396 910 1464 946 πρὸς
1478 910 1524 937 τὸν
1541 909 1663 944 βασιλέα.

981 978 1002 1014 1-
1020 978 1171 1013 Κράτιστε,
1185 978 1326 1012 θεόσεπτε,
1350 977 1518 1011 θεοδόξαστε,
1541 976 1733 1013 θεοπρόὸλητε,

947 1024 1157 1059 θεοκυὸόρνητε,
1170 1023 1381 1058 θεομεγάλυντε,
1393 1023 1455 1057 am
1473 1031 1523 1059 μου
1538 1023 1656 1050 δέσποτα
1686 1022 1734 1057 βα-

948 1069 1035 1101 σιλεῦ,
1050 1069 1144 1103 ὑγείαν
1159 1069 1207 1096 καὶ
1230 1068 1364 1104 εὐθυμίαν
1386 1067 1488 1104 ψυχῆς,
1513 1067 1560 1095 τοῦ
1589 1067 1662 1094 θείου
1686 1076 1733 1093 σου

947 1115 995 1141 καὶ
1007 1113 1147 1149 βασιλικοῦ
1161 1113 1286 1149 σώματος
1302 1114 1386 1149 ρὦιν
1400 1115 1448 1141 καὶ
1465 1114 1583 1146 εὐεξίαν,
1612 1113 1668 1140 τῶν
1682 1115 1734 1140 ἀνὰ

947 1162 1043 1196 χεῖρας
1072 1159 1262 1196 προκειμένων
1293 1160 1466 1194 κοινωφελῶν
1494 1160 1583 1195 ἔργων
1610 1159 1734 1195 εὐόδησιν

947 1207 994 1233 καὶ
1007 1207 1062 1233 πᾶν
1079 1206 1168 1238 ἄλλον,
1182 1206 1197 1232 ὃ
1209 1214 1236 1233 τι
1247 1205 1349 1240 ἀγαθὸν
1363 1205 1410 1232 καὶ
1427 1206 1571 1241 σωτήριον,
1583 1205 1732 1240 ἐπεύχεται

947 1253 980 1288 τῇ
994 1252 1060 1288 ἁγία
1077 1252 1200 1288 βασιλεία
1213 1252 1230 1286 ἡ
1246 1252 1394 1287 μετριότης
1413 1252 1490 1286 ήμῶν
1505 1252 1560 1278 ἀπὺ
1576 1250 1643 1277 Θεοῦ
1662 1258 1733 1277 παν-

947 1300 1122 1334 τοκράτορος.
1139 1298 1246 1325 Είδὲναι
1257 1297 1408 1333 βουλόμεθα
1422 1297 1474 1333 τὴν
1502 1298 1534 1324 ἐκ
1557 1297 1625 1323 Θεοῦ
1649 1296 1729 1330 ἁγίαν

949 1345 1088 1381 βασιλείαν
1104 1353 1161 1377 σου,
1177 1345 1218 1371 ὅτι
1234 1343 1303 1371 κατὰ
1317 1343 1364 1371 τὸν
1389 1343 1460 1370 θεῖον
1487 1343 1535 1370 καὶ
1556 1342 1653 1370 σεπτὸν
1678 1343 1735 1378 ὁρι-

951 1388 1019 1423 σμὸν
1036 1388 1266 1423 διαμηνυθεῖσαή
1290 1388 1436 1422 μετριότης
1458 1388 1538 1422 ήμῶν
1567 1387 1736 1422 παρεγένετο

951 1435 991 1465 είς
1003 1434 1053 1470 τήν
1074 1434 1226 1470 κρατίστην
1240 1434 1287 1461 καὶ
1300 1434 1380 1468 ἁγίαν
1398 1442 1448 1469 μου
1472 1434 1627 1460 δέσποιναν.
1650 1433 1737 1458 Συνα-

950 1480 1129 1516 θροισθέντων
1144 1477 1192 1507 οὖν
1209 1480 1256 1507 καὶ
1272 1480 1327 1506 τῶν
1347 1480 1398 1514 τῆς
1418 1480 1571 1515 συγκλήτου
1587 1479 1736 1514 ἀρχόντων,

951 1525 1147 1561 ἐλέχθησαντά
1163 1526 1227 1560 περὶ
1257 1525 1306 1560 τῆς
1335 1525 1496 1559 συμφωνίας
1532 1524 1580 1550 καί⁸
1603 1525 1739 1551 καταστά-

116 1566 327 1619 εὺγεξεέτάξουξ
340 1581 477 1616 μεγάλους
490 1580 593 1616 ῥῆγας,
622 1566 776 1612 ὀφειλοᾴτος
799 1576 899 1610 ὁμοίως
914 1566 935 1595 C
953 1577 1022 1600 σεως
1051 1569 1106 1595 τῶν
1127 1577 1156 1595 τε
1188 1568 1349 1596 Γεννουῖτῶν
1374 1569 1422 1595 καὶ
1445 1568 1576 1602 Βινετῶν,
1603 1569 1677 1600 ὅπως
1708 1576 1739 1595 τε

117 1630 284 1665 ἐπιδημῆσαι
301 1627 335 1655 δι’
354 1626 450 1654 ἐαυτοῦ
481 1627 521 1657 εἰς
544 1626 594 1660 τὴν
623 1624 751 1658 τοιαύτην
774 1621 901 1654 σύνταξιν

118 1677 165 1703 καὶ
184 1675 232 1701 τοῦ
249 1674 398 1710 ίερωτάτου
426 1671 625 1708 μητροπολίτου
649 1670 701 1704 κῦρ
723 1668 862 1703 Ῥωμανοῦ
884 1667 901 1702 ἢ

117 1721 305 1756 ἐξαποστεῖλαι
331 1720 446 1750 οἰκείους
473 1718 632 1753 ἀνθρώπους
664 1715 723 1742 ἀντ’
739 1715 833 1746 αὑτοῦ,
857 1713 901 1740 ῐνα

118 1768 266 1801 ἐξετάσεως
280 1766 429 1801 γενομένης
443 1763 519 1799 παρά
536 1762 585 1790 τοῦ
601 1762 721 1789 τοιούτου
737 1761 904 1795 ἀποκρισιαι

121 1816 178 1850 ρίου
196 1811 391 1848 ἀπροσπαθῶς,
411 1811 448 1842 ὡς
464 1809 511 1836 τοῦ
525 1807 593 1836 Θεοῦ
612 1807 716 1834 ἀνωθεν
740 1805 902 1840 ἐφορῶντος,

120 1862 252 1896 παρόντος
265 1861 312 1887 καὶ
329 1857 375 1885 τοῦ
392 1858 493 1893 μόρους
517 1855 565 1882 τοῦ
587 1854 640 1889 κῠρ
669 1852 811 1887 Ῥωμανοῦ
838 1851 904 1878 ἐνώ-

119 1917 181 1936 πιον
196 1908 250 1935 τῶν
266 1906 419 1942 μελλόντων
434 1903 570 1930 συνελθείν
597 1900 815 1935 θεοφιλεστάτων
840 1901 901 1926 ἐπι-

121 1956 232 1982 σκόπων
248 1954 294 1980 καὶ
310 1950 513 1986 εὐγενεστάτων
526 1948 620 1984 ρηγῶν
637 1947 730 1974 ἕνεκεν
745 1947 793 1981 τῆς
813 1944 905 1972 τοιαύ-

120 2009 170 2036 της
185 1999 351 2031 ὑποθέσεως,
375 1997 489 2032 γένηται
505 1994 643 2029 ἔγγραφος
660 1989 905 2026 κατησφαλισμένη

122 2035 261 2080 μαρτυρία
278 2043 324 2069 καὶ
341 2039 569 2076 παρασημείωσις
583 2038 691 2064 πάντων
706 2037 761 2063 τῶν
786 2035 906 2070 λαληθη-

123 2090 244 2125 σομένων
259 2088 307 2115 καὶ
328 2084 586 2119 ἐξετασθησομένων
613 2081 692 2117 χάριν
705 2080 760 2107 τῶν
779 2080 906 2106 τοιούτων

122 2136 302 2170 αίτιαμάτων,
337 2129 563 2166 πιστωθησομένη
592 2127 640 2154 καὶ
668 2127 840 2162 ὑπογραφαῐς
871 2124 909 2151 ol-

123 2181 282 2217 κειοχείροις
308 2180 362 2206 τῶν
379 2186 409 2204 τε
438 2175 653 2211 θεοφιλεστάτων
677 2172 833 2199 ἐπισκόπων
860 2170 908 2198 καὶ

123 2230 178 2256 τῶν
193 2226 395 2260 εὐγενεστάτων
420 2223 513 2260 ρηγῶν
533 2221 579 2249 καὶ
605 2220 706 2254 ἐτέρων
729 2218 907 2251 ἀξιοπίστων,

124 2275 161 2306 ὡς
172 2274 203 2301 ἂν
219 2272 321 2307 ταύτης
336 2268 558 2304 διακομισθείσης
574 2266 642 2301 πρός
658 2273 687 2291 τε
702 2263 748 2291 τὸν
763 2264 909 2299 κράτιστον

125 2322 172 2349 καὶ
197 2320 275 2354 ἀγιόν
303 2326 354 2353 μου
382 2314 571 2350 αὐτοκράτορα
595 2312 642 2338 καὶ
665 2311 733 2346 πρὸς
762 2310 812 2344 τὴν
831 2308 909 2343 ήμῶν

127 2367 290 2402 μετριότητα
303 2364 351 2391 καὶ
366 2363 414 2397 τὴν
428 2361 492 2396 περὶ
505 2358 589 2394 αὐτὴν
603 2357 678 2384 θείαν
696 2356 743 2383 καὶ
755 2356 830 2390 ίερὲιν
847 2354 923 2380 σύν-,

126 2415 185 2440 οόον
210 2412 287 2447 παρὰ
310 2410 364 2437 τῶν
388 2408 518 2435 τοιούτων
548 2403 776 2438 ἀποκρισιαρίων,
801 2399 910 2428 ἀκινδύ-

127 2468 179 2490 νως
195 2458 243 2484 σὺν
255 2446 366 2492 βοηθείᾳ
379 2453 446 2481 Θεοῦ
462 2451 738 2486 ἐπαναστραφέντων,
755 2447 868 2482 γένηται
881 2446 911 2472 τὸ

127 2503 204 2535 δόξαν
218 2503 252 2537 τῇ
267 2501 327 2536 θείᾳ
341 2500 389 2527 καὶ
401 2499 461 2534 ίερᾷ
478 2497 579 2532 συνόδῳ
594 2497 665 2523 κατὰ
679 2496 729 2525 τὴν
753 2493 807 2520 τῶν
833 2493 913 2519 θείων

127 2549 175 2576 καὶ
189 2548 269 2581 ἱερῶν
282 2546 401 2573 κανόνων
412 2543 554 2578 διαταγὴν,
568 2543 616 2569 καὶ
629 2539 764 2576 ἀφαιρεθῇ
785 2537 912 2565 ἐντεῦθεν

128 2597 146 2632 ή
163 2594 333 2630 ἐπερχομένη
349 2591 461 2627 ὄχλησις
474 2590 546 2616 ῑιατά
562 2589 608 2615 τοῦ
641 2584 834 2622 Χριστιανικοῦ
863 2583 912 2618 τῆς

135 2629 250 2671 ’γΡωσίας
261 2639 366 2674 γένους.
384 2636 469 2670 Εἴπερ
485 2632 531 2660 οὗν
553 2633 605 2660 οὐκ
626 2632 749 2667 ἐθελήσει
763 2632 778 2658 ό
801 2629 913 2665 ἱερώτα-

129 2696 173 2718 τος
191 2683 392 2720 μητροπολίτης
419 2681 472 2715 κῦρ
492 2678 634 2714 Ῥωμανδς
650 2677 682 2704 δι’
698 2676 795 2703 ἐαυτοῦ
822 2683 912 2709 παρα-

130 2719 255 2765 γενέσθαι
271 2729 311 2760 είς
323 2729 373 2763 τὴν
388 2724 575 2761 γενησομένην
591 2723 726 2756 ἐξέτασιν,
756 2720 832 2756 παρά
857 2719 913 2746 τῶν

130 2776 257 2803 τοιούτων
272 2772 490 2808 ἀποκρισιαρίων
504 2768 670 2805 μηνυμάτων
684 2767 839 2801 γενομένων
865 2774 913 2792 κα-

130 2821 243 2851 νονικῶς
263 2819 330 2854 πρὸς
348 2818 440 2850 αὑτὸν,
457 2817 473 2850 ἢ
502 2815 619 2846 οίκείους
643 2813 785 2847 ἐκπέμψαι
810 2812 913 2847 ἀνθρώ-

132 2875 199 2898 πους
211 2865 268 2893 ἀντ’
283 2864 378 2897 αὐτοῦ,
402 2863 555 2897 ὀφείλουσιν
570 2857 641 2886 οὗτοι
655 2859 687 2894 δὴ
702 2858 726 2884 οι
749 2858 912 2892 ὰποκρισιάσ

952 1615 1086 1650 προσήκει
1095 1614 1273 1649 προχωρῆσαι
1286 1614 1372 1648 αὐτὴν
1388 1614 1435 1640 καὶ
1449 1614 1520 1642 κατὰ
1539 1614 1615 1640 ποῖον
1628 1615 1662 1648 δὴ
1677 1613 1740 1648 τρό-

952 1669 1003 1688 πον
1031 1660 1265 1695 ἀποκαταστῆναι,
1293 1660 1335 1694 ἐφ’
1357 1658 1379 1694 ᾦ
1402 1659 1529 1695 οὐδεμίαν
1553 1660 1664 1695 ὔχλησιν
1693 1660 1741 1687 καὶ

953 1707 1056 1743 ζημίαν
1073 1707 1200 1741 γενέσθαι
1209 1707 1266 1738 τοῖς
1285 1705 1441 1741 Ῥωμαίοις.
1459 1706 1571 1732 Τούτων
1594 1707 1640 1733 οὖν
1668 1706 1741 1733 οὕτω

952 1753 1103 1789 λεχθέντων
1116 1752 1264 1788 διωρίσατο
1279 1753 1326 1779 καὶ
1351 1752 1543 1787 ἀπελογήσατο
1558 1753 1605 1779 καὶ
1630 1753 1648 1786 ή
1674 1752 1741 1786 ἀγία

955 1809 1006 1836 μου
1016 1800 1154 1833 δέσποινα,
1171 1800 1218 1826 ἀτε
1240 1799 1272 1835 δὴ
1294 1798 1413 1830 διανοίας
1436 1798 1569 1833 ὀξυτάτης
1600 1797 1667 1824 οὖσα
1694 1797 1741 1823 καὶ

955 1846 1092 1882 συνδρομῇ
1110 1845 1204 1872 πασῶν
1222 1845 1275 1872 τῶν
1298 1845 1416 1879 χαρίτων
1442 1844 1488 1871 καὶ
1514 1844 1669 1879 φρονήσεως
1699 1842 1742 1869 ἐπ’

954 1891 1039 1927 ἀκρδν
1049 1891 1165 1931 ἥκουσα,
1180 1892 1214 1926 τῇ
1228 1889 1275 1917 τοῦ
1290 1889 1358 1917 Θεοῦ
1383 1890 1486 1925 χάριτι,
1514 1891 1619 1925 ὅσαπερ
1646 1890 1742 1925 ἔμελλε

955 1939 1004 1966 καὶ
1020 1939 1037 1974 ή
1053 1938 1117 1972 ἀγία
1129 1937 1252 1973 βασιλεία
1268 1945 1315 1963 σου
1332 1935 1458 1971 παροῦσα
1474 1935 1593 1962 ἐνταῦθα
1619 1935 1740 1970 διορίσα-

956 1985 1030 2016 σθαι,
1047 1983 1146 2018 ἀδῆτα
1171 1983 1219 2010 καὶ
1232 1983 1361 2021 ἔστερξαν
1385 1983 1430 2008 καί
1457 1982 1481 2008 οί
1511 1982 1560 2016 τῆς
1591 1981 1743 2016 συγκλήτου

957 2029 1097 2065 ἄρχοντες.
1128 2028 1199 2064 Πρὸς
1223 2027 1286 2060 τοὺς
1312 2026 1359 2055 οὖν
1388 2028 1450 2059 τοὺς
1474 2029 1610 2060 τοιούτους
1637 2028 1744 2061 λόγους.

957 2074 1031 2110 ἀπερ
1042 2074 1236 2111 ἀπελογήσατο
1249 2075 1266 2108 ή
1286 2073 1432 2108 μετριότης
1454 2072 1543 2108 ἡμῶν,
1572 2074 1744 2113 συντείνοντα

958 2121 998 2152 είς
1014 2120 1143 2146 σύστασιν
1158 2119 1205 2146 καὶ
1220 2119 1365 2154 ὠφέλειαν,
1382 2120 1429 2146 σὺν
1442 2119 1512 2153 Θεῷ,
1533 2118 1581 2154 τῆς
1606 2118 1745 2153 βασιλείας

959 2166 1007 2194 καὶ
1022 2165 1077 2192 τῶν
1098 2165 1251 2200 Ῥωμαίων,
1267 2164 1353 2191 ταῦτά
1373 2165 1432 2191 ἐστι
1447 2171 1455 2179 ·
1473 2164 1581 2199 πρῶτον
1609 2165 1669 2199 μιν,
1687 2164 1746 2191 δια-

962 2212 1054 2247 μένειν
1069 2211 1118 2247 τὴν
1130 2211 1177 2238 τοῦ
1189 2210 1257 2237 Θεοῦ
1279 2211 1442 2246 Ἐκκλησίαν
1457 2210 1594 2246 ἀτάραχον
1620 2211 1669 2237 καὶ
1694 2211 1746 2244 ἔξω

962 2259 1052 2293 πάσης
1061 2257 1219 2293 ἡστινοσοῦν
1231 2258 1361 2292 ἐπηρείας
1376 2257 1424 2293 τῆς
1439 2257 1492 2284 ἀπὸ
1520 2258 1574 2284 τῶν
1593 2258 1747 2285 Λατινικών

961 2304 1123 2338 κινουμένης
1141 2303 1283 2337 δογμάτων
1297 2310 1304 2318 ·
1328 2302 1407 2329 τοῦτο
1423 2303 1452 2329 δέ
1477 2303 1589 2338 εἴρηκεν
1605 2304 1622 2338 ή
1640 2304 1748 2338 μετριό-

961 2357 1011 2384 της
1033 2349 1111 2383 ήμῶν
1131 2349 1179 2384 οὐχ
1195 2350 1235 2375 ὃτι
1256 2348 1343 2380 ἄλλως
1361 2349 1466 2383 ήγείται
1491 2350 1540 2384 τὴν
1564 2349 1645 2383 ἁγίαν
1670 2349 1733 2384 βασι

961 2394 1036 2421 λείαν
1053 2402 1100 2420 σου
1115 2394 1178 2429 περὶ
1192 2394 1294 2421 τούτων
1304 2394 1386 2430 ἔχειν,
1401 2395 1484 2421 πάλαι
1499 2395 1553 2429 γὰρ
1574 2392 1629 2421 οἶδε
1642 2395 1746 2430 ταύτην

962 2441 1135 2476 ἐμμένουσαν
1151 2441 1200 2476 μὲν
1215 2442 1270 2473 τοῖς
1285 2441 1421 2476 πατρῴοις
1450 2442 1567 2476 δόγμασι
1585 2442 1632 2468 καὶ
1664 2443 1746 2477 έστη-

963 2487 1097 2522 ριγμένην
1116 2487 1144 2513 ὲν
1159 2487 1263 2518 τούτοις
1277 2487 1398 2521 παγίως,
1411 2488 1615 2515 ἀποδιώκουσαν
1638 2487 1667 2515 δὲ
1693 2489 1747 2515 πᾶν

961 2532 1103 2566 ἀλλότριον
1113 2531 1201 2566 δόγμα
1220 2531 1268 2558 καὶ
1292 2531 1368 2558 νόθον
1397 2532 1446 2567 τῆς
1468 2531 1515 2558 τοῦ
1541 2531 1607 2559 Θεοῦ
1635 2531 1748 2567 Ἐκκλη-

963 2579 1035 2609 σίας,
1051 2576 1118 2604 ἀλλά
1132 2577 1175 2604 διὰ
1184 2579 1232 2609 τὰς
1243 2577 1389 2613 ὑπολήψεις
1397 2586 1426 2604 τε
1435 2578 1481 2605 καὶ⁵
1490 2577 1618 2612 ύποιῖιίας,
1629 2577 1661 2609 ἀς
1670 2577 1748 2612 εχου-

963 2633 1005 2651 σιν
1019 2625 1043 2650 οί
1064 2624 1166 2651 πολλοί.
1183 2624 1323 2659 Δεύτερον,
1341 2625 1388 2650 ἐπὶ
1403 2625 1509 2656 τούτοις
1523 2624 1605 2660 μηδὲν
1616 2624 1670 2651 τῶν
1683 2624 1749 2650 ὑπο-

963 2671 1098 2705 κειμένων
1113 2672 1146 2705 τῇ
1157 2669 1280 2705 βασιλείᾳ
1297 2671 1343 2698 καὶ
1355 2663 1567 2706 τοῐςῬωμαίοις
1579 2670 1749 2706 πραγμάτων

963 2716 1016 2742 ὑπὸ
1040 2715 1164 2748 ἐξουσίαν
1179 2715 1280 2750 ἐτέρων
1293 2716 1416 2750 ποιῆσαι.
1432 2715 1541 2750 Τρίτον,
1560 2716 1643 2750 μηδὲν
1655 2715 1747 2750 ἕτερον

962 2761 1121 2797 προσθεῖναι
1150 2762 1297 2796 κεφάλαιον
1323 2760 1426 2796 μεῖζον,
1443 2761 1592 2796 ἐπειδήπερ
1620 2762 1649 2787 ἐν
1664 2761 1748 2795 πολλῇ

963 2810 1010 2835 καὶ
1033 2809 1140 2845 μεγάλῃ
1156 2808 1245 2844 ἐνδείᾳ
1263 2808 1311 2835 καὶ
1324 2807 1498 2843 ταλαιπωρίᾳ
1523 2808 1570 2834 καὶ
1585 2809 1751 2844 στενοχωρίᾳ.

965 2857 997 2881 τε
1015 2855 1069 2881 τῶν
1089 2855 1233 2889 Ῥωμαίων
1250 2854 1330 2881 είσίν.
1348 2853 1419 2889 Πρὸς
1445 2853 1551 2885 τούτοις
1567 2852 1751 2886 γενέσθαικαὶ
