1935 3077
150 127 221 160 1383

563 124 736 155 CALLISTI
755 124 803 155 ET
822 122 1038 155 PHILOTHEI
1058 123 1112 154 (ΖΡ.
1133 121 1364 153 PATRIARCH.

1715 114 1793 149 1381

149 182 252 218 ήκοντα
265 181 312 209 καὶ
328 181 433 209 δίκαιον
458 180 551 215 λόγον,
582 180 614 207 τδ
634 180 663 207 δὲ
688 179 855 216 τελούμενον
873 179 940 214 παρ’
955 183 975 210 Α
992 179 1065 214 ἔχειν
1080 179 1230 214 ἀναφέρειν
1247 179 1292 205 ἀεὶ
1309 179 1361 213 τήν
1388 186 1418 204 τε
1431 176 1512 213 ἡμῶν
1540 175 1707 211 μετριότητα
1737 178 1791 204 καὶ

149 227 245 260 αὑτοῦ,
261 228 348 263 ἦγουν
361 227 392 253 τὸ
407 227 445 262 μὴ
460 226 618 262 μεμνῆσθαι
633 226 682 261 τῆς
696 227 777 262 ἡμῶν
793 225 941 262 μετριότηο

149 280 195 304 τος
210 272 239 298 ὲν
254 273 314 302 ταῖς
326 269 424 306 ίεραῖς,
442 271 480 303 ὡς
495 271 617 307 εἴρηται,
634 272 758 303 τελεταῖς
783 273 842 298 ἐστι
868 271 942 304 πάμ-

151 325 206 344 παν
223 316 453 352 παραλογώτατόν
473 325 503 344 τε
520 317 569 344 καὶ
596 316 764 344 ἀδικώτατον
789 316 824 344 δι’
852 317 943 343 αίτίαν

151 361 298 397 τοιαύτην·
319 363 334 389 ό
361 362 539 398 πατριάρχης
567 362 700 399 Τρινόσου
716 360 750 398 ἦν
777 362 884 390 ἀνωθεν
898 362 945 388 καὶ

152 408 184 442 εξ
192 408 279 444 ἀρχῆς
291 409 443 435 ἐπισκόπου
457 408 543 444 ὄνομα
555 409 659 444 φέρων,
675 409 943 444 ὑποτασσόμενοςτῇ

152 454 220 490 ἀγίᾳ.
233 455 281 481 τοῦ
298 454 367 482 Θεοῦ
379 455 495 490 Μεγάλῃ
512 451 741 490 Ἐκκλησίᾳ,εἷθ¹
760 453 876 490 ὕστερον
892 463 945 480 πα-

154 500 316 535 ρακλήσεως
343 501 489 535 γεγονυίας
510 500 611 534 πολλῆς
626 501 675 527 καὶ
699 500 819 535 δεήσεως
839 501 880 532 είς
896 500 946 535 τὴν

155 545 218 573 καθ’
233 546 307 581 ἡμᾶς
324 546 428 582 ταύτην
443 546 568 582 μεγάλην
585 546 632 574 καὶ
646 547 722 582 ίερὰν
743 546 853 573 σύνοδον
869 546 947 580 παρά
972 563 974 565 τ

154 593 202 620 τοῦ
218 594 278 620 τότε
290 593 326 620 τὰ
339 595 389 629 τῆς
406 593 545 629 βασιλείας
560 594 614 622 τῶν
629 595 795 630 Βουλγάρων
809 593 942 621 διιθύνονο

153 647 200 669 τος
218 640 357 674 σκῆπτρα,
377 640 423 666 διά
448 640 532 676 τιμὴν
562 640 669 667 ἐκείνου
685 642 733 668 καὶ
759 639 807 666 τοῦ
819 639 943 667 τοιούτου

155 685 260 718 ἔθνους,
272 685 496 721 ὑποτεταγμένου
512 687 645 720 φανέντος
659 688 691 722 τῇ
705 685 848 721 καθ’ἡμᾶς
865 686 948 719 ἀγιω-

153 731 223 766 τάτῃ
236 731 284 758 τοῦ
295 731 366 758 Θεοῦ
379 732 494 768 Μεγάλῃ
510 732 673 768 Ἐκκλησίᾳ,
696 732 824 767 ἐδωρήθη
840 740 946 766 συγκα-

154 777 297 807 ταδάσεως
320 778 393 813 λόγῳ
414 779 484 813 πρὸς
505 778 551 805 τδν
566 778 702 814 Τρινόϐου
715 778 747 804 τὸ
763 777 948 813 ὀνομάζεσθαι

155 823 330 858 πατριάρχην
361 823 544 860 Βουλγαρίας,
571 824 602 850 οὺ
619 824 714 858 μέντοι
738 821 809 850 εῖναι
824 823 870 849 καὶ
885 830 948 849 συν-

155 868 284 903 αρίθμιον
298 867 354 900 τοῖς
368 869 474 900 λοιποῖς
496 870 663 902 ἁγιωτάτοις
682 869 879 904 πατριάρχαις,
899 867 946 894 καὶ

155 913 200 940 διὰ
209 913 289 940 τοῦτο
306 915 375 950 μηδὲ
405 915 626 950 μνημονεύεσθαι
636 915 664 941 ὲν
678 915 734 946 τοῖς
754 915 837 949 ίεροῖς
851 913 947 940 διπτύ-

155 968 214 994 χοις
230 959 301 987 κατὰ
317 960 364 987 τδν
376 960 447 987 θεῖον
459 962 506 988 καὶ
521 960 595 995 ίερδν
610 961 712 987 κανόνα
723 961 772 994 τῆς
786 959 807 986 δ’
823 959 946 992 συνόδου,

156 1004 272 1038 λέγοντα
299 1005 347 1032 ἰπὶ
373 1005 474 1038 λέξεως
500 1005 591 1032 οὕτω·
623 1015 632 1031 ε
651 1003 793 1040 Πανταχοῦ
820 1005 876 1035 τοῖς
890 1005 946 1030 τῶν

156 1050 243 1084 ἁγίων
260 1050 392 1085 Πατὲρων
405 1051 479 1086 ὅροις
493 1051 623 1085 ἑπόμενοι
640 1052 689 1078 καὶ
704 1051 750 1078 τὸν
765 1050 866 1086 ἀρτίως
882 1050 947 1077 ἀνα-

156 1095 315 1129 γνωσθέντα
338 1097 440 1123 κανόνα
465 1096 521 1123 τῶν
537 1096 819 1132 ρνν,θεοφιλεστάτων
836 1095 948 1123 ἐπισκό-

158 1147 218 1166 πων
240 1140 418 1176 γνωρίζοντες
434 1140 469 1167 τά
494 1141 564 1167 αὐτὰ
580 1141 627 1167 καὶ
641 1141 721 1175 ἡμεῖς
757 1140 888 1176 ὁρίζομεν
901 1141 949 1167 καὶ

157 1186 335 1221 ψηφιζόμεθα
361 1187 425 1220 περὶ
453 1187 510 1213 τῶν
538 1186 694 1222 πρεσϐείων
723 1187 773 1221 τῆς
790 1186 949 1221 ἁγιωτάτης

165 1231 331 1267 Ἐκκλησίας
360 1232 677 1264 Κωνσταντινουπόλεως
708 1232 782 1264 Νέας
818 1231 948 1267 Ῥώμηςθ

159 1278 206 1304 καὶ
219 1278 273 1312 γὰρ
284 1277 324 1313 τῷ
339 1277 427 1312 θρόνῳ
445 1278 496 1312 τῆς
513 1278 706 1314 πρεσὸυτέρας
725 1278 845 1314 Ῥώμης,
862 1278 907 1304 διὸ.
918 1277 950 1304 τὸ

160 1322 314 1357 βασιλεύειν
340 1323 390 1358 τὴν
416 1323 497 1350 πόλιν
524 1324 646 1359 εκείνην,
662 1324 687 1350 οί
702 1323 824 1359 Πατέρες
836 1323 950 1355 είκότως

159 1369 348 1396 ἀποδεδώκασι
362 1370 396 1396 τά
411 1370 558 1404 πρεσϐεῖα.
579 1370 634 1396 Καὶ
649 1369 687 1404 τῷ
701 1369 777 1404 αὐτῷ
796 1369 890 1404 σκοπῷ
907 1377 951 1396 κι-

160 1417 286 1450 νούμενοι
315 1416 339 1442 οί
370 1415 410 1452 ρν¹
429 1416 635 1451 θεοφιλέστατοι
664 1416 812 1443 ἐπίσκοποι
840 1415 875 1442 τὰ
906 1415 952 1443 ἴσα

160 1461 296 1496 πρεσϐεῖα
306 1462 461 1497 ἀπένειμαν
473 1462 513 1497 τῷ
524 1463 574 1497 τῆς
586 1461 661 1493 Νέας
680 1461 789 1497 Ῥώμης
805 1461 951 1496 ἁγιωτάτῳ

993 226 1055 258 τοὺς
1067 226 1164 257 ἀλλους
1175 226 1349 261 πατριάρχας
1365 225 1394 252 ἐν
1407 225 1465 256 τοῖς
1482 224 1566 259 ἱεροῖς
1579 223 1722 257 διπτύχοις
1736 224 1794 250 καὶ

993 272 1080 303 οὕτως
1094 272 1249 304 ἀποσώζειν
1276 271 1323 298 καὶ
1339 270 1421 298 αὐτὸν
1439 271 1468 297 ὲν
1485 271 1519 305 τῇ
1549 269 1683 304 ἔκκλησίᾳ
1698 268 1792 295 αὑτοῦ

993 319 1039 345 τὸν
1052 317 1138 344 τύπον
1163 317 1213 352 τῆς
1229 316 1463 352 ἐκκλησιαστικῆς
1490 315 1697 345 καταστάσεως,
1717 313 1795 340 κάν-

994 362 1092 390 τεῦθεν
1111 362 1259 397 φαίνεσθαι
1284 362 1425 398 ἡνωμένος
1437 361 1485 388 καὶ
1508 360 1687 395 συναρίθμιος
1701 360 1792 394 ἡμῖν·

994 405 1072 441 οὗτος
1085 409 1113 435 δὲ
1126 408 1234 436 ἀθετῶν
1257 409 1287 436 οὔ
1315 408 1407 439 καλῶς
1425 408 1472 435 τὸν
1497 406 1621 433 τοιοῦτον
1638 405 1795 439 ἐκκλησια-

996 454 1090 482 στικὸν
1112 454 1214 489 θεσμὸν
1241 455 1288 481 καὶ
1313 453 1491 489 ἀποσκιρτῶν
1509 453 1558 488 τῆς
1581 450 1723 485 ὑποταγῆς
1736 449 1797 484 τῆς

996 500 1077 536 ἡμῶν
1103 501 1282 536 μετριότητος
1313 499 1430 534 καὶτῆς
1454 495 1795 533 καθολικῆςἙκκλῃσίας

997 546 1078 579 Θεοῦ,
1097 547 1128 579 ἐξ
1150 543 1196 582 ἦς,
1224 547 1262 578 ὠς
1277 546 1447 579 διείληπται,
1470 545 1501 572 τὺ
1516 542 1588 571 εἶναι
1612 543 1796 578 πατριάρχης

997 592 1068 618 κατὰ
1083 591 1288 625 ωγκατάὸασιν
1303 591 1370 626 ἔχει,
1387 589 1517 626 οὐδεμίαν
1534 590 1654 616 ποιεῖται
1674 587 1796 622 μνήμην

997 636 1048 672 τῆς
1061 637 1140 672 ἡμῶν
1153 637 1343 672 μετριότητος,
1369 637 1489 671 πρᾶγμα
1509 635 1595 662 ποιῶν
1609 632 1797 662 ἀτοπώτατον

998 683 1045 711 καὶ
1060 683 1113 716 ἔξω
1132 683 1187 710 τῶν
1200 683 1229 716 ἐξ
1245 683 1333 718 ἀρχῆς
1357 682 1524 718 συμφωνιῶν
1551 681 1606 708 τῶν
1621 678 1798 714 ἀποταχθει-

999 729 1055 756 σῶν
1075 729 1120 756 διά
1133 729 1181 756 τοῦ
1197 728 1282 763 τόμου
1293 728 1341 755 τοῦ
1357 728 1511 762 ἀγιωτάτου
1533 727 1706 761 πατριάρχου
1731 723 1795 758 κῦρ

999 774 1141 811 Γερμανοῦ
1153 782 1161 790 ·
1188 775 1256 809 φησὶ
1284 775 1338 809 γὰρ
1354 775 1368 801 ό
1388 774 1470 805 αὐτὸς
1497 772 1672 807 πατριάρχης
1688 770 1718 797 ἓν
1733 777 1795 796 τινι

999 821 1054 848 τῶν
1085 820 1183 847 ἑαυτοῦ
1193 822 1199 826 “
1213 820 1443 855 συγγραμμάτων
1470 817 1695 852 ἀπολογούμενος
1720 824 1756 842 πε
1762 816 1794 850 pl

996 867 1099 894 τούτων
1109 875 1117 883 η
1138 876 1148 892 ι
1168 866 1205 893 Τδ
1219 866 1247 893 δὲ
1261 866 1397 901 ἡμέτερον
1413 866 1462 900 οὺχ
1485 864 1572 895 οὕτως
1585 863 1654 898 ἔχει,
1668 863 1718 896 οὐχ
1735 861 1786 888 οὔ-

996 921 1061 945 τως,
1076 911 1144 939 ἀλλά
1154 912 1291 948 κοσμικὴν
1305 912 1354 948 τὴν
1371 911 1565 946 κοινωφέλειαν
1585 908 1794 944 ἐπαγγελλόμε-

997 957 1098 994 νοντῷ
1121 957 1298 993 τετιμημένῳ
1331 957 1378 984 τοῦ
1407 957 1462 984 τῶν
1490 955 1656 990 Βουλγάρων
1689 953 1794 984 ἔθνους

997 1005 1133 1040 ἀρχιερεῖ,
1159 1005 1191 1031 τὸ
1205 1004 1392 1039 αύτοκὲφαλον
1415 1001 1488 1030 εἶναι
1500 1002 1650 1037 ὀλόκληρον
1664 1001 1715 1027 οὐκ
1729 1001 1791 1026 ἑτο-

999 1051 1190 1086 μογράφησεν,
1208 1051 1276 1078 ἀλλά
1299 1050 1503 1085 δασμοφορήσει
1526 1049 1618 1080 πάλιν,
1631 1045 1703 1075 τοῦτ’
1716 1046 1789 1076 ἔστι,

998 1096 1080 1132 δώσει
1091 1097 1156 1131 τέλη
1170 1096 1218 1124 καὶ
1232 1096 1333 1131 φόρους
1349 1096 1388 1132 τῷ
1407 1095 1557 1130 τιμήσαντι
1569 1093 1729 1129 πατριάρχῃ
1742 1092 1794 1118 καὶ

998 1143 1048 1177 τὴν
1062 1142 1110 1168 τοῦ
1131 1141 1264 1176 ὀνόματος
1283 1141 1367 1169 αὑτοῦ
1393 1141 1438 1167 ἐπ’
1453 1140 1606 1172 ἐκκλησίας
1633 1139 1791 1174 ἀναφορὰν,

999 1187 1037 1219 ὼς
1053 1187 1235 1222 συνεισφοράν
1245 1207 1253 1219 ,
1266 1186 1303 1218 ὡς
1317 1183 1357 1217 εἷς
1373 1186 1428 1212 τῶν
1443 1185 1497 1212 ὑπὸ
1506 1185 1556 1221 τὴν
1568 1183 1794 1212 Κωνσταντινοὺ-

1000 1233 1080 1260 πολιν
1096 1233 1317 1268 μητροπολιτῶν,
1332 1233 1381 1260 καὶ
1394 1232 1434 1263 είς
1446 1230 1632 1267 λογιστεύσεις
1645 1231 1694 1258 καὶ
1710 1230 1796 1257 εὐθύ-

999 1287 1060 1311 νας,
1076 1278 1148 1313 τοῦτ’
1175 1278 1243 1310 ἔστι,
1260 1279 1366 1313 κρίσεις
1392 1278 1552 1314 ἀχθήσεται,
1567 1277 1636 1305 ὲπάν
1651 1277 1716 1304 ποτέ
1750 1285 1796 1308 τις

1001 1324 1193 1359 παρατραπεὶς
1201 1324 1248 1359 τῆς
1257 1324 1442 1359 δασμοφορίας
1454 1323 1610 1360 ἐξελεγχθῇ.
1626 1333 1635 1350 ι
1651 1323 1730 1350 οὕτω
1743 1323 1795 1357 μὲν

1001 1371 1018 1406 ἠ
1035 1370 1183 1406 ὑπόσχεσις
1207 1371 1256 1397 καὶ
1281 1372 1298 1406 η
1324 1372 1471 1406 συμφωνία
1489 1372 1540 1406 τῆς
1551 1372 1606 1399 τῶν
1627 1372 1796 1408 Βουλγάρων

1001 1415 1149 1451 ἐκκλησίας
1165 1415 1234 1451 πρὺς
1248 1416 1299 1450 τὴν
1312 1415 1614 1444 Κωνσταντινούπολιν.
1632 1418 1688 1444 Καὶ
1706 1419 1794 1453 χωρὶς

1002 1459 1035 1495 δὴ
1050 1459 1159 1493 τούτου,
1180 1461 1227 1488 είό
1242 1463 1290 1497 τῆς
1305 1462 1621 1495 Κωνσταντινουπόλεως
1636 1464 1732 1499 θρόνος
1745 1466 1795 1492 καὶ

161 1508 262 1542 θρόνῳ,
279 1503 402 1541 εὐλόγως
424 1508 571 1543 κρίναντες
598 1507 648 1543 τὴν
666 1507 792 1543 βασιλείᾳ
815 1508 863 1534 καὶ
884 1515 951 1542 συγ·
967 1515 989 1545 c
1005 1508 1054 1538 τὰς
1066 1507 1121 1536 τῶν
1138 1507 1227 1535 ἀλλων
1243 1508 1425 1544 πατριαρχῶν
1440 1509 1558 1545 κρίσεις,
1574 1510 1793 1546 Ἀλεξανδρείας,

162 1554 254 1589 κλήτῳ
276 1554 439 1589 τιμηθεϊσαν
456 1554 533 1581 πόλιν
560 1554 606 1581 καὶ
630 1554 685 1581 τῶν
709 1554 773 1580 ἴσων
801 1554 954 1581 ἀποῖαύου·

163 1609 214 1627 σαν
231 1600 384 1635 πρεσϐείων
409 1601 443 1635 τῇ
463 1600 638 1636 πρεσϐυτέρα
664 1600 780 1635 βασιλίδι
798 1601 891 1636 Ῥώμῃ
906 1601 953 1628 καὶ

161 1647 258 1678 ἐντοῖς
287 1646 526 1680 ὲκκλησιαστικοῖς
551 1646 588 1678 ὡς
608 1646 717 1680 εκείνην
748 1647 951 1681 μεγαλύνεσθαι

162 1692 321 1728 πράγμασι.
351 1691 481 1726 δευτέραν
512 1692 572 1726 μετ’
597 1691 704 1727 ἐκείνην
730 1691 921 1727 ὑπάρχουσαν.
940 1702 949 1718 ι

168 1738 287 1773 ὀμοίως
309 1738 355 1764 καὶ
386 1738 456 1764 κατὰ
485 1738 530 1764 τὸν
550 1738 600 1772 τῆς
616 1738 700 1772 ἕκτης
715 1738 826 1765 συνόδου
854 1739 954 1766 κανόνα

161 1783 358 1819 διαγορεύοντα
374 1783 524 1819 διαρρήδην
538 1784 584 1810 ἐπὶ
595 1783 695 1817 λέξεως
706 1784 823 1812 ούτωτίν
835 1793 842 1800 ”
856 1785 954 1823 ιἈνα-

165 1832 308 1866 νεούμενοι
322 1831 356 1858 τὰ
369 1831 445 1865 παρά
463 1830 516 1857 τῶν
532 1832 570 1866 ρν¹
587 1830 674 1865 ἀγίων
697 1830 827 1865 Πατέρων
849 1831 904 1858 τῶν
925 1832 955 1858 ιν

164 1880 198 1913 τῇ
215 1877 393 1912 θεοφυλάκτῳ
406 1876 492 1912 ταύτῃ
512 1877 557 1903 καὶ
570 1876 689 1911 βασιλίδι
713 1877 792 1904 πόλει
808 1877 954 1903 συνελθόν-

163 1931 219 1950 των
246 1923 367 1950 καὶτῶν
384 1923 425 1958 χλ¹
454 1922 509 1949 τῶν
536 1923 565 1949 ἐν
590 1922 744 1958 Χαλκηδόνι
771 1923 956 1950 συνελθόντων

165 1968 395 2003 νομοθετηθέντα,
420 1968 561 2003 ὁρίζομεν,
580 1966 652 1994 ὥστε
665 1968 712 1994 τὸν
732 1968 956 1995 Κωνσταντινου-

166 2015 271 2047 πόλεως
284 2015 379 2051 θρόνον
395 2015 449 2042 τῶν
469 2015 536 2042 ῖσων
553 2013 703 2055 ἀπολαύειν
729 2014 886 2047 πρεσϐείων
907 2014 956 2042 τοῦ

167 2063 217 2096 τῆς
232 2062 425 2097 πρισσυτέρας
443 2061 553 2096 Ῥώμης
565 2060 663 2096 θρόνου
680 2061 727 2088 καὶ
742 2061 771 2087 ὲν
786 2062 843 2092 τοῖς
857 2061 957 2095 ἐκκλη-

168 2109 318 2139 σιαστικοίς
328 2107 365 2138 ὡς
381 2107 484 2134 ἐκεῖνον
503 2106 707 2141 μεγαλύνεσθαι
720 2107 879 2142 πράγμασι,
895 2107 958 2134 δεύο

167 2161 249 2187 τερον
268 2152 327 2187 μετ’
342 2153 448 2179 ἐκεῖνον
463 2152 633 2187 ὑπάρχοντα,
652 2151 711 2188 μεθ’
725 2152 755 2179 ὃν
769 2154 784 2180 ό
800 2153 849 2188 τῆς
866 2153 945 2185 ’Δλεξ

169 2199 288 2234 ανδρέων
307 2198 518 2234 μεγαλοπόλεως
536 2198 708 2234 ἀριθμεῖσθω
729 2198 835 2234 θρόνος,
861 2198 921 2226 εἶτα
943 2200 958 2226 ό

168 2245 219 2279 τῆς
237 2244 403 2280 Ἀντιοχείας
415 2245 462 2270 καὶ
483 2242 554 2278 μετὰ
571 2244 667 2271 τοῦτον
682 2246 696 2271 ὁ
707 2244 758 2279 τῆς
775 2244 958 2281 Ἱεροσολυμι-

169 2292 223 2318 τῶν
234 2290 348 2322 πόλεως.
364 2300 374 2317 ι
401 2291 511 2326 Ἐπειδὴ
527 2292 606 2318 πέντε
620 2291 789 2326 πατριάρχαι
803 2292 957 2327 ἐτάχθησαν

169 2338 200 2364 τὸ
216 2337 276 2364 κατ’
290 2336 377 2372 ἀρχὰς
387 2337 464 2371 παρὰ
476 2336 525 2371 τῆς
544 2337 691 2372 καθολικῆς
711 2337 759 2363 καὶ¹
773 2338 957 2374 ἀποστολικῆς

176 2383 341 2415 Ἐκκλησίας
369 2382 502 2417 Χριστοῦ,
525 2383 622 2417 μέχρις
639 2383 672 2409 ἂν
686 2383 771 2418 συνῆν
796 2384 863 2419 ἡμῖν
877 2385 925 2412 καὶ
938 2386 953 2412 ό

170 2431 287 2461 nam;
306 2429 439 2464 νῬώμης,
465 2428 557 2454 ἔκτοτε
586 2429 614 2455 δὲ
641 2429 724 2464 μέχρι
751 2429 798 2456 τοῦ
816 2429 864 2458 νῦν
887 2431 958 2458 είσιν

169 2476 307 2512 ἡνωμέναι
333 2476 358 2501 ot
378 2475 523 2509 τέσσαρες,
548 2474 646 2506 οἵτινες
677 2475 821 2502 κοινωνίαν
847 2476 957 2512 ἔχοντες

171 2521 364 2550 ἁδιασπάστως
388 2520 605 2555 μνημονεύονται
623 2520 688 2556 παρ’
712 2521 838 2558 ἀλλήλων
853 2524 882 2550 ὲν
896 2525 958 2554 ταῖς

172 2568 417 2602 ἐκκλησιαστικαῖς
443 2567 547 2598 πάσαις
571 2567 723 2600 συνάξεσιν.
747 2569 821 2595 Ἐδει
834 2569 901 2603 γοῦν
913 2569 958 2596 τὸν

173 2613 305 2649 Τρινόὸου
325 2613 511 2648 πατριάρχην,
523 2613 580 2648 ’ἅμα
598 2614 647 2649 μὲν
662 2614 696 2640 δι’
711 2614 744 2650 ἢν
761 2614 877 2649 ὠφειλεν
887 2615 959 2651 ἔχειν

174 2661 315 2696 ὑποταγὴν
331 2660 372 2691 είς
387 2661 436 2695 τὴν
456 2661 517 2687 καθ’
543 2661 617 2696 ἡμᾶς
647 2661 805 2695 ἀγιωτάτην
830 2661 877 2688 τοῦ
892 2661 960 2688 Θεοῦ

173 2707 305 2742 Μεγάλην
336 2706 512 2740 Ἐκκλησίαν,
534 2707 605 2742 παρ’
621 2705 654 2743 ἦς
678 2707 775 2742 εῖληφε
788 2708 834 2735 καὶ
845 2710 875 2734 τὸ
892 2706 962 2735 dum

173 2754 219 2780 καὶ
235 2754 265 2781 τὸ
284 2751 467 2787 ὀνομάζεσθαι
483 2754 670 2788 πατριάρχης,
687 2754 746 2788 ἃμα
767 2754 796 2781 δὲ
811 2755 857 2781 καὶ
872 2755 915 2781 διὰ
930 2755 960 2781 τὸ

177 2801 379 2837 περιποιεῖσθαι
401 2800 491 2834 ἑαυτῷ
502 2800 586 2835 τιμὴν
602 2801 650 2827 καὶ
660 2801 803 2827 κοινωνίαν
817 2801 867 2836 τῆς
880 2802 962 2836 ἡμῶν

138 2858 147 2867 ο
177 2848 352 2883 μετριότητος
379 2847 425 2874 καὶ
442 2846 496 2874 τῶν
514 2846 603 2875 ἄλλων
628 2849 816 2884 πατριαρχῶν,
834 2848 958 2883 ἀνλὶγκην

1012 1553 1181 1589 Ἀντιοχείας
1194 1554 1242 1581 καὶ
1262 1554 1470 1591 Ἰεροσολύμων,
1487 1556 1535 1582 καὶ
1555 1556 1734 1591 ἐπανακρίνει
1747 1557 1795 1584 καὶ

1004 1599 1140 1627 διευθετεί
1152 1601 1199 1628 καὶ
1214 1600 1411 1636 ὲπιψηφίζεται
1425 1601 1472 1628 καὶ
1488 1601 1519 1628 τὸ
1531 1601 1615 1637 κῦρος
1627 1602 1745 1635 δίδωσιν,
1756 1603 1794 1634 ὡς

1005 1646 1030 1672 οἱ
1042 1646 1108 1673 θεῖοι
1119 1647 1233 1678 κανόνες
1244 1647 1435 1683 διαγορεύουσι
1448 1648 1496 1674 καὶ
1507 1648 1535 1675 αῖ
1544 1648 1658 1682 πράξεις
1672 1649 1794 1684 ἐπεμαρ-

1004 1690 1139 1726 τύρησαν,
1155 1692 1215 1724 πῶς
1228 1693 1259 1719 οὐ
1275 1692 1366 1727 πολλῷ
1386 1694 1487 1729 μᾶλλον
1501 1694 1549 1729 τῆς
1560 1694 1615 1721 τῶν
1630 1695 1792 1731 Βονλγάρων

1005 1738 1153 1773 ἐκκλησίας
1180 1739 1194 1765 ό
1219 1738 1312 1774 θρόνος
1335 1739 1412 1771 οὗτος
1438 1741 1532 1776 κύριος
1559 1741 1636 1769 ἔσται
1650 1761 1658 1774 ,
1681 1743 1748 1777 παρ’
1762 1742 1792 1769 οὗ

1005 1784 1098 1810 καὶτὸ
1126 1784 1310 1819 ὀνομάζεσθαι
1330 1785 1504 1821 πατριάρχης
1523 1788 1688 1823 τετίμηται;
1714 1789 1794 1816 Ἀλλά

1005 1829 1160 1863 γινώσκετε
1187 1830 1294 1864 σαφῶς,
1325 1830 1366 1857 ὅτι
1394 1832 1474 1866 εῖπερ
1491 1832 1542 1859 οὐκ
1565 1830 1599 1868 ἦν
1624 1834 1640 1868 ἡ
1659 1835 1728 1869 πρὸς
1748 1835 1794 1862 τὸν

1007 1875 1173 1911 ὑψηλότατον
1190 1876 1304 1910 βασιλέα
1317 1877 1372 1904 τῶν
1386 1877 1562 1913 Βουλγάρων,
1577 1879 1607 1906 έν
1622 1879 1693 1916 ἀγίῳ
1710 1881 1794 1908 Πνεύ-

1008 1930 1075 1956 ματι
1092 1923 1281 1957 γνησιώτατον
1295 1924 1354 1950 υίδν
1373 1924 1422 1958 τῆς
1434 1924 1516 1960 ήμῶν
1542 1927 1730 1962 μετριότητος,
1743 1929 1794 1963 κῦρ

1014 1967 1143 2003 Ἰωάννην
1162 1969 1209 1995 τὸν
1226 1969 1339 2004 ’Δσάνη,
1358 1970 1510 2007 είλικρινὴς
1535 1971 1628 2008 σχέσις
1642 1974 1691 2001 καὶ
1706 1975 1796 2002 διάθε-

1007 2021 1049 2044 σις
1067 2013 1153 2048 αὐτῆς
1168 2014 1217 2041 καὶ
1231 2014 1263 2041 τὸ
1276 2015 1315 2050 μὴ
1332 2016 1488 2052 λυπηθῆναι
1509 2017 1604 2045 τοῦτον
1615 2019 1659 2046 διὰ
1677 2019 1728 2055 τὴν
1740 2030 1794 2048 τοι-

1007 2059 1094 2095 αύτην
1112 2060 1214 2090 αίτίαν.
1232 2059 1305 2096 εἶχεν
1321 2062 1375 2088 άπδ
1385 2062 1493 2090 δικαίου
1518 2065 1535 2099 ἡ
1555 2066 1703 2101 μετριότης
1717 2067 1795 2103 ήμῶν

1007 2107 1044 2137 ὡς
1058 2107 1251 2142 οίκουμενικδς
1274 2109 1461 2144 πατριάρχης,
1490 2110 1535 2138 διὰ
1547 2111 1597 2147 τῆς
1613 2112 1659 2138 τοῦ
1676 2113 1795 2148 Χριστοῦ

1009 2153 1132 2188 χάριτος,
1142 2154 1288 2189 ἀνακρῖναι
1297 2156 1330 2181 τά
1340 2153 1400 2182 κατ’
1413 2156 1497 2184 αὐτὸν
1507 2157 1555 2184 καὶ
1571 2157 1700 2190 ἐξετάσαι
1710 2161 1795 2187 ταῦτα

1009 2200 1049 2230 είς
1065 2199 1114 2234 τὴν
1129 2199 1191 2226 καθ’
1217 2201 1292 2235 ἡμᾶς
1308 2201 1385 2235 ίιράν
1409 2202 1458 2229 καὶ
1477 2203 1601 2237 μεγάλην
1624 2205 1743 2236 σύνοδον.
1759 2207 1795 2239 ὡς

1012 2241 1095 2280 μέχρι
1111 2246 1158 2272 τοῦ
1175 2245 1223 2274 νῦν
1240 2247 1278 2282 μὴ
1289 2248 1491 2283 γινωσκόμενα,
1503 2250 1549 2276 καὶ
1563 2250 1580 2285 ἢ
1597 2250 1689 2278 λαϐεῖν
1702 2252 1796 2280 τοῦτον

1008 2291 1155 2327 διόρθωσιν
1170 2293 1187 2329 ᾗ
1206 2294 1358 2325 κανονικῶς
1375 2294 1499 2328 εὐθῦναι,
1525 2296 1564 2328 ὡς
1579 2296 1729 2326 ἀθετοῦντα
1741 2300 1796 2335 ’τὴν

1009 2337 1177 2373 Ἐκκλησίαν
1202 2339 1355 2375 προδήλως,
1375 2340 1406 2373 ἐξ
1419 2338 1464 2377 ἦς,
1480 2341 1518 2374 ὡς
1535 2342 1664 2375 πολλάκις
1677 2345 1795 2380 εῖρηται,

1009 2383 1040 2410 τὸ
1051 2382 1121 2411 εἶναι
1150 2385 1326 2421 πατριάρχης
1339 2387 1526 2422 κεκλήρωται,
1550 2388 1566 2424 ἢ
1584 2389 1613 2416 τό
1629 2398 1660 2424 γε
1672 2390 1796 2426 δεύτερον

1011 2430 1201 2467 ἀποστερῆσαι
1216 2431 1311 2459 τοῦτον
1322 2431 1369 2458 τοῦ
1379 2433 1502 2460 τοιούτου
1517 2434 1650 2469 ὀνόματος
1659 2444 1667 2452 ”
1677 2437 1695 2472 ἡ
1711 2437 1740 2463 δὲ
1752 2438 1796 2465 τοῦ

1011 2477 1134 2504 τοιούτου
1165 2477 1299 2512 βασιλέως
1323 2478 1417 2514 ἀγάπη
1435 2480 1482 2506 καὶ
1506 2479 1628 2514 διάθεσις
1649 2483 1739 2510 πείθει
1752 2484 1796 2520 έᾷν

1011 2522 1286 2558 ἀπολυπραγμόνητα
1301 2524 1396 2557 ταῦτα,
1423 2526 1522 2561 μέχρις
1545 2527 1579 2553 ἂν
1590 2527 1736 2562 διόρθωσιν
1753 2530 1796 2558 λά·

1013 2569 1086 2596 ὁοιεν
1113 2569 1190 2605 παρά
1206 2570 1254 2596 τοῦ
1281 2570 1364 2597 αὑτοῦ
1386 2573 1559 2607 πατριάρχου
1578 2573 1727 2608 Τρινόδουσ
1752 2577 1796 2603 καὶ

1013 2615 1101 2642 ταῦτα
1116 2616 1166 2651 μὲν
1180 2615 1244 2652 περὶ
1258 2616 1305 2643 τοῦ
1316 2617 1374 2648 ἑνὸς
1387 2618 1549 2651 κεφαλαίου.
1562 2619 1599 2645 Τὸ
1611 2620 1640 2646 δὲ
1657 2621 1690 2656 δὴ
1706 2621 1797 2655 βαπτί-

1014 2661 1072 2694 ζειν
1087 2663 1152 2694 τοὺς
1163 2663 1248 2697 ίιρείς
1262 2663 1318 2689 τῶν
1332 2663 1499 2700 Βουλγάρων
1511 2666 1552 2696 είς
1570 2666 1636 2700 μίαν
1654 2668 1797 2696 κατάδυσιν
1853 2672 1855 2677 '

1014 2709 1061 2735 καὶ
1087 2709 1309 2744 περιῤῥαντίζειν
1329 2710 1441 2743 αὐτοὺς,
1471 2711 1509 2743 ὡς
1528 2711 1634 2746 ἔτυχεν,
1650 2712 1728 2740 ῦδατί
1743 2715 1796 2742 ἐστι

1016 2756 1136 2790 πρᾶγμα
1149 2755 1325 2782 ἀτοπώτατον
1339 2755 1388 2782 καὶ
1404 2756 1567 2788 δυσσεϐείας
1593 2758 1750 2793 ἀνάμεστον
1762 2767 1769 2775 ·
1782 2761 1796 2796 ἡ

1016 2803 1070 2837 γάρ
1087 2801 1208 2834 διάταξις
1232 2802 1287 2828 τῶν
1306 2801 1392 2836 ἁγίων
1415 2802 1531 2835 ἐνδόξων
1546 2803 1594 2830 καὶ
1613 2806 1796 2841 πανευφήμων

1015 2847 1174 2876 ἀποστόλων
1191 2849 1238 2876 καὶ
1251 2849 1276 2876 οί
1291 2848 1358 2883 ίεροὶ
1371 2848 1474 2877 τούτων
1491 2850 1603 2883 κανόνες
1619 2851 1726 2885 πάντας
1738 2851 1796 2884 τοὺς
