4106 6464
415 5078 429 5121 i

417 5123 431 5170 1

421 5198 433 5239 1

489 5215 497 5222 α

474 465 538 530 ll
1730 461 2123 523 MANUELIS
2162 460 2467 523 CALEQE
2610 526 2617 530 _
3658 457 3723 519 12

475 589 608 633 tom.
635 572 702 643 II,
738 590 790 646 p.
824 576 926 631 174
954 577 1061 633 285
1093 576 1212 650 ,[aL
1244 591 1298 648 p.
1336 572 1593 647 l82-I97]
1680 574 1806 629 cum
1839 575 2007 632 notis.
2048 573 2202 631 Unde
2230 589 2459 630 recusus
2497 572 2708 640 Latine,
2735 573 2953 630 omissis
2987 573 3151 640 notis,
3186 579 3269 628 est
3295 573 3347 626 in
3372 580 3522 627 tnmo
3546 571 3719 628 XXVI

473 665 617 721 Bibl.
664 664 891 719 Patrum
942 663 1139 734 Lugd.,
1179 680 1233 735 p.
1266 664 1390 718 545,
1422 662 1565 716 Idem
1598 658 1807 715 Calecaa
1854 663 2116 729 scriptum
2145 661 2199 714 in
2229 660 2366 715 duos
2397 660 2627 716 divisum
2667 660 2835 717 libros
2881 660 3073 715 Latina
3125 661 3375 715 versione
3420 660 3721 715 donaverat

471 752 713 807 Jacobus
744 752 1045 818 Pontanus,
1082 767 1242 820 quam
1269 751 1547 809 editurum
1577 763 1636 804 se
1666 747 1911 818 promisit
1948 748 2218 814 Labbeus,
2251 757 2384 804 tom.
2425 746 2469 804 II
2508 748 2581 802 De
2625 749 2978 817 scriptoribus
3011 749 3197 803 eccles.
3227 786 3241 812 ,
3274 763 3400 817 pag.
3445 748 3535 803 45.
3575 747 3718 803 Idem

386 882 393 887 μ
471 856 606 911 opus
637 839 821 895 Graece
851 840 1049 910 legisse
1077 855 1141 895 se
1168 853 1385 894 summa
1413 853 1539 892 cum
1570 838 1737 892 animi
1766 838 2128 892 delectatione
2193 845 2426 893 testatur
2449 838 2704 901 Allatius,
2730 852 2795 893 ex
2825 853 2925 893 ms.
2959 835 3253 890 Mediolani
3292 835 3348 889 in
3387 836 3721 890 monasterio

480 929 654 983 sancti
704 927 1004 991 Ambrosii,
1045 942 1178 986 ann.
1212 927 1377 989 6910.
1422 926 1514 996 qui
1546 925 1716 982 fuerit
1741 925 1946 981 Christi
1974 925 2132 991 1402,
2166 925 2404 981 fortasse
2436 940 2548 979 non
2583 920 2757 980 multo
2798 934 2922 993 post
2965 923 3210 991 ejusdem
3239 923 3451 978 Calccas
3501 932 3718 977 aetatem
3826 964 3833 969 .

470 1026 778 1071 exaratum.
813 1014 956 1068 Idem
984 1013 1215 1069 laudans
1259 1013 1555 1077 Arcudius,
1587 1026 1636 1066 c.
1667 1012 1718 1076 7,
1750 1011 2000 1065 Calecam
2033 1012 2211 1068 virum
2240 1024 2398 1068 vocat
2424 1029 2554 1067 sane
2573 1014 2792 1083 antiqua
2819 1012 3026 1068 ercia
3046 1011 3285 1081 dignum,
3311 1020 3357 1064 et
3380 1009 3718 1064 catholicum.

471 1104 615 1158 ldem
667 1083 748 1155 uir
795 1117 989 1170 magna
1027 1109 1079 1155 et
1125 1100 1371 1156 doctrina
1426 1109 1476 1154 et
1510 1100 1617 1169 ﬁde
1661 1107 1888 1154 vocatur
1917 1113 1948 1153 ι
1982 1097 2276 1158 Francisco
2308 1102 2579 1157 Turriano
2610 1102 2752 1156 libro
2785 1100 2855 1157 de
2908 1115 2963 1155 Vl
3001 1108 3057 1175 et
3085 1113 3183 1154 vm
3232 1099 3464 1168 synodo.
3501 1095 3717 1167 (ἣκει.)

471 1189 714 1244 Florent.
738 1190 789 1242 in
813 1189 944 1243 bibl.
973 1188 1261 1254 Laurent.,
1290 1188 1413 1243 cod.
1434 1188 1524 1252 15,
1553 1204 1608 1241 n.
1630 1188 1721 1252 41,
1741 1187 1874 1257 plut.
1896 1186 1983 1252 7i,
2002 1186 2092 1243 Coa

2100 1187 2354 1256 ifeuionis
2379 1190 2499 1261 (τῆς
2530 1187 2993 1259 ὲξομολογήσεως)
3022 1186 3236 1249 modus,
3259 1188 3404 1240 dom.
3440 1184 3583 1238 Man.
3616 1182 3721 1238 Ca-

470 1280 601 1334 lecae
645 1278 1025 1347 interpretatio
1062 1292 1129 1330 ex
1165 1276 1387 1337 Latino.
1421 1276 1518 1331 seu
1549 1275 1721 1333 forma
1761 1273 2133 1335 confessionis
2173 1285 2228 1330 et
2271 1260 2635 1331 absolutionis
2662 1285 3012 1344 peccatorum
3056 1273 3355 1327 secundum
3398 1270 3719 1324 Latinorum

469 1369 655 1433 ritum,
703 1382 732 1421 a
784 1365 931 1421 Man.
973 1366 1167 1421 Caleca
1224 1365 1277 1419 in
1335 1365 1579 1420 Graecam
1636 1366 1875 1435 linguam
1933 1379 2090 1420 convr

2100 1378 2220 1430 :rsa,
2310 1364 2420 1418 inc.
2465 1361 2930 1431 Ἑξομολογοῦμαι
2970 1359 3048 1430 τῷ
3077 1359 3269 1430 Κυρίῳ
3305 1373 3411 1426 μου
3435 1395 3450 1422 ,
3482 1358 3561 1429 τῷ
3600 1356 3721 1429 Θεῷ

473 1473 601 1525 μου,
647 1464 752 1510 etc.
800 1454 1182 1524 Subjiciuntur
1232 1453 1431 1509 deinde
1477 1453 1846 1510 confessionis
1902 1453 2318 1510 sacramentalis
2377 1451 2771 1522 praerogativae,
2824 1464 2947 1520 quae
2978 1456 3341 1503 numerantur
3376 1448 3716 1514 quindecim,

468 1565 772 1621 earumque
804 1550 1231 1606 declarationes.
1272 1549 1336 1607 ν.
1358 1549 1583 1605 Bandin.
1617 1550 1737 1605 Cati.
1771 1548 1933 1606 codd.
1962 1547 2058 1605 Gr.
2092 1547 2261 1603 Laur.
2290 1559 2425 1603 tom.
2461 1546 2550 1613 III,
2578 1562 2630 1617 p.
2660 1544 3101 1601 “th—Monac.
3138 1545 3191 1599 in
3220 1545 3566 1623 cod..Bavar.
3590 1543 3720 1608 127,

470 1640 603 1707 (sec.
639 1648 745 1693 cat.
775 1653 856 1708 gr.
887 1652 1022 1693 mss.
1057 1637 1250 1692 Bavar.
1285 1653 1340 1708 p.
1373 1638 1582 1700 53,’ab
1610 1638 1838 1693 Hardtio
1868 1646 2191 1693 numeratur
2235 1636 2359 1691 cod.
2390 1634 2497 1690 262
2550 1635 2614 1689 de
2648 1633 2916 1689 elementis
2956 1632 3231 1688 catholicae
3264 1633 3391 1700 ﬁdei
3429 1633 3724 1687 secundant

469 1725 812 1779 traditionem
845 1735 1045 1779 sancta:
1075 1725 1370 1793 Scriptum
1401 1734 1452 1780 et
1492 1726 1877 1778 catholicorum
1906 1725 2202 1779 doctorum.
2242 1723 2468 1793 (II/tn.)

539 1812 594 1865 4.
637 1811 775 1883 Περὶ
842 1812 943 1880 τῆς
978 1811 1141 1880 ἁγίας
1175 1811 1539 1882 Τριάδος,-όθ
1576 1818 1769 1866 sancta
1809 1809 2099 1875 Trinitate,
2131 1821 2160 1865 ti

2131 1820 2424 1866 tractatum
2452 1809 2927 1880 opulentissimum
2962 1809 3195 1864 Allatius
3226 1807 3428 1864 vidisse
3456 1810 3721 1864 Se‘testa-

394 1942 415 1955 .
473 1906 562 1951 tur
596 1912 648 1967 p.
681 1897 806 1959 855,
840 1897 908 1952 de
935 1913 1233 1961 consensu,
1271 1898 1454 1953 adhuc
1485 1899 1630 1967 quod
1661 1898 1831 1953 sciam
1883 1898 2015 1953 ined}

1735 1902 1831 1951 iam
1883 1898 2168 1953 ineditum.
2201 1898 2394 1967 Incipit
2436 1913 2450 1950 :
2489 1898 2612 1951 Τῶν
2650 1897 2898 1951 παλαιῶν
2939 1896 3234 1968 αἱρετικῶν
3265 1890 3356 1967 ἦν.

542 1987 598 2041 5.
640 1986 804 2053 Λόγοι
842 1986 1160 2053 Θεθλογικοί
1180 2028 1195 2054 ,
1227 1986 1507 2043 Orationes
1535 1986 1843 2058 theologica
1868 2002 1900 2042 e
1930 2002 2163 2058 quarum

2102 2002 2164 2041 im
2207 1983 2599 2054 sextaprolert
2627 1986 2880 2056 quaedam
2912 1984 3054 2040 idem
3079 1983 3336 2048 Allatius,
3378 1998 3430 2052 p.
3464 1983 3569 2038 455
3602 1999 3723 2055 seq.

472 2082 665 2128 contra
698 2072 1125 2147 Creyglitonum.

543 2161 599 2217 6.
645 2160 833 2217 Oratio
860 2164 925 2215 de
950 2171 1133 2215 sancto
1173 2161 1441 2231 Stephano
1496 2172 1910 2233 protomartyre.
1946 2161 2092 2217 Citat
2118 2161 2259 2215 idem
2291 2160 2387 2216 lib.
2422 2159 2497 2215 De
2536 2161 2739 2230 synodo
2780 2157 3070 2221 Photiana,
3102 2173 3156 2227 p.
3189 2148 3336 2219 542,‘
3362 2157 3727 2228 meminitque

468 2250 609 2306 libro
637 2251 701 2303 de
746 2249 1102 2312 Simeonibus,
1136 2266 1186 2318 p.
1226 2250 1346 2305 H5.
1388 2252 1584 2321 Incipit
1619 2268 1633 2306 :
1675 2251 1887 2321 Ὥσπερ
1928 2252 1957 2302 ὁ
2000 2250 2089 2320 ἦλι

1733 2257 1887 2321 ισπερ
1928 2252 1957 2302 ὁ
2000 2250 2151 2320 1ἥλιος
2190 2249 2486 2319 πανταχοῦ.
2520 2246 2608 2317 [γ.
2659 2262 2846 2318 supra,
2878 2247 2988 2302 vol.
3015 2245 3085 2311 X,
3118 2262 3171 2316 p.
3198 2244 3354 2316 327.]

478 2364 484 2368 ε
541 2337 592 2391 7.
636 2336 701 2391 In
735 2339 1189 2392 circumcisionem
1230 2338 1460 2394 Domini.
1494 2337 1685 2408 Incipit
1718 2356 1731 2391 :
1770 2337 1861 2407 Τῷ
1890 2336 2070 2407 καιρῷ

2127 2336 2324 2406 ἐκείνῳ
2392 2335 2746 2405 ἐπλήσθησαν
2800 2336 2860 2387 αι
2902 2335 3129 2405 ἡμέραι.
3163 2332 3307 2389 Idem
3351 2333 3584 2388 Allalius
3620 2335 3723 2389 lib.

468 2426 536 2480 de
562 2424 915 2480 Simeonibus
939 2441 994 2494 p.
1037 2425 1161 2479 112.
1191 2423 1285 2495 [ν.
1313 2439 1477 2492 supra
1510 2426 1548 2480 I.
1577 2441 1626 2479 c.
1655 2440 1708 2494 p.
1742 2423 1896 2495 240.]

541 2512 594 2566 8.
634 2510 1001 2566 Grammatica
1051 2527 1155 2566 ms.
1206 2510 1262 2563 in
1311 2511 1449 2564 bibl.
1495 2509 1811 2565 Culbertina
1844 2511 1967 2565 cod.
2019 2510 2178 2565 i992.
2228 2512 2416 2582 Itaque
2451 2527 2550 2583 per
2599 2511 2903 2566 Manuelem
2974 2511 3392 2580 grammaticum
3424 2512 3477 2565 in
3510 2510 3725 2568 Catena

466 2599 687 2654 Macarii
724 2598 1146 2667 Cbrysoccpliali
1187 2597 1240 2649 in
1274 2595 1477 2651 Lucam
1530 2597 1757 2665 intelligi
1786 2598 1932 2652 hunc
1964 2597 2270 2651 MattueIt-m
2303 2598 2582 2663 Calccam,
2622 2596 2938 2668 suspicatur
2973 2597 3208 2653 Wolﬁus
3250 2608 3438 2652 noster
3480 2600 3533 2653 in
3567 2598 3722 2655 Diss.

468 2690 537 2742 de
568 2686 777 2741 catenis
810 2686 1055 2750 Patrum,
1085 2700 1139 2755 p.
1171 2685 1263 2739 52.
1305 2684 1520 2756 (Fiam)
1547 2682 1705 2739 Conr.
1742 2700 1907 2753 supra
1935 2688 2002 2739 ad
2033 2689 2140 2741 vol.
2174 2688 2263 2753 Vl,
2298 2703 2350 2756 p.
2379 2688 2504 2742 525.
2530 2717 2598 2728 -
2619 2686 2763 2741 Man.
2797 2687 3008 2741 Calecze
3037 2688 3409 2742 Grammatira
3441 2690 3724 2757 quaedam,

470 2778 645 2831 Paris.
682 2776 735 2828 in
772 2775 894 2829 cod.
927 2772 1191 2828 Mazarin.
1222 2772 1311 2828 9i.
1352 2771 1417 2826 γ.
1447 2771 1745 2827 Muntfauc.
1776 2772 1918 2834 Bibl.
1953 2774 2191 2830 biblioth.
2226 2792 2379 2837 ωδε..
2413 2791 2465 2844 p.
2499 2774 2639 2829 1519
2688 2773 2757 2829 Ε.
2787 2774 3011 2845 (Hann)

540 2862 774 2935 [Calecze
802 2861 866 2915 ad
902 2859 1249 2916 Joanuicium
1282 2860 1547 2929 epistolae,
1582 2860 1637 2914 in
1669 2860 1797 2915 cod.
1830 2859 2120 2917 Vossiano.
2143 2856 2223 2917 Ὺ.
2252 2863 2374 2918 Cat.
2439 2879 2576 2917 mss.
2607 2864 2812 2933 Anglia:
2848 2872 2954 2918 etc.
2983 2863 3094 2918 vol.
3136 2863 3203 2926 Il,
3236 2867 3294 2917 n’.
3327 2862 3469 2917 2240
3496 2863 3517 2935 ]

541 2949 810 3019 Hymnus,
844 2946 913 3002 Te
942 2947 1106 3002 Deum
1128 2950 1433 3011 laudamus,
1467 2946 1657 3002 Graece
1691 2949 1993 3003 translatus
2026 2965 2122 3019 per
2155 2950 2424 3014 Calecam,
2449 2952 2530 3006 uti
2552 2951 2751 3020 legitur
2786 2952 2839 3004 in
2871 2951 3118 3019 margine
3147 2952 3268 3006 cod.
3296 2949 3535 3005 Florent.
3567 2951 3725 3006 Lall-

469 3050 610 3095 rent.
666 3054 721 3091 n.
752 3038 808 3097 2,
863 3036 1002 3105 plut.
1048 3035 1105 3089 4.
1155 3037 1260 3089 Alii
1313 3037 1621 3090 versionem
1677 3037 1822 3090 illam
1885 3038 2067 3107 hymni
2117 3038 2469 3093 Ambrosiani
2519 3038 2767 3093 tribuunt
2811 3038 3071 3093 Sisebuto
3123 3041 3418 3106 monacho,
3454 3040 3546 3109 qui
3581 3042 3728 3097 vixit

470 3144 596 3183 szec.
626 3143 703 3188 ιι,
738 3126 830 3179 alii
887 3124 1030 3178 aliis.
1071 3121 1136 3178 γ.
1175 3123 1402 3178 Bandin.
1431 3122 1553 3178 Cat.
1589 3123 1754 3178 codd.
1782 3121 1878 3178 Gr.
1912 3124 2085 3180 Laur:
2107 3123 2152 3190 l,
2184 3142 2236 3195 p.
2271 3127 2398 3180 555.

539 3215 745 3270 Calacte
780 3200 1037 3267 Monodia
1107 3226 1264 3274 super
1308 3209 1599 3276 Heledone,
1649 3210 1785 3266 ibid.
1822 3212 1877 3266 in
1926 3212 2052 3267 cod.
2089 3213 2253 3270 Laur.
2296 3215 2365 3268 15
2435 3231 2492 3268 n.
2537 3214 2624 3283 19,
2661 3216 2799 3283 plut.
2851 3205 2937 3269 74.
2989 3215 3057 3272 ν.
3115 3213 3347 3269 Bandin.
3412 3216 3454 3270 Ι.
3516 3230 3567 3270 c.
3624 3215 3720 3285 III,

469 3318 526 3372 p.
565 3300 686 3355 l06.

538 3392 620 3444 Ad
670 3388 919 3444 Caiecam
959 3386 1192 3457 epistola
1241 3385 1498 3442 Demetrii
1544 3388 1754 3460 Cydon.
1810 3388 1862 3443 in
1904 3387 2028 3444 cod.
2058 3387 2285 3447 Coislin.
2322 3388 2427 3443 515
2460 3390 2553 3444 Iln.
2590 3388 2654 3447 ν.
2707 3389 3006 3447 Montfauc.
3048 3390 3187 3447 Bibl.
3231 3391 3458 3446 Coislin.
3493 3406 3546 3446 η.
3577 3391 3715 3449 429.

469 3477 689 3551 (ΒΑΜ.)

1118 3878 2178 4039 MANUELIS.
2241 3840 3028 4039 GALEGZE

943 4167 1522 4286 CONTRA
1621 4170 2448 4289 GRZECORUM
2573 4170 3225 4288 ERRORES

1578 4442 1904 4530 unm
1986 4437 2603 4569 ouaruon,

610 4644 782 4707 Olim
808 4604 1029 4705 lmine
1071 4638 1234 4704 versi
1276 4639 1354 4703 ab
1393 4637 1735 4701 Ambrosio
1771 4636 2295 4715 Camaldulensi;
2338 4648 2559 4720 postea
2605 4657 2681 4704 ex
2723 4640 3109 4706 bibliotheca
3166 4644 3462 4709 Bavarica
3495 4646 3561 4710 in
3657 4693 3663 4699 .

769 4768 977 4829 lucem
1010 4764 1234 4844 prolati
1282 4770 1344 4826 et
1378 4763 1548 4827 notis
1578 4761 1878 4823 illustrati
1930 4778 1963 4823 δ
1997 4764 2185 4825 Petro
2230 4764 2563 4841 Stevartio,
2612 4767 2878 4841 Leodio,
2916 4768 3021 4829 SS.
3071 4769 3441 4849 Theologite

861 4898 937 4957 D.
1002 4893 1387 4974 professore,
1445 4899 1506 4953 et
1566 4888 1932 4951 Academici
1972 4889 2512 4969 Ingolstadiensis
2602 4895 3129 4973 procancellario,
3192 4904 3312 4959 etc.

1878 5214 2331 5313 PREFATIO.
3164 5228 3167 5231 '
3291 5166 3333 5204 ‘

1314 5380 1518 5437 Damno
1547 5378 1603 5437 S.
1635 5397 1698 5435 ac
1734 5382 2037 5438 beatissimo
2066 5397 2216 5454 papa:
2250 5382 2481 5437 .llartino
2509 5383 2840 5440 Ambrosius.

543 5537 711 5593 Parui
753 5539 1030 5607 prazreptis
1073 5539 1209 5606 tuis,
1256 5537 1446 5592 domne
1481 5536 1815 5602 beatissime,
1856 5552 2086 5606 opusque
2120 5515 2257 5591 ξιιιῖιι
2318 5539 2455 5595 clari
2502 5551 2550 5595 et
2583 5543 2780 5595 eruditi
2820 5543 2922 5598 viri
2959 5544 3231 5600 Manuclis
3281 5522 3492 5602 Calecte
3531 5563 3743 5612 contra

470 5630 667 5685 erca:
695 5626 920 5681 levitatis
954 5643 1180 5691 errores,
1211 5627 1351 5698 quod
1384 5626 1603 5694 insignis
1637 5624 1933 5696 Tlteologia:
1969 5626 2149 5680 cultor
2186 5628 2442 5699 Magister
2480 5631 2741 5685 Antonius
2784 5632 3092 5698 Massanus,
3123 5637 3233 5689 zelo
3260 5636 3384 5705 ﬁdei
3417 5654 3742 5707 succensus,

471 5715 934 5783 Constantinopoli
963 5731 1027 5770 ex
1055 5716 1181 5771 urbe
1208 5714 1354 5787 regia
1384 5731 1558 5769 secum
1586 5715 1796 5768 advexit
1819 5756 1834 5780 ,
1864 5716 2136 5769 commode
2165 5720 2370 5770 utinam
2434 5730 2592 5788 atque
2614 5720 2839 5785 utiliter,
2866 5716 3105 5792 prompte
3133 5736 3275 5779 certe
3333 5736 3489 5796 atque
3517 5728 3747 5786 οδιεηι..

470 5814 718 5877 peranter
744 5821 808 5860 ex
835 5807 1014 5863 Graeco
1049 5807 1299 5861 converti.
1338 5805 1454 5871 Quo
1484 5822 1607 5859 sane
1638 5806 1693 5859 in
1727 5822 1901 5868 opere,
1936 5808 2015 5860 vir
2046 5808 2138 5861 ille
2166 5809 2397 5876 optimus
2464 5809 2540 5862 ita
2571 5813 2802 5879 suscepti
2834 5816 3064 5866 muneris
3098 5815 3332 5885 impleuit
3365 5818 3634 5884 ofﬁciu‘m,
3678 5837 3740 5878 ut

468 5893 799 5966 diligentiam
827 5896 877 5948 in
904 5909 960 5949 se
988 5894 1281 5950 desiderari
1320 5895 1453 5966 (meo
1484 5894 1691 5948 auidcm
1719 5893 1948 5967 judicio)
1975 5913 2163 5967 passus
2195 5912 2296 5951 non
2329 5897 2417 5951 sit.
2447 5896 2611 5977 Caute
2644 5900 2780 5953 enim
2806 5911 2858 5953 ut
2896 5901 2945 5955 in
2989 5918 3042 5956 re
3076 5909 3228 5958 tanta
3263 5920 3549 5970 conqruum
3592 5907 3733 5979 ruit,
