4106 6456
362 398 424 466 13
466 469 477 479 ,
1459 396 1862 479 ADVERSUS
1901 396 2216 458 cumcos
2240 399 2383 461 LIB.
2428 400 2477 462 ι.
2820 411 2831 418 -
3140 441 3150 451 .
3539 404 3607 468 ιι

362 512 717 584 subtiliterque
790 528 885 582 pro
928 513 1166 567 materia:
1199 512 1459 583 dignitate
1504 511 1779 582 procedit,
1811 528 1997 580 eosque
2036 513 2288 581 praetori
2323 512 2597 567 bellatoris
2634 512 2828 577 instar,
2861 515 2971 570 suis
3012 516 3352 584 potissimum
3385 519 3605 573 revincit
3692 533 3703 539 ·

358 603 561 671 mnis;
588 611 746 669 atque
781 599 1024 652 inclitum
1056 615 1311 662 errorem,
1348 600 1469 675 imo\
1494 600 1794 667 ingenitum
1825 600 2175 652 contentionis
2203 601 2466 669 studium,
2497 600 2561 654 ab
2594 602 2746 671 ipsis,
2784 612 2841 655 ut
2885 602 2962 661 ita
3001 605 3203 671 dicant,
3241 604 3606 675 fundamentis

363 691 546 759 aperit,
582 689 805 759 detegit,
840 688 1039 753 nudat,
1077 687 1350 757 ipsumque
1386 688 1648 740 radicitus
1678 685 1878 739 evellit.

356 772 361 773 γ
431 776 495 830 Id
526 776 764 842 equidem
801 792 860 830 eo
891 775 1143 828 libentius
1179 774 1455 836 transtuli,
1482 789 1585 844 qua
1612 782 1661 827 et
1690 791 1720 825 a
1756 782 1825 835 te,
1857 770 1944 824 cui
1971 770 2151 824 omnia
2178 769 2326 839 ﬁdeli
2350 772 2595 842 obsequio
2624 771 2807 837 debeo,
2834 772 3217 845 injungebatur
3245 790 3264 828 :
3293 783 3342 828 et
3366 775 3429 831 ob
3458 775 3607 829 anti-

361 881 513 936 quum
553 872 776 933 gentem.
827 880 890 916 ac
929 863 1131 916 dudum
1171 861 1450 932 inclytam,
1480 856 1707 916 et’omni
1743 855 1928 933 genere
1964 857 2141 910 laudis
2176 856 2461 911 illustrem.
2536 857 2666 923 Quis
2695 861 2831 914 enim
2862 861 3064 917 nesciat
3091 859 3303 916 ercos
3327 862 3451 915 olim
3489 881 3610 918 cum

306 986 311 989 ι
360 953 618 1016 sapientia
649 960 695 1004 et
752 949 1077 1019 eloquentia,
1119 960 1225 1004 tum
1276 950 1382 1019 fide
1420 965 1482 1002 ac
1515 949 1790 1017 religione,
1821 948 2128 1015 carterisque
2161 948 2415 1000 uirtutum
2454 949 2679 1013 meritis,
2714 950 2917 1003 cunctis
2950 949 3058 1017 fere
3091 950 3404 1004 mortalilus
3433 952 3611 1005 υκαι.

363 1041 561 1096 luisse?
592 1038 774 1109 (Egre,
805 1051 863 1091 ut
882 1056 980 1109 par
1009 1049 1147 1104 erat,
1180 1056 1242 1092 ac
1273 1037 1489 1095 moleste
1517 1039 1782 1107 ferebam,
1817 1035 2126 1105 hujusmodi
2160 1034 2362 1088 diutius
2394 1034 2705 1103 impeditam
2761 1035 2963 1104 laqueis
2995 1037 3269 1106 plagisque
3300 1039 3563 1092 irretitam
3589 1056 3608 1094 :

362 1130 523 1197 obque
551 1128 625 1187 id,
653 1126 771 1193 jam
806 1127 1010 1195 pridem
1048 1128 1273 1181 summis
1301 1125 1703 1180 calamitatibus
1730 1126 1809 1178 ita
1852 1123 2104 1178 obtritam
2141 1129 2190 1174 et
2231 1133 2620 1190 consumptam,
2654 1134 2710 1176 ut
2736 1123 2825 1178 via:
2856 1114 3022 1176 ullum
3055 1127 3328 1195 vestgium
3366 1129 3612 1197 pristinm

360 1215 540 1285 glot‘t'tt
593 1229 654 1266 ac
690 1213 970 1284 dignitatis
1019 1223 1228 1268 seruet:
1257 1213 1662 1283 cupiebamque,
1743 1221 1791 1265 te
1826 1211 2162 1277 potissimum
2209 1218 2426 1261 auctore
2474 1225 2536 1262 ac
2580 1210 2732 1272 duce,
2772 1226 2911 1275 eam,
2960 1212 3060 1264 etsi
3104 1228 3207 1263 non
3239 1213 3292 1264 in
3321 1214 3612 1280 pristinam

362 1306 693 1371 dignitatem,
730 1302 967 1370 priscam
1001 1302 1373 1365 sanctitatem,
1402 1301 1696 1371 faciemque
1726 1299 1956 1365 restitui,
1982 1297 2037 1351 id
2067 1297 2260 1366 quippe
2289 1297 2466 1367 majus
2498 1304 2597 1362 est,
2628 1312 2795 1366 quam
2826 1307 2882 1350 ut
2905 1296 3199 1365 optandum
3233 1301 3382 1354 nobis
3408 1302 3477 1353 sit
3505 1342 3518 1368 ,
3554 1311 3610 1354 at

359 1390 548 1444 saltem
583 1388 646 1441 ab
676 1388 1028 1442 internecione
1062 1388 1301 1443 liberari.
2142 1374 2151 1379 ’

429 1459 600 1528 Tuum
639 1475 826 1543 quippe
862 1484 978 1538 est,
1014 1483 1064 1528 et
1095 1491 1209 1529 esse
1235 1473 1523 1544 intelligis,
1568 1471 1723 1543 Papa
1767 1473 2096 1537 beatissime,
2129 1482 2377 1549 errantes
2409 1473 2648 1526 homines
2681 1473 2752 1528 ad
2779 1484 2982 1528 rectum
3022 1491 3270 1529 revocare
3305 1476 3424 1537 iter.
3457 1487 3612 1545 atque

365 1565 433 1616 ad
471 1563 819 1616 imitationem
849 1561 954 1615 ueri
983 1564 1268 1632 wternique
1296 1564 1551 1631 pastoris,
1570 1562 1723 1630 cujus
1748 1561 1883 1613 rices
1915 1559 1972 1612 in
2003 1558 2157 1612 terris
2188 1559 2324 1628 agis,
2346 1573 2488 1612 ouem
2511 1561 2801 1629 perditam,
2828 1577 2903 1613 ac.
2924 1576 3016 1628 per
3043 1562 3185 1616 devii
3203 1564 3399 1615 erroris
3427 1568 3615 1630 aufra-

356 1662 474 1705 ειυς
515 1650 653 1703 male
707 1650 952 1711 liberam.
982 1658 1141 1720 atque
1172 1652 1225 1702 in
1250 1650 1533 1715 perniciem
1563 1665 1717 1703 suant
1756 1647 2087 1718 gradientem
2113 1646 2350 1699 studiose
2385 1650 2668 1716 requirere,
2692 1650 3057 1718 inuentumque
3084 1665 3146 1702 ac
3171 1652 3340 1704 sacris
3380 1651 3613 1707 humeris

358 1739 660 1807 impositam
681 1738 748 1790 ad
771 1736 903 1793 ovile
935 1739 1192 1794 revehere.
1237 1735 1395 1801 Tute,
1437 1738 1681 1805 inquam,
1710 1736 1896 1806 gloria:
1923 1735 1981 1787 in
2009 1733 2198 1803 primis
2231 1741 2332 1798 est,
2373 1740 2503 1787 adeo
2526 1734 2765 1789 diuinum
2800 1751 2953 1805 opus,
2986 1745 3098 1789 tam
3122 1738 3442 1806 prwclarunt
3477 1739 3614 1806 faci-

302 1881 316 1899 ‘
358 1843 482 1889 nus,
510 1834 621 1881 tota
647 1826 812 1879 animi
842 1826 1136 1880 intentione
1159 1827 1446 1895 suscipere,
1482 1824 1718 1893 nihilque
1747 1822 2040 1893 diligentia:
2066 1823 2331 1882 omittere,
2352 1821 2482 1875 dum
2510 1822 2566 1876 id
2593 1823 2850 1893 conficias
2880 1839 2899 1879 .°
2928 1833 2982 1877 ut
3002 1840 3105 1895 quo
3135 1833 3348 1892 pastore
3376 1825 3615 1881 Occidua

358 1911 604 1967 Ecclesia
633 1906 806 1981 plures
830 1924 953 1966 ante
983 1929 1150 1968 annos
1199 1900 1370 1967 diuisa
1402 1912 1660 1983 foederata
1693 1919 1796 1976 est,
1832 1928 1891 1966 eo
1927 1918 2164 1977 auctore,
2206 1909 2445 1965 Orientis
2484 1912 2650 1967 etiam
2688 1912 2953 1977 Ecclesia,
3002 1914 3206 1983 majore
3233 1915 3383 1984 longe
3434 1932 3498 1969 ac
3520 1923 3615 1970 de.

362 2002 553 2053 teriore
586 2003 821 2055 scissura
847 2000 1141 2073 segregata,
1172 2002 1269 2056 sub
1298 2017 1402 2055 uno
1430 2002 1627 2071 capite,
1657 2000 1862 2070 reliquo
1888 1997 2142 2051 Ecclesia:
2173 1999 2387 2066 corpori
2410 1999 2680 2069 jungatur
2704 2017 2728 2054 .'
2758 2018 2820 2055 ne
2840 2001 3043 2056 diutius
3075 2019 3108 2055 α
3139 2015 3331 2057 caetera
3362 2020 3614 2075 compage

356 2093 586 2162 disjecta
613 2094 808 2163 praeda
864 2110 927 2148 ac
954 2093 1148 2160 pabulo
1178 2093 1434 2148 Barbaris
1471 2093 1543 2147 sit
1571 2107 1591 2147 :
1624 2088 1724 2145 neu
1784 2089 1910 2144 inde
1936 2087 2304 2144 Christianum
2331 2105 2520 2145 nomen
2549 2090 2793 2158 funditus
2826 2091 3076 2158 tollatur,
3111 2094 3202 2146 ubi
3229 2096 3406 2163 primo
3453 2112 3617 2151 exor-

362 2191 469 2232 tum
492 2189 593 2250 est,
619 2196 720 2244 quo
743 2181 869 2251 quid
906 2180 1013 2232 dici
1043 2180 1285 2250 grauius,
1309 2179 1437 2247 quid
1464 2178 1695 2248 cogitari
1724 2175 1996 2246 indignius
2019 2186 2189 2242 potest
2211 2175 2236 2228 .’

426 2266 689 2323 Gratulor
719 2276 919 2322 sancta:
945 2269 1104 2321 menti
1135 2279 1261 2325 tute.
1322 2266 1526 2320 Domne
1564 2265 1890 2328 beatissime,
1930 2265 2176 2336 gratulor
2196 2265 2469 2335 felicitati,
2523 2277 2672 2337 teque
2695 2269 2766 2323 ad
2788 2270 2843 2324 id
2865 2285 2993 2339 opus
3021 2271 3278 2327 diuinitus
3299 2274 3619 2330 instinctum

356 2356 585 2425 mirifice
604 2355 846 2421 exsulto;
899 2371 1002 2425 quo
1029 2354 1162 2408 nihil
1190 2354 1498 2424 gloriosius,
1540 2352 1672 2406 nihil
1709 2368 1822 2406 esse
1874 2354 2041 2422 possit
2077 2352 2366 2409 illustrius.
2407 2354 2522 2408 Hoc
2566 2356 2614 2409 si
2642 2356 2840 2425 efﬁcere
2873 2361 3130 2427 potueris,
3181 2363 3381 2428 poteris
3414 2378 3616 2432 autem,

360 2442 577 2497 Christo
605 2445 908 2510 miserante,
939 2447 1031 2515 qui
1063 2455 1112 2498 te
1146 2443 1339 2518 adhoc
1371 2458 1563 2496 munus
1600 2440 1794 2511 elegit;
1824 2440 2117 2508 plurimum
2148 2441 2218 2518 ad
2246 2450 2460 2496 tuorum
2495 2445 2805 2498 meritorum
2837 2447 3111 2501 cumulum
3133 2450 3440 2513 accessisse,
3464 2468 3616 2506 nemo

362 2534 461 2587 nisi
492 2534 689 2601 judicii
744 2550 805 2587 ac
828 2513 1054 2585 rationis
1087 2513 1307 2603 ignarus
1333 2531 1635 2600 denegabit,
1663 2528 1875 2600 quando
1906 2544 2007 2582 non
2032 2513 2208 2583 solum
2242 2530 2543 2599 reﬁciendis
2571 2532 2664 2584 diu
2691 2533 2948 2603 collapsis
2970 2537 3140 2590 sacris
3164 2538 3388 2605 a’dibus,
3413 2556 3615 2607 verum,

360 2621 533 2675 multo
562 2620 773 2689 dignius
802 2620 1170 2674 instauranda:
1205 2618 1494 2674 uniuersali
1537 2616 1810 2682 Ecclesice,
1849 2617 1992 2669 omni
2027 2617 2207 2673 studio
2242 2619 2523 2673 incumbis.
2557 2618 2661 2676 Sed
2681 2622 2823 2675 enini
2848 2621 3035 2678 laudes
3065 2635 3185 2680 tuas
3210 2629 3457 2698 prosequi
3489 2645 3618 2698 pro.

361 2713 595 2778 positum
626 2726 727 2764 non
755 2719 853 2763 est.
885 2708 1013 2764 Sum
1048 2725 1245 2763 memor
1278 2711 1387 2778 ipse
1424 2711 1561 2775 mei,
1607 2708 1805 2779 facient
1833 2708 1931 2761 hoc
1955 2705 2337 2780 emcellentiora
2371 2709 2582 2779 ingenia
2610 2724 2629 2763 :
2658 2708 2793 2763 mihi
2827 2718 2908 2763 sat
2932 2710 3127 2780 fuerit,
3167 2729 3275 2782 pro
3295 2714 3495 2787 ingenii
3542 2727 3620 2773 ιε-

357 2803 568 2853 unitate
593 2797 912 2860 satisfecisse
934 2797 1166 2867 jussioni
1198 2806 1324 2853 tuae.

430 2885 599 2951 Sane,
632 2887 686 2940 id
712 2903 864 2953 opus,
895 2886 1036 2955 quod
1059 2894 1246 2939 auctor
1270 2886 1380 2956 ipse
1415 2885 1730 2939 continuata
1755 2885 1985 2940 dictione
2019 2899 2124 2938 uno
2159 2881 2425 2939 uolumine
2448 2884 2690 2953 inclusit,
2722 2902 2818 2940 nos
2846 2886 3078 2942 utilitati
3107 2889 3421 2961 legentium,
3453 2892 3621 2960 fasti-

356 2977 555 3045 dioque
591 2966 942 3037 consulentes,
980 2974 1109 3043 quia
1147 2972 1420 3043 prolixum
1444 2972 1597 3027 ualde
1620 2975 1920 3039 videbatur,
1949 2974 2004 3028 in
2038 2971 2483 3040 libros'quatuor,
2510 2976 2788 3028 commoda
2817 2976 3163 3031 distinctione
3189 2978 3501 3047 divisimus,
3560 2993 3621 3038 ut

356 3079 451 3130 per
475 3061 794 3130 hujusmodi
831 3059 989 3115 veluti
1020 3070 1210 3123 metas,
1251 3060 1462 3113 lectoris
1507 3060 1722 3115 animus
1756 3076 1789 3114 a
1815 3060 1933 3130 jugi
1978 3064 2291 3116 certaminis
2336 3065 2713 3117 exercitatione
2758 3067 3135 3137 requiesceret,
3177 3080 3226 3123 et
3271 3070 3508 3124 alacrior
3549 3077 3620 3125 ad

364 3150 576 3220 reliqua
602 3148 934 3218 perlegenda,
965 3148 1324 3217 intentiorque
1349 3164 1554 3213 semper
1578 3158 1902 3219 assurgeret.
1939 3147 1997 3203 Si
2023 3150 2150 3218 quid
2185 3159 2361 3204 autem
2394 3152 2446 3203 in
2483 3153 2583 3206 hac
2615 3152 3055 3220 interpretatione
3083 3156 3161 3209 vel
3195 3156 3473 3211 obscurius
3505 3158 3622 3229 for-

356 3248 523 3301 tasse,
580 3238 661 3290 uel
701 3237 1071 3290 inconcinnius
1110 3236 1343 3305 positum
1389 3235 1620 3304 prudens
1666 3238 1830 3289 lector
1870 3235 2170 3305 offenderit,
2206 3240 2401 3306 partim
2435 3241 2488 3292 id
2552 3241 3014 3311 interpretationis
3061 3247 3388 3315 necessitati,
3423 3252 3624 3318 partim

360 3332 515 3380 etiam
551 3325 848 3379 immodica
873 3324 1137 3379 celeritati
1170 3336 1445 3392 acceptum
1482 3324 1703 3393 referat.
1744 3323 1889 3378 Nam
1916 3332 1964 3378 et
1991 3324 2214 3377 materia
2258 3341 2318 3379 ea
2361 3337 2463 3392 est,
2497 3327 2729 3398 adeoque
2787 3332 3026 3400 angustis
3063 3333 3302 3387 terminis
3331 3340 3624 3391 constricta

364 3426 419 3466 ut
447 3415 729 3479 interpreti
758 3422 927 3466 tutum
960 3428 1065 3467 non
1089 3413 1275 3480 fuerit,
1324 3402 1565 3466 auctoris
1597 3412 1814 3481 uestigia
1851 3411 2059 3482 longius
2097 3414 2343 3469 deserere
2370 3429 2388 3466 :
2414 3431 2497 3476 ne,
2532 3433 2631 3470 sua
2665 3419 2843 3485 potius
2885 3421 3222 3486 compilasse,
3251 3440 3409 3491 quam
3444 3426 3623 3479 aliena
3700 3407 3704 3409 Α

366 3500 712 3555 transtulisse
757 3502 1062 3566 videretur;
1093 3511 1143 3555 et
1174 3501 1417 3555 celeritas
1446 3508 1599 3554 tanta
1624 3500 1763 3568 fuit,
1789 3509 1847 3552 ut
1881 3513 2010 3567 opus
2042 3501 2327 3566 mensium,
2363 3518 2467 3555 uno
2508 3503 2617 3571 fere
2649 3521 2828 3559 mense
2858 3508 3217 3563 traduxerim.
3256 3508 3441 3580 Neque
3479 3515 3621 3567 enim

368 3590 581 3656 ignorat
608 3598 795 3641 sancta
826 3588 1057 3642 eruditio
1098 3598 1213 3653 tua,
1251 3604 1368 3658 quae
1401 3588 1671 3648 celeriter,
1711 3587 1821 3641 imo
1849 3589 2027 3639 uerius
2065 3589 2464 3656 prwcipitanter
2500 3580 2872 3658 e/I’undantur,
2905 3593 2972 3646 de
3006 3611 3062 3648 re
3105 3601 3403 3664 pra'sertim
3453 3602 3628 3654 ardua

358 3688 410 3731 et
444 3677 856 3748 augustissima,
890 3687 938 3730 et
965 3693 1067 3746 qua
1099 3676 1248 3730 nulla
1290 3677 1514 3730 tractari
1556 3675 1777 3731 cautius
1817 3673 1968 3727 debet
2013 3674 2099 3742 (de
2125 3675 2386 3731 Trinitate
2413 3679 2553 3731 enim
2582 3680 2756 3733 omnis
2787 3680 2898 3748 fere
2927 3698 3098 3736 sermo
3121 3683 3250 3751 est),
3283 3701 3347 3738 ea
3377 3704 3627 3745 accurate

360 3765 467 3817 dici
512 3775 801 3833 ornateque
828 3780 930 3817 non
954 3779 1123 3831 posse.
1150 3761 1405 3817 Fideliter
1429 3772 1604 3819 tamen
1632 3777 1714 3817 me
1743 3761 2104 3829 transtulisse.
2132 3775 2439 3818 constanter
2468 3770 2902 3822 asseveraverim.
2926 3767 3253 3824 Incolumem
3286 3775 3626 3830 sanctitatem

368 3869 552 3924 tuam,
593 3872 655 3911 ac
687 3856 900 3925 prolixa
960 3865 1114 3908 attate
1159 3853 1544 3924 tranquillam,
1590 3862 1640 3907 et
1676 3852 1986 3921 ﬂorentem,
2031 3849 2279 3907 Christus
2322 3851 2464 3906 Deus
2511 3864 2689 3908 noster
2736 3856 3069 3925 omnipotens
3120 3876 3331 3914 seruare
3356 3863 3628 3932 dignetur,

375 3943 581 3999 Domus
610 3953 810 4012 sancte,
846 3960 909 3998 ac
934 3941 1234 3997 beatissime
1266 3941 1452 3995 Pater.

1947 4108 2008 4122 “

1328 4195 1672 4260 INCIPIT
1721 4196 2156 4261 AUCTORIS
2205 4164 2667 4259 PROLOGUS.

432 4349 709 4418 Quoniam
760 4346 982 4418 quidem
1032 4344 1289 4402 fraterna
1322 4345 1638 4403 dilectionis
1665 4362 1797 4402 cura
1827 4361 1945 4400 ms-
1972 4353 2020 4412 Α
2053 4346 2315 4403 Ecclesiae
2345 4345 2565 4413 divisio,
2594 4344 2908 4401 necessario
2938 4354 3126 4403 secuta
3157 4355 3259 4405 est.
3301 4346 3455 4403 Scire
3482 4352 3630 4405 enim

367 4445 516 4499 xima
563 4440 815 4497 habenda
868 4448 992 4502 est.
1049 4450 1355 4509 cunctaque
1413 4454 1516 4510 pro
1574 4438 1670 4494 illa
1737 4438 1945 4509 agenda

371 4546 533 4607 atque
581 4535 855 4590 molienda
895 4542 1046 4596 sunt,
1093 4535 1164 4587 ita
1208 4532 1441 4602 iubente
1479 4532 1753 4599 Domino;
1809 4530 1948 4586 nihil

371 4642 497 4683 vero
525 4627 764 4698 gratius,
790 4624 1044 4695 nihilque
1078 4624 1269 4683 utilius
1314 4633 1421 4693 est,
1458 4640 1623 4694 quam
1657 4625 1725 4679 de
1758 4622 1868 4678 Deo
1897 4633 1950 4679 et

369 4722 559 4776 audire
588 4728 645 4774 et
695 4719 840 4788 loqui
867 4735 882 4786 ;
913 4734 977 4774 ex
1008 4733 1118 4788 quo
1149 4719 1227 4782 llt,
1264 4725 1321 4770 ut
1358 4729 1421 4772 et
1452 4717 1547 4788 qui
1582 4716 1731 4778 dant.
1764 4725 1825 4771 et
1852 4715 1949 4787 qui

370 4812 669 4882 accipiunt,
721 4825 916 4879 magna
970 4817 1382 4879 consequantur
1413 4807 1821 4870 emolumenta;
1871 4808 1949 4862 vl—

373 4902 757 4972 tamque‘inde
784 4903 1169 4972 sempiternam
1195 4902 1553 4972 adipiscimur
1579 4918 1594 4955 :
1630 4898 1760 4954 Hac
1786 4900 1947 4967 enim,

372 4994 577 5063 inquit,
614 5005 685 5047 est
719 4993 826 5047 uita
862 5002 1080 5058 aeterna,
1127 5005 1186 5047 ut
1233 5002 1555 5063 cognoscant
1587 5000 1636 5046 te
1663 4990 1834 5045 solum
1860 5006 1951 5044 ue-

372 5103 486 5140 runt
542 5085 730 5149 Deum,
779 5096 828 5141 et
876 5104 1027 5157 quem
1078 5089 1274 5143 misisti
1326 5088 1511 5144 Iesum
1560 5092 1834 5159 Christum
1888 5094 1947 5158 ';

371 5193 607 5247 quaeque
637 5178 847 5232 scilicet
896 5179 1222 5248 divinitatis,
1269 5190 1325 5237 ct
1372 5199 1494 5252 quae
1548 5185 1800 5240 humana:
1832 5185 1949 5241 dis-

374 5268 713 5338 pensationis
771 5280 960 5336 sunt;
1022 5283 1193 5343 tuque
1246 5289 1277 5329 a
1334 5276 1494 5331 nobis
1554 5278 1786 5347 exegisti
1849 5293 1951 5348 pro

374 5363 601 5417 modulo
640 5363 832 5418 virium
870 5374 1181 5421 nostrarum
1219 5367 1438 5421 edoceri
1467 5410 1480 5433 ,
1514 5377 1575 5424 ut
1607 5385 1727 5425 sese
1754 5370 1953 5426 habeat

376 5464 693 5509 sanctorum
740 5452 964 5510 Patrum
997 5458 1065 5512 de
1096 5459 1450 5527 processioue
1494 5457 1735 5530 Spiritus
1765 5463 1956 5518 rectis-

375 5547 513 5600 sima
543 5547 768 5612 Opinio:
796 5547 864 5602 de
892 5562 1000 5616 qua
1026 5548 1255 5612 scilicet,
1286 5565 1411 5604 cum
1441 5548 1614 5605 Grmci
1665 5548 1954 5620 Latinique

375 5634 746 5705 diSscnliaut,
810 5637 1088 5722 dissensio
1149 5637 1358 5702 etiam,
1439 5648 1604 5711 atque
1666 5643 1954 5710 utriusque

2051 4441 2231 4511 cupis,
2262 4439 2465 4510 quibus
2502 4449 2734 4509 utraque
2780 4437 3023 4494 Ecclesia
3071 4440 3379 4496 rationibus
3414 4443 3630 4505 nititur.

2050 4547 2215 4602 atque
2246 4544 2371 4585 utra
2405 4546 2473 4585 ex
2505 4531 2590 4586 his
2652 4531 3037 4586 rationabilius
3068 4532 3291 4595 sentiat,
3339 4540 3634 4602 pramerca-

2051 4639 2191 4694 quc,
2220 4623 2440 4697 dicente
2467 4621 2699 4677 Domino
2729 4639 2743 4675 :
2776 4624 2908 4688 Quae
2957 4622 3074 4675 dico
3102 4621 3244 4677 vobis
3288 4624 3342 4675 in
3383 4625 3632 4688 tenebris,

2050 4719 2212 4773 dicite
2241 4721 2300 4774 in
2331 4718 2530 4774 lumine
2552 4759 2569 4785 ,
2601 4730 2651 4775 et
2699 4735 2816 4790 qua:
2838 4719 2891 4772 in
2916 4720 3047 4771 aure
3072 4718 3320 4777 audistis.
3351 4719 3644 4786 prtcdicate

2051 4828 2208 4881 super
2243 4822 2381 4866 tecta
2410 4814 2453 4866 ’.
2486 4790 2913 4881 Apostolo'itcm
2958 4809 3207 4866 terribile
3255 4810 3458 4866 silentii
3489 4812 3640 4879 judi-

2054 4906 2199 4961 cium
2228 4905 2569 4967 insiuuaute,
2605 4920 2668 4959 ac
2697 4904 2945 4958 dicente:
2977 4900 3249 4974 Testiﬁcor
3282 4903 3426 4958 vobis
3458 4905 3639 4970 hodie,

2053 5001 2180 5071 quia
2211 4998 2438 5052 mundus
2467 5013 2581 5051 sum
2615 5013 2646 5051 a
2688 4995 2942 5064 sanguine
2984 4996 3260 5060 omnium;
3308 5012 3472 5061 neque
3500 4995 3641 5050 enim

2053 5090 2384 5145 dissimulavi
2432 5091 2681 5142 nuntiare
2710 5086 2855 5141 nobis
2902 5103 3109 5142 omnem
3153 5088 3428 5141 veritatem
3478 5099 3634 5158 atque

2055 5183 2338 5237 consilium
2388 5181 2487 5235 Dei
2520 5182 2583 5249 ³;
2622 5189 2789 5249 atque
2837 5180 2941 5235 hoc
2987 5178 3170 5249 ipsum
3200 5179 3511 5236 faciendum
3540 5182 3640 5240 al-

2058 5284 2356 5330 moneute:
2391 5270 2522 5328 lltec
2548 5274 2710 5339 enim,
2740 5273 2941 5341 inquit,
2983 5273 3231 5335 admone,
3265 5281 3313 5326 et
3347 5283 3646 5329 contestata

2056 5384 2236 5423 coram
2273 5366 2383 5421 Deo
2412 5366 2456 5421 ⁸.
2515 5365 2629 5422 Etsi
2662 5365 2730 5420 de
2762 5363 2873 5419 Dco
2927 5379 2993 5420 ac
3038 5364 3238 5420 divinis
3269 5365 3434 5421 rebus
3492 5366 3640 5434 loqui
3671 5392 3678 5401 υ

2059 5460 2167 5515 illis
2206 5460 2390 5530 potius
2441 5457 2757 5521 conveniat,
2788 5457 2883 5527 qui
2926 5472 3145 5527 semper
3190 5457 3242 5512 in
3280 5459 3397 5528 lege
3426 5458 3643 5512 Domini

2022 5551 2413 5618 'tneditantcs,
2454 5541 2758 5620 purgatiori
2820 5549 2926 5602 vita
2989 5558 3044 5603 et
3087 5549 3444 5621 intelligentia
3490 5561 3644 5613 sum,

2064 5656 2095 5695 a
2139 5642 2346 5698 quibus
2388 5656 2490 5696 nos
2536 5639 2858 5712 longissime
2894 5630 3093 5696 remoti
3125 5656 3340 5702 sumus,
3396 5641 3647 5712 plurimus

450 5840 466 5871 ¹
499 5838 670 5895 Joan.
701 5854 835 5906 xm,
867 5840 921 5895 3.
998 5843 1018 5874 ⁸
1049 5841 1247 5899 Matth.
1278 5859 1332 5912 ι,
1364 5843 1455 5897 27.
1537 5844 1554 5874 ³
1590 5846 1711 5899 Act.
1746 5859 1835 5910 χι,
1866 5843 1950 5897 26.

2051 5842 2062 5893 i
2162 5842 2183 5872 ⁸
2224 5839 2334 5895 Tit.
2374 5856 2435 5908 It,
2491 5844 2573 5907 l5.
