4106 6468
466 412 532 475 15
1726 408 2045 473 MANUEL

2155 412 2460 475 CAI.EC.E
3657 413 3723 482 16

464 536 648 581 tamen
685 520 995 578 rationibus
1030 534 1116 577 me
1164 520 1230 577 ad
1278 520 1633 578 scribendum
1697 523 2048 609 hortantibus
2078 527 2124 584 Α
2153 526 2298 585 ferre
2359 540 2522 601 atque
2562 529 2688 585 aliis
2721 528 2983 585 tradere?
3023 544 3167 586 nunc
3202 530 3425 601 quidem
3470 529 3728 586 amicitia:

466 626 633 687 atque
695 614 1146 685 impellentibus,
1211 613 1519 682 aggrediar,
1586 614 1867 679 facultate,
1935 629 2043 684 qua

464 719 681 778 petero,
732 722 855 775 qua:
901 721 932 760 a
966 704 1172 760 sanctis
1206 703 1465 760 Patribus
1498 704 1566 759 de
1601 705 1703 760 hac
1749 722 1809 761 re
1844 708 2047 777 scripta

465 813 632 864 sunt,
704 798 923 854 Christo
981 797 1139 862 duce,
1200 796 1476 851 moderate
1509 804 1675 867 atque
1704 798 2046 869 simpliciter,

466 900 684 948 servato
726 889 1073 960 compendio,
1141 888 1237 942 tibi
1310 903 1624 958 exponere:
1661 889 1911 960 plurimis
1944 892 2051 946 sci-

466 983 599 1038 licet
656 981 877 1037 ontissis
930 981 1096 1052 (nam
1173 979 1555 1049 longissimum
1611 989 1795 1047 esset,
1864 982 2048 1038 omnia

463 1074 772 1147 prosequi),
827 1074 1133 1145 paucisque
1184 1074 1537 1128 solummodo
1585 1074 1803 1143 positis,
1849 1075 2050 1144 quibus

464 1182 720 1224 constare
772 1170 946 1238 possit
998 1181 1250 1239 quaenam
1300 1166 1406 1220 illis
1458 1166 1525 1221 de
1591 1167 1690 1220 hac
1776 1180 1833 1220 re
1880 1166 2051 1220 fuerit

464 1260 653 1331 opinio
683 1277 697 1315 :
734 1270 795 1316 ut
819 1275 885 1315 ex
910 1261 1010 1316 hac
1039 1258 1420 1314 moderatione
1453 1266 1665 1323 nostra,
1700 1265 1753 1312 et
1785 1268 1866 1324 tu,
1899 1257 2047 1327 quod

463 1353 534 1406 ab
586 1351 768 1407 amico
816 1349 1119 1420 requisisti,
1173 1348 1575 1419 consequaris,
1628 1358 1682 1402 et
1733 1350 1868 1419 ipse,
1917 1349 2046 1402 dum

463 1445 685 1519 illorum
747 1443 1093 1515 prolixitate,
1125 1456 1235 1497 non
1296 1450 1544 1505 terreor,
1611 1439 2049 1509 brevitatemquc

466 1536 729 1607 temporis
756 1551 867 1591 non
901 1534 1253 1605 pertimesco,
1286 1534 1510 1607 meliore
1540 1533 1653 1603 jam
1683 1533 1869 1588 animo
1903 1534 2006 1587 sim
2031 1572 2051 1598 ,

462 1629 541 1683 illi
579 1602 668 1682 me
698 1602 951 1681 vindictae
978 1602 1329 1680 subdendu'm
1376 1640 1487 1679 non
1519 1602 1664 1691 esse,
1697 1639 1820 1694 qua:
1847 1623 1927 1678 illi
1960 1624 2049 1678 in-

463 1726 730 1780 tentatur,
759 1714 855 1785 qui
890 1716 1156 1770 talentum
1187 1714 1496 1770 abscondit.

534 1805 652 1862 Non
709 1806 878 1877 igitur
920 1805 1139 1870 tacebo,
1189 1818 1316 1859 cum
1366 1803 1645 1875 praecipue
1692 1804 1761 1859 de
1811 1805 2042 1861 veritate

463 1897 590 1959 ﬁdei
622 1897 756 1952 mihi
787 1911 971 1954 sermo
999 1895 1222 1951 futurus
1254 1895 1346 1961 sit,
1372 1910 1547 1965 neque
1579 1894 1876 1965 ambigam,
1906 1894 2039 1966 quin

463 2005 561 2060 per
594 1999 646 2044 te
685 1988 753 2043 ad
785 1989 926 2044 alios
990 2002 1213 2058 quoque
1244 1996 1544 2043 manatura:
1575 1989 1685 2042 sint
1717 1988 1913 2042 litterae
1954 2001 2055 2041 no-

465 2092 619 2147 strae,
671 2095 811 2149 quos
854 2080 1060 2148 alloqui
1113 2079 1215 2148 ipsi
1267 2093 1375 2132 non
1419 2082 1812 2148 possttnttts,fct
1858 2093 2050 2132 eorum

465 2172 728 2227 obtestari
776 2169 845 2224 de
868 2170 1109 2235 veritate
1154 2169 1320 2234 fidei;
1358 2168 1442 2222 Itis
1489 2178 1671 2223 autem
1708 2168 1895 2223 licebit
1927 2169 2053 2225 illos

465 2264 670 2333 alloqui
698 2262 855 2333 juxta
886 2261 1127 2316 edictum
1160 2278 1175 2327 ;
1230 2271 1398 2331 atque
1443 2260 1537 2325 ita,
1565 2260 1694 2315 dum
1729 2261 2054 2332 multiplica-

466 2358 614 2414 bitur
660 2356 811 2411 verbi
864 2354 1230 2409 ministerium
1261 2393 1276 2418 ,
1326 2354 1462 2408 mihi
1519 2355 1621 2424 ipsi
1675 2354 1853 2409 fidelis
1906 2357 2051 2411 servi

466 2463 676 2504 merces
715 2447 1270 2516 'excompensabitur.
1326 2446 1657 2516 Quanquam
1700 2462 1831 2501 vero
1881 2462 2054 2517 pauca

466 2543 535 2597 de
575 2538 765 2594 multis
814 2538 1171 2607 appositurus
1214 2537 1342 2603 sim,
1385 2536 1431 2591 si
1464 2537 1590 2605 quis
1630 2545 1809 2591 tamen
1870 2537 2055 2608 jurgio

466 2643 523 2689 et
583 2631 941 2689 contentione
999 2629 1292 2700 sepositis,
1366 2628 1564 2698 ipsam,
1612 2643 1708 2698 per
1791 2628 2053 2699 seipsam,

466 2725 751 2781 veritatem
803 2722 904 2789 rei,
956 2739 1021 2778 ex
1082 2723 1189 2787 Itis,
1266 2736 1388 2792 qua:
1441 2722 1598 2775 lirma
1648 2730 1703 2776 et
1751 2731 1870 2776 rata
1926 2730 2056 2778 sunt

468 2818 729 2886 indagare
763 2822 972 2885 pergat,
1000 2814 1160 2884 longe
1188 2813 1555 2878 brevioribus,
1587 2824 1749 2881 atque
1777 2813 1911 2884 ipsis
1940 2825 2057 2869 tan-

472 2917 588 2963 tunt
618 2905 745 2962 ﬁdei
791 2905 1083 2977 principiis
1132 2905 1277 2960 hanc
1326 2904 1594 2961 illustrari
1630 2920 1791 2976 posse
1836 2920 2057 2977 compe-

469 3001 612 3056 riet:
665 3013 843 3069 eoque
874 2997 1131 3069 lfacilius,
1180 3011 1292 3068 quo
1338 2996 1508 3052 Deum
1557 2998 1756 3052 talibus
1800 2998 2053 3054 auxiliari

471 3102 680 3149 certum
720 3101 826 3157 est,
858 3091 951 3162 qui
988 3105 1112 3146 cum
1145 3092 1351 3161 pietate
1373 3100 1665 3159 quaerunt:
1699 3088 2052 3159 Cooperator,

471 3185 670 3254 inquit,
702 3182 844 3238 Deus
876 3193 952 3237 est
988 3183 1136 3237 omni
1162 3182 1421 3252 quaerenti
1454 3182 1645 3236 bonum
1673 3183 1715 3235 ⁸.
1767 3181 1927 3254 Isque
1957 3184 2051 3255 qui
2083 3171 2126 3230 C

475 3275 798 3346 Scripturas
863 3275 1115 3330 hortatur
1164 3274 1408 3355 formari
1459 3275 1510 3339 ⁸,
1571 3290 1740 3345 seque
1799 3277 2052 3332 daturum

472 3365 773 3436 petentibus
839 3365 1275 3435 pulsantibusque
1307 3364 1327 3396 "
1396 3374 1710 3434 aperturum
1779 3368 2056 3437 pollicitus

473 3469 577 3527 est,
635 3474 744 3515 non
795 3459 1076 3530 permittet
1120 3456 1432 3527 hujusmodi
1481 3457 1697 3529 longius
1748 3475 1778 3514 a
1828 3461 2055 3517 veritate

476 3554 757 3607 aberrare.

549 3639 819 3707 Quoniam
850 3637 1013 3708 igitur
1042 3636 1248 3693 dictum
1275 3647 1358 3692 est
1386 3656 1398 3690 :
1440 3636 1523 3692 Da
1555 3639 1784 3706 sapienti
1819 3642 2056 3695 occasio-

474 3748 614 3798 nem,
642 3741 692 3785 et
718 3728 1009 3799 sapientior
1031 3729 1128 3782 erit
1158 3729 1181 3762 ⁸
1204 3746 1219 3795 ;
1250 3729 1463 3798 qualem
1492 3739 1544 3785 te
1572 3744 1695 3786 esse
1721 3732 1857 3795 scio,
1889 3747 2054 3803 quem

476 3824 615 3880 nihil
666 3837 767 3894 pro
818 3821 1193 3886 contentione,
1231 3821 1367 3876 nihil
1416 3837 1516 3891 pro
1560 3824 1804 3879 vanitate
1855 3827 2054 3893 facere,

478 3913 765 3984 solamque
801 3926 984 3966 rerum
1016 3910 1299 3966 veritatem
1333 3911 1612 3981 sapienter
1671 3927 1733 3967 ac
1762 3914 2057 3982 prudenter

478 4004 760 4075 inquirere
807 4017 909 4073 pro
966 4010 1250 4071 comperto
1304 4000 1521 4056 habeo:
1580 4003 1882 4073 promptius
1917 4005 2054 4075 jam,

479 4095 627 4166 quod
671 4095 956 4164 quaeritur,
1007 4093 1283 4162 explicare
1329 4092 1636 4163 aggrediar.
1689 4093 1878 4165 Neque
1925 4111 2059 4152 sane

479 4191 706 4258 ignarus
740 4200 885 4251 sum,
931 4185 1245 4254 complures
1292 4185 1400 4254 iam
1448 4184 1719 4253 plurimos
1764 4186 1834 4242 de
1861 4189 1966 4242 hac
1995 4204 2058 4246 re

477 4278 768 4357 scripsisse
816 4279 988 4334 libros
1017 4316 1033 4343 ,
1086 4278 1208 4347 qui,
1262 4276 1391 4331 licet
1452 4276 1658 4332 veritas
1707 4279 2058 4347 paucioribus

479 4371 753 4441 indigeret
796 4369 1006 4436 verbis,
1046 4367 1234 4425 multis
1265 4376 1449 4423 tatnen
1498 4366 1636 4437 ipsis
1679 4368 2059 4438 indiguerunt,

480 4472 540 4516 nt
596 4477 717 4516 eam
761 4471 953 4517 contra
1008 4461 1132 4514 illos
1184 4470 1494 4526 tuerentur,
1552 4460 1645 4529 qui
1688 4462 2058 4520 contentionis

477 4553 664 4609 studio
698 4553 845 4607 illam
878 4554 1149 4609 lacessere
1180 4550 1481 4606 tentabant.
1892 4538 1901 4545 ’

544 4645 836 4712 Cancrum,
873 4645 1018 4702 sicut
1064 4645 1451 4714 unusquisque
1499 4643 1739 4699 ﬁdelium
1777 4645 1900 4700 fidei
1926 4662 2055 4716 pro-

478 4738 583 4792 fert
630 4735 1079 4792 confessionem:
1132 4732 1302 4790 Corde
1335 4739 1472 4791 enim
1504 4737 1740 4793 creditur
1782 4739 1852 4793 ad
1891 4741 2058 4809 justi-

446 4820 655 4893 ‘Eiatn:
700 4844 787 4882 ore
850 4838 1025 4881 autem
1062 4830 1322 4898 confessio
1366 4830 1426 4899 ﬁt
1470 4830 1538 4884 ad
1589 4810 1816 4886 salutem
1843 4836 1897 4887 ἐ
1928 4835 2058 4904 quid

476 4922 730 4991 prohibet
760 4921 903 4976 hanc
932 4919 1100 4975 etiam
1145 4923 1423 4976 communi
1461 4925 1565 4978 tidc
1602 4925 2055 4994 comprehensam

446 5015 788 5081 vveritatem,
819 5013 965 5069 sicut.
995 5027 1023 5067 a
1051 5014 1256 5068 sanetis
1285 5013 1541 5070 Pati-ibus
1567 5017 1905 5097 accepimus,
1938 5033 2050 5093 pro-

580 5194 602 5227 '
631 5192 791 5250 Rom.
826 5209 942 5263 vin,
972 5160 1087 5248 28.¹
1180 5195 1201 5225 ⁸
1229 5192 1386 5251 Joan.
1420 5211 1474 5261 v,
1520 5196 1606 5251 59.
1688 5197 1874 5270 "Luc.
1910 5215 1983 5267 tu,
2019 5201 2072 5257 9.
2149 5203 2169 5233 ⁸
2207 5201 2365 5260 Prov.
2408 5220 2487 5273 is,
2517 5205 2570 5261 9.

2150 621 2427 692 implendo
2483 637 2724 689 munus;
2783 637 2934 687 nunc
2987 630 3169 676 autem
3222 622 3515 689 docendo,
3580 636 3729 677 nunc

2150 713 2412 769 studiosis
2437 710 2580 770 illius
2605 697 2983 782 consulendo;
3015 729 3163 768 nunc
3191 713 3521 769 revineendo
3540 714 3733 768 adver-

2151 805 2329 860 sarios
2357 824 2371 874 ;
2404 814 2570 876 atque
2614 806 2840 861 omnino
2883 815 3202 861 sanctorum
3250 806 3352 862 hac
3387 805 3734 860 detvcritate

2152 896 2482 965 doctrinam,
2517 900 2701 968 'quam
2755 913 2783 953 a
2842 896 3101 953 Patribus
3150 899 3360 954 nostris
3393 899 3729 967 accepimus,

2151 1003 2427 1059 quamque
2474 989 2553 1057 illi
2603 1003 2633 1044 a
2684 990 2988 1058 majoribus
3022 991 3139 1045 suis
3170 1004 3267 1059 per
3319 990 3731 1045 successionem

2149 1091 2471 1150 acceperant
2527 1083 2907 1152 proponendo,
2978 1091 3147 1152 atque
3185 1082 3371 1138 omnia
3419 1081 3633 1136 honesti
3679 1090 3735 1135 et

2120 1173 2314 1242 aequi,
2349 1172 2610 1228 fraternae
2642 1174 2957 1229 dilectionis
2990 1188 3160 1229 causa
3209 1175 3600 1244 dispensanda,
3647 1159 3733 1227 iii-'-

2151 1265 2343 1334 hilque
2388 1266 2620 1321 omnino
2670 1267 2977 1322 omittendo
3028 1267 3347 1337 diligentiae.
3396 1264 3515 1321 Non
3548 1268 3733 1335 itaque

2150 1356 2339 1424 gloria:
2385 1357 2572 1425 cupidi
2622 1357 2935 1422 scribimus,
2983 1358 3078 1413 sed
3121 1358 3281 1413 amici
3332 1361 3472 1412 votis
3520 1372 3730 1411 morem

2149 1456 2427 1515 gerentes,
2459 1463 2654 1503 eorum
2685 1463 2806 1517 quae
2837 1448 3211 1519 praediximus,
3247 1448 3733 1526 gratiatlaborem

2152 1538 2299 1593 hunc
2329 1541 2696 1607 suscepimus.
2741 1539 2854 1595 Nec
2886 1552 3080 1597 nostra
3127 1543 3387 1606 dicimus,
3426 1541 3521 1597 sed
3555 1556 3676 1610 quae
3703 1553 3735 1593 a

2152 1633 2359 1687 sanctis
2390 1633 2651 1690 Patribus
2693 1636 3024 1705 illorumque
3085 1634 3500 1691 successoribus
3527 1634 3736 1701 scripta

2150 1722 2405 1793 legimus,
2459 1740 2547 1790 ea,
2611 1736 2829 1782 servato
2881 1727 3272 1798 disputationis
3330 1728 3543 1791 ordine,
3606 1724 3738 1778 hinc

2153 1817 2280 1877 inde
2327 1816 2552 1871 collecta
2586 1857 2602 1884 ,
2661 1818 2903 1873 breviter
2985 1819 3330 1890 strictimque
3389 1818 3674 1887 posuimus
3717 1832 3733 1871 :

2157 1905 2343 1960 hacin
2387 1922 2444 1961 re
2489 1908 2625 1972 sola,
2682 1908 2727 1963 si
2779 1908 2861 1965 sic
2910 1909 3018 1964 dici
3069 1909 3342 1980 Oportéat,
3394 1907 3734 1978 gloriantes:

2154 2000 2301 2067 quod
2347 2009 2664 2054 sanctorum
2724 2002 2793 2056 de
2850 2015 2913 2056 ea
2962 2016 3020 2057 re
3065 2002 3416 2072 opinionem,
3468 2000 3740 2070 largiente

2156 2089 2290 2155 Deo,
2329 2105 2428 2144 nos
2462 2099 2516 2144 et
2545 2090 2707 2154 scire,
2741 2100 2795 2145 et
2821 2090 2971 2145 'tueri
3024 2099 3341 2145 constanter
3371 2090 3737 2145 ostendimus.
3804 2112 3807 2113 ν

2156 2179 2340 2251 Neque
2367 2198 2499 2237 sane
2530 2176 2846 2253 ignoramus
2877 2183 3166 2253 plurimos,
3197 2184 3249 2237 in
3280 2198 3511 2253 quorum
3540 2199 3742 2240 manus

2159 2278 2261 2329 ista
2297 2275 2436 2330 forte
2476 2275 2849 2344 pervenerint,
2906 2274 3104 2343 quibus
3146 2276 3337 2329 odiosa
3392 2285 3476 2329 est
3508 2279 3739 2341 veritas,

2156 2368 2260 2423 hac
2320 2367 2439 2438 ipsa
2501 2376 2690 2422 nostra
2770 2367 3081 2422 constantia
3154 2376 3208 2421 et
3264 2366 3618 2431 conﬁdentia.
3672 2371 3738 2425 ad

2154 2460 2512 2532 jaculandum
2570 2461 2625 2514 in
2678 2475 2778 2516 nos
2818 2461 3046 2515 consilia
3100 2469 3155 2515 et
3210 2461 3497 2515 maledicta
3542 2478 3739 2531 prove-

2158 2553 2397 2618 candos;
2459 2562 2763 2621 contraque
2815 2551 3031 2621 penitus
3090 2552 3357 2622 agendum
3414 2552 3576 2607 nobis
3627 2562 3737 2618 est,

2160 2646 2550 2714 contrariaque
2610 2643 2972 2698 incedendum
3037 2643 3163 2707 via,
3215 2658 3379 2711 quam
3421 2645 3467 2698 si
3521 2658 3740 2698 ramus-

2158 2742 2312 2795 culos
2342 2740 2531 2794 inanes
2558 2748 2924 2806 captaremus.
2949 2732 3083 2789 Nam
3112 2736 3155 2788 si
3183 2735 3405 2805 quidem
3436 2734 3738 2790 humanam

2158 2832 2387 2901 gratiam
2438 2838 2491 2884 et
2530 2816 2758 2900 gloriam
2824 2842 3246 2897 aucuparentur,
3298 2843 3579 2896 nunquam
3639 2844 3741 2883 nos

2159 2924 2472 2978 auditorum
2500 2921 2642 2977 odiis
2666 2934 3070 2990 exponeremus
3097 2962 3112 2985 ,
3146 2918 3264 2985 sed,
3291 2935 3412 2990 qua:
3443 2920 3554 2975 illis
3582 2932 3739 3007 grata

2157 3013 2276 3071 fore
2306 3026 2653 3086 putaremus,
2682 3030 2747 3070 ea
2782 3015 3156 3083 loqueremur.

2230 3101 2462 3158 Constat
2488 3118 2641 3175 ergo,
2671 3117 2797 3168 nos,
2821 3102 2927 3158 nisi
2956 3102 3239 3156 veritatem
3283 3101 3447 3156 rebus
3476 3103 3740 3158 omnibus

2159 3195 2612 3267 prastulissemus,
2652 3209 2931 3261 nunquam
2976 3193 3030 3247 in
3088 3195 3232 3248 Itunc
3272 3194 3561 3248 verborum
3591 3210 3743 3249 cam-

2159 3304 2291 3359 pum
2327 3290 2732 3349 descensuros,
2782 3286 2835 3339 in
2887 3300 3018 3354 quo,
3067 3285 3275 3340 laboris
3324 3285 3622 3356 plurimum
3675 3300 3740 3341 ac

2157 3379 2494 3435 diliicultatis
2521 3419 2537 3447 ,
2570 3378 2826 3432 humana
2860 3392 2991 3432 vero
3020 3379 3206 3446 gratiae
3245 3378 3556 3434 minimum.

2231 3471 2414 3539 ipsum
2463 3470 2647 3539 itaque
2694 3477 2950 3523 sanctum
2991 3467 3280 3537 Spiritum,
3328 3468 3396 3523 de
3443 3483 3555 3537 quo
3589 3486 3765 3525 nune-

2114 3556 2318 3612 ’nobis
2371 3571 2555 3612 sermo
2604 3556 2936 3620 instituitur,
2995 3556 3243 3626 primum
3287 3555 3625 3623 invocantes,
3662 3560 3736 3615 ita

2157 3648 2403 3712 demunt,
2439 3660 2562 3718 qua:
2607 3647 3020 3715 proposuimus,
3063 3649 3472 3716 aggrediamur.
3507 3650 3738 3706 Utentur

2158 3750 2343 3797 autem
2379 3755 2478 3812 pro
2531 3738 2879 3794 documentis
2944 3739 3079 3807 ipsis
3123 3738 3296 3795 initiis
3336 3739 3483 3805 ﬁdei,
3525 3750 3579 3796 et
3616 3756 3741 3813 qu:e

2157 3851 2222 3892 ex
2275 3837 2356 3890 eis
2406 3843 2693 3904 assumpta
2745 3833 2809 3887 ac
2855 3831 3101 3888 derivata
3161 3842 3312 3898 sunt,
3359 3844 3625 3904 quantum
3681 3838 3736 3892 in

2160 3928 2272 3983 Deo
2333 3918 2670 3996 divinisque
2694 3925 2881 3992 rebus,
2932 3910 3348 3995 probationibus
3390 3926 3467 3982 uti
3516 3927 3600 3983 fas
3627 3939 3734 3993 est,

2160 4020 2248 4074 his
2296 4020 2484 4086 etiam,
2533 4034 2658 4089 qua:
2701 4031 2734 4072 a
2787 4017 3072 4072 catholicis
3147 4016 3409 4072 Ecclesiae
3458 4020 3738 4089 magistris

2158 4115 2301 4170 dicta
2338 4121 2488 4168 sunt.
2741 4161 2745 4167 .

2237 4205 2303 4258 Et
2352 4204 2636 4275 quoniam,
2677 4201 2877 4271 quibus
2904 4199 3144 4254 maxime
3193 4200 3496 4259 rationibus
3523 4207 3740 4264 ostendi

2162 4298 2340 4368 possit
2367 4297 2552 4365 eiusce
2587 4293 2911 4362 quaestionis
2947 4292 3170 4356 veritas,
3204 4292 3438 4360 primum
3467 4295 3734 4367 inquiris:
3800 4280 3807 4285 ﬁ

2161 4388 2376 4451 deinde,
2421 4402 2540 4457 qua
2578 4385 2684 4440 illis
2710 4384 3066 4453 objiciuntur,
3104 4384 3326 4453 exponi,
3379 4399 3444 4440 ac
3477 4389 3735 4460 deinceps

2090 4478 2249 4563 Dvel
2301 4475 2511 4543 objecta
2565 4472 2766 4539 refelli,
2818 4473 2904 4526 vel
2953 4487 3074 4541 qua:
3119 4471 3371 4563 ambigua
3423 4472 3734 4544 videantur,

2165 4566 2435 4622 declarari
2490 4564 2779 4635 postulas,
2841 4576 2965 4617 eum
3020 4570 3075 4616 et
3130 4576 3229 4615 nos
3276 4562 3329 4614 in
3381 4566 3738 4632 sequentibus

2166 4659 2414 4715 ordinem
2447 4673 2543 4727 per
2581 4656 2765 4711 omnia
2798 4654 3160 4711 servabimus.
3207 4651 3283 4706 Ex
3319 4668 3446 4723 quo,
3479 4656 3526 4710 si
3572 4659 3742 4726 proli-

2168 4752 2353 4806 xiores
2402 4751 2636 4806 fortasse
2670 4749 2899 4811 erimus,
2932 4762 3097 4818 quam
3146 4754 3415 4814 suscepta:
3462 4748 3741 4805 brevitatis

2168 4843 2309 4909 ratio
2340 4844 2620 4911 poscebat,
2657 4841 2972 4896 necessitati
3014 4837 3411 4908 indulgendum
3442 4846 3568 4895 erit.
3604 4840 3741 4896 lline

2166 4944 2351 4990 autem
2385 4935 2601 4989 initium
2636 4949 2941 4990 sumemus.

2684 5207 2704 5239 ’
2740 5204 2899 5261 Rom.
2932 5222 2983 5275 κ,
3024 5208 3112 5264 10.
