4106 6478
337 411 420 510 ,ιγ
1464 421 1871 484 ADVERSUS
1910 423 1958 481 G

2054 423 2228 484 ECOS
2270 423 2396 483 LIB
2438 425 2488 488 Ι.
3553 433 3616 496 18

385 573 2252 602 W

1176 771 1992 908 MANUELIS
2094 761 2759 916 CALECfE

1512 1061 1876 1180 LI’BER
1953 1090 2409 1184 PRIMUS

751 1300 1084 1366 CONTRA
1160 1301 1514 1368 GRAECOS
1591 1304 1710 1367 DE
1775 1305 2372 1374 PROCESSIONE
2435 1254 2752 1377 SANCTI
2811 1315 3235 1380 SPIRITUS.

424 1653 558 1736 Cum
589 1651 856 1706 Dominus
907 1663 1095 1708 noster
1139 1651 1298 1709 Jesus
1331 1653 1589 1711 Christus
1639 1653 1924 1724 discipulis
1950 1650 2002 1712 Δ
2027 1657 2180 1714 illum
2214 1665 2269 1712 et
2297 1658 2360 1713 ad
2405 1666 2675 1713 creatura:
2709 1657 2960 1713 ordinem
3004 1656 3275 1713 deducere
3305 1700 3318 1723 ,
3361 1669 3415 1714 et
3447 1659 3621 1725 Patri,

359 1745 593 1800 dixerit:
628 1745 824 1798 Euntes
857 1745 913 1798 in
941 1746 1194 1798 mundum
1239 1749 1566 1811 universum,
1607 1746 1785 1800 docete
1816 1761 1929 1800 om-

362 1853 449 1890 nes
497 1846 687 1907 gentes.
741 1837 1067 1904 baptizantes
1118 1852 1206 1890 eos
1258 1836 1313 1890 in
1363 1839 1574 1890 nomine
1628 1835 1830 1901 Patris,
1883 1848 1932 1891 et

363 1927 513 1992 Filii,
537 1937 586 1982 et
620 1930 856 1999 Spiritus
890 1932 1062 1985 sancti
1091 1930 1154 1994 ιθ,
1191 1945 1320 1984 num
1357 1930 1492 1985 ordo
1535 1930 1736 2000 aliquis
1763 1939 1847 1986 est
1877 1933 1929 1986 in

363 2021 675 2076 nominibus
695 2036 758 2075 ac
792 2022 958 2076 rebus
979 2032 1180 2077 sanetae
1208 2021 1498 2076 Trinitatis
1521 2023 1697 2092 ipsius
1730 2022 1931 2089 Patris,

361 2121 419 2168 et
476 2111 621 2177 Filii,
680 2122 735 2168 et
784 2111 1018 2182 Spiritus
1073 2113 1274 2180 sancti,
1347 2115 1442 2183 qui
1501 2117 1815 2171 necessario
1871 2131 1935 2169 ac

363 2219 578 2274 semper
629 2204 682 2258 in
730 2205 913 2272 seipso
973 2205 1114 2259 idem
1164 2207 1236 2260 sit
1287 2222 1354 2260 ex
1405 2208 1542 2277 ipsis
1618 2209 1936 2265 nominibus

365 2296 676 2353 insinuatus
703 2314 716 2349 :
745 2309 911 2366 atque
946 2306 1002 2350 ut
1033 2313 1092 2353 se.
1122 2298 1190 2352 ad
1214 2298 1447 2353 invicem
1507 2299 1712 2354 habent
1741 2315 1938 2357 secun-

366 2391 493 2444 dum
547 2390 1047 2459 pronuntiationem
1100 2405 1162 2444 ea
1213 2391 1430 2445 nomina
1461 2435 1476 2457 ,
1530 2392 1603 2447 ita
1651 2395 1818 2448 etiam
1870 2394 1938 2447 ad

366 2481 593 2535 invicem
633 2481 827 2535 divinae
870 2496 1118 2552 personae
1146 2483 1410 2538 ordinatae
1457 2484 1612 2539 sint?
1645 2483 1818 2551 Quem
1849 2500 1940 2540 or—

367 2573 547 2626 dinem
608 2583 887 2628 servantes
964 2583 1128 2640 atque
1193 2575 1571 2641 honorantes,
1627 2578 1942 2632 necessario

373 2665 595 2718 immota
646 2667 804 2718 etiam
863 2665 1259 2720 haec'nomina
1315 2668 1560 2735 proferre
1618 2668 1938 2737 debeamus,

369 2758 502 2811 nihil
555 2774 619 2811 ex
672 2759 869 2812 tradito
923 2761 1208 2814 nominum
1264 2761 1457 2815 ordine
1547 2776 1612 2816 ac
1663 2763 1944 2832 positione

369 2849 742 2915 itutitutantes,
783 2852 826 2906 si
869 2851 1099 2907 velimus
1133 2853 1294 2907 nobis
1342 2854 1474 2923 ipsis
1509 2853 1561 2906 in
1595 2854 1945 2909 confessione

369 2948 572 2993 rectam
616 2937 899 2996 Trinitatis
933 2957 1150 2996 servare
1197 2943 1513 2997 rationein?
1547 2946 1629 2998 Au
1669 2945 1806 2998 ordo
1834 2944 1946 2998 illic

371 3033 554 3086 nullus
581 3045 684 3097 e59,
713 3049 884 3103 eaque
925 3034 1146 3089 nomina
1185 3045 1388 3090 temere
1435 3038 1612 3106 posita
1661 3045 1792 3092 sunt
1821 3053 1834 3090 :
1867 3045 1948 3091 at-

372 3139 480 3194 que
525 3127 578 3178 in
633 3136 816 3181 nostra
868 3135 1136 3195 potestate
1171 3138 1274 3195 est,
1331 3139 1388 3183 ut
1426 3129 1511 3182 illa
1542 3128 1786 3198 proferre
1814 3131 1949 3184 veli-

375 3233 519 3280 mus,
571 3218 643 3273 ita
697 3228 752 3273 ut
806 3219 959 3273 nullo
1011 3230 1228 3274 servato
1277 3221 1469 3275 ordine
1518 3221 1695 3276 Patris
1747 3236 1945 3276 nomen

379 3309 672 3377 aliquando
723 3325 1056 3378 praeponere,
1086 3311 1381 3379 aliquando
1439 3312 1568 3366 item
1619 3322 1949 3382 postponere

378 3401 571 3466 liceat,
621 3402 911 3472 aliquando
949 3403 1074 3458 item
1126 3405 1390 3474 Spiritum
1446 3405 1702 3474 prml‘errc
1752 3407 1892 3462 Filio
1925 3446 1942 3474 ,

379 3495 532 3564 quasi
567 3497 728 3550 etiam
779 3496 975 3552 divina:
1014 3497 1118 3551 illa:
1160 3512 1425 3564 personae,
1482 3515 1604 3567 qua:
1652 3499 1813 3554 nobis
1863 3500 1950 3555 bis

380 3589 693 3641 nominibus
737 3587 1104 3656 insinuantur,
1148 3589 1456 3646 inordinate
1487 3606 1547 3646 se
1603 3591 1669 3645 ad
1692 3591 1950 3662 sinvicem

384 3677 637 3739 habeant,
665 3687 825 3748 atque
847 3678 978 3734 alias
1011 3679 1208 3734 aliter?

453 3768 519 3823 Et
542 3771 825 3840 quoniam,
875 3787 996 3840 quae
1042 3771 1424 3847 proponimus,
1491 3783 1808 3840 sa‘etorum
1869 3775 1954 3829 di-

383 3865 487 3919 ctis
522 3879 582 3918 ac
617 3865 899 3919 sententiis
924 3877 1173 3922 astruere
1223 3881 1286 3920 ac
1339 3866 1557 3920 tirmare
1589 3865 1951 3934 instituimus,

384 3957 527 4010 adsit
555 3971 699 4011 nunc
727 3972 954 4026 magnus
985 3957 1242 4022 Basilius,
1296 3969 1507 4026 nosQue
1537 3959 1665 4026 quid
1707 3960 1796 4012 hic
1826 3974 1954 4012 sen-

387 4048 628 4100 tiendum
659 4047 748 4110 sit,
780 4031 992 4101 doceat.
1028 4047 1114 4100 Ait
1139 4048 1284 4101 enim
1320 4050 1372 4101 in
1408 4048 1650 4117 Epistola
1681 4047 1747 4102 ad
1782 4047 1956 4102 Cano-

387 4125 560 4202 nicas,
612 4139 764 4205 cujus
814 4139 1027 4194 initium
1076 4148 1196 4202 est:
1249 4158 1266 4190 ε
1298 4139 1512 4206 Quanto
1567 4155 1666 4194 nos
1718 4154 1956 4194 maerore

386 4229 677 4284 coniecerit
697 4229 845 4300 prius
876 4229 1018 4284 fama
1052 4230 1391 4294 subtristior,
1415 4246 1536 4300 quae
1559 4231 1786 4287 auribus
1811 4232 1958 4287 inso-

2034 1761 2128 1804 aut
2158 1750 2320 1824 Filio,
2350 1759 2596 1820 tempore
2621 1751 2705 1805 vel
2735 1751 2925 1805 ordine
2951 1766 3296 1820 praeponere.
3333 1771 3352 1804 ›
3553 1809 3559 1812 Α

2103 1839 2250 1895 Idem
2282 1841 2335 1894 in
2363 1842 2544 1910 primo
2564 1841 2660 1895 lib.
2693 1840 3060 1906 Quwstionum
3095 1843 3195 1912 (l),
3223 1844 3382 1912 cujus
3405 1844 3623 1898 initium

2035 1939 2159 1986 est:
2193 1931 2467 2002 Siquidem
2498 1949 2680 1987 omnes
2703 1933 2913 2000 vellent,
2939 1949 3065 1988 cum
3104 1951 3213 2004 prae
3249 1936 3625 2005 opposuisset,

2036 2020 2308 2088 duplicem
2340 2037 2466 2077 esse
2511 2023 2788 2088 ordinem,
2825 2025 3134 2078 naturalem
3188 2026 3450 2090 alterum,
3490 2025 3626 2080 alte-

2037 2129 2160 2171 rum
2213 2117 2536 2171 inventum:
2594 2127 2764 2185 atque
2819 2119 3124 2173 naturalem
3178 2119 3425 2188 quidem,
3481 2120 3630 2173 sicut

2039 2216 2122 2262 est
2150 2217 2532 2263 creaturarum
2565 2210 2705 2263 ordo
2736 2208 3053 2265 Conditoris
3089 2212 3304 2265 ratione
3355 2211 3628 2272 instituta,

2041 2299 2370 2370 numerique
2407 2300 2632 2365 locatio,
2666 2315 3076 2370 causarumque
3105 2302 3172 2355 ad
3204 2303 3448 2357 causalia
3479 2303 3635 2356 habi—

2042 2400 2168 2456 tus;
2235 2393 2519 2446 inventum
2561 2407 2707 2447 'vero
2751 2402 2914 2462 atque
2965 2393 3350 2454 artificiosum.
3400 2395 3545 2449 sicut
3575 2395 3630 2449 in

2044 2481 2282 2558 artibus,
2316 2489 2370 2538 et
2404 2482 2739 2552 disciplinis,
2776 2498 2840 2537 ac
2870 2482 3169 2547 similibus,
3200 2482 3438 2552 adjecit:
3475 2502 3493 2535 ‹
3524 2484 3634 2537 llo-

2043 2591 2166 2630 rum
2214 2590 2346 2645 ergo
2392 2577 2571 2644 primo
2623 2591 2946 2644 suppresso,
2996 2575 3298 2630 Eunomius
3377 2576 3637 2631 secundm

2045 2668 2244 2737 speciei
2279 2669 2526 2722 ordinem
2577 2677 2870 2734 memorat,
2908 2667 3193 2736 dicitque:
3227 2683 3334 2721 non
3383 2680 3637 2736 oportere

2045 2759 2099 2813 in
2135 2758 2245 2813 Deo
2285 2758 2393 2813 dici
2427 2760 2675 2814 ordinem
2707 2801 2722 2826 ,
2758 2774 2880 2813 cum
2909 2761 3044 2813 ordo
3072 2758 3350 2813 secundus
3391 2758 3460 2811 ab
3486 2757 3638 2811 ordl-

2045 2863 2238 2905 natore
2283 2855 2377 2906 sit.
2431 2849 2566 2904 illud
2603 2859 2784 2904 autem
2819 2849 2905 2903 vel
2945 2863 3058 2903 non
3118 2848 3274 2913 vidit,
3321 2849 3406 2901 vel
3458 2849 3638 2904 sciens

2048 2942 2401 3011 prudensque
2445 2941 2724 3010 praeteriit,
2775 2955 2898 2995 esse
2951 2939 3164 2995 ordinis
3211 2938 3472 3006 speciem.
3526 2953 3637 2993 non

2050 3050 2115 3090 ex
2147 3043 2333 3088 nostra
2365 3033 2639 3102 positione
2670 3041 3048 3095 constantem,
3103 3030 3196 3086 sed
3246 3029 3364 3098 ipsa
3399 3028 3638 3083 naturali

2051 3124 2447 3196 consequentia
2500 3123 2950 3192 contingentem:
3003 3121 3140 3174 sicut
3188 3119 3322 3189 igni,
3378 3119 3444 3173 ad
3493 3134 3638 3183 eam,

2053 3232 2175 3287 qum
2197 3232 2262 3271 ex
2299 3230 2358 3270 se
2387 3222 2594 3277 manat,
2628 3213 2827 3267 lucem.
2864 3210 2918 3265 In
2947 3211 3030 3266 his
3057 3210 3203 3265 enim
3236 3209 3476 3279 primum
3509 3225 3641 3263 cau-

2053 3325 2170 3363 sam
2223 3307 2485 3370 dicimus,
2538 3305 2842 3360 secundum
2896 3303 3038 3372 quod
3075 3317 3141 3356 ex
3172 3317 3239 3356 eo
3269 3302 3472 3372 prodit,
3531 3315 3638 3355 non

2055 3400 2348 3456 intervallo
2375 3401 2479 3454 ista
2512 3398 2580 3453 ab
2610 3396 2842 3450 invicem
2885 3394 3316 3463 disseparantes,
3350 3392 3449 3448 sed
3488 3391 3641 3459 cogi-

2055 3493 2260 3546 tatione
2297 3491 2449 3560 prius
2489 3502 2716 3543 causam
2753 3485 2934 3549 nobis,
2972 3499 3136 3552 quam
3175 3482 3397 3538 causale
3428 3481 3640 3548 (iugen-

2059 3595 2162 3638 tes.
2211 3581 2500 3648 Quomodo
2546 3580 2715 3650 igitur
2748 3577 2831 3632 l‘as
2877 3586 2961 3632 est
3016 3575 3088 3629 ibi
3116 3589 3332 3644 negare
3362 3572 3636 3634 ordinem,

2059 3678 2150 3732 ubi
2183 3676 2457 3732 secundus
2501 3681 2557 3728 et
2605 3672 2802 3726 tertius
2843 3677 2968 3724 est:
3007 3683 3116 3722 non
3164 3682 3229 3722 ex
3277 3673 3464 3719 nostra
3492 3664 3641 3732 posi-

2061 3771 2230 3834 tione,
2297 3767 2393 3822 sed
2459 3781 2522 3819 ex
2590 3762 2916 3818 naturaliter
2981 3758 3148 3813 insita
3209 3752 3644 3823 consequentia?

2057 3858 2230 3927 Cujus
2253 3869 2384 3924 ergo
2409 3854 2486 3908 rei
2514 3852 2692 3922 gratia
2714 3851 2964 3904 ordinem
2987 3848 3043 3902 in
3079 3846 3188 3900 Deo
3218 3845 3385 3912 recipi
3419 3841 3644 3896 abnuit?

2068 3947 2409 4008 Arbitratur,
2459 3944 2506 3997 si
2541 3940 2768 4010 :eﬂicerc
2817 3945 2985 4007 atque
3032 3934 3418 4010 demonstrare
3471 3930 3644 4000 possit

2061 4034 2301 4104 primum
2357 4033 2410 4086 in
2464 4031 2576 4086 Deo
2625 4029 2776 4082 nullo
2811 4028 2976 4082 modo
3021 4024 3128 4078 alio
3176 4022 3404 4091 intelligi
3457 4035 3642 4088 posse,

2061 4125 2335 4195 reliquum
2365 4121 2624 4194 jam'sibi
2665 4119 2782 4175 fore
2829 4118 3151 4175 substantia:
3198 4115 3373 4184 ipsius
3402 4114 3648 4182 inaequa-

2063 4221 2272 4275 litatem
2303 4227 2467 4288 atque
2497 4214 2850 4271 eminentiam
2880 4205 3191 4266 ostendere.
3227 4206 3340 4262 Nos
3367 4217 3548 4260 autem
3577 4217 3645 4258 eo

386 4330 581 4375 nuerat
605 4319 1082 4391 nostris..Spiritus
1107 4329 1284 4375 autem
1303 4330 1527 4377 sanctus
1562 4323 1707 4376 Patri
1733 4323 1953 4391 quidem
1984 4329 2027 4387 α
2060 4314 2284 4382 quidem
2316 4311 2532 4374 οΐιιίηθυ
2584 4323 2695 4379 (illo
2728 4320 2930 4370 causa,
2959 4301 3330 4357 ἠιθιιδηῑίδυε
3368 4313 3434 4354 εκ
3464 4311 3649 4391 se)?"

385 4421 442 4467 et
475 4411 611 4467 Filio
644 4423 1071 4468 connumeratur
1098 4454 1112 4477 ,
1162 4415 1289 4483 quia
1337 4422 1390 4469 et
1442 4430 1607 4485 supra
1642 4425 1953 4470 creaturam

388 4512 508 4557 est:
554 4503 745 4558 tertius
792 4515 969 4557 autem
1018 4503 1211 4558 ordine
1261 4504 1471 4560 locatus
1525 4514 1630 4571 est,
1693 4505 1837 4560 sicut
1893 4521 1960 4559 ex

389 4596 682 4664 Evangelia
739 4596 1038 4662 docemur,
1122 4599 1336 4653 dicente
1396 4597 1630 4652 Domino
1684 4615 1696 4652 :
1761 4597 1962 4652 Euam

392 4687 654 4756 baptiznte
705 4688 760 4742 in
806 4689 1013 4743 nomine
1064 4687 1281 4755 Patris,
1328 4698 1377 4744 et
1425 4689 1576 4754 Filii,
1629 4699 1678 4742 et
1728 4689 1965 4758 Spiritus

391 4780 584 4834 sancti.
631 4778 733 4845 Qui
788 4789 964 4834 autem
1016 4779 1166 4834 illum
1216 4780 1298 4834 vel
1347 4781 1613 4850 praeponit
1657 4779 1820 4846 Filio,
1873 4781 1960 4834 vel

393 4867 550 4922 Patre
591 4869 861 4924 seniorem
910 4869 1083 4934 dicit,
1123 4869 1211 4924 hic
1260 4871 1563 4926 reluctatur
1607 4871 1827 4940 quidem
1867 4870 1961 4926 Dei

391 4959 743 5028 ordinationi,
786 4971 948 5031 atque
1003 4978 1032 5016 a
1084 4978 1218 5018 sana
1271 4964 1376 5018 ﬁde
1427 4962 1639 5018 alienus
1691 4971 1797 5027 est,
1851 4977 1962 5015 non

391 5068 541 5115 eum,
569 5069 728 5124 quem
762 5057 992 5126 accepit,
1025 5055 1438 5126 gloriﬁcationis
1465 5056 1685 5110 modum
1719 5071 1966 5121 servans,

394 5144 490 5199 sed
527 5145 630 5200 sibi
664 5161 852 5202 vocum
881 5148 1179 5204 novitatem
1204 5151 1269 5204 ad
1297 5147 1622 5219 placendum
1655 5147 1972 5202 hominibus

395 5236 728 5306 excogitans.
767 5257 789 5288 ι

465 5326 531 5383 Ει
556 5331 737 5399 paucis
761 5331 1116 5401 interpositis,
1141 5331 1304 5387 veluti
1331 5332 1664 5388 concludens
1681 5332 1756 5388 ait
1780 5351 1794 5387 :
1831 5352 1847 5384 (
1872 5332 1978 5386 Ita-

397 5434 504 5488 que
538 5420 658 5476 ﬁdei
693 5423 980 5493 abnegatio
1027 5434 1143 5485 est;
1199 5441 1352 5497 aeque
1405 5427 1552 5480 enim
1611 5417 1840 5493 impium
1892 5430 1975 5476 est

475 5628 514 5659 ⁸⁸
544 5626 704 5682 Marc.
737 5644 852 5692 xvt,
886 5627 970 5682 l‘o'.

2059 4408 2183 4470 bus,
2215 4409 2609 4475 praeponuntur
2634 4438 2650 4462 ,
2685 4399 2823 4454 Filio
2869 4399 3086 4452 Patrem
3123 4391 3474 4465 praepositum
3511 4386 3653 4448 dici;

2061 4517 2207 4565 mus,
2240 4509 2453 4556 natura:
2480 4505 2664 4552 autem
2698 4494 3008 4552 dil'lerentia
3039 4505 3327 4560 negamus.
3361 4505 3380 4538 ι

2133 4591 2282 4646 Idem
2315 4591 2370 4643 in
2403 4588 2564 4643 tertio
2600 4586 2972 4652 Quwstionum
2999 4597 3018 4635 :
3056 4601 3074 4632 ι
3107 4581 3268 4634 Sicut
3296 4576 3441 4631 enim
3473 4571 3649 4627 Filius

2066 4680 2260 4734 ordine
2293 4675 2519 4747 quidem
2549 4675 2830 4729 secundus
2861 4687 2889 4726 a
2923 4670 3109 4735 Patre,
3141 4667 3268 4736 quia
3302 4680 3365 4718 ex
3402 4663 3493 4716 illo
3519 4671 3608 4716 est
3631 4701 3646 4724 ,

2069 4777 2125 4823 et
2179 4765 2487 4835 dignitate,
2553 4762 2814 4832 quoniam
2876 4757 3092 4810 initium
3179 4761 3233 4805 et
3282 4765 3446 4805 causa
3501 4749 3652 4803 illius
3697 4788 3708 4793 -

2068 4859 2323 4915 essentia:
2373 4857 2532 4912 Pater
2565 4862 2688 4914 est.
2735 4858 2790 4905 et
2821 4848 2959 4916 quia
3005 4860 3100 4915 per
3141 4844 3320 4914 ipsum
3363 4857 3651 4896 accessum

2075 4952 2338 5006 habemus
2389 4947 2457 5001 ad
2519 4945 2688 5000 Deum
2739 4949 2795 4997 et
2830 4939 3074 5002 Patrem,
3115 4945 3311 4990 natura
3360 4948 3492 4988 vero
3543 4948 3656 4987 non

2061 5044 2173 5114 jam
2203 5040 2482 5098 secundus
2510 5046 2616 5102 est,
2651 5035 2778 5106 quia
2825 5032 3007 5087 Deitas
3050 5031 3105 5084 in
3141 5037 3374 5095 utroque
3408 5041 3538 5092 uua,
3580 5026 3656 5077 ita

2066 5137 2279 5192 scilicet
2331 5143 2385 5189 et
2428 5140 2658 5189 sanctus
2707 5128 2983 5205 $piritus,
3035 5123 3137 5180 etsi
3169 5123 3307 5177 Filio
3365 5118 3653 5198 subjicitur

2067 5229 2261 5282 ordine
2297 5233 2352 5279 et
2395 5221 2683 5293 dignitate,
2714 5233 2822 5271 non
2897 5224 3081 5270 tamen
3114 5213 3328 5275 alienae,
3359 5208 3454 5266 sed
3489 5206 3654 5260 unius

2068 5310 2426 5390 ejusdemque
2473 5322 2683 5369 natura:
2736 5325 2861 5364 cum
2903 5305 3065 5362 Patre
3116 5315 3172 5361 et
3221 5302 3356 5358 Filio
3426 5297 3654 5356 omnino

2069 5423 2173 5470 est.
2209 5434 2227 5466 ι

476 5812 548 5881 (ί)
581 5811 650 5865 Ita
680 5825 840 5870 vocat
881 5809 1069 5868 (Zaleca
1102 5811 1268 5869 libros
1303 5809 1368 5867 S.
1403 5809 1585 5869 Basilii
1630 5817 1824 5866 contra
1868 5807 2199 5876 Eunomium
2237 5826 2303 5868 ex
2337 5823 2569 5882 quorum
2634 5807 2812 5877 primo
2882 5801 2984 5857 hoc
3070 5796 3444 5853 testimonium
3517 5792 3661 5862 pem

1975 5903 1994 5925 α

406 5888 516 5936 tutn
545 5895 647 5940 est.
