4106 6456
490 409 557 475 19
1753 403 2152 468 MANUELIS
2176 404 2488 468 CALECE
3684 405 3754 469 20

558 525 689 578 Item
743 525 810 590 in~
832 523 1022 578 eodem
1055 541 1066 576 :
1110 541 1127 574 ι
1161 521 1309 576 'Cutu
1357 521 1476 591 ipse
1515 520 1782 577 Dominus
1813 520 2066 576 ordinem
2097 523 2141 579 Α
2173 533 2296 573 nem
2334 519 2622 574 nominum
2652 519 2902 575 immutat
2938 518 3212 584 ordinem,
3262 518 3524 575 novitatis
3557 537 3748 576 vocum

486 617 772 671 tradiderit
806 615 1062 685 baptismi
1105 615 1384 670 salutaris.
1418 633 1438 667 ι

558 708 704 763 Idem
755 708 808 760 in
843 707 1072 777 cpistola
1123 706 1190 760 ad
1240 706 1620 772 Eustachium,
1653 704 1808 772 cujus
1847 704 2067 760 initium

483 813 606 856 est:
649 800 754 854 Eos
781 802 1011 870 quidem,
1059 801 1149 870 qui
1181 802 1432 866 prwventi
1468 807 1592 852 sunt
1623 798 1732 853 alia
1767 798 1894 868 ﬁdei
1939 815 2065 852 con-

485 895 732 961 fessione,
787 895 866 948 sic
918 893 1034 947 ait:
1088 911 1105 943 ς
1138 891 1366 962 Oportet
1405 901 1586 946 autem
1635 901 1689 944 et
1735 905 1830 944 eos
1857 890 2066 958 iugere,

483 984 573 1053 qui
598 1001 716 1038 eam
744 985 1216 1053 consequentiam,
1249 1001 1416 1054 quam
1445 984 1606 1039 nobis
1636 984 1862 1038 tradidit
1891 983 2070 1036 Domi-

426 1055 435 1065 ,
482 1090 610 1142 nus,
635 1076 927 1134 immolant
953 1118 967 1140 ,
995 1085 1182 1145 utpote
1239 1077 1332 1146 qui
1367 1084 1554 1144 aperte
1586 1085 1778 1130 contra
1810 1073 2064 1144 pietatem

480 1177 720 1238 pugnant
747 1209 762 1232 ,
797 1180 848 1221 et
879 1167 1075 1222 Filium
1106 1167 1327 1236 quidem
1365 1175 1692 1236 pra-ponunt
1726 1166 1900 1233 Patri,
1929 1164 2066 1220 Filio

479 1277 611 1316 vero
643 1261 902 1329 Spiritum
935 1269 1213 1315 sanctum.
1257 1279 1275 1313 ι

556 1353 705 1408 Idem
750 1369 880 1408 vero
932 1355 983 1406 in
1015 1345 1256 1420 Epistula
1294 1351 1360 1406 ad
1395 1352 1559 1422 Greg.
1610 1352 1858 1414 fratrem,
1911 1353 2068 1421 cujus

480 1448 698 1502 initium
766 1453 885 1500 est:
932 1444 1202 1510 Quoniam
1265 1444 1421 1497 multi
1484 1461 1757 1498 commune
1808 1445 2064 1498 substan-

483 1540 601 1591 tia:
642 1557 660 1589 r
693 1536 796 1604 Qui
845 1551 974 1592 vero
1006 1535 1271 1606 Spiritum
1299 1538 1532 1606 cogitat,
1563 1538 1856 1606 ipsumque
1913 1539 1966 1591 in
2009 1553 2068 1593 se

481 1630 606 1698 ipso
649 1629 1004 1695 intellexerit,
1048 1638 1103 1682 et
1144 1627 1344 1682 Filium
1380 1645 1487 1683 una
1538 1631 1872 1698 cogitatione
1917 1644 2069 1684 com-

481 1721 796 1788 prehendit.
844 1719 948 1787 Qui
1004 1729 1186 1775 autent
1244 1722 1391 1775 hunc
1453 1731 1635 1775 mente
1698 1722 1986 1790 suscepit,
2037 1735 2065 1774 a

483 1810 625 1867 Filio
658 1811 922 1880 Spiritum
960 1827 1068 1867 non
1117 1811 1328 1877 divisit,
1365 1813 1458 1867 sed
1511 1804 1914 1883 consequenter
1941 1814 2065 1880 qui-

483 1903 608 1958 dent
643 1903 945 1960 secundum
983 1903 1255 1965 ordinem,
1289 1903 1581 1973 coniuncte
1630 1911 1835 1968 autem,
1864 1916 2063 1957 secun.

483 1997 615 2050 dum
660 2005 911 2050 naturam
946 1996 1112 2051 trium
1159 1997 1215 2050 in
1247 2011 1306 2050 se
1357 1996 1478 2066 ipso
1511 2009 1871 2064 personarum
1904 1995 2064 2050 tidem

481 2088 636 2157 juxta
667 2087 1010 2143 identitatem
1048 2088 1338 2144 eommiste
1372 2087 1653 2142 formavit.
1696 2087 1761 2142 Et
1805 2088 1899 2156 qui
1941 2086 2064 2155 Spi-

487 2182 652 2236 ritum
706 2180 902 2233 dixerit
943 2179 1147 2245 solum,
1188 2197 1312 2234 eum
1362 2195 1583 2249 quoque
1625 2179 1785 2245 cujus
1820 2187 1904 2233 est
1946 2177 2068 2248 Spi-

487 2271 649 2335 ritus,
701 2284 764 2325 ea
817 2269 1166 2325 confessione
1200 2270 1646 2338 comprehendit.
1704 2268 1770 2323 Et
1803 2269 2064 2338 quoniam

485 2362 691 2419 Christi
724 2371 808 2418 est
848 2363 1102 2431 Spiritus,
1145 2373 1310 2433 atque
1342 2380 1409 2417 ex
1453 2362 1582 2427 Deo,
1619 2363 1763 2417 sicut
1809 2362 1887 2416 ait
1918 2362 2067 2429 App-

484 2455 682 2518 stolus,
736 2455 910 2509 vel‘uti
947 2470 1012 2508 ex
1066 2465 1284 2516 catena,
1331 2455 1427 2523 qui
1480 2470 1648 2508 unam
1688 2455 2066 2508 summitatem

485 2541 983 2616 comprehenderit,
1027 2544 1257 2600 alteram
1299 2545 1465 2600 simul
1497 2544 1746 2608 attraxit,
1789 2545 1861 2597 ita
1892 2554 1946 2597 et
1973 2543 2068 2612 qui

487 2637 752 2706 Spiritum
785 2637 976 2700 trahit,
1028 2651 1125 2705 per
1161 2637 1364 2704 ipsum,
1397 2645 1451 2690 et
1488 2635 1712 2700 Filium,
1758 2644 1814 2689 et
1850 2635 2063 2689 Patrem

485 2728 658 2785 simul
710 2725 898 2782 trahit.
951 2727 1018 2781 Et
1064 2726 1264 2781 Filium
1307 2727 1402 2797 qui
1449 2730 1725 2782 veraciter
1772 2728 2068 2796 acceperit,

486 2821 706 2876 habebit
742 2828 973 2888 utraque
1003 2835 1068 2875 ex
1096 2827 1276 2888 parte.
1311 2819 1442 2874 hinc.
1475 2820 1648 2888 ipsius
1677 2819 1913 2885 Patrem,
1941 2820 2070 2874 hinc

489 2913 756 2982 Spiritum
791 2919 1039 2965 sanctum
1067 2919 1516 2979 consequentem.
1549 2909 1736 2980 Neque
1783 2911 1930 2966 enim
1984 2927 2072 2966 se-

486 3003 727 3060 ctionem
777 3009 873 3058 aut
898 3001 1222 3058 divisionem
1255 3002 1496 3072 cogitare
1532 3001 1677 3068 licet,
1696 3009 1755 3055 ut
1778 3010 1872 3054 aut
1903 3001 2070 3056 Filius

489 3093 608 3148 sine
637 3093 842 3164 Spiritu
876 3092 1234 3163 intelligatur,
1269 3103 1365 3148 aut
1395 3092 1636 3162 Spiritus
1668 3105 1698 3146 a
1728 3090 1865 3146 Filio
1891 3093 2068 3148 disse-

489 3195 734 3255 paretur.
769 3202 791 3238 ν

561 3273 807 3328 Sanctus
822 3288 1038 3343 quoque
1062 3273 1404 3344 Epiphanius
1421 3273 1473 3328 in
1499 3275 1730 3342 quodam
1755 3291 1919 3345 opere
1941 3287 2068 3342 suo,

489 3367 637 3434 quod
675 3366 965 3436 appellavit
1005 3367 1305 3421 Ant-horam
1349 3367 1448 3438 (2),
1485 3369 1701 3422 tertium
1734 3369 1930 3434 lumen,
1962 3378 2070 3422 ter-

490 3457 736 3527 tiamque
785 3473 814 3510 a
869 3455 1030 3513 Patre
1091 3457 1458 3514 substantiam
1503 3458 1582 3530 (5)
1618 3460 1882 3529 Spiritum
1938 3476 2069 3516 san-

488 3557 636 3602 ctum
677 3549 934 3618 appellat.

435 3626 437 3628 ’
563 3635 668 3691 Sed
725 3646 780 3691 et
831 3638 892 3692 D.
945 3635 1375 3708 Chrysostomus
1414 3637 1478 3691 in
1530 3641 1766 3706 quodam
1818 3655 2071 3696 sermone

489 3744 589 3784 suo
614 3743 779 3798 super
815 3727 945 3782 illud
973 3727 1183 3782 dictum
1212 3729 1476 3783 Ahrahm:
1511 3729 1654 3794 Pone
1682 3741 2072 3786 manum‘tuam

488 3833 643 3886 super
672 3819 844 3886 femur
866 3833 1037 3870 meum
1069 3817 1133 3882 ”,
1159 3818 1234 3870 ait
1259 3831 1272 3867 :
1306 3817 1494 3886 Itaque
1516 3818 1823 3871 divinarum
1851 3819 2070 3888 quidem

489 3916 850 3976 personarum
886 3907 1162 3962 discretor
1211 3906 1350 3960 ordo
1387 3908 1595 3962 sanctis
1635 3910 1886 3977 cognitus
1919 3908 2017 3963 fuit
2048 3927 2066 3971 -,

491 4000 582 4066 qui
631 4014 760 4054 vero
797 4008 1023 4054 naturas
1065 3999 1119 4052 in
1152 4007 1342 4054 sancta
1397 3990 1672 4056 Trinitate
1704 4003 2071 4067 discerneret,

489 4089 722 4145 omnino
749 4089 1104 4157 rejiciendus.

562 4179 878 4248 Theol0gus
954 4194 1173 4250 quoque
1222 4180 1518 4251 Gregorius
1569 4185 1622 4238 in
1675 4185 1917 4240 secundo
1963 4201 2077 4241 ser-

491 4285 654 4327 mone
687 4285 786 4327 suo
825 4273 892 4326 ad
928 4271 1182 4337 Lumina,
1213 4274 1281 4328 de
1307 4287 1497 4330 sancta
1535 4275 1805 4331 Trinitate
1844 4279 1922 4332 sic
1958 4280 2074 4333 ait:

501 4365 652 4420 Velut
698 4367 754 4419 in
795 4366 948 4420 trinis
999 4367 1266 4437 contiguis
1316 4369 1517 4426 solibus
1567 4387 1672 4426 una
1724 4380 1808 4426 est
1857 4372 2078 4427 collatio

491 4457 737 4513 luminis.

563 4553 751 4608 Posito
785 4552 952 4623 igitur
983 4570 1158 4610 unum
1179 4571 1304 4612 esse
1355 4572 1418 4612 ac
1450 4559 1551 4612 tria
1590 4557 1784 4623 Deum,
1818 4567 1871 4613 et
1900 4560 2072 4614 altero
2104 4538 2148 4589 θ

490 4662 557 4702 ex
595 4648 680 4702 his
717 4648 934 4717 quidem
979 4650 1046 4704 de
1087 4651 1328 4704 essentia
1407 4658 1463 4704 et
1509 4653 1716 4706 unitate
1753 4652 2076 4707 substantia:

491 4754 778 4803 concesso,
827 4739 895 4795 de
931 4742 1126 4805 altero,
1177 4741 1433 4795 videlicet
1479 4739 1549 4795 de
1596 4739 1866 4796 Trinitate
1903 4742 2073 4811 hypo-

492 4839 732 4896 staseon,
785 4844 880 4886 seu
929 4846 1315 4902 personarum,
1366 4833 1675 4888 de'earum
1723 4835 1791 4889 ad
1837 4836 2072 4889 invicem

490 4925 703 4990 ordine,
736 4940 802 4979 ex
835 4919 945 4980 his.
978 4939 1101 4994 qua:
1131 4924 1275 4979 dicta
1309 4935 1458 4990 sunt,
1489 4927 1806 4992 videamus.

561 5007 832 5086 Quoniam
885 5021 1073 5092 itaque
1121 5035 1353 5090 magnus
1407 5021 1566 5077 Pater
1618 5023 1853 5078 Basilius
1894 5023 2077 5077 Euno-

492 5114 662 5167 mium
696 5114 1003 5176 insimulat,
1032 5111 1286 5166 ordinem
1328 5113 1381 5166 in
1411 5113 1520 5167 Deo
1550 5115 1636 5183 pie
1666 5125 1773 5168 non
1809 5116 2079 5184 recipien-

492 5215 624 5270 tem,
684 5205 888 5275 quippe
950 5205 1099 5258 hunc
1153 5205 1470 5271 abnegare,
1527 5205 1906 5262 irrationabile
1956 5223 2078 5264 esse

491 5294 796 5350 arbitratur
861 5302 1028 5363 atque
1058 5306 1182 5348 eum
1225 5294 1470 5362 quidem,
1531 5295 1623 5365 qui
1659 5297 1807 5351 circa
1835 5299 2080 5357 traditio-

567 5503 778 5574 “,Gen.
807 5519 959 5570 xxiv,
993 5504 1047 5558 2.

566 5717 646 5782 (Ξ)
683 5709 1049 5782 Ἀγκυρωτὸς,
1087 5713 1406 5764 Ancoratus.

571 5773 651 5867 (ὅ)
696 5773 808 5839 lloc
839 5773 920 5844 et:
954 5794 1280 5852 personam;
1335 5792 1459 5834 nam
1496 5777 1549 5833 in
1582 5774 1771 5834 Graeco
1802 5783 1884 5834 est
1914 5773 2076 5844 hypo-

501 5865 678 5912 statis.

2171 611 2406 679 appellat
2439 613 2782 675 inventorem,
2811 625 3049 681 eumque
3079 613 3173 667 Dei
3225 612 3558 667 ordinationi
3612 615 3753 668 resi-

2171 712 2318 759 stere
2347 703 2569 764 asserit,
2590 703 2768 770 ipsum
2795 702 3085 758 Dominum
3113 703 3259 758 hunc
3287 704 3584 759 tradidisse
3611 706 3756 764 ordi-

2169 809 2295 847 nem
2314 791 2390 863 (4)
2413 792 2631 848 dicens:
2657 792 2759 859 Qui
2791 782 3262 861 autem'Spiritum
3289 794 3434 849 Patri
3468 797 3752 864 prmponit,

2170 892 2264 936 aut
2296 881 2457 947 Filio,
2483 898 2608 938 eum
2635 899 2666 938 a
2697 899 2831 941 sana
2869 886 3119 940 doctrina
3164 886 3408 940 alienum
3467 888 3752 941 denuntiat

2171 977 2375 1046 quippe
2416 977 2710 1030 novitatem
2743 977 3183 1031 introducentem
3235 978 3384 1032 circa
3443 979 3749 1032 divinarum

2170 1081 2529 1138 personarum
2562 1067 2853 1132 ordinem;
2902 1069 3044 1122 hanc
3095 1077 3280 1123 autem
3319 1069 3494 1139 ipsam
3535 1072 3752 1125 novita-

2169 1171 2278 1214 tem
2328 1168 2492 1228 atque
2568 1160 3004 1216 immutationem
3053 1161 3288 1227 ordinis,
3336 1162 3541 1216 habere
3580 1161 3754 1216 aboli—

2169 1252 2374 1307 tionem
2435 1252 2747 1307 divinarum
2818 1259 3228 1318 personarum,
3292 1252 3576 1322 tutiusque
3629 1251 3752 1306 ﬁdei

2171 1346 2587 1415 ahnegationem
2623 1359 2748 1398 esse
2778 1345 2956 1408 docet,
3015 1344 3263 1415 nihilque
3297 1344 3541 1407 differre,
3573 1353 3752 1398 utrum
3849 1337 3864 1341 ’

2171 1438 2435 1508 Spiritum
2485 1446 2734 1492 sanctum
2787 1439 2852 1491 ad
2901 1448 3168 1492 creatum
3213 1439 3461 1492 ordinem
3515 1435 3751 1505 redigas,

2170 1545 2237 1585 an
2270 1533 2448 1612 ipsum
2485 1529 2633 1584 Patri
2688 1529 2774 1584 vel
2805 1528 2942 1583 Filio
2975 1530 3029 1584 in
3067 1530 3260 1584 ordine
3289 1531 3574 1601 praeferas.
3621 1530 3755 1583 Ter-

2170 1621 2307 1676 tium
2339 1621 2510 1685 enim,
2546 1619 2746 1688 inquit,
2774 1622 2830 1673 in
2858 1621 3052 1674 ordine
3075 1620 3313 1675 locatum
3337 1637 3459 1676 esse
3496 1623 3549 1675 in
3581 1619 3758 1677 Evan-

2169 1713 2308 1782 gelio
2337 1727 2366 1766 a
2403 1711 2635 1766 Domino
2682 1711 2972 1766 docemur.
3035 1711 3270 1766 Constat
3313 1712 3564 1782 profecto
3606 1714 3758 1769 ordi-

2169 1819 2296 1859 nem
2353 1817 2472 1859 esse
2525 1803 2579 1857 in
2639 1811 2829 1859 sancta
2885 1801 3176 1870 Trinitate,
3233 1803 3535 1860 secundum
3592 1821 3756 1873 quem

2167 1897 2340 1966 prima
2375 1897 2594 1964 quidem
2625 1909 2860 1966 persona
2892 1902 3054 1950 t’ulct‘
3107 1905 3228 1962 est,
3263 1897 3507 1953 secunda
3559 1896 3756 1965 Filius,

2169 1989 2328 2044 tertia
2361 1989 2598 2059 Spiritus
2625 1999 2871 2047 sanctus.
3335 2009 3340 2012 ·

2239 2079 2304 2134 Ει
2331 2081 2454 2150 quia
2485 2093 2592 2133 non
2625 2080 2799 2134 solum
2833 2081 2979 2135 Patri
3009 2081 3181 2137 Filius
3239 2090 3293 2136 et
3337 2081 3577 2150 Spiritus
3619 2096 3760 2136 san-

2167 2180 2312 2236 etus,
2340 2186 2529 2226 verum
2561 2181 2615 2226 et
2645 2172 3002 2227 sibiinvicem
3027 2174 3356 2245 junguntur,
3389 2174 3440 2228 id
3475 2184 3658 2228 autem
3692 2174 3760 2229 de

2169 2265 2256 2321 his
2283 2265 2506 2331 dicitur,
2539 2265 2594 2320 in
2627 2266 2827 2336 quibus
2867 2270 3004 2322 ordo
3037 2277 3141 2332 est,
3171 2279 3226 2322 et
3257 2285 3378 2338 qme
3409 2284 3472 2322 ex
3519 2285 3580 2325 se
3615 2269 3761 2322 invi-

2170 2370 2286 2410 cem
2329 2356 2592 2424 pendent,
2641 2357 2794 2411 nullo
2845 2357 3026 2411 medio
3077 2358 3472 2423 intercedente,
3529 2361 3802 2416 omnino.

2169 2446 2418 2501 ordinem
2443 2445 2514 2501 ad
2547 2447 2778 2502 invicem
2817 2462 3067 2518 persona:
3101 2449 3325 2506 habent.

2244 2537 2349 2592 Sed
2403 2548 2457 2592 et
2503 2538 2572 2605 is,
2619 2540 2715 2603 qui
2763 2549 2969 2594 catena:
3017 2539 3343 2596 Trinitatem
3392 2545 3758 2614 comparavit,

2173 2635 2342 2704 liquet
2376 2635 2500 2704 quia
2528 2636 2693 2689 medii
2721 2634 2787 2690 ad
2820 2636 3086 2705 primum,
3128 2646 3182 2690 et
3216 2637 3357 2690 tertii
3396 2637 3462 2690 ad
3513 2638 3757 2693 medium

2171 2723 2420 2781 ordinem
2473 2727 2754 2791 reddidit,
2813 2727 3070 2797 quocirca
3132 2727 3249 2782 ait:
3307 2728 3409 2794 Qui
3484 2711 3755 2800 Spiritum

2171 2819 2398 2888 cogitat,
2445 2827 2499 2874 et
2545 2817 2744 2872 Filium
2780 2833 2887 2872 una
2930 2818 3262 2889 cogitatione
3296 2821 3759 2888 comprehendit;

2171 2925 2266 2970 et:
2299 2903 2402 2982 Qui
2462 2911 2729 2982 Spiritum
2782 2911 2981 2966 dixerit
3041 2913 3257 2978 solum,
3318 2928 3442 2967 eum
3493 2929 3762 2983 quoque,

2175 2993 2334 3077 cuius
2368 3015 2453 3060 est
2498 3004 2761 3075 Spiritus,
2799 3020 2865 3060 ea
2915 3004 3268 3060 confessione
3297 3005 3759 3074 comprehendit,

2175 3112 2223 3156 et
2256 3099 2398 3166 :Qui
2454 3097 2653 3154 Filium
2702 3098 2981 3166 suscepit,
3042 3112 3071 3151 a
3132 3091 3270 3151 Filio
3323 3096 3593 3166 Spiritum
3652 3114 3763 3152 non

2101 3193 2145 3254 C
2177 3193 2382 3248 divisit.
2428 3192 2616 3262 Neque
2659 3191 2803 3245 enim
2841 3193 2971 3244 licet
3019 3199 3114 3245 aut
3160 3189 3357 3244 Filiorn
3385 3190 3504 3245 sine
3553 3189 3763 3259 Spiritu

2173 3285 2421 3355 intelligi,
2452 3293 2546 3338 aut
2577 3281 2840 3353 Spiritum
2886 3297 2918 3336 a
2962 3281 3105 3335 Filio
3140 3281 3436 3350 disparari.
3478 3279 3617 3347 Qua:
3670 3296 3765 3333 ue-

2173 3392 2448 3448 quaquam
2499 3376 2572 3429 ita
2606 3389 2665 3430 se
2695 3374 2990 3438 haberent,
3037 3373 3142 3427 nisi
3196 3372 3368 3427 Filius
3425 3379 3479 3426 et
3525 3373 3768 3442 Spiritus

2173 3476 2399 3520 sanctus
2449 3465 2696 3518 ordinem
2730 3462 2797 3516 ad
2831 3461 3064 3515 invicem
3120 3462 3403 3521 haberent.
3451 3464 3764 3518 secundum

2174 3573 2338 3629 quem
2401 3557 2538 3610 alter
2587 3553 2890 3609 referretur
2935 3553 3002 3607 ad
3055 3554 3316 3607 alterum.
3369 3551 3504 3607 Nam
3545 3555 3598 3608 in
3651 3555 3762 3619 his,

2175 3666 2298 3721 qua:
2345 3650 2526 3705 soluta
2574 3638 2725 3712 sunt,
2775 3660 2830 3702 et
2874 3661 2996 3716 qua:
3032 3645 3355 3715 simpliciter
3389 3645 3598 3715 absque
3651 3648 3763 3702 ulla

2175 3740 2441 3796 relatione
2521 3749 2575 3796 et
2624 3739 2816 3793 ordine
2875 3753 2934 3794 se
2985 3739 3048 3791 ad
3093 3738 3323 3792 invicem
3369 3735 3594 3800 habent,
3651 3753 3764 3792 non

2175 3833 2425 3903 cogimur
2455 3831 2688 3904 alterum
2733 3829 3046 3900 cogitando,
3075 3829 3306 3883 alterum
3351 3843 3573 3897 quoque
3617 3830 3766 3898 cogi-

2178 3925 2381 3978 talione
2419 3919 2738 3992 complecti.
2796 3921 2852 3975 Id
2907 3921 3114 3989 quippe
3175 3917 3396 3971 illorum
3430 3915 3607 3970 solum
3656 3925 3761 3981 est,

2177 4031 2300 4086 quae
2327 4013 2576 4070 ordinem
2608 4015 2675 4067 ad
2703 4013 2940 4066 invicem
2974 4011 3202 4070 habent,
3247 4007 3552 4060 secundum
3597 4023 3764 4076 quem

2179 4107 2496 4161 necessario
2527 4106 2691 4159 etiam
2724 4101 2890 4157 simul
2923 4100 3255 4169 cegitantur.

2250 4201 2329 4254 Ex
2352 4199 2553 4268 quibus
2587 4205 2827 4260 constat,
2868 4193 2996 4263 quia
3031 4207 3136 4246 non
3167 4191 3325 4245 Pater
3353 4191 3506 4245 solus
3559 4192 3627 4247 ad
3655 4191 3766 4262 ,Ρὶ-

2178 4295 2335 4359 lium,
2363 4307 2460 4346 seu
2514 4290 2582 4344 ad
2643 4287 2861 4342 Patrem
2917 4284 3087 4341 Filius
3138 4284 3384 4337 ordinem
3435 4283 3623 4350 habet,
3671 4287 3766 4341 sed

2180 4385 2346 4437 etiam
2399 4376 2577 4434 Filius
2630 4378 2698 4431 ad
2777 4375 3048 4446 Spiritum
3147 4382 3421 4429 sanctum.
3501 4373 3620 4430 lloc
3715 4385 3772 4431 et

2185 4475 2245 4528 Β.
2275 4471 2612 4528 Athanasius
2640 4467 2989 4538 apertissime
3040 4467 3093 4521 in
3129 4466 3356 4535 epistola
3400 4465 3467 4520 ad
3507 4467 3771 4536 Serapio-

2180 4577 2301 4618 nem
2333 4563 2400 4617 de
2426 4559 2632 4631 Spiritu
2661 4568 2852 4613 sancto
2895 4558 3076 4627 positit
3114 4572 3128 4609 :
3175 4575 3192 4608 ι
3234 4555 3524 4620 Eunidem,
3569 4559 3767 4626 inquit,

2180 4655 2429 4711 ordinem
2497 4668 2563 4707 ac
2627 4659 2882 4705 naturam
2919 4647 3084 4704 habet
3128 4646 3366 4718 Spiritus
3409 4647 3476 4700 ad
3545 4645 3769 4713 Filium,

2179 4748 2398 4819 qualem
2429 4745 2495 4800 ad
2526 4745 2747 4798 Patrem
2770 4741 2962 4797 Filius.
2997 4759 3017 4794 ι

2255 4836 2480 4906 Magnus
2509 4848 2730 4904 quoque
2754 4833 2987 4887 Basilius
3011 4831 3063 4884 in
3088 4845 3199 4884 xvn
3229 4831 3294 4884 ad
3320 4828 3768 4899 Amphilochium

2183 4930 2262 4983 sic
2283 4929 2395 4982 ait:
2444 4945 2462 4977 ι
2500 4925 2655 4978 Sicut
2685 4923 2850 4992 igitur
2879 4922 3044 4976 habet
3075 4917 3253 4975 Filius
3287 4919 3352 4972 ad
3397 4919 3639 4985 Patrem,
3695 4921 3768 4975 ita

2185 5031 2238 5075 et
2276 5019 2341 5073 ad
2375 5018 2572 5072 Filium
2613 5014 2874 5085 Spiritus,
2901 5013 3058 5081 juxta
3091 5028 3210 5066 eam
3245 5025 3366 5081 qua:
3397 5011 3644 5075 nobisin
3672 5013 3772 5065 ba-

2187 5113 2388 5181 ptismo
2410 5107 2665 5166 traditur.
2690 5105 2980 5161 verborum
3008 5105 3424 5158 connexionem.
3458 5121 3477 5154 ι

2257 5205 2491 5258 Constat
2521 5201 2690 5271 igitur
2719 5215 2784 5253 ex
2832 5199 2938 5262 his,
2976 5213 3098 5267 qua:
3129 5197 3271 5250 dicta
3301 5203 3448 5259 sunt,
3487 5196 3541 5248 in
3575 5207 3768 5250 saneta

2189 5289 2460 5353 Tr'initate
2493 5307 2852 5365 personarum
2891 5290 3202 5345 divinarum
3256 5289 3319 5341 ad
3371 5286 3608 5342 invicem
3647 5302 3772 5344 esse

2254 5703 2335 5829 ρ)
2376 5707 2452 5765 De
2486 5707 2591 5763 hoc
2614 5704 2804 5762 ordine
2831 5703 3004 5761 multa
3039 5700 3097 5764 S.
3127 5701 3467 5774 Epiphanius
3493 5699 3550 5756 in
3591 5703 3763 5758 Anco-

2278 5794 2326 5829 0.

2187 5791 2326 5830 γαεο.
