4106 6446
417 324 479 388 2!
1536 309 1950 387 anvnnsus
1987 306 2306 370 amcos
2330 307 2479 370 us.
2510 306 2559 367 ι.
3611 301 3684 363 22

418 431 688 489 ordinem.
714 430 816 498 Qui
850 431 994 485 enim
1054 427 1175 484 Filii
1202 436 1257 485 et
1290 426 1529 498 Spiritus
1554 426 1622 485 ad
1654 424 1874 480 Patrem
1900 436 1994 476 or-
2023 423 2073 480 Δ
2099 427 2161 473 ιιι
2212 397 2513 474 Eunomius
2554 415 2789 478 volebat,
2826 414 2878 468 in
2910 420 3103 474 sancta
3158 411 3426 468 Trinitate
3463 423 3685 470 sanctos

420 526 603 580 dinem
633 524 831 589 reddit,
867 523 989 578 Filii
1044 532 1225 578 autem
1280 529 1337 576 et
1367 518 1618 592 Spiritus
1650 518 1721 574 ad
1760 517 1996 572 invicem

423 619 735 683 confundit,
770 619 985 675 ordinis
1043 610 1252 693 bonum
1305 615 1415 671 Deo
1440 631 1504 671 ex
1536 613 1768 670 dimidio
1799 610 1998 668 reddit.

424 715 631 770 Bonum
658 715 805 776 enim
842 715 981 769 ordo
1006 722 1110 776 est,
1151 719 1317 782 atque
1346 710 1665 765 ordinatum
1695 722 1836 764 esse.
1862 705 2002 773 Quia

426 807 571 879 enim
600 806 656 859 in
682 806 788 869 liis,
830 821 953 873 qua:
983 810 1113 858 sunt
1163 803 1320 867 ordo,
1353 802 1676 871 praeclarum
1736 798 2001 871 quiddam

389 895 393 898 ’
427 909 481 952 et
519 899 783 969 optimum
817 906 921 962 est,
951 896 1095 967 quod
1124 903 1178 950 et
1206 894 1451 951 crelestia
1486 892 1649 949 simul
1703 900 1759 946 et
1789 898 2005 945 terrena

428 988 693 1049 continet,
753 1000 918 1040 omne
975 994 1157 1040 autem
1209 983 1474 1053 optimum
1524 997 1556 1037 a
1622 981 1735 1037 Deo
1778 986 2006 1034 manat:

433 1077 603 1131 multo
651 1085 833 1132 autem
893 1076 1072 1144 magis
1126 1076 1180 1130 in
1235 1072 1566 1141 Dem-velut
1628 1072 1684 1127 in
1716 1070 2008 1143 principali

435 1168 855 1231 causa,-bouum
899 1166 1031 1222 illud
1072 1165 1433 1221 excellentius
1478 1165 1665 1220 inesse
1684 1147 2011 1233 intelligen-

435 1261 562 1314 dum
596 1270 700 1315 est.
729 1259 887 1323 Nam,
923 1268 984 1314 ut
1005 1259 1077 1313 ait
1106 1256 1169 1314 D.
1190 1257 1491 1329 Dionysius
1516 1257 1571 1312 in
1602 1256 1701 1312 lib.
1756 1255 1832 1311 De
1883 1254 2013 1309 divi-

436 1355 518 1408 nis
546 1353 843 1408 nominibus
878 1365 897 1405 :
929 1371 949 1405 ι
988 1350 1116 1418 Quae
1144 1353 1197 1407 in
1232 1351 1545 1407 causalibus
1568 1358 1699 1407 sunt
1725 1348 2016 1420 perfectio-

437 1461 556 1507 nes,
579 1460 672 1500 eas
697 1446 750 1498 in
781 1444 968 1500 causis
1000 1444 1133 1515 ipsis
1162 1444 1320 1514 longe
1356 1443 1539 1515 potius
1567 1446 1634 1500 ac
1660 1443 1813 1514 prius
1833 1440 2017 1498 inesse

440 1536 789 1592 manifestum
817 1545 921 1591 est.
957 1555 978 1589 ι
1032 1557 1039 1563 -

509 1627 641 1695 Quis
696 1644 828 1683 vero
854 1628 967 1698 jam
1008 1629 1275 1684 adversus
1320 1638 1427 1684 tam
1476 1626 1708 1685 eximios
1758 1625 2017 1683 Ecclesiae

441 1720 728 1789 magistros
788 1721 1123 1803 contendere
1167 1729 1487 1792 priesumat,
1537 1728 1726 1789 aperte
1788 1718 1845 1773 in
1908 1716 2017 1772 Deo

440 1815 604 1867 trium
638 1813 701 1867 ad
735 1828 793 1868 se
822 1812 1055 1867 invicem
1081 1828 1441 1881 personarum
1479 1813 1729 1868 ordinem
1765 1811 2016 1867 cientes?

444 1903 627 1974 Itaque
658 1905 779 1959 licet
810 1905 1030 1975 quidem
1082 1906 1337 1961 absolute
1388 1920 1453 1962 ac
1491 1906 1839 1975 simpliciter,
1891 1920 2017 1959 cum

446 1996 518 2049 ita
571 2003 680 2048 tres
736 2010 1001 2063 personas
1063 2012 1442 2061 numeramus,
1479 1997 1811 2066 tertiamque
1845 1996 2018 2052 solam

440 2087 724 2142 insinuare
747 2089 1018 2151 volumus,
1052 2088 1214 2142 aliam
1246 2104 1592 2158 praeponere,
1626 2090 1790 2144 aliam
1847 2089 2021 2160 subji-

449 2195 594 2245 cere,
627 2189 685 2233 ut
715 2189 799 2235 est
824 2178 958 2234 illud
988 2179 1238 2247 Apostoli
1270 2197 1286 2234 :
1332 2196 1352 2232 ι
1384 2179 1570 2235 Gratia
1604 2179 1821 2236 Domini
1847 2179 2019 2235 nostri

442 2271 569 2328 Iesu
600 2271 820 2334 Christi,
854 2281 909 2328 et
939 2273 1182 2329 cliaritas
1245 2273 1339 2329 Dei
1376 2282 1432 2329 et
1466 2274 1664 2341 Patris,
1691 2283 1744 2329 et
1778 2253 2025 2330 commu-

445 2365 649 2420 nicatio
688 2366 859 2421 sancti
900 2364 1142 2436 Spiritus
1188 2365 1268 2432 ¹¹;
1315 2385 1336 2419 ›
1365 2375 1462 2421 aut
1524 2367 2023 2437 quomodocunque

449 2456 626 2510 aliter.
676 2454 1206 2512 Porro'volentibus
1276 2457 1590 2513 divinarum
1656 2472 2021 2529 personarum

446 2545 665 2599 nomina
723 2561 790 2599 eo
839 2546 1030 2601 ordine
1083 2548 1438 2615 pronuntiare
1467 2591 1482 2615 ,
1532 2563 1642 2620 quo
1702 2558 1908 2605 aeterne
1946 2548 2025 2606 ac

448 2630 949 2708 sempersimilite'r
971 2639 1039 2694 ad
1072 2630 1307 2696 invicem
1337 2641 1565 2710 habent,
1600 2650 1656 2698 et
1699 2658 1811 2713 quo
1841 2643 2025 2698 Trini-

448 2730 578 2787 tatis
617 2729 877 2801 perfectio
928 2731 1268 2803 designatur,
1309 2734 1457 2789 nulla
1518 2737 1734 2793 ratione
1764 2737 2025 2792 concedi-

449 2833 556 2879 tur.
587 2822 848 2889 Quocirca
880 2839 1109 2893 magnus
1126 2825 1360 2884 Basilius
1382 2828 1436 2882 in
1457 2829 1552 2883 lib.
1582 2845 1631 2892 iv
1655 2828 2026 2895 Quwstionum

448 2916 569 2971 ait:
612 2935 631 2968 ι
670 2915 790 2972 Non
808 2927 992 2972 tamen
1034 2903 1163 2988 quia
1206 2920 1384 2989 primo
1422 2920 1512 2976 hic
1559 2922 1737 2977 sancti
1787 2921 2026 2992 Spiritus

450 3009 745 3077 Apostolus
794 3011 1065 3078 meminit,
1112 3013 1355 3067 secundo
1396 3011 1540 3077 Filii,
1599 3015 1763 3071 tertio
1824 3015 1919 3071 Dei
1971 3026 2027 3071 et

2100 509 2327 565 omnino
2350 511 2620 581 abpegare
2653 525 2668 589 ς
2702 521 2828 562 eum
2866 520 2996 565 vero
3024 519 3134 576 quo
3183 519 3433 576 persona:
3482 505 3687 561 discer-

2104 611 2333 664 nuntur,
2386 600 2688 656 secundum
2720 612 2880 669 quem
2928 612 3094 653 causa
3128 596 3203 667 (6)
3249 606 3414 668 atque
3469 597 3691 655 causale

2106 710 2232 750 cum
2267 703 2540 749 coaeterno
2592 703 2651 747 et
2695 689 3145 746 consubstantiali
3183 690 3480 758 inducitur,
3516 698 3571 747 et
3594 691 3691 745 do-

2105 804 2249 854 cere,
2276 795 2330 843 et
2360 796 2418 841 ut
2447 785 2619 856 pium,
2650 798 2714 839 ac
2741 785 3082 857 religiosum.
3114 786 3366 854 amplecti
3410 799 3475 843 ac
3510 784 3691 841 susci-

2106 897 2257 955 pere,
2289 894 2467 949 neque
2493 880 2634 932 idem
2663 887 2853 933 contra
2878 878 3016 933 idem
3053 891 3298 933 asserere
3330 887 3497 949 atque
3525 876 3694 933 dene-

2106 956 2260 1048 gare.
3660 1030 3665 1043 ,

2181 1067 2384 1123 Praeter
2418 1069 2529 1124 haec
2556 1076 2760 1132 autem,
2799 1081 2920 1137 quae
2960 1065 3105 1122 dicta
3139 1074 3289 1133 sunt,
3346 1070 3715 1136 nequaquam“

2113 1168 2260 1217 esset
2283 1158 2527 1216 Trinitas
2560 1159 2724 1224 Deus,
2756 1159 2863 1214 nisi
2897 1159 2999 1213 tria
3035 1159 3266 1213 invicem
3290 1165 3699 1220 connecteren:

2115 1261 2206 1308 tur
2231 1296 2246 1320 ,
2296 1268 2361 1308 ac
2392 1253 2693 1307 secundum
2727 1252 2977 1306 ordinem
3032 1266 3192 1305 suum
3223 1249 3513 1303 unirentur
3546 1262 3563 1301 :
3600 1245 3698 1303 sed

2115 1349 2219 1404 tria
2274 1346 2594 1418 simpliciter
2626 1361 2691 1401 ac
2724 1354 2927 1401 temere
2966 1341 3189 1419 (‘quippe
3216 1342 3430 1398 sublata
3463 1341 3696 1401 unitate,

2115 1457 2282 1512 quam
2317 1440 2452 1497 ordo
2484 1441 2539 1495 in
2574 1438 2762 1493 multis
2812 1437 2998 1505 eﬂicit)
3027 1435 3337 1490 inordinata
3392 1442 3600 1496 essent,
3637 1446 3703 1491 ac

2117 1535 2378 1605 plurima,
2440 1533 2550 1588 imo
2602 1532 2787 1602 potius
2828 1529 2984 1583 nihil.
3019 1528 3207 1597 Neque
3238 1527 3383 1581 enim
3442 1524 3524 1580 vel
3574 1523 3698 1586 tria,

2119 1628 2205 1684 vel
2237 1638 2476 1699 quatuor
2504 1640 2628 1681 esse
2664 1623 2774 1678 ullo
2807 1622 2969 1677 modo
3003 1628 3246 1689 possent,
3295 1618 3400 1672 nisi
3431 1612 3701 1676 Trinitas.

2123 1720 2205 1776 vel
2233 1718 2579 1792 quaternitas
2615 1717 2801 1771 animo
2845 1722 2971 1769 ante
3004 1712 3407 1781 conciperetur.
3430 1706 3701 1774 Quoniam

2048 1771 2092 1839 Β
2124 1815 2289 1886 igitur
2327 1813 2489 1866 trium
2549 1823 2712 1862 unam
2737 1806 3141 1862 connexionem
3175 1803 3527 1866 conlitemur,
3560 1799 3706 1854 sicut

2122 1922 2290 1964 unam
2356 1906 2523 1959 etiam
2571 1902 2891 1965 essentiam,
2926 1896 3214 1968 primoque
3247 1894 3369 1949 loco
3417 1890 3581 1946 Pater
3621 1898 3708 1947 est

2104 1988 2311 2064 causa,
2342 2009 2566 2052 necesse
2597 2000 2680 2047 est
2707 2006 2828 2046 esse
2867 1996 2922 2044 et
2958 1989 3203 2043 tertium.
3244 1984 3476 2040 Sublato
3505 1983 3708 2054 quippe

2124 2093 2307 2156 tertio,
2340 2106 2440 2146 nec
2480 2089 2719 2159 primum
2742 2084 2872 2139 erit.
2923 2082 2980 2137 in
3011 2081 3264 2153 plurimis
3294 2079 3439 2134 enim
3473 2076 3563 2132 ubi
3594 2074 3709 2145 pri-

2123 2200 2273 2240 mum
2301 2190 2406 2247 est,
2441 2177 2779 2242 necessario,
2809 2190 2931 2244 quae
2960 2181 3087 2244 post
3120 2173 3359 2243 primum
3393 2177 3551 2231 sunt,
3578 2182 3710 2222 con-

2124 2276 2378 2333 nexionis
2412 2273 2554 2328 serie
2604 2271 2673 2325 ad
2723 2267 2959 2338 primum
2993 2265 3326 2320 referuntur.
3370 2261 3548 2331 Atque
3605 2259 3711 2313 hoc

2124 2368 2450 2427 maxime-in
2497 2373 2689 2420 sancta
2726 2358 3016 2425 Trinitate,
3048 2357 3140 2412 ubi
3178 2356 3341 2410 trium
3373 2367 3538 2409 unam
3572 2349 3709 2407 {ate-

2124 2475 2251 2515 mur
2278 2455 2696 2517 connexionem,

2199 2551 2458 2612 Rursum,
2510 2548 2768 2617 quoniam
2820 2542 3040 2598 tertium
3103 2555 3132 2594 a
3202 2536 3370 2593 Patre
3441 2534 3709 2608 Spiritum

2127 2657 2376 2702 sanctum
2405 2642 2658 2696 doctores
2686 2635 3003 2706 praedicant,
3051 2629 3295 2703 profecto
3347 2631 3541 2684 tertius
3602 2641 3712 2681 non

2127 2743 2277 2793 esset
2304 2734 2481 2806 primo
2510 2731 2749 2786 sublato.
2772 2728 3018 2782 Tertium
3049 2724 3193 2779 enim
3222 2723 3430 2777 idcirco
3453 2719 3714 2780 dicimus.

2129 2831 2260 2901 quia
2314 2826 2552 2882 refertur
2582 2822 2649 2878 ad
2709 2823 2971 2892 primum.
3008 2815 3073 2871 Et
3115 2816 3218 2869 hoc
3249 2814 3433 2868 itidem
3484 2827 3593 2866 non
3640 2810 3715 2865 ita

2129 2931 2296 2988 esset,
2331 2919 2433 2974 nisi
2460 2926 2515 2973 et
2545 2917 2782 2987 primum
2845 2910 2914 2966 ad
2947 2908 3255 2965 secundum
3288 2904 3518 2960 haberet
3561 2903 3716 2957 ordi-

2132 3031 2278 3071 nem.
2308 3013 2455 3068 Alias
2514 3010 2717 3081 quippe
2751 3020 2931 3074 neque
2985 3002 3154 3057 trium
3216 2997 3490 3055 connexio
3545 3003 3714 3057 esset,

452 3098 648 3164 Patris,
680 3104 940 3158 continuo
968 3103 1273 3173 putandum
1315 3114 1420 3167 est,
1446 3120 1768 3175 perversum
1805 3116 1902 3163 aut
1923 3109 2028 3163 im—
2055 3107 2100 3164 C
2133 3122 2311 3177 neque
2345 3104 2529 3159 unitas
2561 3120 2574 3157 :
2610 3101 2703 3156 sed
2742 3099 2869 3157 tria,
2894 3107 2953 3151 ut
2985 3093 3246 3154 diximus,
3278 3087 3622 3159 simpliciter,
3653 3101 3718 3141 ac

451 3204 720 3249 mutatum
770 3209 892 3251 esse
921 3196 1196 3254 ordinem.
1256 3195 1336 3251 Ex
1384 3206 1576 3253 nostro
1619 3197 1823 3270 quippe
1878 3213 2032 3255 more

452 3287 670 3362 initium
724 3289 979 3358 sumpsit.
1030 3287 1264 3356 Quando
1296 3290 1442 3344 enim
1485 3289 1628 3345 dona
1666 3291 2026 3361 suscipimus,

452 3380 631 3450 primo
652 3380 999 3436 distribuenti
1034 3380 1423 3452 congredimur
1446 3422 1460 3444 ,
1499 3382 1697 3439 deinde
1724 3383 2029 3440 mittentem

451 3471 793 3539 concipimus
857 3473 1062 3532 animo.
1127 3483 1237 3527 tum
1271 3474 1338 3527 ad
1387 3473 1564 3544 ipsum
1608 3478 1874 3532 bonorum
1907 3476 2030 3532 fon-

451 3572 558 3620 tem
585 3581 915 3637 causamque
954 3567 1280 3637 cogitatione
1301 3569 1697 3625 convertimur.
1729 3589 1749 3622 ι

523 3658 676 3725 Quod
701 3661 745 3712 si
781 3675 845 3713 ex
872 3676 1023 3714 more
1052 3668 1244 3715 nostro
1274 3662 1490 3737 initium
1524 3672 1826 3728 sumentes,
1854 3665 2031 3734 primo

453 3751 807 3806 meminimus
830 3751 1089 3820 Spiritus,
1141 3767 1169 3805 a
1219 3764 1328 3822 quo
1359 3753 1414 3807 in
1449 3768 1549 3808 nos
1598 3769 1890 3808 munerum
1922 3755 2033 3809 lar-

453 3843 592 3910 giliis
624 3851 833 3905 manat;
858 3842 1051 3898 deinde
1104 3843 1254 3911 Filii,
1295 3859 1359 3898 ac
1395 3844 1558 3899 tertio
1592 3860 1691 3915 per
1715 3844 1914 3901 Filium
1964 3848 2032 3902 ad

458 3933 675 3989 Patrem
731 3935 1026 4000 tendimus,
1064 3935 1257 4006 liquet,
1316 3937 1463 4008 quod
1520 3936 1630 3992 illic
1680 3938 2029 4009 incipientes.

456 4027 637 4108 primo
668 4026 864 4092 Patris,
891 4026 1091 4083 deinde
1119 4024 1240 4082 Filii
1273 4043 1337 4083 ac
1369 4032 1530 4085 tertio
1572 4029 1814 4102 Spiritus
1857 4031 2031 4085 sancti

456 4119 753 4174 secundum
823 4118 1108 4175 Trinitatis
1176 4116 1453 4190 Proprium
1518 4137 1581 4178 ac
1639 4122 2032 4193 sempiternum

457 4213 704 4268 ordinem
749 4212 1120 4270 meminimus.
1167 4214 1407 4284 itaque,
1448 4215 1493 4271 si
1543 4231 1704 4285 quem
1774 4216 2033 4272 sacerdos

458 4306 778 4375 ltaptizaret,
807 4316 970 4376 atque
997 4308 1070 4362 ita
1106 4308 1393 4377 liaptizans
1418 4308 1839 4378 pronuntiaret:
1879 4327 1896 4358 ι
1932 4308 2033 4361 Ba-

462 4400 605 4469 ptizo
626 4410 677 4455 te
710 4400 775 4462 in,
798 4401 1023 4455 nomine
1079 4399 1281 4467 Patris,
1311 4411 1363 4455 et
1408 4401 1645 4469 Spiritus
1669 4409 1722 4456 et
1742 4386 1893 4467 Filii,
1927 4400 2031 4457 Εε-

461 4493 625 4548 clesia
675 4494 981 4563 littjusmo'li
1028 4495 1361 4564 baptizatum
1425 4496 1523 4566 (5),
1556 4495 1714 4566 quasi
1760 4495 2036 4564 baptismo

463 4597 861 4649 consecratum,
918 4603 1195 4651 nunquam
1238 4586 1558 4642 admitteret
1629 4602 1696 4642 eo
1739 4587 1884 4657 quod
1926 4601 2035 4640 non

458 4678 613 4747 juxta
636 4678 847 4735 Domini
897 4679 1249 4735 traditionem
1296 4678 1809 4748 baptizatus‘esset,
1842 4691 2041 4730 secun-

461 4770 586 4825 dum
650 4787 812 4842 quam
858 4773 1142 4827 nominum
1199 4787 1265 4828 ac
1312 4788 1492 4826 rerum
1545 4770 1811 4833 Trinitas,
1863 4750 2041 4824 Patris

461 4857 689 4925 scilicet,
718 4869 772 4916 et
791 4860 935 4925 Filii,
966 4870 1018 4915 et
1047 4864 1222 4918 sancti
1248 4861 1505 4933 Spiritus,
1542 4869 1600 4914 ut
1631 4876 1691 4916 se
1712 4861 1778 4914 ad
1803 4859 2038 4914 invicem

465 4954 647 5018 liabet,
683 4954 878 5009 tradita
919 4963 1002 5009 est
1029 4955 1208 5020 nobis,
1240 4971 1404 5025 quam
1439 4954 1732 5008 immutare
1757 4968 1863 5007 non
1888 4952 2035 5007 licet.

465 5044 673 5115 Quippe
702 5059 817 5109 eos,
877 5045 969 5116 qui
1009 5047 1364 5102 immutarem
1410 5056 1636 5100 sanctus
1677 5043 1914 5100 Basilius
1944 5061 2041 5100 ea-

465 5136 639 5190 venrle
665 5138 898 5205 monuit,
932 5148 1118 5208 utpote
1147 5139 1400 5208 pietatem
1424 5149 1610 5208 aperte
1638 5148 2041 5208 oppugnantes,

461 5237 513 5280 et
573 5244 749 5298 neque
802 5230 855 5283 in
927 5230 1194 5285 'l‘rinitate
1244 5230 1606 5299 baptizantes,
1674 5244 1850 5301 neque
1901 5229 2043 5283 lianc

459 5318 610 5386 juxta
650 5318 863 5373 Domini
929 5321 1273 5376 traditionem
1311 5322 1656 5377 conlitentes.
1713 5321 1953 5392 Apparet
1990 5319 2041 5374 id

464 5424 683 5480 quoque
709 5424 833 5481 eum
884 5411 1156 5481 ordinem,
1213 5429 1325 5486 quo
1357 5422 1568 5469 naturae
1625 5411 2040 5479 discernuntur,

538 5580 580 5610 "
611 5577 653 5631 ll
684 5580 814 5636 Cor.
841 5592 962 5645 xm,
1001 5580 1091 5635 i3.

466 5724 889 5867 liaﬁisgifena
948 5725 1089 5783 hanc
1124 5725 1435 5799 opinionem
1476 5723 1686 5783 calcem
1736 5722 1802 5780 de
1863 5718 2039 5779 forma

1614 5919 1623 5925 θ
1655 5914 1741 5924 ..ιε--

2134 3207 2342 3252 temere
2391 3191 2704 3247 inordinate
2757 3202 2815 3243 se
2847 3182 3127 3248 habentia,
3158 3192 3322 3251 atque
3357 3179 3425 3233 ab
3483 3177 3714 3231 invicem

2133 3286 2434 3356 disparata.
2496 3280 2603 3337 Sed
2658 3281 2763 3334 hoc
2794 3278 2881 3332 liis
2908 3290 3029 3345 qua:
3069 3290 3096 3328 a
3130 3271 3413 3343 magistris
3461 3267 3719 3324 Ecclesia:

2134 3380 2420 3444 dicuntur,
2473 3374 2865 3440 communique
2920 3366 3255 3425 confessioni
3320 3364 3444 3419 lidei
3497 3371 3719 3417 contra-

2133 3474 2277 3529 rium
2329 3470 2559 3527 omnino
2614 3475 2720 3523 est.
2753 3464 2997 3519 Primum
3025 3461 3198 3523 enim,
3228 3467 3279 3513 et
3314 3456 3639 3521 secundum,
3667 3462 3722 3508 et

2136 3570 2354 3625 tertium
2408 3565 2666 3628 fatemur,
2734 3572 3012 3619 unamque
3072 3551 3465 3610 connexionem
3518 3539 3723 3604 sanctae

2133 3659 2446 3723 Trinitatis,
2479 3671 2651 3726 eaque
2675 3653 2780 3710 sibi
2831 3650 3065 3705 invicem
3097 3645 3355 3715 conjungi
3384 3656 3439 3698 et
3469 3641 3723 3698 connecti

2135 3754 2298 3819 serie,
2325 3766 2490 3822 supra
2522 3749 2635 3821 jam
2668 3746 2872 3802 dictum
2901 3751 3004 3798 est.
3047 3737 3173 3794 Hinc
3203 3746 3382 3791 autem
3414 3747 3600 3804 aperte
3630 3750 3726 3789 or-

2135 3830 2331 3903 dinem.
2383 3840 2794 3899 commendant.
2849 3834 3046 3902 Liquet
3115 3830 3282 3899 igitur
3332 3843 3396 3883 ex
3441 3827 3551 3890 liis,
3604 3840 3729 3896 qua:

2135 3939 2280 3993 dicta
2308 3941 2458 3996 sunt,
2516 3924 2961 4000 quandoquidem
2992 3920 3129 3975 ordo
3161 3918 3399 3973 discreta
3434 3916 3725 3997 signiticet,

2134 4028 2229 4099 qui
2267 4017 2760 4082 consubstantialis
2819 4014 3065 4070 ortlinem
3103 4025 3226 4065 esse
3257 4011 3468 4075 dicunt,
3526 4022 3624 4061 eos
3673 4004 3731 4060 in

2135 4118 2340 4175 divinis
2371 4126 2625 4187 peccare.
2664 4109 2745 4164 ita
2779 4108 2923 4162 enim
2959 4103 3229 4160 unitatem
3263 4100 3493 4158 reddent
3520 4099 3732 4169 potius,

2137 4229 2299 4285 quam
2348 4209 2620 4265 ordinem.
2680 4203 2810 4258 Nam
2870 4214 3119 4270 personae
3157 4207 3292 4262 tres,
3346 4197 3400 4251 in
3455 4206 3725 4265 quantum

2137 4284 2268 4360 sunt
2300 4302 2531 4356 invicem
2576 4291 3097 4351 consubstantiales,
3125 4289 3281 4360 juxta
3314 4285 3557 4357 ejusdem
3591 4284 3727 4340 sob-

2142 4393 2375 4450 stantite/
2413 4387 2679 4441 rationem
2740 4396 2910 4436 unum
2949 4385 3104 4433 sunt.
3149 4376 3324 4430 Porro
3370 4374 3532 4428 unius
3563 4375 3627 4429 ad
3677 4369 3737 4428 se

2145 4483 2350 4551 ipsum,
2387 4475 2688 4532 secundum
2733 4486 2871 4536 rem,
2916 4468 3165 4524 ordinem
3191 4481 3336 4531 esse,
3400 4464 3739 4536 impossibile

2138 4583 2245 4628 εει.

2212 4663 2505 4717 Prmterea.
2540 4668 2593 4714 et
2646 4674 2673 4712 a
2736 4656 2898 4710 Patro
2946 4662 3089 4713 esse,
3123 4648 3390 4703 ambobus
3447 4661 3740 4700 commune

2144 4771 2268 4810 tum
2305 4739 2397 4819 sit,
2433 4750 2650 4805 uuiouis
2682 4750 2892 4818 potius,
2941 4757 3105 4810 quam
3138 4737 3492 4794 discretionis
3543 4735 3608 4789 ad
3651 4738 3739 4789 in-

2144 4849 2323 4904 vicem
2381 4859 2545 4900 causa
2605 4850 2709 4900 est,
2756 4837 2860 4892 nisi
2924 4833 3068 4888 aliud
3129 4832 3337 4902 aliquid
3425 4830 3739 4901 adjiciatur.

2153 4941 2365 5011 Quippe
2399 4945 2453 4992 et
2509 4945 2700 4986 omnes
2730 4926 2981 4983 homines
3033 4940 3100 4980 eo
3147 4924 3267 4994 ipso
3303 4923 3547 4993 quidem,
3592 4921 3740 4989 quod

2152 5052 2218 5093 ex
2255 5034 2426 5086 Adam
2482 5026 2747 5095 originem
2787 5021 3033 5083 trahunt,
3096 5017 3328 5071 invicem
3367 5016 3505 5069 uniti
3559 5021 3734 5077 sunt,

2154 5127 2321 5184 certis
2349 5137 2478 5177 vero
2516 5114 2827 5172 rationibus
2881 5120 2937 5166 et
2988 5107 3421 5182 proprietatibus
3464 5106 3534 5160 ab
3564 5123 3622 5160 se
3657 5104 3743 5158 di-

2155 5220 2538 5288 stinguuntur.
2569 5211 2755 5278 itaque
2794 5214 3094 5271 utrumque
3129 5214 3203 5254 ex.
3220 5199 3382 5253 Patre
3413 5213 3534 5251 esse
3594 5186 3743 5249 dice-

2155 5325 2236 5375 re,
2308 5306 2445 5363 satis
2476 5318 2581 5359 non
2644 5310 2730 5355 est
2769 5300 2836 5351 ad
2895 5292 3316 5362 exprimendum
3382 5303 3507 5343 cum
3581 5296 3742 5356 quem

2157 5403 2364 5459 habent
2400 5399 2469 5454 ad
2541 5394 2800 5453 invicem,
2844 5385 3115 5442 ordinem.
3150 5382 3255 5438 Sed
3299 5380 3443 5436 enim
3487 5379 3746 5448 liyposui-

2232 5713 2310 5781 (6)
2350 5711 2501 5766 More
2532 5707 2848 5764 Graecorum
2888 5703 3112 5757 Patrum
3146 5714 3208 5755 ac
3253 5682 3583 5767 scriptorum
3612 5709 3743 5749 cau-

2164 5800 2280 5843 sam
2311 5799 2409 5854 pro
2432 5781 2697 5854 principio
2725 5786 2970 5848 usurpat.

2890 6007 2906 6034 Ι
