4106 6504
438 354 511 414 22

1702 363 2099 428 MANUELIS
2132 368 2457 429 CALECAE-

3629 332 3807 438 ρι’

441 483 573 521 seon
617 483 712 524 Bt'll
752 487 1112 541 personarum
1148 474 1214 529 ad
1252 491 1311 530 se
1346 475 1578 532 invicem
1607 477 1761 547 juxta
1793 478 2003 534 incom-
2037 484 2082 540 Α
2182 479 2418 536 Sanctus
2474 483 2600 538 item
2661 484 2905 555 Cyrillus,
2942 484 2994 538 in
3046 502 3062 541 ι
3119 480 3511 540 Thesaurorum
3556 485 3637 539 ait
3681 493 3697 528 ε

440 559 679 621 ntistam.
713 570 881 630 atque
915 564 1255 620 inconfusatn
1292 568 1580 631 rationem,
1610 569 1859 645 ordinem
1889 585 2011 626 esse

434 653 637 716 dicere,
672 653 1046 713 irrationabile
1075 660 1303 714 omnino
1328 670 1431 716 est.
1464 661 1595 716 Esse
1624 661 1770 717 enim
1804 663 2013 719 incom-

435 744 634 801 misms
665 747 730 801 ad
766 747 1023 817 invicem,
1058 761 1340 808 servantes
1374 753 1477 810 sibi
1503 770 1723 810 suarum
1766 758 2008 827 proprie-

435 844 607 891 tatum
661 839 948 906 terminos,
1004 857 1225 898 necesse
1273 853 1403 899 est:
1460 860 1636 916 neque
1686 848 1832 903 enim
1873 850 2010 907 alias

362 974 371 977 ,
432 928 570 983 ordo
600 942 912 986 servaretur
942 950 957 999 ;
997 948 1102 988 non
1136 945 1315 990 tamen
1349 937 1472 992 ideo
1513 954 1736 995 necesse
1767 950 1871 1003 est,
1924 941 2010 995 in-

388 1083 405 1101 _
434 1022 874 1087 commistarum,
917 1025 968 1079 in
1003 1036 1266 1095 quantum
1300 1027 1649 1084 ineommista
1679 1039 1831 1096 sunt,
1862 1032 2009 1086 ordi-

434 1125 559 1165 nem
590 1115 655 1166 ad
711 1114 940 1169 invicem
1015 1128 1323 1180 servantes,
1385 1121 1490 1173 nisi
1575 1121 1738 1174 etiam
1793 1101 2008 1175 habitus

434 1205 500 1258 azl
561 1204 789 1260 invicem
869 1207 1095 1276 quidam
1146 1208 1255 1265 illis
1325 1209 1504 1266 inesse
1568 1210 1840 1273 videatur.
1926 1206 2031 1265 Ex’

433 1310 545 1363 quo
581 1311 713 1352 sane
773 1298 967 1355 ordine
1002 1300 1067 1355 ad
1108 1300 1337 1356 invicem
1408 1309 1462 1356 et
1513 1302 1724 1367 habitu,
1779 1318 2005 1358 suarum

432 1386 598 1441 etiam
629 1390 1025 1459 proprietatum
1095 1393 1312 1448 termini
1365 1393 1625 1449 confundi
1679 1395 2007 1464 miscerique

432 1496 545 1535 non
586 1491 838 1553 possunt.
896 1483 1017 1551 Quo
1081 1486 1247 1542 etiam
1303 1498 1534 1553 remoto,
1596 1488 2003 1543 incomtnistum

432 1573 570 1629 illud
623 1576 926 1632 secundum
1000 1593 1080 1643 se,
1116 1578 1538 1634 inordinationis
1593 1579 1804 1649 petius,
1838 1596 2001 1651 qttam

433 1666 644 1720 ordinis
660 1665 815 1722 ﬂeret
839 1681 1030 1724 causa.
1073 1668 1435 1734 Quaerendum
1483 1670 1648 1738 igitur
1675 1670 1726 1724 in
1753 1674 2003 1741 personis

418 1744 655 1821 divinis,
717 1774 963 1827 quaenam
1018 1760 1089 1815 sit
1133 1760 1338 1815 ordinis
1388 1752 1574 1815 earum
1652 1761 1717 1815 ad
1770 1762 2000 1817 invicem

432 1862 621 1913 causa,
654 1849 921 1919 quaaitem
945 1851 1397 1927 incommistionis
1422 1852 1721 1917 secundum
1751 1855 2000 1923 proprie-

429 1947 574 1994 tates
643 1955 793 1996 suas.
835 1941 984 1997 Alias
1038 1943 1207 2009 enim,
1261 1950 1620 2013 praeterquam
1667 1927 1813 2014 quod
1863 1945 1997 1999 nihil

431 2030 740 2097 coniicitur,
773 2034 1062 2103 imperitia:
1098 2051 1317 2105 quoque
1364 2037 1587 2113 evidens
1617 2048 1997 2105 argumentum

433 2135 542 2189 est,
577 2127 803 2181 causale
829 2127 989 2196 quasi
1040 2143 1261 2190 causam
1297 2143 1517 2196 ponere.
1547 2127 1718 2198 Igitur
1748 2143 2001 2199 oportere

432 2215 654 2284 quidem
716 2218 1028 2272 necessario
1091 2219 1337 2273 ordinem
1397 2218 1453 2273 in
1499 2219 1702 2276 divinis
1753 2222 2001 2290 personis

428 2306 765 2362 immobilem
799 2308 979 2373 fateri,
1012 2325 1190 2380 neque
1211 2324 1334 2365 esse
1365 2310 1420 2366 in
1471 2320 1657 2367 nostra
1710 2318 2000 2381 potestate,

429 2410 491 2455 ut
522 2400 767 2466 libuerit,
819 2402 1078 2459 traditum
1139 2404 1432 2459 immutare
1454 2406 1724 2465 ordinem.
1773 2421 2000 2477 eosque,

429 2491 523 2552 qui
561 2492 873 2555 immutant,
911 2503 971 2548 ut
1002 2508 1113 2562 quo
1149 2505 1334 2563 aperte
1376 2504 1690 2565 oppugnant
1721 2496 2000 2564 pietatem,

430 2582 683 2638 vitandos
740 2598 879 2648 esse,
917 2586 1051 2641 satis
1085 2600 1148 2639 ex
1183 2585 1556 2654 superioribus
1581 2597 1861 2643 ostensum
1898 2596 1998 2643 est.

503 2672 771 2739 Quendam
841 2689 970 2729 vero
1004 2677 1267 2730 unitatem
1333 2691 1397 2732 ac
1456 2677 1776 2732 Trinitatem
1835 2677 2002 2733 Deum

422 2764 779 2831 conﬁtemur,
809 2780 873 2819 ac
899 2765 1054 2835 juxta
1085 2770 1347 2823 unitatem
1379 2770 1598 2839 quidem
1632 2785 1807 2840 neque
1847 2772 2004 2839 ordo,

432 2872 608 2925 neque
636 2872 944 2926 processus,
994 2875 1169 2928 neque
1202 2875 1562 2927 personarum
1596 2878 1858 2919 numerus
1924 2865 2007 2919 in-

432 2946 662 3017 spicitur
690 2964 704 3002 :
740 2964 847 3003 una
888 2950 1029 3004 enim
1063 2966 1149 3005 res
1175 2954 1410 3007 essentia
1442 2961 1528 3008 est
1555 2953 1781 3010 omnino
1829 2955 2006 3011 indis-

432 3047 603 3105 creta,
672 3039 946 3111 uniusque
975 3041 1040 3095 ad
1077 3042 1317 3113 seipsum
1353 3044 1654 3098 secundum
1718 3059 1834 3100 rem
1872 3047 2008 3101 or-lo

2121 591 2140 623 ι
2174 570 2355 641 Gignit
2387 572 2586 628 Filium
2629 575 2789 631 Pater
2820 575 2969 630 nullo
3002 575 3203 630 medio.
3239 592 3258 626 ι

2184 657 2332 712 Idem
2356 675 2522 730 super
2550 661 2846 733 Evangelio
2875 661 3126 726 Joannis,
3172 677 3294 716 cum
3350 661 3404 717 id
3461 660 3699 717 verbum

2112 760 2405 818 exponeret
2447 767 2461 803 :
2522 750 2637 805 Hoc
2686 762 2802 806 erat
2855 754 2911 806 in
2956 753 3214 823 principio
3279 754 3422 823 apud
3477 753 3694 817 Deum,

2112 838 2187 894 ita
2212 840 2331 894 ait:
2366 858 2387 893 ι
2424 840 2559 898 Esse
2607 852 2792 899 autem
2825 860 2948 899 cum
2999 844 3138 900 Filio
3184 845 3398 901 Patrem
3430 845 3700 914 intelligi-

2111 947 2253 998 mus,
2289 943 2512 1005 propter
2538 936 2860 992 substantiaa
2912 937 3514 992 incommtttabilitatem
3554 955 3569 992 :
3609 949 3697 993 at-

2110 1038 2217 1091 que
2246 1023 2386 1089 ideo,
2415 1025 2560 1094 quod
2592 1027 2817 1081 omnino
2838 1028 3128 1098 contiguus
3161 1027 3253 1093 sit,
3306 1027 3458 1084 nullo
3480 1029 3693 1094 medio,

2109 1112 2183 1174 ei,
2215 1114 2358 1182 quod
2386 1130 2452 1169 ex
2484 1131 2543 1170 se
2573 1118 2898 1173 naturaliter
2928 1119 3216 1189 processit.
3256 1138 3278 1172 ι

2182 1203 2412 1275 Magnus
2460 1205 2603 1261 idem
2637 1207 2896 1274 Basilius,
2930 1211 2983 1264 in
3036 1211 3196 1279 epiSt.
3251 1210 3318 1265 ad
3362 1208 3694 1281 Gregorium

2109 1293 2332 1351 fratrem
2393 1298 2460 1353 de
2509 1298 2815 1355 dilierentia
2873 1302 3128 1358 essentia:
3200 1310 3365 1371 atque
3420 1303 3694 1358 substan-

2107 1389 2195 1443 tiae
2220 1388 2328 1460 (7),
2361 1391 2438 1445 ait
2474 1408 2548 1447 :4
2595 1392 2770 1450 Filius
2803 1404 2986 1449 autem
3028 1394 3204 1460 solus,
3237 1396 3332 1464 qui
3366 1395 3693 1464 unigenitus

2106 1479 2172 1535 de
2203 1481 2448 1552 ingenito
2468 1484 2927 1551 eil‘ulsitlumine,
2955 1486 3163 1549 nullam
3189 1486 3344 1556 juxta
3383 1488 3698 1555 proprieta-

2104 1578 2212 1624 tem
2246 1578 2606 1644 per’sonarum
2633 1575 3078 1629 communionem
3111 1573 3279 1638 habet
3326 1572 3391 1626 ad
3447 1572 3695 1634 Patrem,

2103 1671 2188 1727 vel
2218 1668 2283 1724 ad
2316 1667 2582 1738 Spiritum
2615 1673 2888 1721 sanctum.
2924 1683 2943 1716 ι
2980 1665 3280 1736 Gregorius
3321 1664 3448 1719 item
3488 1662 3698 1734 Nysse-

2107 1780 2208 1821 nus
2239 1778 2401 1833 super
2439 1761 2701 1817 Oratione
2734 1758 3016 1813 Dominica
3048 1798 3064 1823 ,
3122 1759 3176 1811 in
3206 1772 3272 1811 eo
3300 1764 3567 1819 tractatu,
3596 1757 3693 1825 qui

2103 1855 2295 1925 incipit
2333 1871 2347 1906 :
2410 1850 2662 1907 Umbram
2692 1851 2961 1905 continens
3014 1848 3316 1918 futurorum
3354 1848 3459 1912 lex;
3505 1867 3523 1899 ‹
3560 1846 3699 1903 Uni-

2101 1947 2344 2017 genitus,
2371 1943 2573 2013 inquit,
2624 1927 2796 1996 Filius
2828 1956 2891 1995 ex
2929 1940 3089 1995 Patre
3120 1954 3150 1993 a
3185 1937 3245 1993 S.
3275 1937 3568 2008 Scriptura
3596 1954 3699 1993 no-

2102 2039 2377 2103 minatur;
2421 2045 2586 2106 atque
2618 2034 2890 2088 hactenus
2924 2035 3044 2102 ejus
3078 2035 3392 2103 proprietas
3422 2033 3628 2089 fertur.
3668 2053 3689 2086 ›

2174 2128 2410 2184 Sanctus
2442 2143 2661 2198 quoque
2686 2128 3014 2183 Anastasius
3041 2125 3344 2180 Antiochia:
3396 2126 3694 2195 episcopus

2103 2222 2157 2276 in
2188 2222 2284 2275 lih.
2319 2235 2420 2276 suo
2450 2219 2524 2274 De
2546 2219 2885 2288 dogmatibus
2918 2217 3023 2288 (8),
3077 2216 3234 2286 cujus
3288 2216 3508 2271 initium
3560 2227 3694 2273 est:

2104 2313 2357 2371 Salubris
2387 2313 2513 2381 ﬁdei
2546 2322 2757 2366 nostra.
2795 2310 3052 2364 rationem
3074 2351 3090 2375 ,
3128 2309 3206 2363 ait
3237 2325 3253 2362 ε
3290 2326 3309 2361 ι
3340 2308 3605 2377 Spiritus,
3636 2320 3696 2365 ut

2103 2409 2241 2474 dixi,
2270 2406 2471 2462 dicitur
2513 2403 2675 2469 Deus,
2724 2412 2781 2459 et
2836 2413 3061 2458 sanctus
3094 2400 3262 2457 Dens.
3329 2400 3454 2456 Haec
3498 2411 3692 2457 autem

2103 2499 2265 2552 ambo
2297 2495 2595 2565 composita
2624 2494 2847 2549 nomina
2870 2493 2918 2547 ei
2950 2485 3263 2562 congruunt
3289 2533 3302 2554 .
3339 2493 3431 2560 qui
3467 2495 3695 2563 proprie

2108 2590 2348 2659 Spiritus
2396 2598 2620 2643 sanctus
2675 2587 3002 2656 appellatur,
3043 2586 3186 2640 sicut
3219 2595 3270 2638 et
3309 2584 3491 2665 Patris
3532 2601 3695 2640 vora-

2102 2682 2292 2736 bulum
2325 2694 2532 2744 caussa,
2565 2688 2618 2734 et
2648 2676 2792 2744 Filii,
2823 2678 2872 2732 ei
2903 2679 2996 2747 qtti
3024 2695 3086 2734 ex
3133 2692 3300 2733 causa
3364 2678 3520 2734 nullo
3577 2695 3696 2735 me-

2105 2770 2196 2825 dio
2225 2771 2422 2840 prodit,
2459 2770 2929 2825 accommodatur.
2971 2789 2990 2822 ι

2177 2863 2256 2918 ita
2289 2864 2454 2933 igitur
2485 2861 2606 2917 Filii
2638 2878 2703 2918 ex
2744 2863 2905 2918 Patre
2935 2863 3306 2933 [processum
3340 2864 3689 2930 nativita'em

2109 2956 2320 3012 scilicet
2352 2956 2724 3011 itnmediatam
2754 2955 3043 3019 discimus,
3100 2957 3402 3013 secundum
3431 2974 3604 3025 quam
3636 2968 3691 3014 et

2109 3050 2447 3120 unigenitus,
2481 3056 2535 3103 et
2555 3048 2704 3103 solus
2733 3048 2798 3104 de
2824 3050 2942 3104 solo
2964 3048 3192 3113 dicitur,
3226 3050 3690 3120 personalemque

432 3137 529 3183 aut
554 3129 811 3186 discretio
840 3145 946 3186 non
983 3141 1108 3188 est:
1172 3134 1441 3202 reliquum
1496 3142 1602 3197 est,
1631 3143 1691 3188 ut
1742 3136 1991 3191 Ordinem
2026 3144 2070 3203 (ζ
2102 3154 2256 3193 suam
2311 3152 2374 3192 ac
2412 3137 2831 3192 substantialem
2886 3136 3272 3206 proprietatem
3305 3135 3433 3190 hinc
3457 3136 3689 3206 accipit,

432 3237 834 3294 numerumque
864 3240 1223 3295 personarum
1258 3227 1413 3297 juxta
1443 3240 1733 3297 processus
1763 3242 1894 3284 suos
1926 3227 2004 3283 fa-

433 3326 665 3370 leamttr.

508 3408 623 3460 Duo
655 3407 880 3463 omnino
908 3423 1199 3477 processus
1233 3408 1286 3463 in
1319 3406 1428 3464 Deo
1458 3408 1616 3464 nobis
1648 3409 1829 3465 traditi
1850 3417 1998 3475 surt,

432 3498 589 3565 alter,
639 3501 937 3555 secundum
973 3500 1348 3567 nativitatem,
1381 3500 1541 3567 alter,
1586 3501 1740 3570 juxta
1776 3486 2002 3571 proces-

431 3589 665 3662 sionem.
728 3589 896 3644 Deum
952 3590 1153 3660 quippe
1216 3605 1281 3647 ex
1343 3591 1454 3645 Deo
1486 3592 1663 3657 nasci,
1723 3591 2003 3663 Deumque

429 3682 562 3737 item
594 3696 659 3735 ex
722 3681 830 3737 Deo
870 3681 1184 3750 procedere,
1216 3682 1416 3737 divinis
1446 3681 1665 3739 Litteris
1718 3685 1997 3740 docemur.

428 3778 608 3845 Atque
625 3772 746 3829 Filii
767 3773 985 3844 quidem
1015 3788 1046 3828 a
1075 3772 1237 3829 Patre
1263 3774 1636 3830 immediatum
1657 3793 1997 3848 processum,

431 3879 654 3925 sanctus
687 3853 945 3935 Basilius,
993 3867 1046 3922 in
1097 3868 1194 3923 lil).
1229 3867 1493 3923 Adversus
1543 3867 1898 3937 Eunomium.3'
1927 3872 1997 3927 ita

430 3948 780 4015 commendat
814 3976 829 4015 :
869 3977 888 4010 ι
944 3960 1163 4014 initium
1199 3958 1418 4030 quidem
1455 3960 1633 4016 Patris
1679 3962 1999 4033 nullumque

427 4052 626 4106 horum
679 4050 938 4105 medium.
1000 4069 1020 4102 ι
1060 4053 1410 4123 Rursumque
1476 4055 1531 4107 in
1590 4055 1780 4111 eodem
1818 4073 1833 4110 :
1866 4075 1886 4108 ι
1931 4055 2002 4112 Ut

428 4143 573 4196 enim
623 4141 790 4196 st‘ulla
837 4150 922 4197 est
977 4141 1334 4212 interregatio
1365 4143 1417 4196 in
1445 4156 1532 4209 eo,
1563 4144 1655 4214 qui
1697 4145 1816 4200 sine
1846 4146 1997 4213 prin-

429 4233 571 4302 cipio
604 4220 767 4300 atque
822 4230 1095 4301 ingenitus
1125 4240 1226 4296 est,
1260 4234 1515 4301 superius
1555 4234 1759 4305 aliquid
1786 4250 1997 4305 quaere-

427 4341 531 4382 re:
566 4334 629 4387 et
675 4324 764 4378 hic
819 4324 873 4377 in
903 4338 992 4389 eo,
1023 4324 1114 4394 qui
1172 4325 1501 4395 sempiterne
1532 4341 1656 4381 cum
1692 4319 1850 4381 Patre
1895 4335 1998 4394 est,

427 4418 747 4487 nullumque
778 4416 941 4471 habet
971 4417 1210 4471 medium
1241 4417 1381 4472 inter
1411 4432 1469 4472 se
1492 4426 1547 4473 et
1575 4418 1896 4486 genitorem.
1933 4435 1951 4468 ι

2110 3232 2254 3302 quod
2284 3240 2338 3285 et
2367 3230 2583 3297 genitus
2610 3239 2712 3293 est,
2761 3237 2815 3283 et
2844 3243 2873 3282 a
2905 3229 3062 3283 Patre
3114 3226 3431 3298 Spirituque
3481 3228 3692 3283 distin-

2111 3323 2311 3393 guitm‘.
2344 3321 2553 3390 Quippe
2582 3325 2720 3374 hanc
2748 3318 2866 3388 ejus
2896 3316 3169 3386 propriam
3211 3317 3553 3387 agnitionem
3589 3333 3690 3372 no-

2112 3414 2196 3469 bis
2230 3412 2471 3482 magistri
2510 3410 2875 3473 tradiderunt,
2907 3408 3052 3478 quod
3082 3409 3233 3463 solus
3265 3408 3378 3476 ipsc
3426 3410 3691 3479 unigeni-

2116 3516 2202 3560 tus
2231 3505 2298 3559 de
2328 3501 2572 3572 ingenito
2637 3500 2841 3554 lumine
2867 3499 3114 3567 prodeat.
3165 3497 3376 3552 Dictum
3408 3510 3491 3553 est
3538 3501 3688 3554 enim

2110 3595 2358 3652 veritatis
2422 3591 2717 3647 terminum
2783 3598 2837 3645 et
2903 3590 3172 3641 rationem
3241 3588 3507 3644 hactenus
3611 3592 3689 3645 illi

2112 3662 2499 3760 proprietatem
2524 3684 2740 3749 sistere,
2777 3689 2839 3736 ut
2869 3680 3080 3734 scilicet
3109 3679 3438 3741 immediate,
3468 3690 3520 3734 et
3552 3696 3690 3734 con-

2113 3781 2371 3844 tinenter,
2400 3792 2464 3832 ac
2521 3774 2700 3845 genite
2729 3788 2796 3828 ex
2852 3770 3015 3825 Patre
3059 3771 3151 3832 sit,
3210 3768 3438 3823 ulterius
3502 3780 3686 3824 autem

2115 3872 2428 3927 nullatenus
2478 3867 2751 3940 progredi.
2804 3864 3016 3934 Quippe
3069 3877 3195 3917 cum
3229 3870 3283 3917 et
3330 3861 3575 3930 Spiritus
3618 3881 3687 3919 ex

2110 3966 2270 4022 Patre
2302 3964 2519 4034 quidem
2554 3962 2645 4027 sit,
2704 3975 2806 4015 nec
2834 3968 3013 4013 tamen
3065 3960 3330 4009 hactenus
3388 3971 3688 4023 processus

2092 4047 2255 4113 illius
2278 4055 2584 4126 proprietas
2616 4062 2779 4121 atque
2808 4048 3016 4117 agnitio
3049 4039 3334 4100 subsistat.

2183 4148 2394 4201 Dictum
2423 4154 2509 4199 est
2535 4155 2739 4204 autem,
2767 4149 2822 4194 et
2867 4136 2988 4190 Filii
3018 4134 3346 4188 vocabulum
3379 4133 3428 4189 ei
3460 4138 3687 4206 proprie

2111 4252 2430 4309 congruere,
2460 4235 2551 4304 qui
2582 4234 2655 4288 sit
2682 4246 2746 4286 ex
2780 4229 2958 4292 Patre,
2995 4227 3444 4295 nullointerjecto
3481 4229 3686 4283 modio.

2110 4331 2432 4398 Quanquam
2478 4333 2673 4394 praeter
2729 4323 2861 4385 haec,
2896 4328 2948 4375 et
2984 4319 3174 4381 Patris,
3205 4328 3259 4374 et
3308 4319 3429 4375 Filii
3486 4340 3687 4378 nomen

2110 4420 2356 4476 habitum
2423 4417 2487 4470 ad
2549 4412 2778 4467 invicem
2832 4426 2896 4466 ac
2970 4410 3288 4465 relationem
3345 4411 3684 4469 individuam

498 4510 671 4565 Idem,
706 4523 900 4564 rursus
926 4509 980 4563 in
1015 4524 1101 4573 ea,
1155 4525 1317 4579 quam
1360 4525 1526 4578 supra
1582 4510 2004 4565 memoravimus
2040 4487 2080 4542 θ
2111 4508 2308 4565 reddit.
2372 4504 2529 4558 Aliud
2587 4501 2733 4556 enim
2796 4515 3045 4564 causam,
3098 4498 3245 4553 aliud
3293 4515 3424 4555 vero
3461 4506 3695 4558 causlle'

428 4601 494 4657 ad
522 4598 830 4656 Canonicas
879 4598 1119 4670 Epistola
1176 4616 1192 4654 :
1248 4618 1265 4650 ι
1309 4598 1365 4654 Si
1413 4601 1558 4654 enim
1594 4598 1703 4655 Deo
1754 4598 2006 4670 superior

426 4701 513 4748 est
540 4691 801 4761 Spiritus,
828 4705 937 4745 non
966 4690 1079 4762 jam
1113 4704 1179 4744 ex
1227 4690 1336 4745 Deo
1365 4698 1469 4755 est,
1500 4691 1545 4745 si
1582 4698 1763 4745 autem
1798 4706 1867 4746 ex
1898 4690 2005 4744 Deo

426 4795 534 4849 est,
567 4786 842 4855 quomodo
908 4786 1188 4856 antiquior
1217 4793 1305 4840 est
1345 4784 1465 4847 illo,
1518 4798 1581 4836 ex
1615 4796 1724 4851 quo
1753 4782 1883 4837 est?
1936 4783 2006 4837 At

427 4892 497 4932 nc
524 4876 815 4948 Unigenito
845 4877 1063 4947 quidem
1099 4878 1252 4948 prior
1288 4887 1396 4945 est,
1428 4876 1638 4931 nullum
1687 4876 1832 4930 enim
1866 4874 2007 4928 inter

426 4964 641 5020 Patrem
670 4982 733 5021 ac
756 4965 954 5022 Filium
992 4967 1229 5022 medium
1259 4976 1361 5021 est.
1410 4985 1427 5018 ι

497 5058 796 5127 Gregorius
822 5061 987 5115 etiam
1011 5044 1294 5129 Nyssenus
1347 5060 1400 5111 in
1459 5071 1477 5111 ι
1533 5056 1796 5112 adversus
1821 5055 2003 5111 Euno~

427 5152 598 5206 mium
627 5152 789 5217 libro,
823 5152 901 5207 sic
929 5152 1005 5206 ait
1043 5171 1056 5205 :
1087 5168 1106 5202 ‹
1146 5148 1308 5205 Pater
1337 5149 1557 5219 quidem
1582 5149 1702 5205 sine
1735 5135 2004 5220 principio

426 5252 591 5313 atque
622 5242 898 5311 ingenitus
958 5241 1309 5311 intelligitur.
1345 5240 1422 5294 Ex
1462 5242 1581 5310 ipso
1615 5252 1819 5307 autem,
1848 5242 2001 5311 juxta

426 5333 670 5405 contigui
701 5332 991 5399 rationem,
1019 5332 1461 5402 inseparabiliter
1487 5332 1800 5405 unigenitus
1828 5335 2002 5394 Filius

425 5439 550 5483 cum
580 5422 743 5477 Patre
782 5422 945 5477 simul
986 5421 1329 5492 intelligitur.
1368 5440 1386 5473 ι

498 5569 574 5638 (7)
614 5569 802 5625 Graece
854 5576 939 5623 est
972 5567 1341 5631 ὑποστάσεως.
1378 5567 1531 5634 Quod
1555 5567 1735 5637 potius
1767 5569 2003 5624 retinen-

426 5638 555 5693 dum
586 5642 666 5694 vel
693 5654 931 5710 persona:
962 5639 1283 5693 vocabulum
1330 5638 1692 5693 adhibendum
1717 5649 1776 5694 ut
1804 5640 2001 5695 vitetur

427 5711 805 5778 mquivocatio.

500 5780 578 5850 (8)
619 5779 700 5836 Ex
739 5789 879 5836 orat.
930 5781 1055 5837 lex
1099 5778 1207 5861 illis
1254 5779 1495 5855 quinque
1542 5778 1608 5836 de
1660 5779 1820 5837 rectis
1872 5779 1995 5835 lidei

2106 4597 2476 4663 commendat.
2509 4597 2685 4665 Atque
2747 4594 2847 4664 ista
2886 4594 3107 4665 quidem
3142 4594 3219 4649 ita
3275 4610 3333 4650 se
3378 4595 3584 4651 habent
3618 4599 3685 4653 de

2106 4693 2262 4749 Filio.

2179 4782 2364 4837 Sancti
2401 4797 2529 4836 vero
2560 4780 2796 4851 Spiritus
2857 4793 3178 4851 processum
3208 4793 3239 4834 a
3272 4779 3435 4834 Patre
3461 4797 3558 4850 per
3592 4781 3686 4837 Fi-

2108 4875 2240 4930 litttn
2301 4890 2424 4930 esse
2469 4874 2784 4937 didicimus,
2858 4890 2922 4928 ex
2978 4889 3088 4941 quo
3139 4875 3393 4930 videlicet
3443 4886 3684 4938 constat,

2107 4966 2236 5035 quia
2271 4981 2378 5019 non
2439 4967 2558 5019 sine
2609 4965 2786 5018 medio
2823 4980 2887 5018 ex
2943 4964 3103 5019 Patre
3135 4966 3337 5035 prodit.
3393 4966 3484 5019 Ait
3534 4968 3682 5022 enim

2106 5055 2403 5127 Gregorius
2452 5045 2731 5127 Nyssenus
2792 5056 2846 5110 itt
2909 5057 3049 5110 libro
3087 5072 3249 5122 quem
3276 5056 3343 5111 ad
3394 5059 3681 5112 Ahlaviutn

2105 5147 2328 5217 scripsit
2377 5147 2476 5218 (9),
2530 5132 2689 5218 cujus
2750 5148 2964 5201 initium
3020 5154 3153 5202 est:
3202 5147 3418 5202 Iustum
3472 5150 3680 5218 quidem

2104 5242 2283 5310 fuerat
2333 5254 2452 5303 vos,
2506 5239 2596 5307 qui
2652 5237 2794 5290 omni
2853 5239 3045 5291 virtute
3094 5236 3342 5304 polletis,
3405 5255 3681 5308 pugnare,

2104 5333 2185 5388 sic
2232 5332 2310 5387 ait
2361 5348 2427 5387 ιι
2492 5331 2998 5394 Itnmutahilitatem
3057 5339 3269 5384 naturae
3325 5330 3677 5392 confitentes,

2105 5436 2287 5479 causa:
2315 5420 2386 5476 ad
2420 5419 2644 5476 causale
2676 5416 3040 5473 diﬂ‘erentiam
3070 5432 3179 5481 non
3214 5417 3592 5487 abnegamus;
3623 5417 3677 5470 in

2087 5569 2454 5634 dogmatibus
2484 5583 2605 5633 quae
2633 5572 2851 5621 exstant
2882 5573 3013 5618 tom.
3048 5563 3092 5619 1.

2182 5630 2257 5707 (9i
2304 5638 2437 5693 Vide
2485 5630 2690 5707 Bell._l.
2743 5651 2778 5688 ll
2832 5634 2907 5689 De
2942 5634 3174 5707 Qhrislg.
3213 5646 3264 5707 ς.
3299 5630 3534 5707 25,__ubi
3578 5631 3680 5684 hoc

2110 5702 2482 5764 testimonium
2520 5705 2727 5775 profert
2757 5714 2811 5759 et
2837 5703 3095 5770 explicat.
3120 5702 3188 5761 Et
3210 5702 3553 5762 Gennadium
3578 5714 3678 5771 pro

2107 5778 2343 5853 concilio
2373 5777 2710 5844 Florentino,
2743 5782 2876 5833 sect.
2910 5775 2965 5830 5.
3022 5790 3023 5793 η
