4106 6524
344 496 422 563 25
495 452 511 460 λ
1466 480 1868 547 ΑΙΝΕΒΞΠΞ
1911 478 1957 538 o

2055 474 2227 539 ECOS
2263 478 2412 542 LIB.
2441 477 2501 538 Ἰ.
3002 514 3022 522 ο
3559 467 3631 528 ‘26

348 629 459 683 quo
488 611 609 668 solo
644 606 878 662 alterum
904 604 972 659 ab
1005 600 1181 658 altero
1232 598 1499 669 distingui
1533 595 1933 665 intelligimus;
1954 595 1997 652 Α
2027 592 2280 660 quamvis
2307 606 2493 647 causae
2542 587 2904 659 causaiisque
2933 585 3168 649 ratione,
3198 597 3491 654 processus
3527 580 3632 636 dif-

350 704 468 775 qui,
500 701 732 756 alterum
765 695 1010 766 quidem,
1034 705 1258 759 causam
1306 705 1431 746 esse
1453 729 1469 754 ,
1506 689 1739 743 alterum
1770 696 1925 748 vero,

352 812 417 851 ex
451 807 618 849 causa
646 788 950 845 credimus.
989 785 1163 855 Atque
1188 784 1313 853 ejus
1340 781 1485 853 quod
1523 796 1589 835 ex
1621 791 1791 834 causa
1821 785 1927 839 est,

354 887 512 943 aliam
548 897 740 939 rursus
765 878 1129 935 differentiam
1177 874 1548 945 agnoscimus.
1582 870 1745 925 Aliud
1778 866 1926 922 enim

356 987 458 1038 est.
486 975 630 1047 quod
661 989 729 1030 ex
760 972 941 1041 primo
962 970 1306 1041 continenter
1332 976 1554 1030 manat;
1587 960 1759 1025 aliud,
1785 957 1933 1027 quod

356 1082 457 1138 per
487 1067 587 1120 hoc
619 1063 802 1132 ipsum
875 1075 939 1115 ex
973 1057 1150 1126 primo
1204 1054 1411 1125 prodit,
1445 1054 1518 1107 ita
1554 1058 1615 1107 ut
1661 1048 1932 1119 Unigeniti

359 1169 555 1211 nomen
586 1152 797 1219 absque
856 1148 960 1203 ulla
1001 1144 1361 1213 ambiguitate
1394 1140 1538 1196 Filio
1594 1145 1848 1199 maneat,
1883 1144 1936 1190 et

361 1259 425 1299 ex
456 1240 614 1294 Patre
648 1236 912 1305 Spiritum
947 1249 1089 1295 esse.
1131 1230 1494 1286 dubitandum
1525 1244 1632 1282 non
1668 1227 1774 1293 sit;
1812 1240 1938 1280 cum

363 1338 417 1385 et
455 1328 572 1382 Filii
605 1326 885 1389 mediatio,
949 1329 1007 1377 ut
1052 1321 1124 1375 ita
1158 1321 1363 1383 dicam,
1418 1326 1471 1371 et
1505 1315 1615 1371 sibi
1674 1314 1942 1383 unigi-uiti

366 1424 626 1479 honorem
659 1428 861 1485 servet,
906 1426 964 1474 et
1023 1415 1291 1486 Spiritum
1339 1412 1578 1469 naturali
1616 1410 1683 1466 ad
1724 1401 1942 1463 Patrem

365 1510 550 1574 habitu
584 1530 691 1571 non
718 1512 991 1568 excludat.
1041 1530 1063 1565 ι

432 1610 697 1676 Quoniam
751 1606 920 1677 igitur
973 1602 1246 1672 theologia
1316 1609 1505 1658 nostra
1553 1597 1754 1667 duplex
1811 1604 1891 1650 est
1926 1635 1941 1661 ,

365 1703 520 1757 unita
583 1700 814 1765 scilicet,
870 1708 1035 1768 atque
1068 1696 1334 1751 discreta.
1368 1694 1437 1747 At
1477 1692 1569 1746 illa
1601 1689 1821 1760 quidem
1858 1702 1950 1741 se-

366 1794 603 1851 cundum
631 1792 796 1848 unius
819 1790 1070 1847 essentia;
1100 1789 1390 1846 unitatem.
1450 1785 1566 1838 haec
1590 1790 1770 1836 autem
1793 1779 1952 1849 juxta

365 1883 706 1955 personaiem
742 1892 1100 1950 processuum
1135 1874 1570 1931 distinctionem.
1608 1870 1786 1926 Unum
1817 1867 1951 1937 qui—

366 1975 489 2030 dem
514 1972 681 2027 Deum
712 1967 1215 2026 incommutabilem
1275 1966 1332 2020 in
1391 1964 1600 2033 seipse.
1627 1970 1807 2032 atque
1857 1959 1950 2013 in-

279 2091 323 2125 .~
367 2067 661 2123 discretum
752 2063 1058 2119 secundum
1129 2061 1429 2115 essentiam
1520 2066 1617 2112 aut
1691 2062 1946 2110 naturam

369 2156 675 2219 confessus,
700 2155 866 2209 unius
908 2153 1054 2209 enim
1088 2152 1155 2208 ad
1180 2153 1449 2222 seipsum,
1483 2148 1631 2204 nulla
1662 2156 1721 2202 ut
1741 2148 1947 2203 dictum

367 2257 472 2309 est,
523 2249 816 2306 secundum
864 2261 985 2303 rem
1045 2246 1310 2302 discretio
1365 2259 1492 2299 esse
1542 2249 1758 2311 potest;
1820 2255 1947 2294 eum

370 2341 648 2410 deinceps,
711 2350 771 2395 ut
815 2355 940 2396 sese
984 2339 1050 2393 ad
1115 2339 1350 2393 invicem
1409 2336 1648 2391 habeant
1700 2349 1952 2407 personae

369 2431 566 2488 divina:
598 2431 809 2486 ratione
866 2443 1159 2501 processus
1187 2428 1481 2482 enucleare
1505 2427 1696 2491 vellet;
1740 2427 1795 2482 in
1826 2441 1955 2481 cau-

371 2536 511 2587 sam,
536 2534 590 2575 et
620 2517 1178 2591 causale[causatum]
1199 2518 1378 2589 primo
1402 2516 1686 2573 discrevit.
1711 2516 1951 2572 Causam

372 2613 622 2674 Patrem.
684 2614 906 2669 causaie
945 2628 1074 2668 vero
1112 2612 1391 2669 communi
1430 2611 1798 2684 appellatione
1859 2609 1953 2664 Fi-

371 2707 504 2766 lium
555 2726 619 2766 ac
649 2707 915 2778 Spiritum
968 2721 1195 2779 vocans,
1228 2721 1352 2776 quae
1408 2705 1597 2771 etiam,
1633 2720 1699 2761 ex
1759 2720 1950 2777 capsa.

373 2805 628 2873 appellat,
660 2802 847 2871 aitque
882 2800 1060 2855 solum
1110 2799 1269 2869 juxta
1333 2814 1560 2856 causam
1622 2808 1676 2855 et
1727 2800 1954 2855 causaie

371 2898 583 2952 divinas
608 2893 869 2965 distingui
899 2908 1184 2963 personas.
1888 2946 1899 2955 ,

444 2988 671 3053 Deinde,
705 3002 829 3043 cum
884 2986 1126 3070 causalia
1168 2987 1308 3055 haec,
1338 2986 1537 3043 Filium
1568 2998 1624 3045 et
1681 2989 1952 3057 Spiritum

373 3091 621 3140 sanctum
653 3096 854 3145 causae,
896 3078 1214 3150 causaiique
1266 3081 1481 3137 ratione
1519 3083 1890 3139 communiter
1923 3101 1952 3141 a

374 3176 532 3232 Patre
557 3175 954 3237 discernerent,
992 3173 1195 3243 quippe
1223 3188 1348 3228 eum
1384 3175 1631 3231 causaiia
1666 3178 1770 3232 sibi
1809 3179 1954 3233 invi-

2031 685 2265 742 ierentia
2288 686 2619 757 generaliter
2664 697 3015 755 nequaquam
3037 679 3222 737 differt

2103 779 2195 841 At,
2227 794 2293 833 ne
2322 777 2463 832 forte
2485 777 2759 847 quispiam
2808 776 2880 830 ob
2915 776 3017 830 hoc
3042 772 3167 828 Filii
3196 770 3461 836 medium,
3498 783 3637 825 con-

2034 872 2304 927 fusionem
2329 871 2570 940 aliquam
2594 868 2972 938 persouaiium
3006 866 3409 936 proprietatum
3437 879 3634 919 conse-

2036 966 2129 1035 qui
2156 964 2540 1026 arbitraretur,
2568 970 2900 1032 putaretque
2927 958 3124 1013 Filium
3164 957 3393 1011 naturali
3429 955 3495 1010 ad
3530 954 3633 1007 Pa-

2037 1066 2175 1111 trem
2201 1056 2392 1111 itabitu
2430 1055 2667 1110 alienum
2704 1070 2846 1116 esse,
2898 1070 3005 1107 non
3052 1053 3131 1107 ait
3175 1051 3336 1120 (10);
3375 1051 3472 1104 sed
3524 1051 3639 1103 haec

2040 1147 2224 1216 potius
2266 1144 2725 1221 Filii‘mediatio,
2783 1157 3277 1215 personarumque
3328 1141 3635 1196 secundum

2042 1255 2404 1313 processuum
2486 1237 2852 1293 differentiam
2937 1237 3241 1299 di~cretio,
3322 1233 3639 1288 inconiusas

2048 1334 2412 1404 proprietates
2433 1341 2636 1398 servat,
2668 1331 2806 1386 alias
2841 1330 3050 1386 servari
3086 1344 3192 1382 non
3222 1328 3485 1382 valentes.
3523 1325 3638 1379 Hoc

2046 1429 2192 1482 enim
2229 1428 2422 1481 ordine
2483 1426 2685 1495 posito,
2724 1423 2889 1477 etiam
2921 1419 3201 1492 Unigeniti
3240 1420 3418 1473 honor
3476 1418 3643 1471 indu?

2049 1520 2293 1576 bitanter
2333 1526 2519 1572 manet
2569 1517 2622 1570 in
2681 1513 2844 1571 Filio.
2880 1513 3041 1569 Solus
3072 1512 3219 1566 enim
3254 1527 3322 1566 ex
3364 1510 3483 1565 solo
3532 1520 3637 1571 est,

2052 1619 2216 1681 atque
2241 1609 2364 1680 ejus
2421 1606 2746 1664 substantiae
2781 1605 3096 1676 proprietas
3130 1605 3397 1659 hactenus
3425 1603 3640 1665 fertur;

2056 1702 2410 1773 Spiritusque
2440 1715 2538 1768 per
2563 1697 2761 1752 Filium
2791 1696 3138 1751 connectitur
3170 1693 3340 1761 Patri,
3377 1692 3644 1763 quemad-

2056 1796 2284 1852 modum
2306 1794 2431 1850 etin
2456 1792 2734 1854 omnibus.
2763 1790 2816 1844 in
2845 1788 3048 1858 quibus
3070 1797 3153 1842 est
3179 1785 3375 1851 series,
3399 1795 3643 1839 extrema

1992 1935 2032 1988 Β
2059 1891 2254 1963 primis
2288 1904 2385 1959 per
2413 1886 2590 1942 media
2640 1885 2984 1955 junguntur;
3018 1881 3253 1949 ideoque
3312 1878 3593 1950 subiungit
3627 1894 3642 1931 :

2058 1983 2197 2041 Cum
2227 1980 2353 2037 Filii
2409 1977 2691 2042 mediatio,
2755 1986 2810 2031 et
2859 1974 3092 2043 sibiipsi
3134 1970 3416 2040 Unigeniti
3464 1976 3647 2024 servet

2054 2076 2350 2136 honorem,
2383 2078 2441 2126 et
2499 2068 2765 2141 Spiritum
2817 2064 3054 2121 naturali
3086 2062 3155 2116 ad
3207 2061 3426 2116 Patrem
3457 2059 3645 2114 habitu

2052 2182 2165 2221 non
2193 2163 2473 2222 excludat.
2506 2164 2684 2233 Atque
2724 2159 2828 2215 ista
2873 2157 3096 2229 quidem
3132 2152 3412 2225 Nysseuus
3437 2150 3648 2220 Grego-

2053 2276 2197 2317 rtus.

2126 2353 2259 2420 Quae
2281 2361 2413 2404 vero
2441 2341 2684 2402 secundo
2710 2341 2765 2396 in
2793 2338 2976 2394 Nicaea
2994 2326 3250 2393 convenit
3304 2343 3495 2389 sancta
3557 2347 3648 2404 sy-

2052 2451 2234 2508 nodus
2287 2440 2617 2500 universalis
2658 2438 2771 2491 ait:
2812 2453 2832 2488 (
2878 2432 3058 2489 Credo
3107 2431 3161 2484 in
3216 2428 3481 2498 Spiritum
3514 2420 3651 2484 s:m-'

2054 2551 2203 2599 ctum
2249 2552 2316 2593 ex
2348 2535 2510 2590 Patre
2552 2546 2650 2601 per
2692 2527 2894 2583 Filium
2924 2522 3310 2595 prodeuntem,
3355 2520 3649 2591 ipsumque

2056 2636 2227 2692 Deum
2261 2646 2384 2688 esse
2407 2629 2674 2700 agnitum.
2712 2644 2733 2678 ›

2126 2729 2185 2785 ω
2219 2728 2400 2798 ipsum
2438 2722 2548 2796 (ii)
2581 2730 2637 2777 et
2673 2728 2903 2777 sanctus
2935 2718 3224 2783 Tarasius,
3259 2713 3651 2771 Constantino.

2054 2797 2336 2892 politanus
2402 2813 2718 2886 episcopus,
2783 2810 2878 2881 qui
2941 2810 3189 2881 ejusdem
3260 2805 3453 2881 synodi
3526 2818 3652 2875 pars
3717 2797 3729 2807 ’

2057 2925 2252 2982 magna
2304 2906 2428 2970 fuit,
2480 2904 2839 2975 in‘epistola,
2908 2918 3071 2973 quam
3124 2902 3192 2957 ad
3259 2899 3548 2970 episcopos
3597 2907 3653 2953 et

2056 3003 2370 3062 sacerdotes
2394 2997 2722 3060 Antiochiae.
2763 2995 3129 3061 Alexandriae,
3169 3009 3233 3048 ac
3285 3003 3488 3048 sanctae
3518 2984 3651 3046 civi-

2056 3097 2189 3154 tatis
2231 3093 2474 3164 scripsit,
2510 3078 2670 3161 cujus
2719 3088 2935 3144 initium
2976 3082 3085 3142 est
3119 3104 3135 3143 :
3181 3084 3440 3139 Plurimis
3486 3091 3652 3153 atque

2056 3181 2811 3256 eximiisdispensationibus
2837 3181 3119 3236 hominum
3160 3179 3329 3233 vitam
3375 3177 3518 3232 Deus
3587 3189 3653 3229 ac

376 3284 493 3325 cem
522 3265 958 3328 communicent,
998 3266 1115 3319 haec
1144 3280 1341 3320 rursus
1371 3266 1706 3343 abinvicem
1748 3268 1951 3323 (iislin-
1979 3291 2023 3347 ο
2056 3279 2324 3336 Dominus
2390 3285 2580 3332 noster
2637 3273 2958 3342 disponens,
3017 3286 3083 3327 ac
3131 3270 3394 3340 dirigens,
3446 3281 3566 3336 qua:
3599 3281 3654 3320 θ.

377 3360 494 3429 guit
527 3358 790 3415 varietate
823 3370 1328 3428 processus.atqne
1351 3360 1424 3413 ita
1449 3357 1623 3414 ferme
1654 3359 1768 3415 ait:
1799 3378 1818 3412 ε
1853 3361 1953 3416 Et—

378 3454 423 3508 si
458 3446 807 3507 enim'amho
843 3464 870 3503 a
914 3448 1076 3504 Patre
1106 3464 1232 3504 cum
1270 3453 1402 3513 sint,
1440 3442 1506 3505 eo
1532 3450 1771 3507 invicem
1804 3468 1958 3509 com-

381 3543 680 3606 municent,
711 3540 854 3609 quod
891 3541 1133 3596 causaiia
1186 3549 1357 3606 sunt;
1391 3541 1516 3595 inde
1556 3540 1739 3595 tamen
1801 3541 1958 3597 dide-

380 3643 561 3691 renter
593 3650 715 3689 esse
753 3634 970 3688 habent.
1007 3631 1275 3699 Quocirca
1302 3632 1479 3702 {aliam
1522 3649 1719 3690 rursus
1759 3634 1955 3691 horum

384 3729 740 3786 diﬂ‘erentiam
793 3727 1159 3797 agnoscimus.
1204 3744 1230 3781 ι
1262 3725 1509 3795 Denique
1563 3727 1760 3781 horum
1828 3729 1961 3782 aite-

385 3840 530 3886 rum,
561 3822 811 3876 videlicet
870 3818 1045 3874 Filius
1074 3835 1139 3873 ex
1182 3818 1381 3887 primo,
1419 3818 1471 3872 id
1545 3829 1651 3882 est,
1679 3835 1745 3875 ex
1800 3820 1960 3874 Patre

383 3917 730 3972 continenter
770 3923 890 3976 est;
936 3913 1195 3977 alterum,
1234 3912 1491 3968 videlicet
1562 3911 1827 3982 Spiritus,
1866 3928 1962 3983 per

384 4009 713 4076 bocjpsum,
748 4005 888 4075 quod
924 4021 989 4060 ex
1016 4007 1201 4073 primo
1256 4006 1604 4061 continenter
1631 4015 1734 4071 est,
1772 4006 1822 4058 id
1856 4015 1960 4071 est,

385 4117 484 4172 per
517 4100 739 4165 Filium,
772 4102 864 4165 qui
896 4114 962 4153 ex
1019 4096 1205 4161 Patre,
1254 4099 1405 4153 nullo
1438 4088 1729 4169 interjectd
1758 4100 1961 4161 medio,

387 4210 509 4251 esse
536 4195 719 4249 habet.
752 4190 996 4247 Primum
1042 4191 1288 4261 quidem,
1340 4200 1528 4261 utpote
1558 4184 1810 4258 causam,
1868 4190 1965 4248 Pa-

387 4300 526 4344 trem
564 4288 874 4351 nominans,
929 4286 1073 4356 quod
1110 4293 1292 4340 autem
1341 4286 1601 4356 contigue
1652 4286 1735 4339 vel
1786 4288 1963 4344 conti-

389 4387 602 4439 nenter,
628 4392 727 4447 pro
764 4392 851 4437 eo,
887 4376 1031 4445 quod
1059 4385 1143 4430 est
1182 4375 1515 4439 immediate,
1552 4377 1736 4446 posuit
1766 4394 1780 4441 ;
1839 4376 1967 4446 Spi-

388 4470 554 4525 ritum
581 4484 725 4531 vero,
750 4484 813 4524 ex
850 4466 1013 4522 Patre
1039 4483 1137 4537 per
1168 4468 1409 4523 medium
1453 4467 1675 4524 Filium.
1711 4467 1778 4523 Ut
1806 4469 1966 4523 Pater

389 4562 630 4632 quidem,
653 4561 741 4631 qui
774 4576 837 4616 ex
869 4561 1017 4616 nullo
1059 4571 1164 4625 est,
1189 4576 1254 4615 eo
1283 4563 1402 4631 ipso
1437 4576 1465 4615 a
1498 4560 1642 4616 Filio
1676 4561 1961 4634 discerna-

393 4664 498 4717 tur,
522 4662 576 4708 et
606 4654 833 4724 Spiritu,
862 4642 1005 4723 quod
1063 4652 1229 4710 Pater
1272 4655 1392 4724 ipse
1426 4665 1592 4726 atque
1620 4656 1835 4711 initium
1871 4659 1962 4713 sit.
2000 4639 2045 4694 D

390 4746 563 4802 Filius
587 4747 768 4801 autem
797 4762 862 4802 ex
916 4745 1010 4799 illo
1052 4746 1365 4802 immediate
1409 4750 1652 4817 genitus,
1715 4764 1781 4804 eo
1843 4750 1966 4820 ipso

387 4837 733 4894 discernatur
756 4848 795 4905 ;'
830 4854 859 4893 a
894 4839 1052 4895 Patre
1101 4840 1344 4910 quidem,
1401 4841 1546 4912 quod
1579 4843 1860 4898 nascendo
1897 4858 1963 4897 ex
2014 4852 2027 4865 ‘

390 4930 485 4986 ilio
516 4930 751 5001 prodiit;
787 4947 816 4986 a
853 4930 1059 5003 Spiritu
1096 4948 1251 4997 vero,
1285 4935 1432 5006 quod
1469 4935 1586 5004 ipse
1611 4935 1829 5004 quidem
1861 4936 1968 4990 im-

395 5023 625 5079 mediate
694 5034 750 5078 et
814 5025 1222 5082 incontinenter
1278 5043 1344 5082 ex
1437 5030 1653 5098 primo;
1725 5028 1968 5099 Spiritus

2060 3378 2318 3440 suscepta
2370 3376 2424 3424 et
2480 3366 2703 3421 laudata
2770 3370 2875 3426 est,
2936 3377 3001 3417 ac
3041 3375 3139 3431 per
3196 3357 3403 3423 omnia,
3460 3356 3565 3410 rite
3593 3370 3654 3409 se

2061 3462 2286 3525 habere,
2319 3474 2388 3514 ex
2423 3456 2711 3525 rescriptis
2743 3468 2934 3509 eorum
2955 3450 3334 3522 comprobata,
3373 3456 3495 3516 post
3529 3446 3654 3517 piu-

2068 3553 2210 3608 rima
2244 3551 2321 3604 ait
2361 3565 2376 3605 :
2409 3569 2426 3603 ι
2468 3547 2531 3602 Ει
2555 3547 2610 3601 in
2638 3545 2906 3615 Spiritum
2934 3553 3211 3605 sanctum,
3242 3539 3337 3608 qui
3384 3553 3452 3594 ex
3492 3535 3655 3591 Patre

2062 3660 2159 3716 per
2189 3643 2390 3699 Filium
2450 3637 2721 3714 procedit,
2764 3636 2993 3707 ipseque
3018 3631 3163 3688 Deus
3211 3628 3661 3699 essecognosci-

2064 3747 2173 3791 iur.
2210 3753 2228 3786 ι

2136 3846 2374 3902 Sanctus
2429 3838 2805 3911 Sophronius,
2840 3826 3383 3903 Hi'crosoiymitanus
3436 3829 3656 3900 episco-

1972 3972 1991 3985 τ
2060 3956 2191 4011 pus,
2228 3934 2585 4008 Expositione
2604 3930 2728 3987 iidei
2757 3944 2871 3984 suae
2894 3926 2969 3982 ait
3001 3943 3060 3981 ι(
3097 3924 3273 3980 Credo
3301 3926 3354 3978 iu
3391 3923 3658 3993 Spiritum

2065 4043 2343 4095 sanctum,
2378 4044 2441 4085 ex
2475 4027 2636 4082 Patre
2658 4032 2712 4079 et
2741 4022 2850 4077 Deo
2874 4019 3210 4090 sempiterno
3236 4019 3616 4088 procedentem
3641 4056 3657 4080 ,

2063 4122 2156 4193 qui
2183 4132 2238 4176 et
2259 4119 2376 4189 ipse
2409 4117 2593 4171 iumen
2632 4111 2968 4185 agnoscitur,
3003 4116 3063 4162 et
3099 4122 3224 4163 vere
3249 4105 3398 4162 Patri
3433 4123 3497 4162 ac
3519 4105 3658 4160 Filio
3686 4153 3705 4161 ,ν

2066 4221 2375 4270 εοεειθτηιιε
2405 4217 2510 4264 081..
2555 4227 2574 4260 ο

2135 4322 2545 4396 Magnusitem
2579 4320 2938 4382 Athanasius,
2971 4318 3026 4373 in
3064 4332 3130 4372 eo
3165 4314 3306 4369 libro
3347 4312 3439 4385 q‘ni
3463 4311 3662 4367 inscri-

2064 4422 2218 4479 bitur
2264 4400 2624 4488 Repreliensio
2675 4412 3039 4467 simulationis
3092 4409 3292 4464 Meletii
3326 4417 3376 4461 et
3423 4405 3659 4469 Eusebii,

2068 4515 2227 4584 cujus
2253 4513 2468 4568 initium
2505 4519 2589 4565 est
2622 4525 2635 4562 :
2667 4505 2843 4561 Homo
2874 4505 2944 4560 ad
2993 4501 3399 4559 similitudinem
3442 4499 3536 4553 Dei
3581 4498 3667 4567 fa-

2073 4583 2191 4664 ctus
2248 4615 2346 4672 est,
2402 4607 2477 4660 ita
2533 4603 2611 4658 ait
2643 4620 2660 4657 :
2696 4620 2739 4655 ί.
2769 4601 2929 4657 Esset
2954 4608 3138 4653 autem
3184 4583 3545 4664 imposSibiie,
3609 4591 3662 4643 in

2077 4699 2364 4758 Trinitatis
2403 4696 2693 4766 majestate
2724 4693 2988 4764 Spiritum
3020 4686 3315 4758 gioriticari
3339 4724 3354 4750 ,
3383 4685 3429 4739 si
3461 4699 3569 4737 non
3598 4698 3662 4737 ex

2074 4797 2187 4851 Deo
2217 4807 2314 4864 per
2343 4789 2541 4846 Filiutn
2601 4787 2946 4858 procederet,
3003 4782 3099 4835 sed
3133 4794 3198 4834 ex
3236 4778 3347 4833 Deo
3380 4776 3556 4831 iactus
3611 4783 3667 4831 ct

2076 4895 2298 4945 creatus
2323 4892 2489 4948 esset,
2518 4890 2579 4934 ut
2612 4878 2858 4933 haeretici
2895 4874 3111 4930 dicunt.
3151 4890 3170 4924 ›

2148 4997 2385 5052 Sanctus
2408 4986 2912 5062 quoqueBasiiius,
2948 4982 3186 5054 quodam
3246 4978 3517 5048 capitulo.
3563 4982 3664 5031 cui-

398 5131 522 5171 rero
561 5132 655 5186 per
690 5132 747 5171 se
805 5132 871 5171 ex
910 5118 1090 5188 primo
1164 5066 1968 5176 manavit."s;,;;3;l,sv:;1;;;
2064 5091 2159 5162 jus
2201 5086 2485 5157 inscriptio
2502 5091 2642 5150 ,est:
2677 5081 2789 5138 Cur
2814 5089 2860 5134 et
2888 5076 3126 5149 Spiritus
3163 5071 3294 5127 Filii
3341 5086 3446 5123 non
3485 5066 3664 5122 Filius

2249 5180 2262 5188 ·
2406 5175 2449 5188 ἰ’
2638 5171 2677 5187 ν’
2858 5170 2916 5188 γε·
2960 5184 3013 5188 μς
3045 5168 3147 5188 ηδ-
3186 5181 3284 5188 ..--
3314 5161 3510 5188 nan...“
3571 5160 3663 5188 ..ωε

399 5206 632 5278 Spiritus
672 5221 702 5261 a
765 5207 927 5262 Patre
974 5210 1192 5278 quidem
1257 5211 1651 5281 distinguatur,
1714 5213 1842 5281 quia
1905 5227 1970 5267 ex

402 5312 513 5368 .pso
537 5305 657 5362 est;
685 5311 716 5351 a
763 5296 903 5351 Filio
951 5307 1155 5361 autem,
1214 5300 1344 5369 quia
1401 5314 1511 5353 non
1556 5298 1871 5354 immediate
1904 5312 1975 5353 ex

405 5389 573 5456 primo
595 5396 696 5449 est.
728 5398 787 5442 ut
818 5386 1014 5454 Filius,
1047 5389 1142 5445 sed
1167 5405 1264 5460 per
1297 5390 1476 5460 illum,
1507 5391 1601 5462 qui
1630 5389 1976 5447 continenter

406 5490 542 5536 esset
564 5496 627 5536 ex
654 5481 851 5552 primo.

471 5572 627 5628 Unde
650 5583 702 5628 et
758 5573 958 5629 merito
1011 5573 1176 5629 aliam
1205 5575 1344 5630 dixit
1397 5591 1520 5633 esse
1558 5573 1977 5631 ’diﬂ‘erentiam.

410 5662 555 5738 Quod
587 5666 729 5722 enim
754 5666 1078 5722 immediate
1108 5684 1173 5724 ex
1214 5670 1392 5739 primo
1422 5679 1528 5733 est,
1573 5668 1834 5740 quodque
1881 5682 1979 5738 per

410 5757 638 5813 .nediuiu
695 5772 763 5815 ex
812 5760 1013 5831 primo,
1072 5775 1362 5830 processus
1405 5764 1618 5819 ratione
1667 5759 1977 5818 diil‘crunt:

474 5936 586 6011 (10)
625 5937 847 6013 Aliquid
883 5940 1099 5999 videtur
1129 5940 1340 6003 deesse.

2077 5190 2180 5246 est,
2213 5180 2291 5236 ait
2320 5196 2334 5234 :
2373 5175 2524 5232 «Non
2559 5171 2689 5244 quia
2716 5188 2823 5228 non
2851 5170 2924 5227 sit
2951 5184 3015 5225 ex
3044 5168 3154 5221 Deo
3186 5181 3284 5235 per
3314 5161 3535 5224 Filium,
3570 5160 3665 5214 sed

2077 5285 2146 5327 ne
2195 5270 2441 5325 Trinitas
2502 5265 2864 5322 existimetur
2956 5257 3251 5330 myititudo
3294 5253 3532 5314 inﬁnita,
3581 5266 3671 5314 ac,

2082 5363 2228 5418 sicut
2281 5360 2339 5415 in
2396 5357 2716 5414 hominibus
2746 5354 3037 5422 contingit,
3070 5350 3215 5406 ﬁlios
3244 5364 3366 5404 eam
3421 5362 3488 5403 cx
3547 5345 3674 5399 iiiiis

2083 5457 2441 5513 arbitremur.
2488 5471 2508 5507 ι
2532 5522 2557 5537 κ

2151 5574 2283 5630 Item
2314 5572 2423 5627 alio
2444 5570 2500 5624 in
2535 5569 2676 5630 loco,
2713 5566 2808 5637 qui
2844 5563 3173 5619 inscribitur
3204 5577 3220 5614 :
3248 5558 3374 5615 Nisi
3400 5553 3672 5626 quispiam

2085 5664 2356 5736 Spiritum
2382 5678 2449 5718 ea:
2502 5661 2617 5715 Deo
2645 5675 2755 5715 esse
2796 5658 2943 5722 dicit,
3016 5672 3079 5710 ne
3129 5652 3357 5708 Verbum
3408 5648 3672 5720 quidem:

2098 5780 2116 5812 ι
2165 5763 2438 5826 Quonam,
2476 5754 2679 5824 inquit,
2710 5762 2867 5822 pacto
2902 5757 3228 5821 separentur
3261 5741 3679 5815 inseparabilis,

2170 5935 2283 6009 (ii)
2322 5933 2568 5993 Gennad.
2619 5941 2755 5991 sect.
2787 5932 2841 5988 5.
