  <div class='ocr_page' id='page_1' title='image "/cluster/home/n/w/nwhite01/storage/ocr_20150623/152/coo.31924054870575/021.png"; bbox 0 0 4106 6480; ppageno 0'>
   <div class='ocr_carea' id='block_1_1' title="bbox 490 386 2111 479">
    <p class='ocr_par' dir='ltr' id='par_1_1' title="bbox 490 400 2104 465">
     <span class='ocr_line' id='line_1_1' title="bbox 490 400 2104 465; baseline 0.012 -23"><span class='ocrx_word' id='word_1_1' title='bbox 490 403 563 465; x_wconf 67' lang='grc'><strong>27</strong></span> <span class='ocrx_word' id='word_1_2' title='bbox 1600 452 1605 457; x_wconf 83' lang='grc'>.</span> <span class='ocrx_word' id='word_1_3' title='bbox 1756 400 2104 462; x_wconf 74' lang='lat' dir='ltr'><strong>MANUELI</strong></span> 
     </span>
    </p>
   </div>
   <div class='ocr_carea' id='block_1_2' title="bbox 2110 386 3731 479">
    <p class='ocr_par' dir='ltr' id='par_1_2' title="bbox 2114 386 3731 479">
     <span class='ocr_line' id='line_1_2' title="bbox 2114 386 3731 479; baseline -0.004 -18"><span class='ocrx_word' id='word_1_4' title='bbox 2114 402 2154 461; x_wconf 89' lang='lat' dir='ltr'><strong>s</strong></span> <span class='ocrx_word' id='word_1_5' title='bbox 2193 398 2495 461; x_wconf 66' lang='lat' dir='ltr'><strong>CALECE</strong></span> <span class='ocrx_word' id='word_1_6' title='bbox 2912 457 2921 466; x_wconf 86' lang='lat'><strong>.</strong></span> <span class='ocrx_word' id='word_1_7' title='bbox 3302 386 3313 398; x_wconf 87' lang='lat'>&#39;</span> <span class='ocrx_word' id='word_1_8' title='bbox 3544 470 3555 479; x_wconf 42' lang='grc'><em>,</em></span> <span class='ocrx_word' id='word_1_9' title='bbox 3662 391 3731 454; x_wconf 79' lang='lat'><strong>28</strong></span> 
     </span>
    </p>
   </div>
   <div class='ocr_carea' id='block_1_3' title="bbox 491 508 3731 586">
    <p class='ocr_par' dir='ltr' id='par_1_3' title="bbox 491 508 3731 586">
     <span class='ocr_line' id='line_1_3' title="bbox 491 508 3731 586; baseline 0 -17"><span class='ocrx_word' id='word_1_10' title='bbox 491 515 729 570; x_wconf 79' lang='lat' dir='ltr'><strong>Verbum</strong></span> <span class='ocrx_word' id='word_1_11' title='bbox 763 511 974 569; x_wconf 98' lang='lat' dir='ltr'><strong>scilicet</strong></span> <span class='ocrx_word' id='word_1_12' title='bbox 1008 525 1077 567; x_wconf 78' lang='lat' dir='ltr'><strong>ex</strong></span> <span class='ocrx_word' id='word_1_13' title='bbox 1126 511 1256 578; x_wconf 83' lang='lat' dir='ltr'><strong>Deo,</strong></span> <span class='ocrx_word' id='word_1_14' title='bbox 1303 520 1358 568; x_wconf 91' lang='lat' dir='ltr'><strong>et</strong></span> <span class='ocrx_word' id='word_1_15' title='bbox 1414 509 1653 582; x_wconf 75' lang='lat' dir='ltr'><strong>Spiritus</strong></span> <span class='ocrx_word' id='word_1_16' title='bbox 1704 527 1767 568; x_wconf 85' lang='lat' dir='ltr'><strong>ex</strong></span> <span class='ocrx_word' id='word_1_17' title='bbox 1811 513 1924 570; x_wconf 90' lang='lat' dir='ltr'><strong>Deo</strong></span> <span class='ocrx_word' id='word_1_18' title='bbox 1969 531 2064 586; x_wconf 91' lang='lat' dir='ltr'><strong>per</strong></span> <span class='ocrx_word' id='word_1_19' title='bbox 2093 525 2135 578; x_wconf 72' lang='grc' dir='ltr'>Α</span> <span class='ocrx_word' id='word_1_20' title='bbox 2168 532 2230 570; x_wconf 77' lang='lat' dir='ltr'><strong>ex</strong></span> <span class='ocrx_word' id='word_1_21' title='bbox 2257 515 2434 583; x_wconf 87' lang='lat' dir='ltr'><strong>primo</strong></span> <span class='ocrx_word' id='word_1_22' title='bbox 2462 512 2708 584; x_wconf 89' lang='lat' dir='ltr'><strong>quidem,</strong></span> <span class='ocrx_word' id='word_1_23' title='bbox 2735 511 2829 567; x_wconf 85' lang='lat' dir='ltr'><strong>sed</strong></span> <span class='ocrx_word' id='word_1_24' title='bbox 2867 525 2962 581; x_wconf 88' lang='lat' dir='ltr'><strong>per</strong></span> <span class='ocrx_word' id='word_1_25' title='bbox 2994 509 3147 566; x_wconf 88' lang='lat' dir='ltr'><strong>illum</strong></span> <span class='ocrx_word' id='word_1_26' title='bbox 3178 508 3357 582; x_wconf 90' lang='lat' dir='ltr'><strong>ipsum</strong></span> <span class='ocrx_word' id='word_1_27' title='bbox 3389 520 3731 569; x_wconf 80' lang='lat' dir='ltr'><strong>continenter</strong></span> 
     </span>
    </p>
   </div>
   <div class='ocr_carea' id='block_1_4' title="bbox 489 604 2793 675">
    <p class='ocr_par' dir='ltr' id='par_1_4' title="bbox 489 604 2793 675">
     <span class='ocr_line' id='line_1_4' title="bbox 489 604 2793 675; baseline -0 -15"><span class='ocrx_word' id='word_1_28' title='bbox 489 605 714 660; x_wconf 86' lang='lat' dir='ltr'><strong>Filium.</strong></span> <span class='ocrx_word' id='word_1_29' title='bbox 742 622 761 654; x_wconf 74' lang='grc' dir='ltr'><strong><em>ι</em></strong></span> <span class='ocrx_word' id='word_1_30' title='bbox 2171 616 2479 660; x_wconf 77' lang='lat' dir='ltr'><strong>manantem</strong></span> <span class='ocrx_word' id='word_1_31' title='bbox 2529 604 2793 675; x_wconf 84' lang='lat' dir='ltr'><strong>procedit.</strong></span> 
     </span>
    </p>
   </div>
   <div class='ocr_carea' id='block_1_5' title="bbox 558 691 3735 770">
    <p class='ocr_par' dir='ltr' id='par_1_5' title="bbox 558 691 3735 770">
     <span class='ocr_line' id='line_1_5' title="bbox 558 691 3735 770; baseline -0.001 -20"><span class='ocrx_word' id='word_1_32' title='bbox 558 694 857 758; x_wconf 71' lang='lat' dir='ltr'><strong>Gregorius</strong></span> <span class='ocrx_word' id='word_1_33' title='bbox 879 702 1140 762; x_wconf 72' lang='lat' dir='ltr'><strong>praeterea</strong></span> <span class='ocrx_word' id='word_1_34' title='bbox 1163 691 1476 761; x_wconf 80' lang='lat' dir='ltr'><strong>Theologus</strong></span> <span class='ocrx_word' id='word_1_35' title='bbox 1502 693 1840 765; x_wconf 79' lang='lat' dir='ltr'><strong>virginitatis</strong></span> <span class='ocrx_word' id='word_1_36' title='bbox 1875 695 2066 751; x_wconf 83' lang='lat' dir='ltr'><strong>laudes</strong></span> <span class='ocrx_word' id='word_1_37' title='bbox 2237 697 2504 752; x_wconf 59' lang='lat' dir='ltr'><strong>Praeterea</strong></span> <span class='ocrx_word' id='word_1_38' title='bbox 2542 710 2770 768; x_wconf 81' lang='lat' dir='ltr'><strong>magnus</strong></span> <span class='ocrx_word' id='word_1_39' title='bbox 2827 693 3064 748; x_wconf 73' lang='lat' dir='ltr'><strong>Basilius</strong></span> <span class='ocrx_word' id='word_1_40' title='bbox 3105 694 3158 747; x_wconf 92' lang='lat' dir='ltr'><strong>in</strong></span> <span class='ocrx_word' id='word_1_41' title='bbox 3194 708 3257 747; x_wconf 82' lang='lat' dir='ltr'><strong>ea</strong></span> <span class='ocrx_word' id='word_1_42' title='bbox 3289 709 3451 764; x_wconf 89' lang='lat' dir='ltr'><strong>quam</strong></span> <span class='ocrx_word' id='word_1_43' title='bbox 3487 694 3735 770; x_wconf 64' lang='lat' dir='ltr'><strong>pratdixr-</strong></span> 
     </span>
    </p>
   </div>
   <div class='ocr_carea' id='block_1_6' title="bbox 488 784 3734 857">
    <p class='ocr_par' dir='ltr' id='par_1_6' title="bbox 488 784 3734 857">
     <span class='ocr_line' id='line_1_6' title="bbox 488 784 3734 857; baseline 0.001 -17"><span class='ocrx_word' id='word_1_44' title='bbox 488 802 649 842; x_wconf 90' lang='lat' dir='ltr'><strong>versu</strong></span> <span class='ocrx_word' id='word_1_45' title='bbox 673 787 896 841; x_wconf 85' lang='lat' dir='ltr'><strong>heroico</strong></span> <span class='ocrx_word' id='word_1_46' title='bbox 921 786 1193 852; x_wconf 88' lang='lat' dir='ltr'><strong>scribens,</strong></span> <span class='ocrx_word' id='word_1_47' title='bbox 1229 786 1305 840; x_wconf 91' lang='lat' dir='ltr'><strong>ita</strong></span> <span class='ocrx_word' id='word_1_48' title='bbox 1339 785 1551 841; x_wconf 91' lang='lat' dir='ltr'><strong>canit.:</strong></span> <span class='ocrx_word' id='word_1_49' title='bbox 2171 805 2294 844; x_wconf 92' lang='lat' dir='ltr'><strong>mus</strong></span> <span class='ocrx_word' id='word_1_50' title='bbox 2327 790 2390 843; x_wconf 90' lang='lat' dir='ltr'><strong>ad</strong></span> <span class='ocrx_word' id='word_1_51' title='bbox 2432 788 2755 857; x_wconf 87' lang='lat' dir='ltr'><strong>Gregorium</strong></span> <span class='ocrx_word' id='word_1_52' title='bbox 2790 784 3043 848; x_wconf 84' lang='lat' dir='ltr'><strong>fratrem,</strong></span> <span class='ocrx_word' id='word_1_53' title='bbox 3090 787 3347 854; x_wconf 81' lang='lat' dir='ltr'><strong>epistola,</strong></span> <span class='ocrx_word' id='word_1_54' title='bbox 3393 786 3734 842; x_wconf 78' lang='lat' dir='ltr'><strong>manifestius</strong></span> 
     </span>
    </p>
   </div>
   <div class='ocr_carea' id='block_1_7' title="bbox 564 878 2185 967">
    <p class='ocr_par' dir='ltr' id='par_1_7' title="bbox 564 896 2185 967">
     <span class='ocr_line' id='line_1_7' title="bbox 564 896 2185 967; baseline 0.002 -16"><span class='ocrx_word' id='word_1_55' title='bbox 564 896 807 967; x_wconf 80' lang='lat' dir='ltr'><strong>Spiritus</strong></span> <span class='ocrx_word' id='word_1_56' title='bbox 833 908 1030 952; x_wconf 75' lang='lat' dir='ltr'><strong>(eterna</strong></span> <span class='ocrx_word' id='word_1_57' title='bbox 1052 906 1235 951; x_wconf 82' lang='lat' dir='ltr'><strong>manat</strong></span> <span class='ocrx_word' id='word_1_58' title='bbox 1260 899 1322 952; x_wconf 84' lang='lat' dir='ltr'><strong>de</strong></span> <span class='ocrx_word' id='word_1_59' title='bbox 1359 897 1560 952; x_wconf 77' lang='lat' dir='ltr'><strong>lumine</strong></span> <span class='ocrx_word' id='word_1_60' title='bbox 1591 898 1767 954; x_wconf 85' lang='lat' dir='ltr'><strong>lumen</strong></span> <span class='ocrx_word' id='word_1_61' title='bbox 2072 961 2083 967; x_wconf 78' lang='lat'><strong><em>_</em></strong></span> <span class='ocrx_word' id='word_1_62' title='bbox 2169 900 2185 934; x_wconf 71' lang='grc' dir='ltr'>ί</span> 
     </span>
    </p>
   </div>
   <div class='ocr_carea' id='block_1_8' title="bbox 2115 878 3736 967">
    <p class='ocr_par' dir='ltr' id='par_1_8' title="bbox 2169 878 3736 950">
     <span class='ocr_line' id='line_1_8' title="bbox 2169 878 3736 950; baseline -0.001 -16"><span class='ocrx_word' id='word_1_63' title='bbox 2169 882 2236 935; x_wconf 89' lang='lat' dir='ltr'><strong>de</strong></span> <span class='ocrx_word' id='word_1_64' title='bbox 2271 881 2388 950; x_wconf 82' lang='lat' dir='ltr'><strong>ipso</strong></span> <span class='ocrx_word' id='word_1_65' title='bbox 2416 883 2488 933; x_wconf 87' lang='lat' dir='ltr'><strong>ita</strong></span> <span class='ocrx_word' id='word_1_66' title='bbox 2522 879 2808 949; x_wconf 90' lang='lat' dir='ltr'><strong>loquitur:</strong></span> <span class='ocrx_word' id='word_1_67' title='bbox 2850 897 2869 930; x_wconf 85' lang='grc'><strong><em>‹</em></strong></span> <span class='ocrx_word' id='word_1_68' title='bbox 2924 878 3186 946; x_wconf 80' lang='lat' dir='ltr'><strong>Spiritus,</strong></span> <span class='ocrx_word' id='word_1_69' title='bbox 3241 878 3418 945; x_wconf 83' lang='lat' dir='ltr'><strong>inquit</strong></span> <span class='ocrx_word' id='word_1_70' title='bbox 3467 879 3588 944; x_wconf 85' lang='lat' dir='ltr'><strong>iste,</strong></span> <span class='ocrx_word' id='word_1_71' title='bbox 3637 880 3736 933; x_wconf 84' lang='lat' dir='ltr'><strong>hoc</strong></span> 
     </span>
    </p>
   </div>
   <div class='ocr_carea' id='block_1_9' title="bbox 563 961 3737 1037">
    <p class='ocr_par' dir='ltr' id='par_1_9' title="bbox 563 961 3737 1037">
     <span class='ocr_line' id='line_1_9' title="bbox 563 961 3737 1037; baseline 0.001 -17"><span class='ocrx_word' id='word_1_72' title='bbox 563 961 669 1020; x_wconf 70' lang='lat' dir='ltr'><strong>Per</strong></span> <span class='ocrx_word' id='word_1_73' title='bbox 699 967 951 1032; x_wconf 76' lang='lat' dir='ltr'><strong>sobolem,</strong></span> <span class='ocrx_word' id='word_1_74' title='bbox 982 969 1337 1037; x_wconf 72' lang='lat' dir='ltr'><strong>unusquisque</strong></span> <span class='ocrx_word' id='word_1_75' title='bbox 1364 968 1535 1020; x_wconf 82' lang='lat' dir='ltr'><strong>tribus</strong></span> <span class='ocrx_word' id='word_1_76' title='bbox 1562 968 1809 1035; x_wconf 75' lang='lat' dir='ltr'><strong>splendor</strong></span> <span class='ocrx_word' id='word_1_77' title='bbox 1830 961 2083 1024; x_wconf 31' lang='lat' dir='ltr'><strong>deitatis.‘</strong></span> <span class='ocrx_word' id='word_1_78' title='bbox 2172 973 2331 1025; x_wconf 87' lang='lat' dir='ltr'><strong>habet</strong></span> <span class='ocrx_word' id='word_1_79' title='bbox 2357 971 2614 1024; x_wconf 90' lang='lat' dir='ltr'><strong>indicium</strong></span> <span class='ocrx_word' id='word_1_80' title='bbox 2676 980 2730 1024; x_wconf 89' lang='lat' dir='ltr'><strong>et</strong></span> <span class='ocrx_word' id='word_1_81' title='bbox 2768 969 2979 1035; x_wconf 79' lang='lat' dir='ltr'><strong>signum</strong></span> <span class='ocrx_word' id='word_1_82' title='bbox 3032 969 3384 1037; x_wconf 81' lang='lat' dir='ltr'><strong>preprietatis</strong></span> <span class='ocrx_word' id='word_1_83' title='bbox 3411 985 3545 1034; x_wconf 70' lang='lat' dir='ltr'><strong>suae,</strong></span> <span class='ocrx_word' id='word_1_84' title='bbox 3593 970 3737 1037; x_wconf 84' lang='lat' dir='ltr'><strong>quod</strong></span> 
     </span>
    </p>
   </div>
   <div class='ocr_carea' id='block_1_10' title="bbox 565 1052 3739 1134">
    <p class='ocr_par' dir='ltr' id='par_1_10' title="bbox 565 1052 3739 1134">
     <span class='ocr_line' id='line_1_10' title="bbox 565 1052 3739 1134; baseline 0.002 -24"><span class='ocrx_word' id='word_1_85' title='bbox 565 1055 803 1111; x_wconf 87' lang='lat' dir='ltr'><strong>Sanctus</strong></span> <span class='ocrx_word' id='word_1_86' title='bbox 846 1058 1009 1111; x_wconf 91' lang='lat' dir='ltr'><strong>etiam</strong></span> <span class='ocrx_word' id='word_1_87' title='bbox 1056 1055 1353 1125; x_wconf 71' lang='lat' dir='ltr'><strong>Maximus,</strong></span> <span class='ocrx_word' id='word_1_88' title='bbox 1393 1071 1521 1112; x_wconf 90' lang='lat' dir='ltr'><strong>cum</strong></span> <span class='ocrx_word' id='word_1_89' title='bbox 1573 1068 1892 1126; x_wconf 82' lang='lat' dir='ltr'><strong>exponeret,</strong></span> <span class='ocrx_word' id='word_1_90' title='bbox 1938 1059 2067 1126; x_wconf 90' lang='lat' dir='ltr'><strong>quid</strong></span> <span class='ocrx_word' id='word_1_91' title='bbox 2169 1072 2292 1134; x_wconf 89' lang='lat' dir='ltr'><strong>post</strong></span> <span class='ocrx_word' id='word_1_92' title='bbox 2323 1061 2543 1125; x_wconf 88' lang='lat' dir='ltr'><strong>Filium,</strong></span> <span class='ocrx_word' id='word_1_93' title='bbox 2574 1072 2778 1117; x_wconf 85' lang='lat' dir='ltr'><strong>etcum</strong></span> <span class='ocrx_word' id='word_1_94' title='bbox 2808 1052 2947 1115; x_wconf 87' lang='lat' dir='ltr'><strong>Filio</strong></span> <span class='ocrx_word' id='word_1_95' title='bbox 2980 1062 3253 1124; x_wconf 84' lang='lat' dir='ltr'><strong>nascitur,</strong></span> <span class='ocrx_word' id='word_1_96' title='bbox 3289 1072 3453 1130; x_wconf 86' lang='lat' dir='ltr'><strong>atque</strong></span> <span class='ocrx_word' id='word_1_97' title='bbox 3494 1077 3559 1116; x_wconf 77' lang='lat' dir='ltr'><strong>ex</strong></span> <span class='ocrx_word' id='word_1_98' title='bbox 3580 1061 3739 1118; x_wconf 81' lang='lat' dir='ltr'><strong>Patre</strong></span> 
     </span>
    </p>
   </div>
   <div class='ocr_carea' id='block_1_11' title="bbox 491 1142 2507 1220">
    <p class='ocr_par' dir='ltr' id='par_1_11' title="bbox 491 1142 2507 1220">
     <span class='ocr_line' id='line_1_11' title="bbox 491 1142 2507 1220; baseline 0.001 -17"><span class='ocrx_word' id='word_1_99' title='bbox 491 1149 594 1203; x_wconf 78' lang='lat' dir='ltr'><strong>sibi</strong></span> <span class='ocrx_word' id='word_1_100' title='bbox 645 1150 773 1203; x_wconf 82' lang='lat' dir='ltr'><strong>velit</strong></span> <span class='ocrx_word' id='word_1_101' title='bbox 828 1150 970 1219; x_wconf 89' lang='lat' dir='ltr'><strong>apud</strong></span> <span class='ocrx_word' id='word_1_102' title='bbox 1025 1150 1347 1220; x_wconf 87' lang='lat' dir='ltr'><strong>prophetam</strong></span> <span class='ocrx_word' id='word_1_103' title='bbox 1438 1142 1773 1204; x_wconf 85' lang='lat' dir='ltr'><strong>Zachariam</strong></span> <span class='ocrx_word' id='word_1_104' title='bbox 1814 1151 2065 1205; x_wconf 82' lang='lat' dir='ltr'><strong>candela-</strong></span> <span class='ocrx_word' id='word_1_105' title='bbox 2170 1152 2439 1209; x_wconf 79' lang='lat' dir='ltr'><strong>subsistit.</strong></span> <span class='ocrx_word' id='word_1_106' title='bbox 2487 1170 2507 1206; x_wconf 71' lang='grc' dir='ltr'><strong><em>ι</em></strong></span> 
     </span>
    </p>
   </div>
   <div class='ocr_carea' id='block_1_12' title="bbox 490 1240 3741 1314">
    <p class='ocr_par' dir='ltr' id='par_1_12' title="bbox 490 1240 3741 1314">
     <span class='ocr_line' id='line_1_12' title="bbox 490 1240 3741 1314; baseline 0.002 -20"><span class='ocrx_word' id='word_1_107' title='bbox 490 1241 650 1294; x_wconf 90' lang='lat' dir='ltr'><strong>brum</strong></span> <span class='ocrx_word' id='word_1_108' title='bbox 682 1255 933 1307; x_wconf 88' lang='lat' dir='ltr'><strong>aureum,</strong></span> <span class='ocrx_word' id='word_1_109' title='bbox 982 1249 1035 1295; x_wconf 91' lang='lat' dir='ltr'><strong>et</strong></span> <span class='ocrx_word' id='word_1_110' title='bbox 1091 1255 1211 1310; x_wconf 83' lang='lat' dir='ltr'><strong>quae</strong></span> <span class='ocrx_word' id='word_1_111' title='bbox 1253 1256 1415 1309; x_wconf 87' lang='lat' dir='ltr'><strong>super</strong></span> <span class='ocrx_word' id='word_1_112' title='bbox 1446 1240 1542 1294; x_wconf 93' lang='lat' dir='ltr'><strong>illo</strong></span> <span class='ocrx_word' id='word_1_113' title='bbox 1596 1240 1977 1310; x_wconf 88' lang='lat' dir='ltr'><strong>erat,lampas</strong></span> <span class='ocrx_word' id='word_1_114' title='bbox 2002 1256 2071 1297; x_wconf 89' lang='lat' dir='ltr'><strong>ac</strong></span> <span class='ocrx_word' id='word_1_115' title='bbox 2240 1243 2411 1311; x_wconf 89' lang='lat' dir='ltr'><strong>Quem</strong></span> <span class='ocrx_word' id='word_1_116' title='bbox 2447 1242 2612 1314; x_wconf 80' lang='lat' dir='ltr'><strong>igitur</strong></span> <span class='ocrx_word' id='word_1_117' title='bbox 2669 1242 2919 1312; x_wconf 85' lang='lat' dir='ltr'><strong>plurimis</strong></span> <span class='ocrx_word' id='word_1_118' title='bbox 2952 1242 3008 1298; x_wconf 91' lang='lat' dir='ltr'><strong>in</strong></span> <span class='ocrx_word' id='word_1_119' title='bbox 3054 1242 3191 1298; x_wconf 89' lang='lat' dir='ltr'><strong>locis</strong></span> <span class='ocrx_word' id='word_1_120' title='bbox 3227 1242 3330 1299; x_wconf 87' lang='lat' dir='ltr'><strong>SS.</strong></span> <span class='ocrx_word' id='word_1_121' title='bbox 3388 1241 3576 1299; x_wconf 75' lang='lat' dir='ltr'><strong>Patres</strong></span> <span class='ocrx_word' id='word_1_122' title='bbox 3635 1252 3741 1299; x_wconf 87' lang='lat' dir='ltr'><strong>ter-</strong></span> 
     </span>
    </p>
   </div>
   <div class='ocr_carea' id='block_1_13' title="bbox 489 1332 3743 1402">
    <p class='ocr_par' dir='ltr' id='par_1_13' title="bbox 489 1332 3743 1402">
     <span class='ocr_line' id='line_1_13' title="bbox 489 1332 3743 1402; baseline 0.002 -18"><span class='ocrx_word' id='word_1_123' title='bbox 489 1332 754 1398; x_wconf 75' lang='lat' dir='ltr'><strong>lncernze,</strong></span> <span class='ocrx_word' id='word_1_124' title='bbox 791 1334 868 1387; x_wconf 88' lang='lat' dir='ltr'><strong>ait</strong></span> <span class='ocrx_word' id='word_1_125' title='bbox 893 1332 1048 1402; x_wconf 72' lang='lat'><strong>(12):</strong></span> <span class='ocrx_word' id='word_1_126' title='bbox 1090 1350 1110 1385; x_wconf 71' lang='grc' dir='ltr'>ι</span> <span class='ocrx_word' id='word_1_127' title='bbox 1144 1333 1383 1400; x_wconf 81' lang='lat' dir='ltr'><strong>Spiritus</strong></span> <span class='ocrx_word' id='word_1_128' title='bbox 1407 1341 1631 1387; x_wconf 89' lang='lat' dir='ltr'><strong>sanctus</strong></span> <span class='ocrx_word' id='word_1_129' title='bbox 1658 1332 1818 1387; x_wconf 88' lang='lat' dir='ltr'><strong>sicuti</strong></span> <span class='ocrx_word' id='word_1_130' title='bbox 1847 1342 2071 1387; x_wconf 88' lang='lat' dir='ltr'><strong>natura-</strong></span> <span class='ocrx_word' id='word_1_131' title='bbox 2173 1336 2304 1392; x_wconf 90' lang='lat' dir='ltr'><strong>tium</strong></span> <span class='ocrx_word' id='word_1_132' title='bbox 2369 1336 2613 1402; x_wconf 88' lang='lat' dir='ltr'><strong>tradunt,</strong></span> <span class='ocrx_word' id='word_1_133' title='bbox 2673 1334 2727 1389; x_wconf 91' lang='lat' dir='ltr'><strong>id</strong></span> <span class='ocrx_word' id='word_1_134' title='bbox 2777 1344 2882 1399; x_wconf 89' lang='lat' dir='ltr'><strong>est,</strong></span> <span class='ocrx_word' id='word_1_135' title='bbox 2941 1350 2972 1390; x_wconf 90' lang='lat' dir='ltr'><strong>a</strong></span> <span class='ocrx_word' id='word_1_136' title='bbox 3029 1333 3192 1389; x_wconf 85' lang='lat' dir='ltr'><strong>Patre</strong></span> <span class='ocrx_word' id='word_1_137' title='bbox 3226 1334 3471 1401; x_wconf 89' lang='lat' dir='ltr'><strong>tertium,</strong></span> <span class='ocrx_word' id='word_1_138' title='bbox 3512 1350 3542 1389; x_wconf 92' lang='lat' dir='ltr'><strong>a</strong></span> <span class='ocrx_word' id='word_1_139' title='bbox 3603 1333 3743 1391; x_wconf 87' lang='lat' dir='ltr'><strong>Filio</strong></span> 
     </span>
    </p>
   </div>
   <div class='ocr_carea' id='block_1_14' title="bbox 488 1422 3743 1496">
    <p class='ocr_par' dir='ltr' id='par_1_14' title="bbox 488 1422 3743 1496">
     <span class='ocr_line' id='line_1_14' title="bbox 488 1422 3743 1496; baseline 0.002 -22"><span class='ocrx_word' id='word_1_140' title='bbox 488 1422 612 1485; x_wconf 79' lang='lat' dir='ltr'><strong>liter</strong></span> <span class='ocrx_word' id='word_1_141' title='bbox 644 1438 738 1492; x_wconf 90' lang='lat' dir='ltr'><strong>per</strong></span> <span class='ocrx_word' id='word_1_142' title='bbox 767 1424 1061 1478; x_wconf 88' lang='lat' dir='ltr'><strong>essentiam</strong></span> <span class='ocrx_word' id='word_1_143' title='bbox 1119 1422 1212 1477; x_wconf 86' lang='lat' dir='ltr'><strong>Dei</strong></span> <span class='ocrx_word' id='word_1_144' title='bbox 1258 1432 1313 1477; x_wconf 89' lang='lat' dir='ltr'><strong>et</strong></span> <span class='ocrx_word' id='word_1_145' title='bbox 1381 1422 1560 1479; x_wconf 84' lang='lat' dir='ltr'><strong>Patris</strong></span> <span class='ocrx_word' id='word_1_146' title='bbox 1610 1433 1714 1485; x_wconf 87' lang='lat' dir='ltr'><strong>est,</strong></span> <span class='ocrx_word' id='word_1_147' title='bbox 1774 1424 1847 1479; x_wconf 90' lang='lat' dir='ltr'><strong>ita</strong></span> <span class='ocrx_word' id='word_1_148' title='bbox 1906 1425 2067 1478; x_wconf 87' lang='lat' dir='ltr'><strong>etiam</strong></span> <span class='ocrx_word' id='word_1_149' title='bbox 2171 1429 2494 1489; x_wconf 83' lang='lat' dir='ltr'><strong>secundum,</strong></span> <span class='ocrx_word' id='word_1_150' title='bbox 2535 1429 2690 1496; x_wconf 82' lang='lat' dir='ltr'><strong>juxta</strong></span> <span class='ocrx_word' id='word_1_151' title='bbox 2736 1426 3076 1495; x_wconf 87' lang='lat' dir='ltr'><strong>personalem</strong></span> <span class='ocrx_word' id='word_1_152' title='bbox 3140 1427 3434 1483; x_wconf 87' lang='lat' dir='ltr'><strong>ordinem:</strong></span> <span class='ocrx_word' id='word_1_153' title='bbox 3472 1441 3598 1482; x_wconf 86' lang='lat' dir='ltr'><strong>cum</strong></span> <span class='ocrx_word' id='word_1_154' title='bbox 3654 1427 3743 1481; x_wconf 86' lang='lat' dir='ltr'><strong>bic</strong></span> 
     </span>
    </p>
   </div>
   <div class='ocr_carea' id='block_1_15' title="bbox 489 1513 3747 1585">
    <p class='ocr_par' dir='ltr' id='par_1_15' title="bbox 489 1513 3747 1585">
     <span class='ocr_line' id='line_1_15' title="bbox 489 1513 3747 1585; baseline 0.001 -18"><span class='ocrx_word' id='word_1_155' title='bbox 489 1513 630 1578; x_wconf 88' lang='lat' dir='ltr'><strong>Filii,</strong></span> <span class='ocrx_word' id='word_1_156' title='bbox 666 1516 965 1568; x_wconf 87' lang='lat' dir='ltr'><strong>secundum</strong></span> <span class='ocrx_word' id='word_1_157' title='bbox 1011 1514 1336 1576; x_wconf 90' lang='lat' dir='ltr'><strong>essentiam,</strong></span> <span class='ocrx_word' id='word_1_158' title='bbox 1368 1514 1532 1567; x_wconf 83' lang='lat' dir='ltr'><strong>veluti</strong></span> <span class='ocrx_word' id='word_1_159' title='bbox 1566 1528 1633 1567; x_wconf 82' lang='lat' dir='ltr'><strong>ex</strong></span> <span class='ocrx_word' id='word_1_160' title='bbox 1678 1513 1837 1569; x_wconf 90' lang='lat' dir='ltr'><strong>Patre</strong></span> <span class='ocrx_word' id='word_1_161' title='bbox 1882 1529 2077 1570; x_wconf 60' lang='lat' dir='ltr'><strong>essen;</strong></span> <span class='ocrx_word' id='word_1_162' title='bbox 2173 1519 2276 1572; x_wconf 88' lang='lat' dir='ltr'><strong>iste</strong></span> <span class='ocrx_word' id='word_1_163' title='bbox 2305 1525 2427 1585; x_wconf 91' lang='lat' dir='ltr'><strong>post</strong></span> <span class='ocrx_word' id='word_1_164' title='bbox 2464 1515 2688 1575; x_wconf 89' lang='lat' dir='ltr'><strong>Filium.</strong></span> <span class='ocrx_word' id='word_1_165' title='bbox 2720 1525 2774 1569; x_wconf 89' lang='lat' dir='ltr'><strong>et</strong></span> <span class='ocrx_word' id='word_1_166' title='bbox 2804 1529 2968 1584; x_wconf 87' lang='lat' dir='ltr'><strong>quem</strong></span> <span class='ocrx_word' id='word_1_167' title='bbox 2998 1528 3065 1568; x_wconf 78' lang='lat' dir='ltr'><strong>ex</strong></span> <span class='ocrx_word' id='word_1_168' title='bbox 3094 1514 3272 1584; x_wconf 88' lang='lat' dir='ltr'><strong>primo</strong></span> <span class='ocrx_word' id='word_1_169' title='bbox 3304 1515 3583 1584; x_wconf 83' lang='lat' dir='ltr'><strong>Nyssenus</strong></span> <span class='ocrx_word' id='word_1_170' title='bbox 3612 1515 3747 1570; x_wconf 86' lang='lat' dir='ltr'><strong>Gre-</strong></span> 
     </span>
    </p>
   </div>
   <div class='ocr_carea' id='block_1_16' title="bbox 494 1594 3743 1677">
    <p class='ocr_par' dir='ltr' id='par_1_16' title="bbox 494 1594 3743 1677">
     <span class='ocr_line' id='line_1_16' title="bbox 494 1594 3743 1677; baseline 0.001 -21"><span class='ocrx_word' id='word_1_171' title='bbox 494 1604 698 1657; x_wconf 89' lang='lat' dir='ltr'><strong>tialiter</strong></span> <span class='ocrx_word' id='word_1_172' title='bbox 726 1620 820 1673; x_wconf 90' lang='lat' dir='ltr'><strong>per</strong></span> <span class='ocrx_word' id='word_1_173' title='bbox 849 1594 1050 1660; x_wconf 88' lang='lat' dir='ltr'><strong>Filium</strong></span> <span class='ocrx_word' id='word_1_174' title='bbox 1077 1607 1317 1676; x_wconf 86' lang='lat' dir='ltr'><strong>genitum</strong></span> <span class='ocrx_word' id='word_1_175' title='bbox 1341 1604 1696 1659; x_wconf 80' lang='lat' dir='ltr'><strong>inelfabiliter</strong></span> <span class='ocrx_word' id='word_1_176' title='bbox 1734 1606 2013 1675; x_wconf 89' lang='lat' dir='ltr'><strong>prodiens.</strong></span> <span class='ocrx_word' id='word_1_177' title='bbox 2046 1624 2065 1657; x_wconf 77' lang='grc' dir='ltr'><strong><em>ι</em></strong></span> <span class='ocrx_word' id='word_1_178' title='bbox 2172 1608 2358 1677; x_wconf 72' lang='lat' dir='ltr'><strong>got-ius</strong></span> <span class='ocrx_word' id='word_1_179' title='bbox 2387 1622 2609 1661; x_wconf 89' lang='lat' dir='ltr'><strong>manare</strong></span> <span class='ocrx_word' id='word_1_180' title='bbox 2642 1604 2800 1668; x_wconf 84' lang='lat' dir='ltr'><strong>dixit,</strong></span> <span class='ocrx_word' id='word_1_181' title='bbox 2854 1607 2954 1660; x_wconf 90' lang='lat' dir='ltr'><strong>iste</strong></span> <span class='ocrx_word' id='word_1_182' title='bbox 2986 1605 3267 1674; x_wconf 85' lang='lat' dir='ltr'><strong>apertius:</strong></span> <span class='ocrx_word' id='word_1_183' title='bbox 3318 1620 3383 1659; x_wconf 79' lang='lat' dir='ltr'><strong>ea:</strong></span> <span class='ocrx_word' id='word_1_184' title='bbox 3430 1602 3613 1671; x_wconf 85' lang='lat' dir='ltr'><strong>Patre,</strong></span> <span class='ocrx_word' id='word_1_185' title='bbox 3649 1608 3743 1660; x_wconf 87' lang='lat' dir='ltr'><strong>ait.</strong></span> 
     </span>
    </p>
   </div>
   <div class='ocr_carea' id='block_1_17' title="bbox 563 1693 3747 1766">
    <p class='ocr_par' dir='ltr' id='par_1_17' title="bbox 563 1693 3747 1766">
     <span class='ocr_line' id='line_1_17' title="bbox 563 1693 3747 1766; baseline 0.001 -19"><span class='ocrx_word' id='word_1_186' title='bbox 563 1693 801 1747; x_wconf 85' lang='lat' dir='ltr'><strong>Joannes</strong></span> <span class='ocrx_word' id='word_1_187' title='bbox 825 1696 950 1750; x_wconf 86' lang='lat' dir='ltr'><strong>item</strong></span> <span class='ocrx_word' id='word_1_188' title='bbox 982 1697 1346 1750; x_wconf 79' lang='lat' dir='ltr'><strong>Damascenus</strong></span> <span class='ocrx_word' id='word_1_189' title='bbox 1377 1697 1486 1765; x_wconf 76' lang='lat' dir='ltr'><strong>(l3)</strong></span> <span class='ocrx_word' id='word_1_190' title='bbox 1529 1697 1582 1749; x_wconf 91' lang='lat' dir='ltr'><strong>in</strong></span> <span class='ocrx_word' id='word_1_191' title='bbox 1625 1695 1788 1751; x_wconf 72' lang='lat' dir='ltr'><strong>tet-[io</strong></span> <span class='ocrx_word' id='word_1_192' title='bbox 1849 1696 2070 1751; x_wconf 83' lang='lat' dir='ltr'><strong>decimo</strong></span> <span class='ocrx_word' id='word_1_193' title='bbox 2173 1698 2441 1764; x_wconf 84' lang='lat' dir='ltr'><strong>Quoniam</strong></span> <span class='ocrx_word' id='word_1_194' title='bbox 2494 1710 2624 1750; x_wconf 91' lang='lat' dir='ltr'><strong>vero</strong></span> <span class='ocrx_word' id='word_1_195' title='bbox 2677 1711 2741 1751; x_wconf 88' lang='lat' dir='ltr'><strong>ea</strong></span> <span class='ocrx_word' id='word_1_196' title='bbox 2795 1696 3086 1766; x_wconf 88' lang='lat' dir='ltr'><strong>particula,</strong></span> <span class='ocrx_word' id='word_1_197' title='bbox 3119 1711 3226 1765; x_wconf 89' lang='lat' dir='ltr'><strong>qua</strong></span> <span class='ocrx_word' id='word_1_198' title='bbox 3291 1695 3532 1751; x_wconf 91' lang='lat' dir='ltr'><strong>dicimus</strong></span> <span class='ocrx_word' id='word_1_199' title='bbox 3563 1736 3578 1760; x_wconf 94' lang='lat'><strong>,</strong></span> <span class='ocrx_word' id='word_1_200' title='bbox 3631 1711 3747 1764; x_wconf 72' lang='lat' dir='ltr'><strong>per,</strong></span> 
     </span>
    </p>
   </div>
   <div class='ocr_carea' id='block_1_18' title="bbox 493 1785 3745 1857">
    <p class='ocr_par' dir='ltr' id='par_1_18' title="bbox 493 1785 3745 1857">
     <span class='ocr_line' id='line_1_18' title="bbox 493 1785 3745 1857; baseline 0.001 -19"><span class='ocrx_word' id='word_1_201' title='bbox 493 1785 665 1842; x_wconf 76' lang='lat' dir='ltr'><strong>ipsius</strong></span> <span class='ocrx_word' id='word_1_202' title='bbox 712 1785 1007 1855; x_wconf 75' lang='lat' dir='ltr'><strong>Theologt&#39;a!</strong></span> <span class='ocrx_word' id='word_1_203' title='bbox 1041 1788 1299 1857; x_wconf 83' lang='lat' dir='ltr'><strong>capitulo,</strong></span> <span class='ocrx_word' id='word_1_204' title='bbox 1327 1789 1486 1857; x_wconf 83' lang='lat' dir='ltr'><strong>cujus</strong></span> <span class='ocrx_word' id='word_1_205' title='bbox 1517 1787 1726 1842; x_wconf 91' lang='lat' dir='ltr'><strong>initium</strong></span> <span class='ocrx_word' id='word_1_206' title='bbox 1766 1798 1847 1842; x_wconf 89' lang='lat' dir='ltr'><strong>est</strong></span> <span class='ocrx_word' id='word_1_207' title='bbox 1884 1804 1900 1842; x_wconf 93' lang='lat'><strong>:</strong></span> <span class='ocrx_word' id='word_1_208' title='bbox 1935 1788 2073 1843; x_wconf 81' lang='lat' dir='ltr'><strong>Deus</strong></span> <span class='ocrx_word' id='word_1_209' title='bbox 2102 1842 2143 1857; x_wconf 43' lang='lat' dir='ltr'><strong>ﬁ</strong></span> <span class='ocrx_word' id='word_1_210' title='bbox 2177 1791 2381 1843; x_wconf 91' lang='lat' dir='ltr'><strong>nullum</strong></span> <span class='ocrx_word' id='word_1_211' title='bbox 2460 1789 2572 1844; x_wconf 90' lang='lat' dir='ltr'><strong>illic</strong></span> <span class='ocrx_word' id='word_1_212' title='bbox 2639 1789 2904 1856; x_wconf 85' lang='lat' dir='ltr'><strong>temporis</strong></span> <span class='ocrx_word' id='word_1_213' title='bbox 2978 1788 3329 1843; x_wconf 81' lang='lat' dir='ltr'><strong>intervallum</strong></span> <span class='ocrx_word' id='word_1_214' title='bbox 3400 1787 3745 1854; x_wconf 87' lang='lat' dir='ltr'><strong>introducit,</strong></span> 
     </span>
    </p>
   </div>
   <div class='ocr_carea' id='block_1_19' title="bbox 492 1842 3749 1954">
    <p class='ocr_par' dir='ltr' id='par_1_19' title="bbox 492 1842 3749 1954">
     <span class='ocr_line' id='line_1_19' title="bbox 492 1842 3749 1954; baseline 0.002 -27"><span class='ocrx_word' id='word_1_215' title='bbox 492 1876 1025 1942; x_wconf 73' lang='lat' dir='ltr'><strong>incomprehensibilis</strong></span> <span class='ocrx_word' id='word_1_216' title='bbox 1041 1842 1138 1942; x_wconf 54' lang='lat' dir='ltr'><strong>esi,</strong></span> <span class='ocrx_word' id='word_1_217' title='bbox 1162 1878 1230 1933; x_wconf 91' lang='lat' dir='ltr'><strong>ita</strong></span> <span class='ocrx_word' id='word_1_218' title='bbox 1255 1880 1321 1933; x_wconf 90' lang='lat' dir='ltr'><strong>de</strong></span> <span class='ocrx_word' id='word_1_219' title='bbox 1340 1842 1501 1934; x_wconf 76' lang='lat' dir='ltr'><strong>Patre</strong></span> <span class='ocrx_word' id='word_1_220' title='bbox 1523 1878 1600 1934; x_wconf 85' lang='lat' dir='ltr'><strong>ait</strong></span> <span class='ocrx_word' id='word_1_221' title='bbox 1624 1897 1638 1935; x_wconf 94' lang='lat'>:</span> <span class='ocrx_word' id='word_1_222' title='bbox 1666 1899 1685 1931; x_wconf 75' lang='grc' dir='ltr'>ι</span> <span class='ocrx_word' id='word_1_223' title='bbox 1712 1879 1830 1950; x_wconf 87' lang='lat' dir='ltr'><strong>ipse</strong></span> <span class='ocrx_word' id='word_1_224' title='bbox 1850 1881 2068 1951; x_wconf 86' lang='lat' dir='ltr'><strong>quidem</strong></span> <span class='ocrx_word' id='word_1_225' title='bbox 2102 1842 2145 1901; x_wconf 73' lang='grc' dir='ltr'>Β</span> <span class='ocrx_word' id='word_1_226' title='bbox 2172 1885 2374 1954; x_wconf 88' lang='lat' dir='ltr'><strong>quippe</strong></span> <span class='ocrx_word' id='word_1_227' title='bbox 2399 1881 2722 1951; x_wconf 87' lang='lat' dir='ltr'><strong>temporales</strong></span> <span class='ocrx_word' id='word_1_228' title='bbox 2753 1880 2979 1935; x_wconf 70' lang='lat' dir='ltr'><strong>morulas</strong></span> <span class='ocrx_word' id='word_1_229' title='bbox 3031 1881 3242 1934; x_wconf 89' lang='lat' dir='ltr'><strong>nullum</strong></span> <span class='ocrx_word' id='word_1_230' title='bbox 3299 1880 3357 1934; x_wconf 90' lang='lat' dir='ltr'><strong>in</strong></span> <span class='ocrx_word' id='word_1_231' title='bbox 3405 1891 3615 1935; x_wconf 61' lang='lat' dir='ltr'><strong>aeterna</strong></span> <span class='ocrx_word' id='word_1_232' title='bbox 3639 1880 3749 1935; x_wconf 86' lang='lat' dir='ltr'><strong>vita</strong></span> 
     </span>
    </p>
   </div>
   <div class='ocr_carea' id='block_1_20' title="bbox 493 1967 3797 2041">
    <p class='ocr_par' dir='ltr' id='par_1_20' title="bbox 493 1967 3797 2041">
     <span class='ocr_line' id='line_1_20' title="bbox 493 1967 3797 2041; baseline 0.002 -21"><span class='ocrx_word' id='word_1_233' title='bbox 493 1978 577 2020; x_wconf 87' lang='lat' dir='ltr'><strong>est</strong></span> <span class='ocrx_word' id='word_1_234' title='bbox 608 1982 766 2022; x_wconf 88' lang='lat' dir='ltr'><strong>mens</strong></span> <span class='ocrx_word' id='word_1_235' title='bbox 798 1967 1240 2040; x_wconf 82' lang='lat' dir='ltr'><strong>Vcrbi,abyssus,</strong></span> <span class='ocrx_word' id='word_1_236' title='bbox 1266 1969 1428 2026; x_wconf 76' lang='lat' dir='ltr'><strong>Verbi</strong></span> <span class='ocrx_word' id='word_1_237' title='bbox 1465 1971 1695 2040; x_wconf 90' lang='lat' dir='ltr'><strong>genitor,</strong></span> <span class='ocrx_word' id='word_1_238' title='bbox 1719 1987 1783 2027; x_wconf 91' lang='lat' dir='ltr'><strong>ac</strong></span> <span class='ocrx_word' id='word_1_239' title='bbox 1811 1988 1905 2041; x_wconf 91' lang='lat' dir='ltr'><strong>per</strong></span> <span class='ocrx_word' id='word_1_240' title='bbox 1938 1973 2071 2029; x_wconf 83' lang='lat' dir='ltr'><strong>Ver-</strong></span> <span class='ocrx_word' id='word_1_241' title='bbox 2171 1977 2351 2031; x_wconf 91' lang='lat' dir='ltr'><strong>locum</strong></span> <span class='ocrx_word' id='word_1_242' title='bbox 2408 1973 2645 2036; x_wconf 86' lang='lat' dir='ltr'><strong>habent,</strong></span> <span class='ocrx_word' id='word_1_243' title='bbox 2700 1970 2956 2041; x_wconf 89' lang='lat' dir='ltr'><strong>quodque</strong></span> <span class='ocrx_word' id='word_1_244' title='bbox 3012 1971 3275 2041; x_wconf 85' lang='lat' dir='ltr'><strong>temporis</strong></span> <span class='ocrx_word' id='word_1_245' title='bbox 3328 1973 3549 2027; x_wconf 86' lang='lat' dir='ltr'><strong>ratione</strong></span> <span class='ocrx_word' id='word_1_246' title='bbox 3597 1972 3752 2040; x_wconf 88' lang='lat' dir='ltr'><strong>prius</strong></span> <span class='ocrx_word' id='word_1_247' title='bbox 3781 2009 3797 2028; x_wconf 84' lang='lat'><strong>.</strong></span> 
     </span>
    </p>
   </div>
   <div class='ocr_carea' id='block_1_21' title="bbox 493 2044 3753 2133">
    <p class='ocr_par' dir='ltr' id='par_1_21' title="bbox 493 2044 3753 2133">
     <span class='ocr_line' id='line_1_21' title="bbox 493 2044 3753 2133; baseline 0.002 -20"><span class='ocrx_word' id='word_1_248' title='bbox 493 2059 623 2113; x_wconf 89' lang='lat' dir='ltr'><strong>bum</strong></span> <span class='ocrx_word' id='word_1_249' title='bbox 683 2060 983 2128; x_wconf 75' lang='lat' dir='ltr'><strong>splentlzﬁci</strong></span> <span class='ocrx_word' id='word_1_250' title='bbox 1038 2062 1271 2129; x_wconf 87' lang='lat' dir='ltr'><strong>Spiritus</strong></span> <span class='ocrx_word' id='word_1_251' title='bbox 1320 2063 1635 2132; x_wconf 89' lang='lat' dir='ltr'><strong>productor.</strong></span> <span class='ocrx_word' id='word_1_252' title='bbox 1684 2083 1702 2114; x_wconf 77' lang='grc' dir='ltr'><strong><em>ι</em></strong></span> <span class='ocrx_word' id='word_1_253' title='bbox 1751 2064 1899 2120; x_wconf 86' lang='lat' dir='ltr'><strong>Idem</strong></span> <span class='ocrx_word' id='word_1_254' title='bbox 1938 2044 1972 2131; x_wconf 29' lang='grc' dir='ltr'><strong>,κ</strong></span> <span class='ocrx_word' id='word_1_255' title='bbox 2015 2067 2068 2121; x_wconf 92' lang='lat' dir='ltr'><strong>in</strong></span> <span class='ocrx_word' id='word_1_256' title='bbox 2172 2067 2392 2127; x_wconf 88' lang='lat' dir='ltr'><strong>dicitur,</strong></span> <span class='ocrx_word' id='word_1_257' title='bbox 2415 2062 2541 2117; x_wconf 86' lang='lat' dir='ltr'><strong>inde</strong></span> <span class='ocrx_word' id='word_1_258' title='bbox 2575 2062 2795 2131; x_wconf 83' lang='lat' dir='ltr'><strong>penitus</strong></span> <span class='ocrx_word' id='word_1_259' title='bbox 2837 2061 3181 2117; x_wconf 88' lang='lat' dir='ltr'><strong>eliminatum</strong></span> <span class='ocrx_word' id='word_1_260' title='bbox 3221 2070 3329 2126; x_wconf 87' lang='lat' dir='ltr'><strong>est,</strong></span> <span class='ocrx_word' id='word_1_261' title='bbox 3364 2062 3575 2117; x_wconf 88' lang='lat' dir='ltr'><strong>idcirco</strong></span> <span class='ocrx_word' id='word_1_262' title='bbox 3606 2063 3753 2133; x_wconf 78' lang='lat' dir='ltr'><strong>quod</strong></span> 
     </span>
    </p>
   </div>
   <div class='ocr_carea' id='block_1_22' title="bbox 495 2149 3759 2231">
    <p class='ocr_par' dir='ltr' id='par_1_22' title="bbox 495 2149 3759 2231">
     <span class='ocr_line' id='line_1_22' title="bbox 495 2149 3759 2231; baseline 0.002 -28"><span class='ocrx_word' id='word_1_263' title='bbox 495 2150 689 2203; x_wconf 82' lang='lat' dir='ltr'><strong>eodem</strong></span> <span class='ocrx_word' id='word_1_264' title='bbox 734 2166 749 2204; x_wconf 91' lang='lat'><strong>:</strong></span> <span class='ocrx_word' id='word_1_265' title='bbox 792 2169 811 2202; x_wconf 85' lang='grc'><em>‹</em></span> <span class='ocrx_word' id='word_1_266' title='bbox 845 2149 1086 2219; x_wconf 78' lang='lat' dir='ltr'><strong>Spiritus</strong></span> <span class='ocrx_word' id='word_1_267' title='bbox 1141 2154 1332 2231; x_wconf 32' lang='lat' dir='ltr'><strong>sancti.</strong></span> <span class='ocrx_word' id='word_1_268' title='bbox 1361 2165 1585 2224; x_wconf 87' lang='lat' dir='ltr'><strong>paterna</strong></span> <span class='ocrx_word' id='word_1_269' title='bbox 1619 2156 1702 2211; x_wconf 89' lang='lat' dir='ltr'><strong>vis</strong></span> <span class='ocrx_word' id='word_1_270' title='bbox 1730 2156 2075 2213; x_wconf 87' lang='lat' dir='ltr'><strong>iusiuuativa&#39;</strong></span> <span class='ocrx_word' id='word_1_271' title='bbox 2171 2171 2265 2225; x_wconf 86' lang='lat' dir='ltr'><strong>per</strong></span> <span class='ocrx_word' id='word_1_272' title='bbox 2294 2155 2486 2208; x_wconf 85' lang='lat' dir='ltr'><strong>Filium</strong></span> <span class='ocrx_word' id='word_1_273' title='bbox 2518 2154 2738 2215; x_wconf 87' lang='lat' dir='ltr'><strong>dicitur,</strong></span> <span class='ocrx_word' id='word_1_274' title='bbox 2770 2151 2840 2208; x_wconf 85' lang='lat' dir='ltr'><strong>ob</strong></span> <span class='ocrx_word' id='word_1_275' title='bbox 2881 2153 2932 2206; x_wconf 87' lang='lat' dir='ltr'><strong>id</strong></span> <span class='ocrx_word' id='word_1_276' title='bbox 2971 2153 3076 2209; x_wconf 86' lang='lat' dir='ltr'><strong>dici</strong></span> <span class='ocrx_word' id='word_1_277' title='bbox 3129 2161 3333 2222; x_wconf 85' lang='lat' dir='ltr'><strong>potest,</strong></span> <span class='ocrx_word' id='word_1_278' title='bbox 3381 2154 3473 2221; x_wconf 93' lang='lat' dir='ltr'><strong>qui</strong></span> <span class='ocrx_word' id='word_1_279' title='bbox 3509 2155 3673 2208; x_wconf 89' lang='lat' dir='ltr'><strong>simul</strong></span> <span class='ocrx_word' id='word_1_280' title='bbox 3699 2165 3759 2209; x_wconf 86' lang='lat' dir='ltr'><strong>et</strong></span> 
     </span>
    </p>
   </div>
   <div class='ocr_carea' id='block_1_23' title="bbox 495 2243 3755 2318">
    <p class='ocr_par' dir='ltr' id='par_1_23' title="bbox 495 2243 3755 2318">
     <span class='ocr_line' id='line_1_23' title="bbox 495 2243 3755 2318; baseline 0.003 -23"><span class='ocrx_word' id='word_1_281' title='bbox 495 2245 684 2296; x_wconf 90' lang='lat' dir='ltr'><strong>arcani</strong></span> <span class='ocrx_word' id='word_1_282' title='bbox 720 2243 974 2309; x_wconf 78' lang='lat' dir='ltr'><strong>Deitatis,</strong></span> <span class='ocrx_word' id='word_1_283' title='bbox 999 2260 1062 2298; x_wconf 71' lang='lat' dir='ltr'><strong>ex</strong></span> <span class='ocrx_word' id='word_1_284' title='bbox 1097 2244 1257 2301; x_wconf 85' lang='lat' dir='ltr'><strong>Patre</strong></span> <span class='ocrx_word' id='word_1_285' title='bbox 1291 2257 1373 2301; x_wconf 90' lang='lat' dir='ltr'><strong>est</strong></span> <span class='ocrx_word' id='word_1_286' title='bbox 1399 2263 1493 2316; x_wconf 84' lang='lat' dir='ltr'><strong>per</strong></span> <span class='ocrx_word' id='word_1_287' title='bbox 1518 2247 1714 2301; x_wconf 87' lang='lat' dir='ltr'><strong>Filium</strong></span> <span class='ocrx_word' id='word_1_288' title='bbox 1749 2251 2063 2318; x_wconf 62' lang='lat' dir='ltr'><strong>prodiens.»</strong></span> <span class='ocrx_word' id='word_1_289' title='bbox 2170 2265 2293 2304; x_wconf 91' lang='lat' dir='ltr'><strong>cum</strong></span> <span class='ocrx_word' id='word_1_290' title='bbox 2326 2247 2463 2303; x_wconf 83' lang='lat' dir='ltr'><strong>Filio</strong></span> <span class='ocrx_word' id='word_1_291' title='bbox 2483 2256 2603 2314; x_wconf 85' lang='lat' dir='ltr'><strong>est;</strong></span> <span class='ocrx_word' id='word_1_292' title='bbox 2645 2257 2824 2302; x_wconf 87' lang='lat' dir='ltr'><strong>tamen</strong></span> <span class='ocrx_word' id='word_1_293' title='bbox 2859 2250 2929 2301; x_wconf 91' lang='lat' dir='ltr'><strong>ob</strong></span> <span class='ocrx_word' id='word_1_294' title='bbox 2961 2262 3321 2317; x_wconf 86' lang='lat' dir='ltr'><strong>personarum</strong></span> <span class='ocrx_word' id='word_1_295' title='bbox 3355 2248 3755 2305; x_wconf 86' lang='lat' dir='ltr'><strong>discretionem</strong></span> 
     </span>
    </p>
   </div>
   <div class='ocr_carea' id='block_1_24' title="bbox 489 2331 3759 2413">
    <p class='ocr_par' dir='ltr' id='par_1_24' title="bbox 489 2331 3759 2413">
     <span class='ocr_line' id='line_1_24' title="bbox 489 2331 3759 2413; baseline 0.003 -27"><span class='ocrx_word' id='word_1_296' title='bbox 489 2331 567 2387; x_wconf 89' lang='lat' dir='ltr'><strong>lta</strong></span> <span class='ocrx_word' id='word_1_297' title='bbox 599 2335 763 2403; x_wconf 79' lang='lat' dir='ltr'><strong>igitur</strong></span> <span class='ocrx_word' id='word_1_298' title='bbox 798 2336 1161 2405; x_wconf 90' lang='lat' dir='ltr'><strong>plurimorum</strong></span> <span class='ocrx_word' id='word_1_299' title='bbox 1200 2340 1533 2393; x_wconf 88' lang='lat' dir='ltr'><strong>testimoniis</strong></span> <span class='ocrx_word' id='word_1_300' title='bbox 1577 2340 1842 2395; x_wconf 88' lang='lat' dir='ltr'><strong>docemur</strong></span> <span class='ocrx_word' id='word_1_301' title='bbox 1872 2382 1887 2405; x_wconf 91' lang='lat'><strong>,</strong></span> <span class='ocrx_word' id='word_1_302' title='bbox 1943 2342 2070 2411; x_wconf 82' lang='lat' dir='ltr'><strong>Spi-</strong></span> <span class='ocrx_word' id='word_1_303' title='bbox 2168 2357 2233 2396; x_wconf 84' lang='lat' dir='ltr'><strong>ex</strong></span> <span class='ocrx_word' id='word_1_304' title='bbox 2290 2355 2548 2411; x_wconf 87' lang='lat' dir='ltr'><strong>processu</strong></span> <span class='ocrx_word' id='word_1_305' title='bbox 2592 2341 2710 2410; x_wconf 91' lang='lat' dir='ltr'><strong>ipso</strong></span> <span class='ocrx_word' id='word_1_306' title='bbox 2786 2341 3189 2409; x_wconf 86' lang='lat' dir='ltr'><strong>apparentium,</strong></span> <span class='ocrx_word' id='word_1_307' title='bbox 3258 2355 3417 2409; x_wconf 88' lang='lat' dir='ltr'><strong>quem</strong></span> <span class='ocrx_word' id='word_1_308' title='bbox 3465 2342 3609 2397; x_wconf 88' lang='lat' dir='ltr'><strong>satis</strong></span> <span class='ocrx_word' id='word_1_309' title='bbox 3664 2360 3759 2413; x_wconf 80' lang='lat' dir='ltr'><strong>per</strong></span> 
     </span>
    </p>
   </div>
   <div class='ocr_carea' id='block_1_25' title="bbox 492 2424 3763 2503">
    <p class='ocr_par' dir='ltr' id='par_1_25' title="bbox 492 2424 3763 2503">
     <span class='ocr_line' id='line_1_25' title="bbox 492 2424 3763 2503; baseline 0.005 -23"><span class='ocrx_word' id='word_1_310' title='bbox 492 2425 658 2480; x_wconf 84' lang='lat' dir='ltr'><strong>ritum</strong></span> <span class='ocrx_word' id='word_1_311' title='bbox 690 2441 942 2482; x_wconf 90' lang='lat' dir='ltr'><strong>sanctum</strong></span> <span class='ocrx_word' id='word_1_312' title='bbox 981 2446 1043 2484; x_wconf 85' lang='lat' dir='ltr'><strong>ex</strong></span> <span class='ocrx_word' id='word_1_313' title='bbox 1070 2430 1237 2484; x_wconf 87' lang='lat' dir='ltr'><strong>Patre</strong></span> <span class='ocrx_word' id='word_1_314' title='bbox 1265 2446 1357 2499; x_wconf 88' lang='lat' dir='ltr'><strong>per</strong></span> <span class='ocrx_word' id='word_1_315' title='bbox 1380 2430 1577 2485; x_wconf 86' lang='lat' dir='ltr'><strong>Filium</strong></span> <span class='ocrx_word' id='word_1_316' title='bbox 1599 2433 1935 2503; x_wconf 88' lang='lat' dir='ltr'><strong>procedere;</strong></span> <span class='ocrx_word' id='word_1_317' title='bbox 1964 2437 2071 2491; x_wconf 89' lang='lat' dir='ltr'><strong>hoc</strong></span> <span class='ocrx_word' id='word_1_318' title='bbox 2170 2429 2436 2500; x_wconf 71' lang='lat' dir='ltr'><strong>particula</strong></span> <span class='ocrx_word' id='word_1_319' title='bbox 2494 2424 2864 2493; x_wconf 51' lang='lat' dir='ltr'><strong>Commendat.</strong></span> <span class='ocrx_word' id='word_1_320' title='bbox 2915 2429 3045 2483; x_wconf 77' lang='lat' dir='ltr'><strong>dum</strong></span> <span class='ocrx_word' id='word_1_321' title='bbox 3084 2443 3259 2498; x_wconf 78' lang='lat' dir='ltr'><strong>neque</strong></span> <span class='ocrx_word' id='word_1_322' title='bbox 3290 2429 3453 2484; x_wconf 66' lang='lat' dir='ltr'><strong>Simul</strong></span> <span class='ocrx_word' id='word_1_323' title='bbox 3486 2432 3659 2496; x_wconf 72' lang='grc' dir='ltr'>ιοιιίιι</span> <span class='ocrx_word' id='word_1_324' title='bbox 3706 2444 3763 2487; x_wconf 72' lang='grc' dir='ltr'><strong>θι</strong></span> 
     </span>
    </p>
   </div>
   <div class='ocr_carea' id='block_1_26' title="bbox 490 2517 3765 2593">
    <p class='ocr_par' dir='ltr' id='par_1_26' title="bbox 490 2517 3765 2593">
     <span class='ocr_line' id='line_1_26' title="bbox 490 2517 3765 2593; baseline 0.002 -23"><span class='ocrx_word' id='word_1_325' title='bbox 490 2527 577 2573; x_wconf 90' lang='lat' dir='ltr'><strong>cst</strong></span> <span class='ocrx_word' id='word_1_326' title='bbox 600 2534 665 2572; x_wconf 82' lang='lat' dir='ltr'><strong>ex</strong></span> <span class='ocrx_word' id='word_1_327' title='bbox 701 2517 861 2573; x_wconf 87' lang='lat' dir='ltr'><strong>Patre</strong></span> <span class='ocrx_word' id='word_1_328' title='bbox 892 2535 1003 2574; x_wconf 85' lang='lat' dir='ltr'><strong>non</strong></span> <span class='ocrx_word' id='word_1_329' title='bbox 1034 2522 1155 2575; x_wconf 89' lang='lat' dir='ltr'><strong>sine</strong></span> <span class='ocrx_word' id='word_1_330' title='bbox 1189 2523 1396 2578; x_wconf 92' lang='lat' dir='ltr'><strong>medio.</strong></span> <span class='ocrx_word' id='word_1_331' title='bbox 2174 2537 2532 2589; x_wconf 87' lang='lat' dir='ltr'><strong>personarum</strong></span> <span class='ocrx_word' id='word_1_332' title='bbox 2574 2520 2824 2575; x_wconf 88' lang='lat' dir='ltr'><strong>ordinem</strong></span> <span class='ocrx_word' id='word_1_333' title='bbox 2855 2535 2980 2575; x_wconf 90' lang='lat' dir='ltr'><strong>cum</strong></span> <span class='ocrx_word' id='word_1_334' title='bbox 3014 2536 3272 2589; x_wconf 86' lang='lat' dir='ltr'><strong>processu</strong></span> <span class='ocrx_word' id='word_1_335' title='bbox 3308 2522 3481 2577; x_wconf 86' lang='lat' dir='ltr'><strong>sancti</strong></span> <span class='ocrx_word' id='word_1_336' title='bbox 3518 2523 3765 2593; x_wconf 84' lang='lat' dir='ltr'><strong>Spiritus</strong></span> 
     </span>
    </p>
   </div>
   <div class='ocr_carea' id='block_1_27' title="bbox 564 2610 3767 2687">
    <p class='ocr_par' dir='ltr' id='par_1_27' title="bbox 564 2610 3767 2687">
     <span class='ocr_line' id='line_1_27' title="bbox 564 2610 3767 2687; baseline 0.002 -25"><span class='ocrx_word' id='word_1_337' title='bbox 564 2610 833 2675; x_wconf 75' lang='lat' dir='ltr'><strong>Quoniam</strong></span> <span class='ocrx_word' id='word_1_338' title='bbox 870 2626 1002 2679; x_wconf 80' lang='lat' dir='ltr'><strong>ergo</strong></span> <span class='ocrx_word' id='word_1_339' title='bbox 1028 2614 1330 2667; x_wconf 88' lang='lat' dir='ltr'><strong>secundum</strong></span> <span class='ocrx_word' id='word_1_340' title='bbox 1387 2630 1685 2685; x_wconf 85' lang='lat' dir='ltr'><strong>processus</strong></span> <span class='ocrx_word' id='word_1_341' title='bbox 1715 2618 1922 2673; x_wconf 83' lang='lat' dir='ltr'><strong>variam</strong></span> <span class='ocrx_word' id='word_1_342' title='bbox 1980 2634 2071 2674; x_wconf 81' lang='lat' dir='ltr'><strong>ra-</strong></span> <span class='ocrx_word' id='word_1_343' title='bbox 2173 2614 2435 2678; x_wconf 90' lang='lat' dir='ltr'><strong>insinuat,</strong></span> <span class='ocrx_word' id='word_1_344' title='bbox 2457 2614 2595 2669; x_wconf 89' lang='lat' dir='ltr'><strong>alias</strong></span> <span class='ocrx_word' id='word_1_345' title='bbox 2617 2612 2847 2669; x_wconf 89' lang='lat' dir='ltr'><strong>iudicari</strong></span> <span class='ocrx_word' id='word_1_346' title='bbox 2875 2612 3089 2667; x_wconf 83' lang='lat' dir='ltr'><strong>difﬁcile</strong></span> <span class='ocrx_word' id='word_1_347' title='bbox 3110 2612 3403 2679; x_wconf 87' lang='lat' dir='ltr'><strong>valentem,</strong></span> <span class='ocrx_word' id='word_1_348' title='bbox 3423 2628 3451 2667; x_wconf 87' lang='lat' dir='ltr'><strong>a</strong></span> <span class='ocrx_word' id='word_1_349' title='bbox 3476 2614 3767 2687; x_wconf 69' lang='lat' dir='ltr'><strong>theologia</strong></span> 
     </span>
    </p>
   </div>
   <div class='ocr_carea' id='block_1_28' title="bbox 387 2702 3462 2782">
    <p class='ocr_par' dir='ltr' id='par_1_28' title="bbox 387 2702 3462 2782">
     <span class='ocr_line' id='line_1_28' title="bbox 387 2702 3462 2782; baseline 0 -26"><span class='ocrx_word' id='word_1_350' title='bbox 387 2770 399 2782; x_wconf 44' lang='lat'><strong><em>.</em></strong></span> <span class='ocrx_word' id='word_1_351' title='bbox 491 2703 724 2765; x_wconf 87' lang='lat' dir='ltr'><strong>tionem,</strong></span> <span class='ocrx_word' id='word_1_352' title='bbox 759 2718 1122 2770; x_wconf 87' lang='lat' dir='ltr'><strong>personarum</strong></span> <span class='ocrx_word' id='word_1_353' title='bbox 1147 2721 1370 2776; x_wconf 90' lang='lat' dir='ltr'><strong>quoque</strong></span> <span class='ocrx_word' id='word_1_354' title='bbox 1409 2708 1649 2765; x_wconf 83' lang='lat' dir='ltr'><strong>varietas</strong></span> <span class='ocrx_word' id='word_1_355' title='bbox 1709 2710 2068 2781; x_wconf 79' lang='lat' dir='ltr'><strong>designatur;</strong></span> <span class='ocrx_word' id='word_1_356' title='bbox 2172 2705 2614 2760; x_wconf 81' lang='lat' dir='ltr'><strong>commodissime</strong></span> <span class='ocrx_word' id='word_1_357' title='bbox 2655 2718 2719 2758; x_wconf 87' lang='lat' dir='ltr'><strong>ea</strong></span> <span class='ocrx_word' id='word_1_358' title='bbox 2747 2702 3013 2773; x_wconf 85' lang='lat' dir='ltr'><strong>particula</strong></span> <span class='ocrx_word' id='word_1_359' title='bbox 3044 2715 3330 2773; x_wconf 82' lang='lat' dir='ltr'><strong>assumpta</strong></span> <span class='ocrx_word' id='word_1_360' title='bbox 3357 2714 3462 2759; x_wconf 89' lang='lat' dir='ltr'><strong>est.</strong></span> 
     </span>
    </p>
   </div>
   <div class='ocr_carea' id='block_1_29' title="bbox 493 2792 3773 2868">
    <p class='ocr_par' dir='ltr' id='par_1_29' title="bbox 493 2792 3773 2868">
     <span class='ocr_line' id='line_1_29' title="bbox 493 2792 3773 2868; baseline 0.003 -22"><span class='ocrx_word' id='word_1_361' title='bbox 493 2795 695 2862; x_wconf 86' lang='lat' dir='ltr'><strong>quippe</strong></span> <span class='ocrx_word' id='word_1_362' title='bbox 722 2792 842 2848; x_wconf 86' lang='lat' dir='ltr'><strong>Filii</strong></span> <span class='ocrx_word' id='word_1_363' title='bbox 880 2809 1175 2863; x_wconf 87' lang='lat' dir='ltr'><strong>processus</strong></span> <span class='ocrx_word' id='word_1_364' title='bbox 1208 2797 1524 2852; x_wconf 88' lang='lat' dir='ltr'><strong>immediate</strong></span> <span class='ocrx_word' id='word_1_365' title='bbox 1563 2797 1762 2854; x_wconf 90' lang='lat' dir='ltr'><strong>Filium</strong></span> <span class='ocrx_word' id='word_1_366' title='bbox 1805 2803 1972 2857; x_wconf 83' lang='lat' dir='ltr'><strong>tradit</strong></span> <span class='ocrx_word' id='word_1_367' title='bbox 2003 2819 2070 2857; x_wconf 82' lang='lat' dir='ltr'><strong>ex</strong></span> <span class='ocrx_word' id='word_1_368' title='bbox 2245 2798 2428 2868; x_wconf 82' lang='lat' dir='ltr'><strong>Itaque</strong></span> <span class='ocrx_word' id='word_1_369' title='bbox 2462 2799 2605 2868; x_wconf 86' lang='lat' dir='ltr'><strong>quod</strong></span> <span class='ocrx_word' id='word_1_370' title='bbox 2645 2794 2924 2868; x_wconf 86' lang='lat' dir='ltr'><strong>Nyssenus</strong></span> <span class='ocrx_word' id='word_1_371' title='bbox 2956 2795 3138 2866; x_wconf 90' lang='lat' dir='ltr'><strong>ipsum</strong></span> <span class='ocrx_word' id='word_1_372' title='bbox 3180 2796 3257 2851; x_wconf 90' lang='lat' dir='ltr'><strong>ait</strong></span> <span class='ocrx_word' id='word_1_373' title='bbox 3308 2811 3375 2850; x_wconf 85' lang='lat' dir='ltr'><strong>ex</strong></span> <span class='ocrx_word' id='word_1_374' title='bbox 3416 2798 3612 2867; x_wconf 83' lang='lat' dir='ltr'><strong>primo</strong></span> <span class='ocrx_word' id='word_1_375' title='bbox 3645 2813 3773 2855; x_wconf 84' lang='lat' dir='ltr'><strong>esse</strong></span> 
     </span>
    </p>
   </div>
   <div class='ocr_carea' id='block_1_30' title="bbox 494 2881 3777 2961">
    <p class='ocr_par' dir='ltr' id='par_1_30' title="bbox 494 2881 3777 2961">
     <span class='ocr_line' id='line_1_30' title="bbox 494 2881 3777 2961; baseline 0.003 -26"><span class='ocrx_word' id='word_1_376' title='bbox 494 2881 655 2936; x_wconf 81' lang='lat' dir='ltr'><strong>Patre</strong></span> <span class='ocrx_word' id='word_1_377' title='bbox 679 2883 1006 2945; x_wconf 84' lang='lat' dir='ltr'><strong>subsistere.</strong></span> <span class='ocrx_word' id='word_1_378' title='bbox 1063 2891 1228 2955; x_wconf 88' lang='lat' dir='ltr'><strong>atque</strong></span> <span class='ocrx_word' id='word_1_379' title='bbox 1275 2887 1590 2942; x_wconf 85' lang='lat' dir='ltr'><strong>immediate</strong></span> <span class='ocrx_word' id='word_1_380' title='bbox 1635 2890 1936 2945; x_wconf 86' lang='lat' dir='ltr'><strong>nativitatis</strong></span> <span class='ocrx_word' id='word_1_381' title='bbox 1985 2908 2075 2946; x_wconf 83' lang='lat' dir='ltr'><strong>ra-</strong></span> <span class='ocrx_word' id='word_1_382' title='bbox 2174 2905 2269 2961; x_wconf 91' lang='lat' dir='ltr'><strong>per</strong></span> <span class='ocrx_word' id='word_1_383' title='bbox 2295 2905 2418 2943; x_wconf 88' lang='lat' dir='ltr'><strong>eum</strong></span> <span class='ocrx_word' id='word_1_384' title='bbox 2454 2890 2545 2958; x_wconf 88' lang='lat' dir='ltr'><strong>qui</strong></span> <span class='ocrx_word' id='word_1_385' title='bbox 2575 2889 2920 2943; x_wconf 87' lang='lat' dir='ltr'><strong>continenter</strong></span> <span class='ocrx_word' id='word_1_386' title='bbox 2952 2896 3198 2941; x_wconf 88' lang='lat' dir='ltr'><strong>manaret</strong></span> <span class='ocrx_word' id='word_1_387' title='bbox 3225 2902 3289 2941; x_wconf 79' lang='lat' dir='ltr'><strong>ex</strong></span> <span class='ocrx_word' id='word_1_388' title='bbox 3319 2887 3513 2957; x_wconf 83' lang='lat' dir='ltr'><strong>primo</strong></span> <span class='ocrx_word' id='word_1_389' title='bbox 3535 2929 3553 2955; x_wconf 94' lang='lat'><strong>,</strong></span> <span class='ocrx_word' id='word_1_390' title='bbox 3588 2891 3693 2946; x_wconf 86' lang='lat' dir='ltr'><strong>hoc</strong></span> <span class='ocrx_word' id='word_1_391' title='bbox 3720 2899 3777 2945; x_wconf 90' lang='lat' dir='ltr'><strong>et</strong></span> 
     </span>
    </p>
   </div>
   <div class='ocr_carea' id='block_1_31' title="bbox 492 2974 3778 3052">
    <p class='ocr_par' dir='ltr' id='par_1_31' title="bbox 492 2974 3778 3052">
     <span class='ocr_line' id='line_1_31' title="bbox 492 2974 3778 3052; baseline 0.004 -26"><span class='ocrx_word' id='word_1_392' title='bbox 492 2974 640 3027; x_wconf 86' lang='lat' dir='ltr'><strong>tione</strong></span> <span class='ocrx_word' id='word_1_393' title='bbox 664 2988 729 3026; x_wconf 77' lang='lat' dir='ltr'><strong>ex</strong></span> <span class='ocrx_word' id='word_1_394' title='bbox 763 2974 880 3042; x_wconf 90' lang='lat' dir='ltr'><strong>ipso</strong></span> <span class='ocrx_word' id='word_1_395' title='bbox 917 2975 1120 3027; x_wconf 78' lang='lat' dir='ltr'><strong>habere</strong></span> <span class='ocrx_word' id='word_1_396' title='bbox 1168 2976 1571 3045; x_wconf 85' lang='lat' dir='ltr'><strong>substantiam;</strong></span> <span class='ocrx_word' id='word_1_397' title='bbox 1607 2979 1848 3049; x_wconf 90' lang='lat' dir='ltr'><strong>Spiritus</strong></span> <span class='ocrx_word' id='word_1_398' title='bbox 1884 2993 2068 3037; x_wconf 88' lang='lat' dir='ltr'><strong>autem</strong></span> <span class='ocrx_word' id='word_1_399' title='bbox 2173 2997 2402 3052; x_wconf 83' lang='lat' dir='ltr'><strong>magnus</strong></span> <span class='ocrx_word' id='word_1_400' title='bbox 2456 2980 2694 3035; x_wconf 81' lang='lat' dir='ltr'><strong>Basilius</strong></span> <span class='ocrx_word' id='word_1_401' title='bbox 2742 2979 2930 3033; x_wconf 84' lang='lat' dir='ltr'><strong>itidem</strong></span> <span class='ocrx_word' id='word_1_402' title='bbox 2982 2977 3229 3045; x_wconf 86' lang='lat' dir='ltr'><strong>fatetur;</strong></span> <span class='ocrx_word' id='word_1_403' title='bbox 3298 2978 3428 3048; x_wconf 88' lang='lat' dir='ltr'><strong>quia</strong></span> <span class='ocrx_word' id='word_1_404' title='bbox 3479 2982 3649 3036; x_wconf 72' lang='lat' dir='ltr'><strong>enim</strong></span> <span class='ocrx_word' id='word_1_405' title='bbox 3705 2998 3778 3038; x_wconf 74' lang='lat' dir='ltr'><strong>ex</strong></span> 
     </span>
    </p>
   </div>
   <div class='ocr_carea' id='block_1_32' title="bbox 491 3069 3774 3143">
    <p class='ocr_par' dir='ltr' id='par_1_32' title="bbox 491 3069 3774 3143">
     <span class='ocr_line' id='line_1_32' title="bbox 491 3069 3774 3143; baseline 0.004 -26"><span class='ocrx_word' id='word_1_406' title='bbox 491 3081 785 3133; x_wconf 88' lang='lat' dir='ltr'><strong>processus</strong></span> <span class='ocrx_word' id='word_1_407' title='bbox 816 3083 912 3138; x_wconf 87' lang='lat' dir='ltr'><strong>per</strong></span> <span class='ocrx_word' id='word_1_408' title='bbox 943 3069 1141 3123; x_wconf 87' lang='lat' dir='ltr'><strong>Filium</strong></span> <span class='ocrx_word' id='word_1_409' title='bbox 1178 3070 1354 3139; x_wconf 90' lang='lat' dir='ltr'><strong>ipsum</strong></span> <span class='ocrx_word' id='word_1_410' title='bbox 1396 3086 1519 3126; x_wconf 88' lang='lat' dir='ltr'><strong>esse</strong></span> <span class='ocrx_word' id='word_1_411' title='bbox 1579 3072 1953 3139; x_wconf 77' lang='lat' dir='ltr'><strong>commendat,</strong></span> <span class='ocrx_word' id='word_1_412' title='bbox 2002 3091 2071 3130; x_wconf 81' lang='lat' dir='ltr'><strong>ex</strong></span> <span class='ocrx_word' id='word_1_413' title='bbox 2177 3073 2356 3139; x_wconf 87' lang='lat' dir='ltr'><strong>Patre,</strong></span> <span class='ocrx_word' id='word_1_414' title='bbox 2386 3082 2549 3142; x_wconf 89' lang='lat' dir='ltr'><strong>atque</strong></span> <span class='ocrx_word' id='word_1_415' title='bbox 2581 3082 2699 3143; x_wconf 80' lang='lat' dir='ltr'><strong>post</strong></span> <span class='ocrx_word' id='word_1_416' title='bbox 2734 3071 2931 3126; x_wconf 91' lang='lat' dir='ltr'><strong>Filium</strong></span> <span class='ocrx_word' id='word_1_417' title='bbox 2978 3080 3086 3137; x_wconf 86' lang='lat' dir='ltr'><strong>est,</strong></span> <span class='ocrx_word' id='word_1_418' title='bbox 3147 3072 3308 3125; x_wconf 85' lang='lat' dir='ltr'><strong>aliter</strong></span> <span class='ocrx_word' id='word_1_419' title='bbox 3360 3073 3435 3136; x_wconf 86' lang='lat' dir='ltr'><strong>ita</strong></span> <span class='ocrx_word' id='word_1_420' title='bbox 3461 3086 3606 3129; x_wconf 75' lang='lat' dir='ltr'><strong>esse</strong></span> <span class='ocrx_word' id='word_1_421' title='bbox 3662 3091 3774 3129; x_wconf 87' lang='lat' dir='ltr'><strong>non</strong></span> 
     </span>
    </p>
   </div>
   <div class='ocr_carea' id='block_1_33' title="bbox 495 3158 3769 3249">
    <p class='ocr_par' dir='ltr' id='par_1_33' title="bbox 495 3158 3769 3249">
     <span class='ocr_line' id='line_1_33' title="bbox 495 3158 3769 3249; baseline 0.003 -37"><span class='ocrx_word' id='word_1_422' title='bbox 495 3158 657 3212; x_wconf 84' lang='lat' dir='ltr'><strong>Patre</strong></span> <span class='ocrx_word' id='word_1_423' title='bbox 688 3160 833 3213; x_wconf 85' lang='lat' dir='ltr'><strong>enim</strong></span> <span class='ocrx_word' id='word_1_424' title='bbox 883 3176 975 3229; x_wconf 92' lang='lat' dir='ltr'><strong>per</strong></span> <span class='ocrx_word' id='word_1_425' title='bbox 1005 3160 1202 3215; x_wconf 89' lang='lat' dir='ltr'><strong>Filium</strong></span> <span class='ocrx_word' id='word_1_426' title='bbox 1242 3161 1538 3230; x_wconf 85' lang='lat' dir='ltr'><strong>procedere</strong></span> <span class='ocrx_word' id='word_1_427' title='bbox 1585 3179 1750 3232; x_wconf 87' lang='lat' dir='ltr'><strong>supra</strong></span> <span class='ocrx_word' id='word_1_428' title='bbox 1799 3177 2068 3219; x_wconf 87' lang='lat' dir='ltr'><strong>monstra-</strong></span> <span class='ocrx_word' id='word_1_429' title='bbox 2105 3191 2144 3249; x_wconf 67' lang='grc' dir='ltr'><em>ε</em></span> <span class='ocrx_word' id='word_1_430' title='bbox 2178 3177 2379 3235; x_wconf 87' lang='lat' dir='ltr'><strong>posset,</strong></span> <span class='ocrx_word' id='word_1_431' title='bbox 2415 3167 2520 3221; x_wconf 90' lang='lat' dir='ltr'><strong>nisi</strong></span> <span class='ocrx_word' id='word_1_432' title='bbox 2544 3181 2610 3220; x_wconf 81' lang='lat' dir='ltr'><strong>ex</strong></span> <span class='ocrx_word' id='word_1_433' title='bbox 2648 3166 2827 3235; x_wconf 88' lang='lat' dir='ltr'><strong>primo</strong></span> <span class='ocrx_word' id='word_1_434' title='bbox 2852 3181 2946 3235; x_wconf 86' lang='lat' dir='ltr'><strong>per</strong></span> <span class='ocrx_word' id='word_1_435' title='bbox 2982 3164 3228 3219; x_wconf 85' lang='lat' dir='ltr'><strong>medium</strong></span> <span class='ocrx_word' id='word_1_436' title='bbox 3270 3165 3619 3234; x_wconf 82' lang='lat' dir='ltr'><strong>procederet.</strong></span> <span class='ocrx_word' id='word_1_437' title='bbox 3674 3167 3769 3223; x_wconf 89' lang='lat' dir='ltr'><strong>Sin</strong></span> 
     </span>
    </p>
   </div>
   <div class='ocr_carea' id='block_1_34' title="bbox 492 3256 3772 3330">
    <p class='ocr_par' dir='ltr' id='par_1_34' title="bbox 492 3256 3772 3330">
     <span class='ocr_line' id='line_1_34' title="bbox 492 3256 3772 3330; baseline 0.002 -22"><span class='ocrx_word' id='word_1_438' title='bbox 492 3257 612 3308; x_wconf 75' lang='lat' dir='ltr'><strong>tum</strong></span> <span class='ocrx_word' id='word_1_439' title='bbox 663 3264 783 3319; x_wconf 91' lang='lat' dir='ltr'><strong>est;</strong></span> <span class='ocrx_word' id='word_1_440' title='bbox 838 3271 1128 3323; x_wconf 86' lang='lat' dir='ltr'><strong>processus</strong></span> <span class='ocrx_word' id='word_1_441' title='bbox 1166 3267 1346 3311; x_wconf 88' lang='lat' dir='ltr'><strong>autem</strong></span> <span class='ocrx_word' id='word_1_442' title='bbox 1385 3257 1703 3311; x_wconf 77' lang='lat' dir='ltr'><strong>vocabulum</strong></span> <span class='ocrx_word' id='word_1_443' title='bbox 1742 3261 1915 3313; x_wconf 89' lang='lat' dir='ltr'><strong>sancti</strong></span> <span class='ocrx_word' id='word_1_444' title='bbox 1949 3259 2073 3330; x_wconf 87' lang='lat' dir='ltr'><strong>Spi-</strong></span> <span class='ocrx_word' id='word_1_445' title='bbox 2177 3269 2358 3313; x_wconf 90' lang='lat' dir='ltr'><strong>autem</strong></span> <span class='ocrx_word' id='word_1_446' title='bbox 2392 3274 2459 3315; x_wconf 82' lang='lat' dir='ltr'><strong>ex</strong></span> <span class='ocrx_word' id='word_1_447' title='bbox 2498 3258 2661 3313; x_wconf 91' lang='lat' dir='ltr'><strong>Patre</strong></span> <span class='ocrx_word' id='word_1_448' title='bbox 2720 3274 2817 3328; x_wconf 89' lang='lat' dir='ltr'><strong>per</strong></span> <span class='ocrx_word' id='word_1_449' title='bbox 2879 3256 3078 3311; x_wconf 85' lang='lat' dir='ltr'><strong>Filium</strong></span> <span class='ocrx_word' id='word_1_450' title='bbox 3104 3258 3377 3326; x_wconf 88' lang='lat' dir='ltr'><strong>procedit.</strong></span> <span class='ocrx_word' id='word_1_451' title='bbox 3411 3258 3588 3327; x_wconf 79' lang='lat' dir='ltr'><strong>liquet</strong></span> <span class='ocrx_word' id='word_1_452' title='bbox 3642 3276 3772 3329; x_wconf 91' lang='lat' dir='ltr'><strong>pro-</strong></span> 
     </span>
    </p>
   </div>
   <div class='ocr_carea' id='block_1_35' title="bbox 500 3346 3771 3420">
    <p class='ocr_par' dir='ltr' id='par_1_35' title="bbox 500 3346 3771 3420">
     <span class='ocr_line' id='line_1_35' title="bbox 500 3346 3771 3420; baseline 0.004 -25"><span class='ocrx_word' id='word_1_453' title='bbox 500 3346 638 3398; x_wconf 90' lang='lat' dir='ltr'><strong>ritus</strong></span> <span class='ocrx_word' id='word_1_454' title='bbox 666 3361 913 3413; x_wconf 57' lang='lat' dir='ltr'><strong>persona</strong></span> <span class='ocrx_word' id='word_1_455' title='bbox 942 3350 1222 3416; x_wconf 85' lang='lat' dir='ltr'><strong>proprium</strong></span> <span class='ocrx_word' id='word_1_456' title='bbox 1257 3358 1360 3412; x_wconf 89' lang='lat' dir='ltr'><strong>est,</strong></span> <span class='ocrx_word' id='word_1_457' title='bbox 1393 3350 1535 3404; x_wconf 90' lang='lat' dir='ltr'><strong>sicut</strong></span> <span class='ocrx_word' id='word_1_458' title='bbox 1567 3351 1730 3404; x_wconf 86' lang='lat' dir='ltr'><strong>etiam</strong></span> <span class='ocrx_word' id='word_1_459' title='bbox 1762 3350 2075 3407; x_wconf 84' lang='lat' dir='ltr'><strong>Nativitatis</strong></span> <span class='ocrx_word' id='word_1_460' title='bbox 2178 3351 2338 3416; x_wconf 88' lang='lat' dir='ltr'><strong>fecto,</strong></span> <span class='ocrx_word' id='word_1_461' title='bbox 2384 3367 2509 3406; x_wconf 91' lang='lat' dir='ltr'><strong>cum</strong></span> <span class='ocrx_word' id='word_1_462' title='bbox 2560 3349 2834 3420; x_wconf 86' lang='lat' dir='ltr'><strong>personali</strong></span> <span class='ocrx_word' id='word_1_463' title='bbox 2893 3349 3034 3403; x_wconf 90' lang='lat' dir='ltr'><strong>serie</strong></span> <span class='ocrx_word' id='word_1_464' title='bbox 3103 3349 3322 3402; x_wconf 88' lang='lat' dir='ltr'><strong>tertium</strong></span> <span class='ocrx_word' id='word_1_465' title='bbox 3357 3363 3387 3402; x_wconf 93' lang='lat' dir='ltr'><strong>a</strong></span> <span class='ocrx_word' id='word_1_466' title='bbox 3424 3349 3595 3406; x_wconf 85' lang='lat' dir='ltr'><strong>Patre</strong></span> <span class='ocrx_word' id='word_1_467' title='bbox 3618 3367 3771 3409; x_wconf 86' lang='lat' dir='ltr'><strong>esse.</strong></span> 
     </span>
    </p>
   </div>
   <div class='ocr_carea' id='block_1_36' title="bbox 494 3435 3659 3512">
    <p class='ocr_par' dir='ltr' id='par_1_36' title="bbox 494 3435 3659 3512">
     <span class='ocr_line' id='line_1_36' title="bbox 494 3435 3659 3512; baseline 0.004 -25"><span class='ocrx_word' id='word_1_468' title='bbox 494 3437 775 3504; x_wconf 88' lang='lat' dir='ltr'><strong>proprium</strong></span> <span class='ocrx_word' id='word_1_469' title='bbox 816 3435 938 3491; x_wconf 84' lang='lat' dir='ltr'><strong>Filii</strong></span> <span class='ocrx_word' id='word_1_470' title='bbox 985 3437 1154 3506; x_wconf 79' lang='lat' dir='ltr'><strong>(gigni</strong></span> <span class='ocrx_word' id='word_1_471' title='bbox 1201 3439 1346 3492; x_wconf 88' lang='lat' dir='ltr'><strong>enim</strong></span> <span class='ocrx_word' id='word_1_472' title='bbox 1401 3455 1466 3494; x_wconf 91' lang='lat' dir='ltr'><strong>ac</strong></span> <span class='ocrx_word' id='word_1_473' title='bbox 1518 3440 1838 3510; x_wconf 88' lang='lat' dir='ltr'><strong>procedere,</strong></span> <span class='ocrx_word' id='word_1_474' title='bbox 1881 3442 2073 3497; x_wconf 88' lang='lat' dir='ltr'><strong>ambo-</strong></span> <span class='ocrx_word' id='word_1_475' title='bbox 2177 3441 2231 3496; x_wconf 90' lang='lat' dir='ltr'><strong>ld</strong></span> <span class='ocrx_word' id='word_1_476' title='bbox 2255 3450 2435 3496; x_wconf 80' lang='lat' dir='ltr'><strong>autem</strong></span> <span class='ocrx_word' id='word_1_477' title='bbox 2468 3453 2551 3498; x_wconf 83' lang='lat' dir='ltr'><strong>est</strong></span> <span class='ocrx_word' id='word_1_478' title='bbox 2579 3456 2701 3496; x_wconf 88' lang='lat' dir='ltr'><strong>esse</strong></span> <span class='ocrx_word' id='word_1_479' title='bbox 2728 3449 2849 3509; x_wconf 88' lang='lat' dir='ltr'><strong>post</strong></span> <span class='ocrx_word' id='word_1_480' title='bbox 2883 3438 3107 3503; x_wconf 84' lang='lat' dir='ltr'><strong>Filium,</strong></span> <span class='ocrx_word' id='word_1_481' title='bbox 3134 3447 3190 3492; x_wconf 94' lang='lat' dir='ltr'><strong>ut</strong></span> <span class='ocrx_word' id='word_1_482' title='bbox 3221 3441 3412 3494; x_wconf 90' lang='lat' dir='ltr'><strong>doctor</strong></span> <span class='ocrx_word' id='word_1_483' title='bbox 3445 3441 3659 3512; x_wconf 87' lang='lat' dir='ltr'><strong>inquit.</strong></span> 
     </span>
    </p>
   </div>
   <div class='ocr_carea' id='block_1_37' title="bbox 499 3519 3775 3606">
    <p class='ocr_par' dir='ltr' id='par_1_37' title="bbox 499 3519 3775 3606">
     <span class='ocr_line' id='line_1_37' title="bbox 499 3519 3775 3606; baseline 0.003 -26"><span class='ocrx_word' id='word_1_484' title='bbox 499 3542 623 3580; x_wconf 87' lang='lat' dir='ltr'><strong>rum</strong></span> <span class='ocrx_word' id='word_1_485' title='bbox 662 3542 924 3595; x_wconf 85' lang='lat' dir='ltr'><strong>personas</strong></span> <span class='ocrx_word' id='word_1_486' title='bbox 959 3528 1248 3599; x_wconf 87' lang='lat' dir='ltr'><strong>insinuat),</strong></span> <span class='ocrx_word' id='word_1_487' title='bbox 1279 3538 1493 3586; x_wconf 87' lang='lat' dir='ltr'><strong>constat</strong></span> <span class='ocrx_word' id='word_1_488' title='bbox 1523 3519 1790 3601; x_wconf 82' lang='lat' dir='ltr'><strong>spiritum</strong></span> <span class='ocrx_word' id='word_1_489' title='bbox 1816 3543 2073 3589; x_wconf 88' lang='lat' dir='ltr'><strong>sanctum</strong></span> <span class='ocrx_word' id='word_1_490' title='bbox 2250 3532 2364 3588; x_wconf 87' lang='lat' dir='ltr'><strong>lloc</strong></span> <span class='ocrx_word' id='word_1_491' title='bbox 2397 3534 2577 3606; x_wconf 76' lang='lat' dir='ltr'><strong>ipsum</strong></span> <span class='ocrx_word' id='word_1_492' title='bbox 2608 3531 2888 3603; x_wconf 85' lang='lat' dir='ltr'><strong>Nyssenus</strong></span> <span class='ocrx_word' id='word_1_493' title='bbox 2918 3529 3059 3583; x_wconf 88' lang='lat' dir='ltr'><strong>idem</strong></span> <span class='ocrx_word' id='word_1_494' title='bbox 3103 3529 3344 3585; x_wconf 80' lang='lat' dir='ltr'><strong>lueidius</strong></span> <span class='ocrx_word' id='word_1_495' title='bbox 3393 3536 3688 3601; x_wconf 74' lang='lat' dir='ltr'><strong>expressit</strong></span> <span class='ocrx_word' id='word_1_496' title='bbox 3718 3537 3775 3591; x_wconf 84' lang='lat' dir='ltr'><strong>in</strong></span> 
     </span>
    </p>
   </div>
   <div class='ocr_carea' id='block_1_38' title="bbox 499 3618 3781 3690">
    <p class='ocr_par' dir='ltr' id='par_1_38' title="bbox 499 3618 3781 3690">
     <span class='ocr_line' id='line_1_38' title="bbox 499 3618 3781 3690; baseline 0.004 -20"><span class='ocrx_word' id='word_1_497' title='bbox 499 3631 565 3671; x_wconf 82' lang='lat' dir='ltr'><strong>ex</strong></span> <span class='ocrx_word' id='word_1_498' title='bbox 594 3618 759 3672; x_wconf 84' lang='lat' dir='ltr'><strong>Patre</strong></span> <span class='ocrx_word' id='word_1_499' title='bbox 796 3632 892 3687; x_wconf 90' lang='lat' dir='ltr'><strong>per</strong></span> <span class='ocrx_word' id='word_1_500' title='bbox 918 3618 1116 3673; x_wconf 87' lang='lat' dir='ltr'><strong>Filium</strong></span> <span class='ocrx_word' id='word_1_501' title='bbox 1150 3622 1352 3675; x_wconf 83' lang='lat' dir='ltr'><strong>habere</strong></span> <span class='ocrx_word' id='word_1_502' title='bbox 1403 3623 1790 3679; x_wconf 82' lang='lat' dir='ltr'><strong>substantiam.</strong></span> <span class='ocrx_word' id='word_1_503' title='bbox 1825 3626 1890 3679; x_wconf 86' lang='lat' dir='ltr'><strong>Et</strong></span> <span class='ocrx_word' id='word_1_504' title='bbox 1941 3626 2073 3680; x_wconf 91' lang='lat' dir='ltr'><strong>illud</strong></span> <span class='ocrx_word' id='word_1_505' title='bbox 2178 3623 2422 3689; x_wconf 78' lang='lat' dir='ltr'><strong>tQuwst.</strong></span> <span class='ocrx_word' id='word_1_506' title='bbox 2459 3630 2710 3676; x_wconf 75' lang='lat' dir='ltr'><strong>adversus</strong></span> <span class='ocrx_word' id='word_1_507' title='bbox 2748 3621 3068 3675; x_wconf 75' lang='lat' dir='ltr'><strong>Eunomium</strong></span> <span class='ocrx_word' id='word_1_508' title='bbox 3106 3621 3246 3675; x_wconf 90' lang='lat' dir='ltr'><strong>libro</strong></span> <span class='ocrx_word' id='word_1_509' title='bbox 3282 3639 3297 3675; x_wconf 90' lang='lat'><strong>:</strong></span> <span class='ocrx_word' id='word_1_510' title='bbox 3337 3640 3355 3672; x_wconf 84' lang='grc'><em>‹</em></span> <span class='ocrx_word' id='word_1_511' title='bbox 3387 3620 3662 3690; x_wconf 86' lang='lat' dir='ltr'><strong>Spiritus,</strong></span> <span class='ocrx_word' id='word_1_512' title='bbox 3692 3629 3781 3682; x_wconf 87' lang='lat' dir='ltr'><strong>iu-</strong></span> 
     </span>
    </p>
   </div>
   <div class='ocr_carea' id='block_1_39' title="bbox 501 3707 2122 3786">
    <p class='ocr_par' dir='ltr' id='par_1_39' title="bbox 501 3712 2077 3783">
     <span class='ocr_line' id='line_1_39' title="bbox 501 3712 2077 3783; baseline 0.006 -19"><span class='ocrx_word' id='word_1_513' title='bbox 501 3712 664 3764; x_wconf 86' lang='lat' dir='ltr'><strong>simul</strong></span> <span class='ocrx_word' id='word_1_514' title='bbox 690 3721 926 3775; x_wconf 75' lang='lat' dir='ltr'><strong>constat,</strong></span> <span class='ocrx_word' id='word_1_515' title='bbox 956 3714 1103 3782; x_wconf 93' lang='lat' dir='ltr'><strong>quod</strong></span> <span class='ocrx_word' id='word_1_516' title='bbox 1134 3722 1187 3768; x_wconf 92' lang='lat' dir='ltr'><strong>et</strong></span> <span class='ocrx_word' id='word_1_517' title='bbox 1235 3715 1569 3781; x_wconf 89' lang='lat' dir='ltr'><strong>immediate,</strong></span> <span class='ocrx_word' id='word_1_518' title='bbox 1621 3726 1677 3770; x_wconf 91' lang='lat' dir='ltr'><strong>et</strong></span> <span class='ocrx_word' id='word_1_519' title='bbox 1730 3718 1983 3783; x_wconf 89' lang='lat' dir='ltr'><strong>mediate,</strong></span> <span class='ocrx_word' id='word_1_520' title='bbox 2022 3729 2077 3774; x_wconf 89' lang='lat' dir='ltr'><strong>et</strong></span> 
     </span>
    </p>
   </div>
   <div class='ocr_carea' id='block_1_40' title="bbox 2157 3707 3778 3786">
    <p class='ocr_par' dir='ltr' id='par_1_40' title="bbox 2177 3707 3778 3786">
     <span class='ocr_line' id='line_1_40' title="bbox 2177 3707 3778 3786; baseline 0.006 -23"><span class='ocrx_word' id='word_1_521' title='bbox 2177 3710 2396 3779; x_wconf 88' lang='lat' dir='ltr'><strong>quiens,</strong></span> <span class='ocrx_word' id='word_1_522' title='bbox 2430 3707 2600 3772; x_wconf 87' lang='lat' dir='ltr'><strong>Patri,</strong></span> <span class='ocrx_word' id='word_1_523' title='bbox 2632 3725 2696 3763; x_wconf 75' lang='lat' dir='ltr'><strong>ex</strong></span> <span class='ocrx_word' id='word_1_524' title='bbox 2747 3723 2814 3763; x_wconf 92' lang='lat' dir='ltr'><strong>eo</strong></span> <span class='ocrx_word' id='word_1_525' title='bbox 2852 3708 2998 3778; x_wconf 82' lang='lat' dir='ltr'><strong>quod</strong></span> <span class='ocrx_word' id='word_1_526' title='bbox 3039 3709 3317 3764; x_wconf 86' lang='lat' dir='ltr'><strong>increatus</strong></span> <span class='ocrx_word' id='word_1_527' title='bbox 3347 3718 3456 3775; x_wconf 90' lang='lat' dir='ltr'><strong>est,</strong></span> <span class='ocrx_word' id='word_1_528' title='bbox 3486 3712 3778 3786; x_wconf 86' lang='lat' dir='ltr'><strong>jungitur,</strong></span> 
     </span>
    </p>
   </div>
   <div class='ocr_carea' id='block_1_41' title="bbox 496 3800 3784 3875">
    <p class='ocr_par' dir='ltr' id='par_1_41' title="bbox 496 3800 3784 3875">
     <span class='ocr_line' id='line_1_41' title="bbox 496 3800 3784 3875; baseline 0.002 -19"><span class='ocrx_word' id='word_1_529' title='bbox 496 3803 862 3868; x_wconf 72' lang='lat' dir='ltr'><strong>continenter,</strong></span> <span class='ocrx_word' id='word_1_530' title='bbox 921 3813 975 3858; x_wconf 79' lang='lat' dir='ltr'><strong>et</strong></span> <span class='ocrx_word' id='word_1_531' title='bbox 1032 3820 1129 3874; x_wconf 90' lang='lat' dir='ltr'><strong>per</strong></span> <span class='ocrx_word' id='word_1_532' title='bbox 1169 3821 1292 3860; x_wconf 91' lang='lat' dir='ltr'><strong>eum</strong></span> <span class='ocrx_word' id='word_1_533' title='bbox 1330 3808 1423 3874; x_wconf 89' lang='lat' dir='ltr'><strong>qui</strong></span> <span class='ocrx_word' id='word_1_534' title='bbox 1469 3806 1820 3862; x_wconf 77' lang='lat' dir='ltr'><strong>continenter</strong></span> <span class='ocrx_word' id='word_1_535' title='bbox 1865 3817 1972 3872; x_wconf 90' lang='lat' dir='ltr'><strong>est,</strong></span> <span class='ocrx_word' id='word_1_536' title='bbox 2009 3824 2072 3862; x_wconf 80' lang='lat' dir='ltr'><strong>ex</strong></span> <span class='ocrx_word' id='word_1_537' title='bbox 2179 3813 2343 3875; x_wconf 84' lang='lat' dir='ltr'><strong>atque</strong></span> <span class='ocrx_word' id='word_1_538' title='bbox 2403 3802 2473 3856; x_wconf 88' lang='lat' dir='ltr'><strong>ab</strong></span> <span class='ocrx_word' id='word_1_539' title='bbox 2529 3816 2596 3856; x_wconf 90' lang='lat' dir='ltr'><strong>eo</strong></span> <span class='ocrx_word' id='word_1_540' title='bbox 2642 3816 2855 3865; x_wconf 88' lang='lat' dir='ltr'><strong>rursus,</strong></span> <span class='ocrx_word' id='word_1_541' title='bbox 2881 3803 3010 3873; x_wconf 79' lang='lat' dir='ltr'><strong>quia</strong></span> <span class='ocrx_word' id='word_1_542' title='bbox 3041 3800 3226 3866; x_wconf 75' lang='lat' dir='ltr'><strong>Pater.</strong></span> <span class='ocrx_word' id='word_1_543' title='bbox 3258 3811 3319 3854; x_wconf 83' lang='lat' dir='ltr'><strong>ul</strong></span> <span class='ocrx_word' id='word_1_544' title='bbox 3356 3801 3469 3867; x_wconf 69' lang='lat' dir='ltr'><strong>ille,</strong></span> <span class='ocrx_word' id='word_1_545' title='bbox 3509 3821 3621 3860; x_wconf 88' lang='lat' dir='ltr'><strong>non</strong></span> <span class='ocrx_word' id='word_1_546' title='bbox 3666 3819 3784 3872; x_wconf 87' lang='lat' dir='ltr'><strong>est,</strong></span> 
     </span>
    </p>
   </div>
   <div class='ocr_carea' id='block_1_42' title="bbox 399 3892 3785 3969">
    <p class='ocr_par' dir='ltr' id='par_1_42' title="bbox 399 3892 3785 3969">
     <span class='ocr_line' id='line_1_42' title="bbox 399 3892 3785 3969; baseline 0.006 -25"><span class='ocrx_word' id='word_1_547' title='bbox 399 3955 407 3959; x_wconf 21' lang='grc' dir='ltr'><em>υ</em></span> <span class='ocrx_word' id='word_1_548' title='bbox 497 3892 659 3947; x_wconf 87' lang='lat' dir='ltr'><strong>Patre</strong></span> <span class='ocrx_word' id='word_1_549' title='bbox 690 3910 834 3958; x_wconf 87' lang='lat' dir='ltr'><strong>esse,</strong></span> <span class='ocrx_word' id='word_1_550' title='bbox 864 3893 1181 3950; x_wconf 85' lang='lat' dir='ltr'><strong>differentes</strong></span> <span class='ocrx_word' id='word_1_551' title='bbox 1209 3896 1520 3952; x_wconf 90' lang='lat' dir='ltr'><strong>divinarum</strong></span> <span class='ocrx_word' id='word_1_552' title='bbox 1567 3913 1926 3967; x_wconf 89' lang='lat' dir='ltr'><strong>personarum</strong></span> <span class='ocrx_word' id='word_1_553' title='bbox 1954 3913 2078 3969; x_wconf 80' lang='lat' dir='ltr'><strong>pro—</strong></span> <span class='ocrx_word' id='word_1_554' title='bbox 2179 3895 2518 3963; x_wconf 69' lang='lat' dir='ltr'><strong>disparatus,</strong></span> <span class='ocrx_word' id='word_1_555' title='bbox 2568 3893 2966 3962; x_wconf 59' lang='lat' dir='ltr'><strong>conjunctione</strong></span> <span class='ocrx_word' id='word_1_556' title='bbox 2998 3906 3152 3957; x_wconf 69' lang='grc' dir='ltr'><strong>νεῖον</strong></span> <span class='ocrx_word' id='word_1_557' title='bbox 3187 3907 3310 3961; x_wconf 63' lang='lat' dir='ltr'><strong>quae</strong></span> <span class='ocrx_word' id='word_1_558' title='bbox 3358 3894 3432 3946; x_wconf 66' lang='lat' dir='ltr'><strong>illi</strong></span> <span class='ocrx_word' id='word_1_559' title='bbox 3465 3910 3598 3951; x_wconf 67' lang='lat' dir='ltr'><strong>cum</strong></span> <span class='ocrx_word' id='word_1_560' title='bbox 3637 3898 3785 3956; x_wconf 78' lang='lat' dir='ltr'><strong>Filio</strong></span> 
     </span>
    </p>
   </div>
   <div class='ocr_carea' id='block_1_43' title="bbox 501 3985 3788 4059">
    <p class='ocr_par' dir='ltr' id='par_1_43' title="bbox 501 3985 3788 4059">
     <span class='ocr_line' id='line_1_43' title="bbox 501 3985 3788 4059; baseline 0.005 -26"><span class='ocrx_word' id='word_1_561' title='bbox 501 3999 690 4037; x_wconf 75' lang='lat' dir='ltr'><strong>ressus</strong></span> <span class='ocrx_word' id='word_1_562' title='bbox 725 3985 992 4048; x_wconf 86' lang='lat' dir='ltr'><strong>insinuat,</strong></span> <span class='ocrx_word' id='word_1_563' title='bbox 1015 3987 1299 4056; x_wconf 86' lang='lat' dir='ltr'><strong>nascique,</strong></span> <span class='ocrx_word' id='word_1_564' title='bbox 1320 4003 1383 4041; x_wconf 83' lang='lat' dir='ltr'><strong>ae</strong></span> <span class='ocrx_word' id='word_1_565' title='bbox 1416 4002 1510 4057; x_wconf 90' lang='lat' dir='ltr'><strong>per</strong></span> <span class='ocrx_word' id='word_1_566' title='bbox 1537 3987 1734 4042; x_wconf 91' lang='lat' dir='ltr'><strong>Filium</strong></span> <span class='ocrx_word' id='word_1_567' title='bbox 1756 3988 2074 4059; x_wconf 77' lang='lat' dir='ltr'><strong>procedere,</strong></span> <span class='ocrx_word' id='word_1_568' title='bbox 2184 3988 2403 4041; x_wconf 72' lang='lat' dir='ltr'><strong>ratione</strong></span> <span class='ocrx_word' id='word_1_569' title='bbox 2430 3987 2661 4040; x_wconf 89' lang='lat' dir='ltr'><strong>increati</strong></span> <span class='ocrx_word' id='word_1_570' title='bbox 2692 3998 2821 4052; x_wconf 93' lang='lat' dir='ltr'><strong>est;</strong></span> <span class='ocrx_word' id='word_1_571' title='bbox 2868 3995 3030 4056; x_wconf 85' lang='lat' dir='ltr'><strong>atque</strong></span> <span class='ocrx_word' id='word_1_572' title='bbox 3057 4001 3125 4040; x_wconf 80' lang='lat' dir='ltr'><strong>ex</strong></span> <span class='ocrx_word' id='word_1_573' title='bbox 3156 4000 3223 4041; x_wconf 91' lang='lat' dir='ltr'><strong>eo</strong></span> <span class='ocrx_word' id='word_1_574' title='bbox 3254 3986 3400 4053; x_wconf 90' lang='lat' dir='ltr'><strong>quod</strong></span> <span class='ocrx_word' id='word_1_575' title='bbox 3438 3988 3788 4048; x_wconf 59' lang='lat' dir='ltr'><strong>substantiae</strong></span> 
     </span>
    </p>
   </div>
   <div class='ocr_carea' id='block_1_44' title="bbox 501 4062 3787 4146">
    <p class='ocr_par' dir='ltr' id='par_1_44' title="bbox 501 4062 3787 4146">
     <span class='ocr_line' id='line_1_44' title="bbox 501 4062 3787 4146; baseline 0.003 -15"><span class='ocrx_word' id='word_1_576' title='bbox 501 4077 885 4131; x_wconf 87' lang='lat' dir='ltr'><strong>substantialia</strong></span> <span class='ocrx_word' id='word_1_577' title='bbox 920 4077 1039 4130; x_wconf 88' lang='lat' dir='ltr'><strong>Filii</strong></span> <span class='ocrx_word' id='word_1_578' title='bbox 1073 4091 1138 4130; x_wconf 88' lang='lat' dir='ltr'><strong>ac</strong></span> <span class='ocrx_word' id='word_1_579' title='bbox 1171 4077 1407 4145; x_wconf 87' lang='lat' dir='ltr'><strong>Spiritus</strong></span> <span class='ocrx_word' id='word_1_580' title='bbox 1438 4093 1562 4131; x_wconf 91' lang='lat' dir='ltr'><strong>cum</strong></span> <span class='ocrx_word' id='word_1_581' title='bbox 1610 4077 1743 4144; x_wconf 86' lang='lat' dir='ltr'><strong>sint,</strong></span> <span class='ocrx_word' id='word_1_582' title='bbox 1809 4091 2073 4146; x_wconf 84' lang='lat' dir='ltr'><strong>persona-</strong></span> <span class='ocrx_word' id='word_1_583' title='bbox 2184 4062 2401 4134; x_wconf 74' lang='lat' dir='ltr'><strong>causam</strong></span> <span class='ocrx_word' id='word_1_584' title='bbox 2459 4094 2623 4133; x_wconf 89' lang='lat' dir='ltr'><strong>unam</strong></span> <span class='ocrx_word' id='word_1_585' title='bbox 2655 4094 2721 4132; x_wconf 78' lang='lat' dir='ltr'><strong>ex</strong></span> <span class='ocrx_word' id='word_1_586' title='bbox 2772 4080 2881 4133; x_wconf 84' lang='lat' dir='ltr'><strong>Deo</strong></span> <span class='ocrx_word' id='word_1_587' title='bbox 2926 4077 3172 4132; x_wconf 88' lang='lat' dir='ltr'><strong>omnium</strong></span> <span class='ocrx_word' id='word_1_588' title='bbox 3221 4077 3405 4143; x_wconf 87' lang='lat' dir='ltr'><strong>habet,</strong></span> <span class='ocrx_word' id='word_1_589' title='bbox 3446 4095 3513 4135; x_wconf 86' lang='lat' dir='ltr'><strong>ea</strong></span> <span class='ocrx_word' id='word_1_590' title='bbox 3549 4098 3787 4140; x_wconf 90' lang='lat' dir='ltr'><strong>rursum</strong></span> 
     </span>
    </p>
   </div>
   <div class='ocr_carea' id='block_1_45' title="bbox 414 4168 3794 4240">
    <p class='ocr_par' dir='ltr' id='par_1_45' title="bbox 414 4168 3794 4240">
     <span class='ocr_line' id='line_1_45' title="bbox 414 4168 3794 4240; baseline 0.002 -15"><span class='ocrx_word' id='word_1_591' title='bbox 414 4180 423 4191; x_wconf 86' lang='lat'><strong>‘</strong></span> <span class='ocrx_word' id='word_1_592' title='bbox 501 4186 623 4225; x_wconf 86' lang='lat' dir='ltr'><strong>rum</strong></span> <span class='ocrx_word' id='word_1_593' title='bbox 655 4172 913 4238; x_wconf 90' lang='lat' dir='ltr'><strong>ipsarum,</strong></span> <span class='ocrx_word' id='word_1_594' title='bbox 957 4169 1078 4224; x_wconf 92' lang='lat' dir='ltr'><strong>Filii</strong></span> <span class='ocrx_word' id='word_1_595' title='bbox 1117 4169 1325 4225; x_wconf 87' lang='lat' dir='ltr'><strong>scilicet</strong></span> <span class='ocrx_word' id='word_1_596' title='bbox 1383 4185 1448 4225; x_wconf 89' lang='lat' dir='ltr'><strong>ac</strong></span> <span class='ocrx_word' id='word_1_597' title='bbox 1492 4169 1731 4240; x_wconf 82' lang='lat' dir='ltr'><strong>Spiritus</strong></span> <span class='ocrx_word' id='word_1_598' title='bbox 1768 4173 2073 4240; x_wconf 88' lang='lat' dir='ltr'><strong>proprieta-</strong></span> <span class='ocrx_word' id='word_1_599' title='bbox 2183 4173 2516 4240; x_wconf 87' lang='lat' dir='ltr'><strong>proprietate</strong></span> <span class='ocrx_word' id='word_1_600' title='bbox 2554 4168 2932 4236; x_wconf 82' lang='lat' dir='ltr'><strong>distinguitur,</strong></span> <span class='ocrx_word' id='word_1_601' title='bbox 2964 4168 3111 4238; x_wconf 91' lang='lat' dir='ltr'><strong>quod</strong></span> <span class='ocrx_word' id='word_1_602' title='bbox 3152 4183 3330 4236; x_wconf 84' lang='lat' dir='ltr'><strong>neque</strong></span> <span class='ocrx_word' id='word_1_603' title='bbox 3364 4172 3532 4229; x_wconf 90' lang='lat' dir='ltr'><strong>unice</strong></span> <span class='ocrx_word' id='word_1_604' title='bbox 3569 4190 3641 4230; x_wconf 83' lang='lat' dir='ltr'><strong>ex</strong></span> <span class='ocrx_word' id='word_1_605' title='bbox 3680 4176 3794 4231; x_wconf 85' lang='lat' dir='ltr'><strong>Pa-</strong></span> 
     </span>
    </p>
   </div>
   <div class='ocr_carea' id='block_1_46' title="bbox 502 4256 3883 4335">
    <p class='ocr_par' dir='ltr' id='par_1_46' title="bbox 502 4256 3883 4335">
     <span class='ocr_line' id='line_1_46' title="bbox 502 4256 3883 4335; baseline 0.001 -19"><span class='ocrx_word' id='word_1_606' title='bbox 502 4272 587 4317; x_wconf 87' lang='lat' dir='ltr'><strong>tes</strong></span> <span class='ocrx_word' id='word_1_607' title='bbox 633 4274 781 4330; x_wconf 90' lang='lat' dir='ltr'><strong>sunt,</strong></span> <span class='ocrx_word' id='word_1_608' title='bbox 847 4263 1047 4333; x_wconf 88' lang='lat' dir='ltr'><strong>quibus</strong></span> <span class='ocrx_word' id='word_1_609' title='bbox 1077 4263 1145 4316; x_wconf 85' lang='lat' dir='ltr'><strong>ad</strong></span> <span class='ocrx_word' id='word_1_610' title='bbox 1200 4263 1464 4330; x_wconf 78' lang='lat' dir='ltr'><strong>invicem,</strong></span> <span class='ocrx_word' id='word_1_611' title='bbox 1510 4276 1676 4333; x_wconf 89' lang='lat' dir='ltr'><strong>atque</strong></span> <span class='ocrx_word' id='word_1_612' title='bbox 1740 4265 1808 4318; x_wconf 92' lang='lat' dir='ltr'><strong>ad</strong></span> <span class='ocrx_word' id='word_1_613' title='bbox 1861 4263 2074 4319; x_wconf 89' lang='lat' dir='ltr'><strong>Patrem</strong></span> <span class='ocrx_word' id='word_1_614' title='bbox 2184 4275 2267 4318; x_wconf 90' lang='lat' dir='ltr'><strong>tre</strong></span> <span class='ocrx_word' id='word_1_615' title='bbox 2298 4262 2568 4323; x_wconf 88' lang='lat' dir='ltr'><strong>subsistit,</strong></span> <span class='ocrx_word' id='word_1_616' title='bbox 2608 4270 2663 4314; x_wconf 92' lang='lat' dir='ltr'><strong>et</strong></span> <span class='ocrx_word' id='word_1_617' title='bbox 2718 4258 2863 4325; x_wconf 91' lang='lat' dir='ltr'><strong>quod</strong></span> <span class='ocrx_word' id='word_1_618' title='bbox 2898 4274 2992 4328; x_wconf 88' lang='lat' dir='ltr'><strong>per</strong></span> <span class='ocrx_word' id='word_1_619' title='bbox 3052 4256 3231 4327; x_wconf 84' lang='lat' dir='ltr'><strong>ipsum</strong></span> <span class='ocrx_word' id='word_1_620' title='bbox 3279 4258 3483 4316; x_wconf 87' lang='lat' dir='ltr'><strong>Filiqu</strong></span> <span class='ocrx_word' id='word_1_621' title='bbox 3550 4269 3788 4335; x_wconf 82' lang='lat' dir='ltr'><strong>prodiit.</strong></span> <span class='ocrx_word' id='word_1_622' title='bbox 3880 4304 3883 4309; x_wconf 74' lang='lat'><strong>.</strong></span> 
     </span>
    </p>
   </div>
   <div class='ocr_carea' id='block_1_47' title="bbox 503 4349 3796 4425">
    <p class='ocr_par' dir='ltr' id='par_1_47' title="bbox 503 4349 3796 4425">
     <span class='ocr_line' id='line_1_47' title="bbox 503 4349 3796 4425; baseline 0.003 -18"><span class='ocrx_word' id='word_1_623' title='bbox 503 4358 917 4409; x_wconf 86' lang='lat' dir='ltr'><strong>discernuntur.</strong></span> <span class='ocrx_word' id='word_1_624' title='bbox 969 4353 1237 4420; x_wconf 81' lang='lat' dir='ltr'><strong>Quocirca</strong></span> <span class='ocrx_word' id='word_1_625' title='bbox 1284 4359 1501 4424; x_wconf 85' lang='lat' dir='ltr'><strong>genitus</strong></span> <span class='ocrx_word' id='word_1_626' title='bbox 1554 4355 1718 4420; x_wconf 87' lang='lat' dir='ltr'><strong>alius,</strong></span> <span class='ocrx_word' id='word_1_627' title='bbox 1773 4355 2081 4425; x_wconf 88' lang='lat' dir='ltr'><strong>procedens</strong></span> <span class='ocrx_word' id='word_1_628' title='bbox 2187 4354 2397 4405; x_wconf 74' lang='lat' dir='ltr'><strong>Rursus</strong></span> <span class='ocrx_word' id='word_1_629' title='bbox 2426 4350 2613 4415; x_wconf 86' lang='lat' dir='ltr'><strong>etiam,</strong></span> <span class='ocrx_word' id='word_1_630' title='bbox 2645 4364 2768 4402; x_wconf 90' lang='lat' dir='ltr'><strong>cum</strong></span> <span class='ocrx_word' id='word_1_631' title='bbox 2804 4365 2899 4417; x_wconf 90' lang='lat' dir='ltr'><strong>per</strong></span> <span class='ocrx_word' id='word_1_632' title='bbox 2931 4349 3282 4417; x_wconf 73' lang='lat' dir='ltr'><strong>Unigenitum</strong></span> <span class='ocrx_word' id='word_1_633' title='bbox 3339 4368 3606 4411; x_wconf 85' lang='lat' dir='ltr'><strong>creatura</strong></span> <span class='ocrx_word' id='word_1_634' title='bbox 3656 4361 3796 4417; x_wconf 86' lang='lat' dir='ltr'><strong>sub-</strong></span> 
     </span>
    </p>
   </div>
   <div class='ocr_carea' id='block_1_48' title="bbox 505 4440 3795 4517">
    <p class='ocr_par' dir='ltr' id='par_1_48' title="bbox 505 4440 3795 4517">
     <span class='ocr_line' id='line_1_48' title="bbox 505 4440 3795 4517; baseline 0.002 -17"><span class='ocrx_word' id='word_1_635' title='bbox 505 4448 645 4500; x_wconf 88' lang='lat' dir='ltr'><strong>alius</strong></span> <span class='ocrx_word' id='word_1_636' title='bbox 668 4446 1009 4516; x_wconf 89' lang='lat' dir='ltr'><strong>appellatur;</strong></span> <span class='ocrx_word' id='word_1_637' title='bbox 1064 4445 1210 4500; x_wconf 89' lang='lat' dir='ltr'><strong>sicut</strong></span> <span class='ocrx_word' id='word_1_638' title='bbox 1262 4446 1425 4500; x_wconf 83' lang='lat' dir='ltr'><strong>etiam</strong></span> <span class='ocrx_word' id='word_1_639' title='bbox 1489 4448 1725 4517; x_wconf 86' lang='lat' dir='ltr'><strong>quisque</strong></span> <span class='ocrx_word' id='word_1_640' title='bbox 1755 4463 1820 4502; x_wconf 80' lang='lat' dir='ltr'><strong>ex</strong></span> <span class='ocrx_word' id='word_1_641' title='bbox 1852 4450 2107 4503; x_wconf 87' lang='lat' dir='ltr'><strong>substan-</strong></span> <span class='ocrx_word' id='word_1_642' title='bbox 2188 4444 2366 4501; x_wconf 87' lang='lat' dir='ltr'><strong>sistat.</strong></span> <span class='ocrx_word' id='word_1_643' title='bbox 2386 4457 2452 4495; x_wconf 88' lang='lat' dir='ltr'><strong>ne</strong></span> <span class='ocrx_word' id='word_1_644' title='bbox 2474 4455 2764 4495; x_wconf 85' lang='lat' dir='ltr'><strong>commune</strong></span> <span class='ocrx_word' id='word_1_645' title='bbox 2789 4440 2997 4509; x_wconf 86' lang='lat' dir='ltr'><strong>aliquid</strong></span> <span class='ocrx_word' id='word_1_646' title='bbox 3021 4440 3087 4495; x_wconf 84' lang='lat' dir='ltr'><strong>ad</strong></span> <span class='ocrx_word' id='word_1_647' title='bbox 3120 4443 3257 4496; x_wconf 88' lang='lat' dir='ltr'><strong>hanc</strong></span> <span class='ocrx_word' id='word_1_648' title='bbox 3281 4441 3529 4509; x_wconf 72' lang='lat' dir='ltr'><strong>Spiritus</strong></span> <span class='ocrx_word' id='word_1_649' title='bbox 3550 4462 3795 4510; x_wconf 85' lang='lat' dir='ltr'><strong>sanctus</strong></span> 
     </span>
    </p>
   </div>
   <div class='ocr_carea' id='block_1_49' title="bbox 506 4529 3794 4611">
    <p class='ocr_par' dir='ltr' id='par_1_49' title="bbox 506 4529 3794 4611">
     <span class='ocr_line' id='line_1_49' title="bbox 506 4529 3794 4611; baseline 0.001 -19"><span class='ocrx_word' id='word_1_650' title='bbox 506 4540 621 4592; x_wconf 83' lang='lat' dir='ltr'><strong>tiali</strong></span> <span class='ocrx_word' id='word_1_651' title='bbox 663 4541 896 4607; x_wconf 85' lang='lat' dir='ltr'><strong>termino</strong></span> <span class='ocrx_word' id='word_1_652' title='bbox 926 4538 1011 4593; x_wconf 90' lang='lat' dir='ltr'><strong>sui</strong></span> <span class='ocrx_word' id='word_1_653' title='bbox 1041 4553 1162 4594; x_wconf 89' lang='lat' dir='ltr'><strong>esse</strong></span> <span class='ocrx_word' id='word_1_654' title='bbox 1206 4541 1545 4602; x_wconf 88' lang='lat' dir='ltr'><strong>nominatur,</strong></span> <span class='ocrx_word' id='word_1_655' title='bbox 1584 4550 1747 4606; x_wconf 80' lang='lat' dir='ltr'><strong>atque</strong></span> <span class='ocrx_word' id='word_1_656' title='bbox 1777 4539 1878 4593; x_wconf 81' lang='lat' dir='ltr'><strong>hoc</strong></span> <span class='ocrx_word' id='word_1_657' title='bbox 1916 4540 2085 4608; x_wconf 89' lang='lat' dir='ltr'><strong>ipsoa</strong></span> <span class='ocrx_word' id='word_1_658' title='bbox 2121 4529 2161 4583; x_wconf 73' lang='grc' dir='ltr'><strong>ί)</strong></span> <span class='ocrx_word' id='word_1_659' title='bbox 2193 4536 2387 4588; x_wconf 55' lang='lat' dir='ltr'><strong>habere</strong></span> <span class='ocrx_word' id='word_1_660' title='bbox 2423 4541 2663 4602; x_wconf 70' lang='grc' dir='ltr'><strong>Ριιιυίιιΐν</strong></span> <span class='ocrx_word' id='word_1_661' title='bbox 2700 4532 2825 4601; x_wconf 75' lang='lat' dir='ltr'><strong>quia</strong></span> <span class='ocrx_word' id='word_1_662' title='bbox 2879 4543 2930 4586; x_wconf 85' lang='lat' dir='ltr'><strong>et</strong></span> <span class='ocrx_word' id='word_1_663' title='bbox 2985 4533 3102 4602; x_wconf 84' lang='lat' dir='ltr'><strong>ipse</strong></span> <span class='ocrx_word' id='word_1_664' title='bbox 3166 4550 3265 4604; x_wconf 92' lang='lat' dir='ltr'><strong>per</strong></span> <span class='ocrx_word' id='word_1_665' title='bbox 3307 4533 3511 4591; x_wconf 85' lang='lat' dir='ltr'><strong>Filium</strong></span> <span class='ocrx_word' id='word_1_666' title='bbox 3550 4545 3794 4611; x_wconf 77' lang='lat' dir='ltr'><strong>prodiit,</strong></span> 
     </span>
    </p>
   </div>
   <div class='ocr_carea' id='block_1_50' title="bbox 505 4626 3799 4702">
    <p class='ocr_par' dir='ltr' id='par_1_50' title="bbox 505 4626 3799 4702">
     <span class='ocr_line' id='line_1_50' title="bbox 505 4626 3799 4702; baseline 0.001 -17"><span class='ocrx_word' id='word_1_667' title='bbox 505 4633 728 4702; x_wconf 86' lang='lat' dir='ltr'><strong>reliquis</strong></span> <span class='ocrx_word' id='word_1_668' title='bbox 762 4632 1139 4699; x_wconf 75' lang='lat' dir='ltr'><strong>distinguitur.</strong></span> <span class='ocrx_word' id='word_1_669' title='bbox 1191 4632 1403 4702; x_wconf 87' lang='lat' dir='ltr'><strong>Quippe</strong></span> <span class='ocrx_word' id='word_1_670' title='bbox 1453 4633 1614 4687; x_wconf 87' lang='lat' dir='ltr'><strong>unice</strong></span> <span class='ocrx_word' id='word_1_671' title='bbox 1658 4648 1726 4686; x_wconf 82' lang='lat' dir='ltr'><strong>ex</strong></span> <span class='ocrx_word' id='word_1_672' title='bbox 1769 4630 1933 4685; x_wconf 84' lang='lat' dir='ltr'><strong>Patre</strong></span> <span class='ocrx_word' id='word_1_673' title='bbox 1960 4646 2084 4701; x_wconf 90' lang='lat' dir='ltr'><strong>pro-</strong></span> <span class='ocrx_word' id='word_1_674' title='bbox 2190 4629 2277 4680; x_wconf 78' lang='lat' dir='ltr'><strong>illa</strong></span> <span class='ocrx_word' id='word_1_675' title='bbox 2327 4626 2509 4682; x_wconf 87' lang='lat' dir='ltr'><strong>stabili</strong></span> <span class='ocrx_word' id='word_1_676' title='bbox 2560 4635 2726 4695; x_wconf 89' lang='lat' dir='ltr'><strong>atque</strong></span> <span class='ocrx_word' id='word_1_677' title='bbox 2786 4627 3222 4680; x_wconf 82' lang='lat' dir='ltr'><strong>incommutabili</strong></span> <span class='ocrx_word' id='word_1_678' title='bbox 3278 4628 3493 4682; x_wconf 77' lang='lat' dir='ltr'><strong>ratione</strong></span> <span class='ocrx_word' id='word_1_679' title='bbox 3535 4634 3799 4701; x_wconf 75' lang='lat' dir='ltr'><strong>Spiritus</strong></span> 
     </span>
    </p>
   </div>
   <div class='ocr_carea' id='block_1_51' title="bbox 504 4715 3801 4793">
    <p class='ocr_par' dir='ltr' id='par_1_51' title="bbox 504 4715 3801 4793">
     <span class='ocr_line' id='line_1_51' title="bbox 504 4715 3801 4793; baseline -0.001 -19"><span class='ocrx_word' id='word_1_680' title='bbox 504 4723 681 4793; x_wconf 83' lang='lat' dir='ltr'><strong>gredi,</strong></span> <span class='ocrx_word' id='word_1_681' title='bbox 740 4725 1014 4792; x_wconf 84' lang='lat' dir='ltr'><strong>propriam</strong></span> <span class='ocrx_word' id='word_1_682' title='bbox 1046 4721 1193 4791; x_wconf 87' lang='lat' dir='ltr'><strong>_Filii</strong></span> <span class='ocrx_word' id='word_1_683' title='bbox 1250 4721 1583 4791; x_wconf 79' lang='lat' dir='ltr'><strong>agnitionem</strong></span> <span class='ocrx_word' id='word_1_684' title='bbox 1644 4735 1792 4785; x_wconf 82' lang='lat' dir='ltr'><strong>esse,</strong></span> <span class='ocrx_word' id='word_1_685' title='bbox 1848 4720 1918 4774; x_wconf 85' lang='lat' dir='ltr'><strong>Ba</strong></span> <span class='ocrx_word' id='word_1_686' title='bbox 1958 4720 2084 4774; x_wconf 85' lang='lat' dir='ltr'><strong>ilius</strong></span> <span class='ocrx_word' id='word_1_687' title='bbox 2188 4729 2411 4772; x_wconf 75' lang='lat' dir='ltr'><strong>sanctus</strong></span> <span class='ocrx_word' id='word_1_688' title='bbox 2467 4733 2497 4771; x_wconf 89' lang='lat' dir='ltr'><strong>a</strong></span> <span class='ocrx_word' id='word_1_689' title='bbox 2564 4725 2812 4770; x_wconf 86' lang='lat' dir='ltr'><strong>creatura</strong></span> <span class='ocrx_word' id='word_1_690' title='bbox 2867 4715 3215 4772; x_wconf 85' lang='lat' dir='ltr'><strong>discernitur.</strong></span> <span class='ocrx_word' id='word_1_691' title='bbox 3257 4735 3274 4767; x_wconf 75' lang='grc' dir='ltr'><strong><em>ι</em></strong></span> <span class='ocrx_word' id='word_1_692' title='bbox 3337 4717 3394 4771; x_wconf 89' lang='lat' dir='ltr'><strong>Si</strong></span> <span class='ocrx_word' id='word_1_693' title='bbox 3461 4718 3647 4791; x_wconf 64' lang='lat' dir='ltr'><strong>igitur</strong></span> <span class='ocrx_word' id='word_1_694' title='bbox 3740 4727 3801 4784; x_wconf 72' lang='lat' dir='ltr'><strong>id</strong></span> 
     </span>
    </p>
   </div>
   <div class='ocr_carea' id='block_1_52' title="bbox 506 4804 3797 4885">
    <p class='ocr_par' dir='ltr' id='par_1_52' title="bbox 506 4804 3797 4885">
     <span class='ocr_line' id='line_1_52' title="bbox 506 4804 3797 4885; baseline 0.001 -18"><span class='ocrx_word' id='word_1_695' title='bbox 506 4816 706 4868; x_wconf 88' lang='lat' dir='ltr'><strong>astruit</strong></span> <span class='ocrx_word' id='word_1_696' title='bbox 740 4831 753 4867; x_wconf 93' lang='lat'>:</span> <span class='ocrx_word' id='word_1_697' title='bbox 790 4824 956 4883; x_wconf 92' lang='lat' dir='ltr'><strong>atque</strong></span> <span class='ocrx_word' id='word_1_698' title='bbox 1005 4814 1111 4868; x_wconf 92' lang='lat' dir='ltr'><strong>hoc</strong></span> <span class='ocrx_word' id='word_1_699' title='bbox 1136 4830 1165 4867; x_wconf 90' lang='lat' dir='ltr'><strong>a</strong></span> <span class='ocrx_word' id='word_1_700' title='bbox 1197 4813 1358 4867; x_wconf 85' lang='lat' dir='ltr'><strong>Patre</strong></span> <span class='ocrx_word' id='word_1_701' title='bbox 1392 4812 1634 4868; x_wconf 83' lang='lat' dir='ltr'><strong>discerni</strong></span> <span class='ocrx_word' id='word_1_702' title='bbox 1678 4821 1733 4867; x_wconf 89' lang='lat' dir='ltr'><strong>et</strong></span> <span class='ocrx_word' id='word_1_703' title='bbox 1779 4827 1810 4865; x_wconf 87' lang='lat' dir='ltr'><strong>a</strong></span> <span class='ocrx_word' id='word_1_704' title='bbox 1854 4810 2082 4881; x_wconf 85' lang='lat' dir='ltr'><strong>Spiritu,</strong></span> <span class='ocrx_word' id='word_1_705' title='bbox 2188 4804 2390 4872; x_wconf 77' lang='lat' dir='ltr'><strong>solum,</strong></span> <span class='ocrx_word' id='word_1_706' title='bbox 2429 4808 2574 4878; x_wconf 86' lang='lat' dir='ltr'><strong>quod</strong></span> <span class='ocrx_word' id='word_1_707' title='bbox 2606 4808 2764 4861; x_wconf 90' lang='lat' dir='ltr'><strong>unice</strong></span> <span class='ocrx_word' id='word_1_708' title='bbox 2811 4805 2980 4863; x_wconf 88' lang='lat' dir='ltr'><strong>Filius</strong></span> <span class='ocrx_word' id='word_1_709' title='bbox 3025 4822 3090 4860; x_wconf 84' lang='lat' dir='ltr'><strong>ex</strong></span> <span class='ocrx_word' id='word_1_710' title='bbox 3127 4808 3368 4878; x_wconf 90' lang='lat' dir='ltr'><strong>ingenito</strong></span> <span class='ocrx_word' id='word_1_711' title='bbox 3398 4808 3623 4870; x_wconf 85' lang='lat' dir='ltr'><strong>lumine</strong></span> <span class='ocrx_word' id='word_1_712' title='bbox 3681 4828 3797 4885; x_wconf 85' lang='lat' dir='ltr'><strong>est,</strong></span> 
     </span>
    </p>
   </div>
   <div class='ocr_carea' id='block_1_53' title="bbox 506 4900 3801 4980">
    <p class='ocr_par' dir='ltr' id='par_1_53' title="bbox 506 4900 3801 4980">
     <span class='ocr_line' id='line_1_53' title="bbox 506 4900 3801 4980; baseline -0.001 -23"><span class='ocrx_word' id='word_1_713' title='bbox 506 4922 629 4960; x_wconf 77' lang='lat' dir='ltr'><strong>rum</strong></span> <span class='ocrx_word' id='word_1_714' title='bbox 670 4906 880 4962; x_wconf 88' lang='lat' dir='ltr'><strong>scilicet</strong></span> <span class='ocrx_word' id='word_1_715' title='bbox 905 4921 1001 4975; x_wconf 90' lang='lat' dir='ltr'><strong>per</strong></span> <span class='ocrx_word' id='word_1_716' title='bbox 1037 4906 1179 4959; x_wconf 79' lang='lat' dir='ltr'><strong>lianc</strong></span> <span class='ocrx_word' id='word_1_717' title='bbox 1210 4905 1596 4974; x_wconf 85' lang='lat' dir='ltr'><strong>proprietatem</strong></span> <span class='ocrx_word' id='word_1_718' title='bbox 1643 4918 1823 4969; x_wconf 85' lang='lat' dir='ltr'><strong>suam,</strong></span> <span class='ocrx_word' id='word_1_719' title='bbox 1875 4902 2084 4957; x_wconf 89' lang='lat' dir='ltr'><strong>nullam</strong></span> <span class='ocrx_word' id='word_1_720' title='bbox 2193 4902 2407 4970; x_wconf 89' lang='lat' dir='ltr'><strong>propria</strong></span> <span class='ocrx_word' id='word_1_721' title='bbox 2434 4902 2577 4955; x_wconf 90' lang='lat' dir='ltr'><strong>illius</strong></span> <span class='ocrx_word' id='word_1_722' title='bbox 2612 4902 2849 4969; x_wconf 85' lang='lat' dir='ltr'><strong>cognitio</strong></span> <span class='ocrx_word' id='word_1_723' title='bbox 2875 4911 2980 4965; x_wconf 90' lang='lat' dir='ltr'><strong>est,</strong></span> <span class='ocrx_word' id='word_1_724' title='bbox 3008 4915 3113 4969; x_wconf 89' lang='lat' dir='ltr'><strong>qua</strong></span> <span class='ocrx_word' id='word_1_725' title='bbox 3146 4915 3175 4953; x_wconf 89' lang='lat' dir='ltr'><strong>a</strong></span> <span class='ocrx_word' id='word_1_726' title='bbox 3219 4900 3379 4955; x_wconf 90' lang='lat' dir='ltr'><strong>Patre</strong></span> <span class='ocrx_word' id='word_1_727' title='bbox 3413 4902 3801 4980; x_wconf 72' lang='lat' dir='ltr'><strong>Spiritusque</strong></span> 
     </span>
    </p>
   </div>
   <div class='ocr_carea' id='block_1_54' title="bbox 507 4993 3843 5069">
    <p class='ocr_par' dir='ltr' id='par_1_54' title="bbox 507 4993 3843 5069">
     <span class='ocr_line' id='line_1_54' title="bbox 507 4993 3843 5069; baseline 0.001 -16"><span class='ocrx_word' id='word_1_728' title='bbox 507 5001 579 5054; x_wconf 79' lang='lat' dir='ltr'><strong>ad</strong></span> <span class='ocrx_word' id='word_1_729' title='bbox 617 5000 831 5053; x_wconf 87' lang='lat' dir='ltr'><strong>Patrem</strong></span> <span class='ocrx_word' id='word_1_730' title='bbox 900 5007 1066 5068; x_wconf 86' lang='lat' dir='ltr'><strong>atque</strong></span> <span class='ocrx_word' id='word_1_731' title='bbox 1103 4998 1170 5052; x_wconf 88' lang='lat' dir='ltr'><strong>ad</strong></span> <span class='ocrx_word' id='word_1_732' title='bbox 1221 5004 1472 5051; x_wconf 86' lang='lat' dir='ltr'><strong>sanctum</strong></span> <span class='ocrx_word' id='word_1_733' title='bbox 1531 4995 1795 5065; x_wconf 87' lang='lat' dir='ltr'><strong>Spiritqu</strong></span> <span class='ocrx_word' id='word_1_734' title='bbox 1840 5011 2089 5051; x_wconf 85' lang='lat' dir='ltr'><strong>commu—</strong></span> <span class='ocrx_word' id='word_1_735' title='bbox 2191 4994 2565 5062; x_wconf 83' lang='lat' dir='ltr'><strong>distinguitur,</strong></span> <span class='ocrx_word' id='word_1_736' title='bbox 2602 4994 2651 5046; x_wconf 92' lang='lat' dir='ltr'><strong>id</strong></span> <span class='ocrx_word' id='word_1_737' title='bbox 2680 5006 2857 5047; x_wconf 89' lang='lat' dir='ltr'><strong>autem</strong></span> <span class='ocrx_word' id='word_1_738' title='bbox 2888 5004 2968 5047; x_wconf 90' lang='lat' dir='ltr'><strong>est</strong></span> <span class='ocrx_word' id='word_1_739' title='bbox 3010 5007 3075 5046; x_wconf 79' lang='lat' dir='ltr'><strong>ex</strong></span> <span class='ocrx_word' id='word_1_740' title='bbox 3108 4993 3266 5047; x_wconf 83' lang='lat' dir='ltr'><strong>Patre</strong></span> <span class='ocrx_word' id='word_1_741' title='bbox 3297 4994 3417 5047; x_wconf 85' lang='lat' dir='ltr'><strong>sine</strong></span> <span class='ocrx_word' id='word_1_742' title='bbox 3449 4996 3573 5051; x_wconf 88' lang='lat' dir='ltr'><strong>ullo</strong></span> <span class='ocrx_word' id='word_1_743' title='bbox 3600 5005 3801 5060; x_wconf 88' lang='lat' dir='ltr'><strong>medio</strong></span> <span class='ocrx_word' id='word_1_744' title='bbox 3836 5020 3843 5069; x_wconf 70' lang='grc' dir='ltr'><strong><em>ζ</em></strong></span> 
     </span>
    </p>
   </div>
   <div class='ocr_carea' id='block_1_55' title="bbox 509 5080 3825 5159">
    <p class='ocr_par' dir='ltr' id='par_1_55' title="bbox 509 5080 3825 5159">
     <span class='ocr_line' id='line_1_55' title="bbox 509 5080 3825 5159; baseline 0.001 -14"><span class='ocrx_word' id='word_1_745' title='bbox 509 5095 728 5146; x_wconf 88' lang='lat' dir='ltr'><strong>nionem</strong></span> <span class='ocrx_word' id='word_1_746' title='bbox 762 5092 978 5157; x_wconf 87' lang='lat' dir='ltr'><strong>habeat,</strong></span> <span class='ocrx_word' id='word_1_747' title='bbox 1024 5099 1079 5144; x_wconf 90' lang='lat' dir='ltr'><strong>et</strong></span> <span class='ocrx_word' id='word_1_748' title='bbox 1111 5102 1234 5159; x_wconf 74' lang='lat' dir='ltr'><strong>qua:</strong></span> <span class='ocrx_word' id='word_1_749' title='bbox 1285 5089 1339 5143; x_wconf 91' lang='lat' dir='ltr'><strong>in</strong></span> <span class='ocrx_word' id='word_1_750' title='bbox 1376 5089 1519 5144; x_wconf 84' lang='lat' dir='ltr'><strong>hanc</strong></span> <span class='ocrx_word' id='word_1_751' title='bbox 1562 5088 1891 5143; x_wconf 87' lang='lat' dir='ltr'><strong>sententiam</strong></span> <span class='ocrx_word' id='word_1_752' title='bbox 1938 5102 2095 5157; x_wconf 43' lang='lat' dir='ltr'><strong>praes</strong></span> <span class='ocrx_word' id='word_1_753' title='bbox 2189 5099 2331 5149; x_wconf 81' lang='lat' dir='ltr'><strong>esse,</strong></span> <span class='ocrx_word' id='word_1_754' title='bbox 2361 5083 2599 5150; x_wconf 88' lang='lat' dir='ltr'><strong>Spiritus</strong></span> <span class='ocrx_word' id='word_1_755' title='bbox 2649 5092 2828 5135; x_wconf 88' lang='lat' dir='ltr'><strong>autem</strong></span> <span class='ocrx_word' id='word_1_756' title='bbox 2863 5092 3086 5136; x_wconf 85' lang='lat' dir='ltr'><strong>sanctus</strong></span> <span class='ocrx_word' id='word_1_757' title='bbox 3119 5098 3147 5135; x_wconf 93' lang='lat' dir='ltr'><strong>a</strong></span> <span class='ocrx_word' id='word_1_758' title='bbox 3179 5080 3315 5136; x_wconf 83' lang='lat' dir='ltr'><strong>Filio</strong></span> <span class='ocrx_word' id='word_1_759' title='bbox 3348 5097 3410 5136; x_wconf 86' lang='lat' dir='ltr'><strong>ea</strong></span> <span class='ocrx_word' id='word_1_760' title='bbox 3437 5084 3825 5155; x_wconf 47' lang='lat' dir='ltr'><strong>praprietate&#39;</strong></span> 
     </span>
    </p>
   </div>
   <div class='ocr_carea' id='block_1_56' title="bbox 417 5172 3802 5254">
    <p class='ocr_par' dir='ltr' id='par_1_56' title="bbox 417 5172 3802 5254">
     <span class='ocr_line' id='line_1_56' title="bbox 417 5172 3802 5254; baseline 0.001 -22"><span class='ocrx_word' id='word_1_761' title='bbox 417 5214 429 5225; x_wconf 55' lang='grc' dir='ltr'><em>κ</em></span> <span class='ocrx_word' id='word_1_762' title='bbox 514 5183 655 5235; x_wconf 80' lang='lat' dir='ltr'><strong>dicta</strong></span> <span class='ocrx_word' id='word_1_763' title='bbox 692 5192 838 5235; x_wconf 91' lang='lat' dir='ltr'><strong>sunt.</strong></span> <span class='ocrx_word' id='word_1_764' title='bbox 880 5179 1119 5248; x_wconf 85' lang='lat' dir='ltr'><strong>Spiritus</strong></span> <span class='ocrx_word' id='word_1_765' title='bbox 1149 5189 1330 5232; x_wconf 90' lang='lat' dir='ltr'><strong>autem</strong></span> <span class='ocrx_word' id='word_1_766' title='bbox 1368 5192 1396 5230; x_wconf 90' lang='lat' dir='ltr'><strong>a</strong></span> <span class='ocrx_word' id='word_1_767' title='bbox 1438 5177 1597 5232; x_wconf 85' lang='lat' dir='ltr'><strong>Patre</strong></span> <span class='ocrx_word' id='word_1_768' title='bbox 1631 5176 1876 5246; x_wconf 88' lang='lat' dir='ltr'><strong>quidem,</strong></span> <span class='ocrx_word' id='word_1_769' title='bbox 1914 5177 2082 5231; x_wconf 85' lang='lat' dir='ltr'><strong>veluti</strong></span> <span class='ocrx_word' id='word_1_770' title='bbox 2189 5177 2543 5249; x_wconf 84' lang='lat' dir='ltr'><strong>discernitur,</strong></span> <span class='ocrx_word' id='word_1_771' title='bbox 2603 5175 2749 5244; x_wconf 83' lang='lat' dir='ltr'><strong>quod</strong></span> <span class='ocrx_word' id='word_1_772' title='bbox 2799 5189 2894 5244; x_wconf 90' lang='lat' dir='ltr'><strong>per</strong></span> <span class='ocrx_word' id='word_1_773' title='bbox 2946 5172 3144 5228; x_wconf 76' lang='lat' dir='ltr'><strong>Filium</strong></span> <span class='ocrx_word' id='word_1_774' title='bbox 3212 5176 3390 5243; x_wconf 87' lang='lat' dir='ltr'><strong>ipsum</strong></span> <span class='ocrx_word' id='word_1_775' title='bbox 3453 5177 3535 5230; x_wconf 86' lang='lat' dir='ltr'><strong>sit</strong></span> <span class='ocrx_word' id='word_1_776' title='bbox 3620 5192 3802 5254; x_wconf 83' lang='lat' dir='ltr'><strong>atque</strong></span> 
     </span>
    </p>
   </div>
   <div class='ocr_carea' id='block_1_57' title="bbox 465 5265 3804 5339">
    <p class='ocr_par' dir='ltr' id='par_1_57' title="bbox 465 5265 3804 5339">
     <span class='ocr_line' id='line_1_57' title="bbox 465 5265 3804 5339; baseline 0.001 -14"><span class='ocrx_word' id='word_1_777' title='bbox 465 5308 473 5324; x_wconf 85' lang='lat'><strong>.</strong></span> <span class='ocrx_word' id='word_1_778' title='bbox 512 5289 540 5327; x_wconf 91' lang='lat' dir='ltr'><strong>a</strong></span> <span class='ocrx_word' id='word_1_779' title='bbox 578 5289 740 5328; x_wconf 84' lang='lat' dir='ltr'><strong>causa</strong></span> <span class='ocrx_word' id='word_1_780' title='bbox 775 5271 991 5327; x_wconf 81' lang='lat' dir='ltr'><strong>causale</strong></span> <span class='ocrx_word' id='word_1_781' title='bbox 1045 5269 1431 5339; x_wconf 85' lang='lat' dir='ltr'><strong>distinguitur;</strong></span> <span class='ocrx_word' id='word_1_782' title='bbox 1510 5283 1539 5322; x_wconf 91' lang='lat' dir='ltr'><strong>a</strong></span> <span class='ocrx_word' id='word_1_783' title='bbox 1568 5265 1708 5322; x_wconf 86' lang='lat' dir='ltr'><strong>Filio</strong></span> <span class='ocrx_word' id='word_1_784' title='bbox 1735 5276 1944 5330; x_wconf 86' lang='lat' dir='ltr'><strong>autem,</strong></span> <span class='ocrx_word' id='word_1_785' title='bbox 1992 5283 2088 5337; x_wconf 88' lang='lat' dir='ltr'><strong>per</strong></span> <span class='ocrx_word' id='word_1_786' title='bbox 2192 5269 2457 5338; x_wconf 75' lang='lat' dir='ltr'><strong>procedit,</strong></span> <span class='ocrx_word' id='word_1_787' title='bbox 2506 5278 2719 5322; x_wconf 88' lang='lat' dir='ltr'><strong>constat</strong></span> <span class='ocrx_word' id='word_1_788' title='bbox 2769 5266 3016 5337; x_wconf 81' lang='lat' dir='ltr'><strong>profecto</strong></span> <span class='ocrx_word' id='word_1_789' title='bbox 3081 5266 3344 5334; x_wconf 86' lang='lat' dir='ltr'><strong>Spiritum</strong></span> <span class='ocrx_word' id='word_1_790' title='bbox 3404 5280 3680 5327; x_wconf 84' lang='lat' dir='ltr'><strong>sanctum</strong></span> <span class='ocrx_word' id='word_1_791' title='bbox 3726 5293 3804 5333; x_wconf 78' lang='lat' dir='ltr'><strong>ex</strong></span> 
     </span>
    </p>
   </div>
   <div class='ocr_carea' id='block_1_58' title="bbox 510 5356 3805 5434">
    <p class='ocr_par' dir='ltr' id='par_1_58' title="bbox 510 5356 3805 5434">
     <span class='ocr_line' id='line_1_58' title="bbox 510 5356 3805 5434; baseline -0.001 -16"><span class='ocrx_word' id='word_1_792' title='bbox 510 5381 735 5420; x_wconf 88' lang='lat' dir='ltr'><strong>causam</strong></span> <span class='ocrx_word' id='word_1_793' title='bbox 787 5380 953 5434; x_wconf 86' lang='lat' dir='ltr'><strong>quam</strong></span> <span class='ocrx_word' id='word_1_794' title='bbox 992 5362 1158 5418; x_wconf 81' lang='lat' dir='ltr'><strong>habet</strong></span> <span class='ocrx_word' id='word_1_795' title='bbox 1188 5377 1220 5415; x_wconf 90' lang='lat' dir='ltr'><strong>a</strong></span> <span class='ocrx_word' id='word_1_796' title='bbox 1276 5361 1464 5426; x_wconf 81' lang='lat' dir='ltr'><strong>Patre,</strong></span> <span class='ocrx_word' id='word_1_797' title='bbox 1502 5376 1600 5431; x_wconf 88' lang='lat' dir='ltr'><strong>per</strong></span> <span class='ocrx_word' id='word_1_798' title='bbox 1659 5361 1833 5429; x_wconf 89' lang='lat' dir='ltr'><strong>ipsum</strong></span> <span class='ocrx_word' id='word_1_799' title='bbox 1895 5376 2090 5430; x_wconf 82' lang='lat' dir='ltr'><strong>proce-</strong></span> <span class='ocrx_word' id='word_1_800' title='bbox 2188 5359 2348 5415; x_wconf 86' lang='lat' dir='ltr'><strong>Patre</strong></span> <span class='ocrx_word' id='word_1_801' title='bbox 2366 5362 2484 5415; x_wconf 91' lang='lat' dir='ltr'><strong>sine</strong></span> <span class='ocrx_word' id='word_1_802' title='bbox 2517 5359 2696 5412; x_wconf 88' lang='lat' dir='ltr'><strong>medio</strong></span> <span class='ocrx_word' id='word_1_803' title='bbox 2724 5374 2828 5411; x_wconf 89' lang='lat' dir='ltr'><strong>non</strong></span> <span class='ocrx_word' id='word_1_804' title='bbox 2870 5373 3014 5412; x_wconf 91' lang='lat' dir='ltr'><strong>esse.</strong></span> <span class='ocrx_word' id='word_1_805' title='bbox 3040 5356 3428 5427; x_wconf 47' lang='lat' dir='ltr'><strong>lllquippe.est</strong></span> <span class='ocrx_word' id='word_1_806' title='bbox 3456 5372 3596 5419; x_wconf 87' lang='lat' dir='ltr'><strong>esse</strong></span> <span class='ocrx_word' id='word_1_807' title='bbox 3623 5367 3805 5423; x_wconf 72' lang='lat' dir='ltr'><strong>unice</strong></span> 
     </span>
    </p>
   </div>
   <div class='ocr_carea' id='block_1_59' title="bbox 512 5447 3805 5523">
    <p class='ocr_par' dir='ltr' id='par_1_59' title="bbox 512 5447 3805 5523">
     <span class='ocr_line' id='line_1_59' title="bbox 512 5447 3805 5523; baseline 0.001 -18"><span class='ocrx_word' id='word_1_808' title='bbox 512 5456 647 5511; x_wconf 77' lang='lat' dir='ltr'><strong>deus</strong></span> <span class='ocrx_word' id='word_1_809' title='bbox 678 5473 692 5510; x_wconf 90' lang='lat'><strong>:</strong></span> <span class='ocrx_word' id='word_1_810' title='bbox 736 5457 837 5510; x_wconf 88' lang='lat' dir='ltr'><strong>hac</strong></span> <span class='ocrx_word' id='word_1_811' title='bbox 868 5456 1079 5511; x_wconf 87' lang='lat' dir='ltr'><strong>scilicet</strong></span> <span class='ocrx_word' id='word_1_812' title='bbox 1108 5454 1398 5520; x_wconf 79' lang='lat' dir='ltr'><strong>preccssus</strong></span> <span class='ocrx_word' id='word_1_813' title='bbox 1427 5454 1751 5518; x_wconf 76' lang='lat' dir='ltr'><strong>dilferentia,</strong></span> <span class='ocrx_word' id='word_1_814' title='bbox 1787 5454 1931 5523; x_wconf 81' lang='lat' dir='ltr'><strong>quod</strong></span> <span class='ocrx_word' id='word_1_815' title='bbox 1995 5453 2085 5507; x_wconf 90' lang='lat' dir='ltr'><strong>ille</strong></span> <span class='ocrx_word' id='word_1_816' title='bbox 2195 5470 2259 5506; x_wconf 78' lang='lat' dir='ltr'><strong>ex</strong></span> <span class='ocrx_word' id='word_1_817' title='bbox 2295 5453 2450 5506; x_wconf 87' lang='lat' dir='ltr'><strong>Patre</strong></span> <span class='ocrx_word' id='word_1_818' title='bbox 2474 5490 2488 5515; x_wconf 94' lang='lat'><strong>,</strong></span> <span class='ocrx_word' id='word_1_819' title='bbox 2531 5451 2675 5520; x_wconf 90' lang='lat' dir='ltr'><strong>quod</strong></span> <span class='ocrx_word' id='word_1_820' title='bbox 2709 5447 2829 5501; x_wconf 69' lang='grc' dir='ltr'><strong>Ειιίί</strong></span> <span class='ocrx_word' id='word_1_821' title='bbox 2863 5449 3423 5518; x_wconf 76' lang='lat' dir='ltr'><strong>persome’proprium</strong></span> <span class='ocrx_word' id='word_1_822' title='bbox 3467 5460 3587 5506; x_wconf 85' lang='lat' dir='ltr'><strong>est.</strong></span> <span class='ocrx_word' id='word_1_823' title='bbox 3633 5454 3699 5510; x_wconf 84' lang='lat' dir='ltr'><strong>In</strong></span> <span class='ocrx_word' id='word_1_824' title='bbox 3730 5472 3805 5513; x_wconf 86' lang='lat' dir='ltr'><strong>eo</strong></span> 
     </span>
    </p>
   </div>
   <div class='ocr_carea' id='block_1_60' title="bbox 514 5534 3804 5617">
    <p class='ocr_par' dir='ltr' id='par_1_60' title="bbox 514 5534 3804 5617">
     <span class='ocr_line' id='line_1_60' title="bbox 514 5534 3804 5617; baseline -0 -17"><span class='ocrx_word' id='word_1_825' title='bbox 514 5534 826 5602; x_wconf 68' lang='lat' dir='ltr'><strong>immediate</strong></span> <span class='ocrx_word' id='word_1_826' title='bbox 863 5554 1029 5615; x_wconf 88' lang='lat' dir='ltr'><strong>atque</strong></span> <span class='ocrx_word' id='word_1_827' title='bbox 1079 5543 1426 5599; x_wconf 84' lang='lat' dir='ltr'><strong>continenter</strong></span> <span class='ocrx_word' id='word_1_828' title='bbox 1455 5562 1517 5600; x_wconf 83' lang='lat' dir='ltr'><strong>ex</strong></span> <span class='ocrx_word' id='word_1_829' title='bbox 1552 5544 1749 5617; x_wconf 88' lang='lat' dir='ltr'><strong>primo,</strong></span> <span class='ocrx_word' id='word_1_830' title='bbox 1783 5544 1872 5600; x_wconf 85' lang='lat' dir='ltr'><strong>hic</strong></span> <span class='ocrx_word' id='word_1_831' title='bbox 1904 5553 2084 5599; x_wconf 81' lang='lat' dir='ltr'><strong>autem</strong></span> <span class='ocrx_word' id='word_1_832' title='bbox 2197 5547 2341 5601; x_wconf 86' lang='lat' dir='ltr'><strong>enim</strong></span> <span class='ocrx_word' id='word_1_833' title='bbox 2398 5543 2543 5615; x_wconf 87' lang='lat' dir='ltr'><strong>quod</strong></span> <span class='ocrx_word' id='word_1_834' title='bbox 2593 5556 2768 5612; x_wconf 87' lang='lat' dir='ltr'><strong>neque</strong></span> <span class='ocrx_word' id='word_1_835' title='bbox 2812 5542 2971 5598; x_wconf 86' lang='lat' dir='ltr'><strong>unice</strong></span> <span class='ocrx_word' id='word_1_836' title='bbox 2996 5556 3061 5594; x_wconf 74' lang='lat' dir='ltr'><strong>ex</strong></span> <span class='ocrx_word' id='word_1_837' title='bbox 3088 5539 3269 5607; x_wconf 88' lang='lat' dir='ltr'><strong>Patre,</strong></span> <span class='ocrx_word' id='word_1_838' title='bbox 3305 5540 3401 5597; x_wconf 90' lang='lat' dir='ltr'><strong>sed</strong></span> <span class='ocrx_word' id='word_1_839' title='bbox 3434 5554 3542 5610; x_wconf 79' lang='lat' dir='ltr'><strong>per</strong></span> <span class='ocrx_word' id='word_1_840' title='bbox 3575 5545 3804 5606; x_wconf 81' lang='lat' dir='ltr'><strong>Filium</strong></span> 
     </span>
    </p>
   </div>
   <div class='ocr_carea' id='block_1_61' title="bbox 583 5734 3803 5824">
    <p class='ocr_par' dir='ltr' id='par_1_61' title="bbox 583 5734 3803 5824">
     <span class='ocr_line' id='line_1_61' title="bbox 583 5734 3803 5824; baseline 0.002 -25"><span class='ocrx_word' id='word_1_841' title='bbox 583 5746 694 5824; x_wconf 57' lang='grc' dir='ltr'><strong>(μέ)</strong></span> <span class='ocrx_word' id='word_1_842' title='bbox 734 5745 1268 5824; x_wconf 43' lang='lat' dir='ltr'><strong>CitalnBellartninus</strong></span> <span class='ocrx_word' id='word_1_843' title='bbox 1431 5762 1466 5801; x_wconf 91' lang='lat' dir='ltr'><strong>ll</strong></span> <span class='ocrx_word' id='word_1_844' title='bbox 1504 5744 1578 5802; x_wconf 84' lang='lat' dir='ltr'><strong>De</strong></span> <span class='ocrx_word' id='word_1_845' title='bbox 1628 5745 1860 5814; x_wconf 84' lang='lat' dir='ltr'><strong>Christo,</strong></span> <span class='ocrx_word' id='word_1_846' title='bbox 1899 5762 1947 5804; x_wconf 88' lang='lat' dir='ltr'><strong>c.</strong></span> <span class='ocrx_word' id='word_1_847' title='bbox 1997 5747 2089 5815; x_wconf 67' lang='lat'><strong>25,</strong></span> <span class='ocrx_word' id='word_1_848' title='bbox 2223 5816 2233 5824; x_wconf 85' lang='lat'>_</span> <span class='ocrx_word' id='word_1_849' title='bbox 2270 5744 2482 5824; x_wconf 6' lang='lat' dir='ltr'><strong>(i5)j_ln</strong></span> <span class='ocrx_word' id='word_1_850' title='bbox 2537 5744 2664 5824; x_wconf 70' lang='lat' dir='ltr'><strong>edit.</strong></span> <span class='ocrx_word' id='word_1_851' title='bbox 2705 5742 2845 5824; x_wconf 31' lang='lat' dir='ltr'><strong>Biillii</strong></span> <span class='ocrx_word' id='word_1_852' title='bbox 2881 5750 2955 5824; x_wconf 83' lang='lat' dir='ltr'><strong>est</strong></span> <span class='ocrx_word' id='word_1_853' title='bbox 2992 5756 3043 5824; x_wconf 61' lang='grc' dir='ltr'><strong>ς.</strong></span> <span class='ocrx_word' id='word_1_854' title='bbox 3078 5734 3165 5811; x_wconf 69' lang='grc'><strong>15,</strong></span> <span class='ocrx_word' id='word_1_855' title='bbox 3197 5741 3233 5798; x_wconf 80' lang='grc' dir='ltr'><strong>ι.</strong></span> <span class='ocrx_word' id='word_1_856' title='bbox 3265 5757 3277 5797; x_wconf 94' lang='lat' dir='ltr'><strong>l</strong></span> <span class='ocrx_word' id='word_1_857' title='bbox 3321 5739 3477 5795; x_wconf 81' lang='lat' dir='ltr'><strong>Fidei</strong></span> <span class='ocrx_word' id='word_1_858' title='bbox 3510 5749 3752 5807; x_wconf 82' lang='lat' dir='ltr'><strong>orthod.</strong></span> <span class='ocrx_word' id='word_1_859' title='bbox 3784 5772 3803 5822; x_wconf 92' lang='lat'><strong>;</strong></span> 
     </span>
    </p>
   </div>
   <div class='ocr_carea' id='block_1_62' title="bbox 499 5814 3045 5881">
    <p class='ocr_par' dir='ltr' id='par_1_62' title="bbox 499 5814 3045 5881">
     <span class='ocr_line' id='line_1_62' title="bbox 499 5814 3045 5881; baseline -0.003 -8"><span class='ocrx_word' id='word_1_860' title='bbox 499 5814 613 5873; x_wconf 67' lang='lat' dir='ltr'><strong>sub</strong></span> <span class='ocrx_word' id='word_1_861' title='bbox 645 5819 841 5881; x_wconf 85' lang='lat' dir='ltr'><strong>tinem;</strong></span> <span class='ocrx_word' id='word_1_862' title='bbox 873 5814 1122 5871; x_wconf 83' lang='lat' dir='ltr'><strong>Gennad.</strong></span> <span class='ocrx_word' id='word_1_863' title='bbox 1156 5828 1290 5872; x_wconf 89' lang='lat' dir='ltr'><strong>sect.</strong></span> <span class='ocrx_word' id='word_1_864' title='bbox 1321 5818 1374 5873; x_wconf 79' lang='lat'><strong>5.</strong></span> <span class='ocrx_word' id='word_1_865' title='bbox 2074 5814 2079 5815; x_wconf 53' lang='grc'><strong>“</strong></span> <span class='ocrx_word' id='word_1_866' title='bbox 2190 5816 2319 5870; x_wconf 79' lang='lat' dir='ltr'><strong>citat</strong></span> <span class='ocrx_word' id='word_1_867' title='bbox 2356 5815 2519 5867; x_wconf 89' lang='lat' dir='ltr'><strong>rtiam</strong></span> <span class='ocrx_word' id='word_1_868' title='bbox 2551 5814 2794 5870; x_wconf 88' lang='lat' dir='ltr'><strong>Genuad.</strong></span> <span class='ocrx_word' id='word_1_869' title='bbox 2829 5820 2962 5869; x_wconf 86' lang='lat' dir='ltr'><strong>sect.</strong></span> <span class='ocrx_word' id='word_1_870' title='bbox 2992 5814 3045 5867; x_wconf 82' lang='grc'><strong>5.</strong></span> 
     </span>
    </p>
   </div>
  </div>
