4106 6498
400 447 474 515 29
530 511 545 526 .
836 506 841 514 .
1522 466 1934 530 anvsnsus
1972 450 2292 531 GRAECOS
2314 471 2468 534 LIB.
2513 472 2566 535 Ι.
3205 509 3211 515 ρ
3605 468 3675 532 30

403 568 494 631 sit,
517 569 794 640 propriam
845 570 1082 644 Spiritus
1116 574 1448 647 agnitionem
1510 583 1702 635 doctor
1733 597 1857 637 esse
1885 579 1985 636 ait.
2016 588 2063 642 Α
2090 584 2271 640 medio
2301 594 2358 642 et
2388 586 2737 643 continenter
2776 600 2843 642 ex
2903 583 3083 655 primo
3109 591 3213 640 est.
3269 581 3353 648 Et,
3402 598 3525 649 quae
3578 600 3676 653 ge-

477 657 675 717 Verum
720 663 850 732 quia
898 672 1213 737 utrumque,
1271 677 1326 724 et
1373 670 1613 740 Spiritus
1663 674 1896 739 scilicet,
1929 681 1986 727 et

407 761 678 817 creatura,
712 770 834 811 esse
875 773 973 826 per
1003 759 1201 813 Filium
1252 762 1475 829 dicitur,
1508 766 1785 833 quomodo
1830 766 1989 820 intel-

407 844 679 913 ligendum
707 849 797 909 sit,
831 846 1047 918 adjecto
1080 851 1356 906 diﬁ‘crenti
1418 869 1779 922 processuum
1819 859 1985 911 modo

410 935 675 992 deﬁnivit.
730 939 995 995 Sanctum
1034 949 1179 997 enim
1245 944 1509 1014 Spiritum
1569 948 1688 1002 sine
1745 959 1987 1018 tempore

409 1028 656 1083 stabilem
716 1041 882 1102 atque
916 1033 1448 1101 incommutabilem,
1496 1039 1626 1108 quia
1660 1053 1756 1109 per
1786 1039 1984 1094 Filium

409 1122 748 1186 naturaliter.
802 1135 856 1179 et
912 1127 1327 1192 essentialiter,
1388 1144 1443 1184 et
1497 1131 1652 1200 juxta
1710 1130 1983 1202 insignem

410 1213 797 1283 Athanasium,
835 1234 901 1272 ex
944 1218 1055 1276 Deo
1089 1223 1462 1291 procedendo,
1495 1225 1987 1282 consubstantialis

410 1315 493 1359 est
521 1302 661 1360 Patri
711 1312 777 1363 ac
828 1308 990 1376 Filio,
1046 1323 1428 1382 creaturaeque
1469 1316 1676 1385 pariter
1731 1318 1987 1372 conditor

410 1409 531 1449 cum
569 1395 726 1452 Patre
753 1414 817 1453 ac
849 1398 1007 1468 Filio,
1041 1413 1229 1473 utpote
1262 1421 1408 1461 unus
1448 1416 1692 1472 creator,
1726 1417 1983 1462 creatura

410 1503 540 1545 vero
588 1494 921 1561 temporalis,
999 1498 1411 1555 commutabilis
1478 1508 1644 1569 atque
1704 1501 1986 1557 variabilis

410 1590 539 1645 est;
570 1596 664 1650 per
693 1581 887 1638 Filium
929 1588 1073 1641 enim
1116 1589 1351 1644 ﬁctionis
1393 1591 1835 1661 conditionisque
1894 1609 1986 1649 ra-

388 1671 556 1725 ‘tione
588 1674 851 1742 producta
892 1690 993 1742 est,
1028 1679 1348 1751 longissime
1382 1698 1411 1737 a
1438 1684 1750 1739 substantia
1780 1686 1983 1753 Patris,

374 1771 465 1819 'et
497 1765 615 1820 Filii
644 1776 698 1822 et
736 1771 911 1824 sancti
951 1769 1187 1841 Spiritus
1238 1783 1469 1830 remota.
1526 1793 1545 1827 ι
1578 1775 1647 1831 Ut
1692 1776 1862 1841 enim,
1906 1777 1989 1833 in-

412 1859 532 1929 quit
576 1859 963 1923 Damascenus.
1017 1873 1267 1919 creatura
1337 1867 1691 1935 postmodum
1757 1882 1864 1922 non
1916 1882 1980 1921 ex

411 1952 676 2006 creatoris
722 1953 1029 2008 substantia
1083 1963 1169 2009 est
1230 1954 1397 2020 facta,
1468 1975 1489 2010 ι
1552 1958 1742 2012 nullus
1798 1957 1985 2028 itaque

413 2054 594 2098 mente
654 2060 716 2099 ac
751 2048 962 2100 ratione
1009 2048 1289 2116 praeditus,
1346 2064 1643 2104 commune
1671 2044 1985 2119 aliquid'ad

413 2138 558 2192 hanc
602 2137 800 2194 habere
850 2140 1208 2199 arbitrabitur
1262 2142 1527 2213 Spiritum
1577 2152 1830 2199 sanctum
1866 2162 1880 2200 :
1921 2161 1985 2199 ex

412 2244 501 2297 eo,
532 2233 675 2301 quod
709 2234 927 2297 dicitur,
959 2234 1136 2304 ipsum
1170 2245 1333 2306 atque
1361 2246 1673 2313 creaturam
1716 2218 2007 2307 prodiisse

412 2342 510 2397 per
560 2326 751 2382 Filium
792 2329 941 2383 :nisi
998 2339 1258 2397 quantum
1307 2337 1491 2385 creata
1538 2330 1608 2385 ad
1661 2341 1986 2392 creatorem,

382 2416 469 2475 et
516 2418 656 2474 facta
703 2421 768 2475 ad
820 2424 1084 2477 factorem
1113 2425 1429 2479 communia
1461 2433 1636 2479 sunt:
1693 2443 1711 2475 ι
1785 2423 1986 2479 Stabili

412 2512 580 2578 enim,
604 2514 799 2584 inquit,
826 2525 991 2582 atque
1046 2516 1475 2572 incommutabili
1509 2515 1722 2571 ratione
1751 2515 1990 2585 Spiritus

416 2623 446 2663 a
478 2616 721 2662 creatura
751 2608 1104 2663 diScerttilur.
1147 2627 1166 2660 ι
1210 2606 1370 2666 Nunc
1395 2617 1580 2663 autem
1606 2608 1987 2664 arbitrandum

414 2711 497 2756 est
524 2701 597 2768 id,
628 2698 771 2772 quod
797 2701 1022 2765 dicitur,
1055 2701 1351 2772 prodiisse,
1378 2702 1464 2758 vel
1502 2716 1790 2769 manasse,
1833 2711 1992 2759 atter-

414 2812 539 2851 nam
563 2807 686 2850 ante
702 2795 883 2850 omnia
906 2796 1102 2849 saecula
1139 2797 1501 2851 substantiam
1540 2796 1713 2851 sancti
1748 2796 1991 2867 Spiritus

414 2906 524 2945 non
567 2889 894 2958 signiﬁcare.
927 2887 1173 2942 Primum
1216 2889 1361 2943 enim
1408 2904 1535 2944 cum
1592 2889 1794 2946 docere
1833 2888 1993 2946 insti-

416 2991 614 3045 lueret,
654 2998 763 3052 quo
810 2993 974 3052 pacto
1028 2982 1171 3037 Deus
1207 2981 1450 3038 Trinitas
1482 2983 1536 3037 in
1582 2984 1771 3055 seipsa,
1801 2997 1993 3053 perso~

413 3076 611 3133 naliter
639 3085 766 3131 ante
794 3076 994 3131 saecula
1037 3074 1493 3144 distingueretur,
1549 3090 1658 3130 non
1713 3075 1991 3145 quomodo

415 3185 477 3224 se
499 3168 724 3222 haberet
769 3169 833 3222 ad
863 3180 1194 3231 creaturam,
1229 3166 1335 3221 hoc
1367 3167 1530 3223 dixit.
1570 3168 1751 3235 Atque
1777 3168 1987 3222 utinam

2090 678 2228 741 uita,
2260 677 2377 734 haec
2439 677 2719 744 unigenita
2766 684 2871 733 est.
2908 675 3173 739 Rursum,
3223 688 3347 743 quae
3404 673 3672 743 proc’edit,

2087 771 2203 826 haec
2225 770 2462 839 Spiritus
2490 777 2596 836 est,
2654 777 2708 824 et
2731 784 2855 839 quae
2906 767 3166 831 mediate,
3198 765 3317 820 haec
3351 779 3461 819 non
3494 765 3675 818 conti-

2089 872 2323 929 uenter;
2354 878 2473 932 quae
2502 873 2687 917 autem
2722 877 2828 916 non
2873 862 3245 922 continenter,
3289 860 3405 913 htec
3436 873 3545 911 non
3579 874 3670 926 ge-

2089 956 2227 1020 nita,
2289 958 2384 1012 sed
2437 957 2739 1026 procedens
2763 965 2865 1010 est.
2921 952 3094 1008 Porro
3147 969 3271 1023 qua:
3328 962 3426 1021 per
3472 950 3672 1004 Filium

2086 1050 2417 1120 proceditex
2449 1048 2636 1112 Patre,
2670 1063 2732 1103 ea
2762 1063 2871 1104 non
2903 1045 3079 1102 Filius
3128 1054 3235 1101 est.
3280 1043 3406 1098 Haec
3434 1056 3675 1111 namque

2088 1142 2403 1197 Nativitatis
2436 1141 2685 1197 deﬁnitio
2711 1149 2815 1204 est,
2857 1155 2925 1195 ex
2983 1138 3162 1208 primo
3194 1136 3511 1190 immediate
3543 1149 3673 1211 pro-

2088 1235 2228 1299 dire,
2299 1233 2672 1304 processionis
2724 1240 2909 1288 autem
2943 1271 2959 1297 ,
3008 1242 3076 1286 ex
3124 1229 3302 1300 primo
3376 1241 3474 1297 per
3556 1240 3672 1281 me-

2086 1326 2260 1381 dium.
3766 1316 3769 1319 Α

2163 1420 2229 1473 Ει
2255 1418 2517 1488 quoniam
2547 1417 2856 1472 divinarum
2900 1430 3262 1484 personarum
3303 1414 3676 1469 subsistenthc

2087 1520 2303 1566 aeternre
2347 1521 2512 1581 atque
2547 1509 2919 1564 immutabilcs
2944 1516 3355 1575 sunt;semper
3376 1504 3524 1559 enim
3557 1513 3679 1558 erat

2089 1603 2332 1658 Trinitas
2364 1604 2507 1658 Deus
2539 1600 2723 1665 Pater,
2763 1609 2820 1655 et
2846 1599 3037 1665 Filius,
3068 1609 3119 1654 et
3154 1599 3397 1669 Spiritus
3428 1606 3675 1662 sanctus,

2087 1697 2435 1753 deﬁnitiones
2467 1697 2635 1751 etiam
2664 1696 3032 1766 personalium
3067 1695 3504 1749 substantiarum
3531 1691 3679 1765 [by-

2088 1802 2380 1863 postaseon
2400 1790 2445 1862 ],
2474 1791 2607 1860 ipsa!
2632 1770 3026 1843 substantiales
3046 1782 3469 1859 [bypostaticaz]
3490 1798 3678 1839 earum

2086 1884 2453 1955 proprietates
2476 1897 2702 1953 prorsus
2726 1893 2944 1936 internas
2999 1889 3166 1950 atque
3195 1877 3680 1932 incommutabilcs

2089 1986 2240 2033 sunt.
2271 1977 2336 2031 Et
2365 1976 2496 2030 illud
2546 1975 2688 2029 idem
2724 1981 2961 2038 constat,
2991 1973 3146 2043 quia,
3178 1971 3222 2025 si
3252 1971 3520 2025 tollantur
3551 1982 3681 2038 pro-

2088 2068 2386 2133 cessiones,
2442 2067 2808 2137 proprietates
2849 2065 3031 2120 etiam
3086 2079 3150 2119 ac
3203 2078 3457 2140 persona:
3511 2061 3678 2115 simul

2087 2176 2211 2217 esse
2238 2160 2510 2215 desinent.
2545 2157 2704 2221 Nam,
2732 2158 2778 2211 si
2807 2157 3066 2211 nascendi
3101 2155 3349 2224 quidem,
3374 2161 3467 2207 aut
3501 2152 3675 2222 geniti

2087 2269 2150 2309 ex
2186 2254 2366 2323 primo
2424 2266 2545 2306 esse
2587 2251 2794 2318 absque
2844 2247 3046 2314 medio,
3131 2246 3274 2303 ratio
3318 2261 3382 2300 ac
3439 2244 3685 2298 deﬁnitio

2089 2355 2175 2403 est
2216 2362 2231 2400 :
2263 2342 2593 2414 procedendi
2620 2357 2773 2406 vero,
2806 2356 2902 2395 seu
2942 2339 3315 2410 procedentis,
3352 2352 3444 2406 per
3474 2336 3673 2390 Filium

2090 2454 2212 2495 esse
2245 2439 2514 2493 :omnino
2541 2445 2721 2489 autem
2777 2448 2966 2488 verum
3000 2441 3105 2497 est,
3139 2431 3372 2486 sublatis
3398 2429 3682 2483 deﬁnitio-
3746 2424 3749 2427 ’
3827 2438 3835 2447 ’

2092 2533 2254 2586 nibus
2281 2544 2466 2584 rerum
2497 2527 2700 2598 quibus
2734 2518 2842 2580 illa:
2884 2524 3225 2584 subsistunt,
3256 2532 3311 2575 et
3364 2523 3486 2575 illas
3517 2520 3685 2575 simul

2090 2622 2324 2677 auferri.
2356 2618 2494 2674 Nam
2533 2620 2628 2690 qui
2662 2617 2937 2673 rationale
2972 2615 3179 2671 homini
3225 2614 3429 2680 tulerit,
3456 2626 3582 2670 esse
3610 2612 3686 2668 si-

2093 2713 2207 2769 mul
2238 2714 2511 2768 hominem
2543 2710 2790 2765 abstulit.

2165 2806 2228 2861 Et
2261 2806 2386 2860 hinc
2416 2803 2627 2873 liquido
2686 2811 2927 2867 constat,
2977 2802 3210 2859 sublatis
3246 2799 3413 2871 geniti
3453 2814 3517 2854 ac
3551 2812 3685 2868 pro-

2092 2899 2343 2956 cedentis
2366 2897 2700 2962 rationibus,
2732 2894 3373 2966 hujttsmodi'ahlatione,
3426 2892 3687 2946 nativita-

2092 2998 2201 3063 tem
2239 3008 2303 3047 ac
2337 2992 2748 3063 processionem
2795 2990 2937 3052 tolli,
2964 2988 3242 3057 simulque
3274 2986 3465 3047 etiam,
3497 2982 3684 3038 Trini-

2094 3091 2260 3139 tatem
2316 3081 2484 3135 Deum
2519 3094 2663 3136 esse.
2698 3077 2776 3132 Ex
2808 3078 3010 3148 quibus
3042 3077 3144 3130 hoc
3171 3074 3332 3129 etiam
3371 3072 3684 3134 conﬁcitur,

2092 3184 2155 3230 ut
2181 3174 2273 3246 qui
2314 3191 2376 3230 ex
2419 3175 2580 3228 Patre
2614 3173 2733 3227 solo
2768 3173 3070 3242 procedere
3120 3170 3386 3259 Spiritum
3433 3174 3683 3223 sanctum

416 3261 516 3325 sic,
549 3268 608 3315 ut
667 3259 774 3326 hic,
833 3258 977 3329 quod
1025 3258 1225 3313 dicitur
1257 3260 1534 3329 prodiisse
1601 3260 1655 3313 iu
1709 3270 1988 3324 creatura,

2093 3276 2394 3333 asseverat,
2462 3266 2779 3321 necessario
2828 3265 2982 3320 illum
3035 3281 3107 3319 ex
3142 3258 3333 3319 'Patre
3389 3278 3511 3318 esse
3566 3261 3688 3316 sine

416 3353 824 3410 subsistentiam
887 3366 952 3405 ex
1018 3348 1174 3418 Deo,
1234 3361 1611 3421 creaturaeque
1688 3352 1986 3408 essentiam

417 3454 602 3516 aperte
627 3444 897 3514 signiﬁcat
926 3461 944 3499 :
973 3445 1046 3498 ita
1077 3452 1132 3497 et
1164 3444 1218 3498 in
1245 3445 1459 3515 Spiritu
1493 3455 1710 3511 sancto,
1741 3461 1866 3500 cum
1911 3446 1991 3501 di-

418 3540 582 3603 citur,
644 3540 765 3609 ejus
798 3547 924 3594 ante
967 3538 1152 3594 omnia
1201 3538 1401 3593 satcula
1450 3522 1779 3608 processum
1835 3554 1991 3593 cotu-

419 3634 683 3689 mcudat:
723 3642 887 3704 atque
929 3644 996 3687 eo
1043 3632 1242 3700 magis,
1288 3647 1401 3702 quo
1429 3632 1592 3687 etiam
1650 3639 1857 3685 aeterne
1894 3642 1994 3699 prr

420 3726 615 3782 Filium
655 3733 710 3780 et
736 3740 877 3787 esse,
914 3734 968 3780 et
1001 3725 1245 3795 prodire,
1280 3739 1345 3778 ac
1381 3725 1679 3794 procedere
1711 3738 1740 3777 a
1779 3725 1991 3779 theolo-

417 3823 499 3892 gis
525 3818 807 3875 asseritur.
832 3816 1036 3871 Deinde
1073 3817 1365 3887 magistros
1398 3817 1525 3871 item
1558 3817 1751 3869 audire
1785 3815 1868 3870 fas
1886 3826 1990 3882 est,

419 3927 476 3966 ut
507 3913 629 3976 hor,
660 3910 805 3980 quod
841 3910 1064 3975 dicitur,
1117 3910 1388 3980 prodisse,
1421 3905 1663 3967 teternos
1697 3925 1993 3978 processus

416 4002 537 4058 Filii
587 4002 935 4072 Spiritusque
964 4000 1340 4068 commendat,
1372 4000 1519 4073 quod
1546 4000 1602 4055 in
1632 3998 1992 4071 sequentibus

366 4082 376 4091 ’
414 4086 756 4161 probabitur.
858 4118 862 4125 α
1572 4142 1579 4145 .

484 4182 779 4255 Gregorius
811 4180 1159 4253 Theologus,
1217 4182 1275 4238 in
1331 4198 1590 4239 sermone
1648 4182 1727 4239 De
1774 4182 1988 4253 Spiritu

417 4286 598 4330 sancto
626 4276 735 4345 (l4)
787 4275 868 4330 sic
901 4274 977 4330 ait
1005 4260 1031 4329 εΔ
1064 4292 1083 4326 t
1120 4275 1530 4341 Emanationis,
1557 4266 1889 4347 habituisque
1923 4277 1991 4332 ad

418 4367 645 4422 invicem
674 4367 998 4433 diﬁ‘erentia,
1048 4367 1433 4437 appellationis
1479 4383 1705 4438 quoque
1766 4370 1988 4423 illorum

418 4459 778 4515 diﬁ‘erentiam
810 4456 961 4514 fecit.
1003 4478 1022 4512 ι
1059 4459 1156 4514 llic
1183 4461 1597 4515 emanationem
1639 4461 1785 4516 idem
1829 4462 1992 4516 intel-

416 4554 507 4625 ligi
544 4554 736 4620 voluit,
777 4555 922 4624 quod
974 4568 1315 4622 processum.
1360 4552 1755 4610 Processiones
1809 4566 1988 4610 autem

421 4643 726 4699 diﬁ'erentes
758 4654 888 4697 sunt
948 4642 1206 4697 nativitas
1257 4652 1426 4713 atque
1478 4659 1792 4712 processus.
1824 4644 1991 4699 Recte

421 4754 549 4808 ergo
577 4738 781 4791 dictum
814 4747 897 4791 est
929 4733 1248 4791 differentes
1300 4737 1686 4807 processiones
1721 4752 1989 4807 persona-

420 4845 536 4886 rum
565 4829 616 4883 iu
650 4826 913 4887 effecisse,
933 4837 994 4880 ut
1035 4825 1189 4879 aliud
1207 4827 1480 4894 genitum,
1504 4827 1654 4882 aliud
1686 4828 1992 4897 procedens

417 4930 472 4975 et
496 4922 585 4983 sit,
623 4930 678 4974 et
726 4918 962 4973 dicatur.
1002 4917 1197 4989 Liquet
1226 4918 1392 4988 igitur
1422 4934 1488 4973 ex
1525 4919 1610 4973 his
1658 4934 1783 4989 qua:
1841 4919 1988 4974 dicta

417 5019 567 5074 sunt,
599 5009 738 5063 idem
769 5024 913 5071 esse,
946 5023 1069 5063 cum
1111 5010 1348 5066 dicimus
1396 5008 1599 5065 Filium
1628 5025 1755 5067 esse
1786 5020 1841 5065 et
1869 5010 1996 5065 uni-

416 5104 680 5175 genitum,
712 5111 763 5156 et
792 5102 913 5156 sine
934 5102 1046 5156 ullo
1068 5103 1250 5157 medio
1298 5117 1365 5157 ex
1406 5102 1591 5171 Patre,
1638 5104 1992 5174 genitumque

329 5228 349 5241 ρ
414 5211 557 5262 esse,
599 5210 696 5250 seu
745 5210 1035 5265 personam
1093 5210 1163 5250 ex
1197 5211 1434 5266 persona
1481 5196 1674 5267 gigni;
1729 5196 1994 5268 idemque

416 5302 558 5351 esse,
591 5301 714 5341 cum
744 5286 1002 5351 dicimus,
1034 5285 1302 5357 Spiritum
1361 5304 1506 5349 esse.
1560 5299 1617 5344 et
1645 5292 1947 5359 procedere
1978 5307 1992 5345 :

417 5391 577 5450 atque
603 5396 667 5435 ex
700 5383 878 5452 primo
916 5396 1011 5451 per
1043 5382 1283 5438 medium
1325 5398 1450 5439 esse
1486 5394 1543 5438 ct
1594 5369 1660 5439 ex
1688 5382 1851 5439 Patre
1900 5400 1998 5455 per

416 5471 613 5530 Filium
649 5473 947 5546 procedere
981 5492 996 5530 :
1030 5491 1205 5546 nequc
1236 5478 1357 5532 sine
1388 5476 1591 5544 medio,
1627 5493 1805 5548 neque
1836 5478 1998 5534 unice

415 5584 557 5632 esse,
588 5584 756 5640 neque
789 5568 1138 5624 continenter
1167 5587 1245 5625 ex'
1266 5570 1469 5641 primo.
1525 5569 1650 5623 llaec
1683 5570 1831 5624 enim
1861 5584 1996 5624 cou-

417 5670 498 5713 tra
546 5662 793 5717 eumdem
846 5662 998 5716 dit-ta
1038 5673 1464 5717 convertuntur.
1513 5660 1646 5728 Quae
1690 5660 1838 5717 enim
1873 5675 1997 5732 per-

416 5764 546 5806 sona
604 5750 656 5807 in
721 5762 915 5810 sancta
969 5750 1235 5809 Trinitate
1312 5753 1485 5811 Filius
1539 5762 1663 5821 est,
1712 5755 1826 5812 haec
1878 5756 1998 5811 sine

488 5927 596 6002 (14)
637 5930 730 5988 Est
761 5929 947 5988 oratio
979 5930 1013 5985 3
1043 5931 1105 5985 de
1141 5930 1448 6004 Theologia.

2096 3350 2275 3416 mciiio
2328 3356 2678 3416 conﬁteatur.
2713 3359 2888 3413 Porro
2965 3356 3280 3428 huiusmodi
3337 3355 3688 3410 confessione

2094 3454 2487 3524 proprietatem
2512 3452 2843 3506 substantia:
2881 3451 3053 3512 illius,
3086 3464 3151 3503 ac
3196 3462 3490 3519 personam
3531 3446 3686 3500 illum

2090 3560 2217 3600 esse
2253 3543 2337 3598 ‘in
2395 3552 2587 3598 sancta
2646 3540 2921 3595 Trinitate
2970 3540 3078 3594 una
3135 3539 3311 3594 tollet.
3350 3537 3529 3607 Atque
3563 3537 3690 3590 hinc

2094 3652 2275 3707 neque
2309 3634 2532 3690 tertittm
2563 3649 2591 3687 a
2634 3633 2798 3688 Patre
2849 3631 3153 3688 secundum
3188 3645 3334 3685 sanae
3363 3629 3483 3683 lidei
3520 3628 3691 3681 ratio-

2094 3743 2220 3783 nem
2271 3741 2338 3782 ac
2362 3726 2711 3781 traditionem
2754 3722 2859 3778 SS.
2908 3723 3135 3777 Patrum
3184 3718 3553 3776 conﬁtebitur.
3608 3716 3687 3770 lta

2097 3821 2233 3879 nihil
2268 3819 2580 3889 prohibebit
2612 3818 2779 3872 etiam
2814 3815 3015 3870 Filium
3072 3829 3194 3869 csse
3223 3811 3472 3867 conﬁteri
3508 3809 3688 3877 Spiri—

2095 3922 2212 3967 tum
2245 3918 2526 3972 sanctum,
2552 3909 2674 3963 sine
2726 3908 2910 3961 medio
2936 3918 3003 3960 ex
3050 3905 3211 3959 Patre
3274 3900 3687 3973 procedentem.

2094 4000 2217 4057 Filii
2277 4002 2482 4071 quippe
2535 3998 2831 4070 appellatio
2910 3996 3216 4053 secundum
3286 3994 3572 4062 theologos
3639 3992 3689 4045 ei

2093 4093 2315 4165 proprie
2353 4093 2628 4164 congruit,
2665 4092 2757 4159 qui
2788 4090 2910 4147 sine
2943 4092 3124 4145 medio
3163 4105 3229 4142 ex
3267 4088 3430 4141 Patre
3473 4097 3582 4140 est.
3609 4084 3689 4138 Ex

2094 4201 2209 4258 quo
2238 4186 2511 4256 sequitur,
2546 4192 2607 4240 ut
2653 4181 2803 4253 quod
2838 4182 2992 4238 illinc
3020 4182 3143 4238 sine
3175 4180 3357 4235 medio
3388 4187 3493 4241 est,
3517 4176 3690 4230 Fil'us

2095 4279 2187 4334 sit.
2217 4277 2617 4348 Proprietatem
2652 4275 2800 4331 enim
2825 4272 2952 4328 Filii
3023 4288 3143 4329 eam
3176 4287 3298 4329 esse
3323 4269 3694 4341 deprehendi-

2096 4388 2241 4436 mus,
2270 4387 2337 4426 ex
2372 4369 2536 4424 Patre
2560 4384 2684 4424 esse
2715 4368 2838 4423 sine
2898 4367 3099 4431 medio,
3138 4366 3286 4435 quod
3330 4378 3468 4419 eum
3523 4362 3689 4418 etiam

2096 4465 2337 4532 genitum
2388 4461 2574 4516 facit:
2627 4460 2819 4526 sicque
2875 4459 3249 4528 personalium
3286 4457 3696 4526 proprietatum-

2095 4553 2347 4610 cnnl'usio
2372 4554 2476 4606 erit
2499 4560 2589 4617 ,et
2623 4561 2720 4606 aut
2750 4552 2861 4605 duo
2894 4549 3021 4605 Filii
3054 4564 3118 4604 ex
3146 4548 3310 4602 Patre
3343 4552 3507 4600 erunt
3530 4545 3693 4597 ambo

2096 4647 2215 4700 sine
2245 4643 2449 4709 medio,
2480 4652 2647 4711 atque
2677 4643 2803 4699 ideo
2839 4651 3034 4697 neuter
3092 4637 3494 4710 primogenitus
3538 4673 3554 4698 ,
3577 4635 3696 4688 ’ωσι
3726 4706 3733 4709 1

2097 4738 2207 4801 duo
2250 4735 2488 4805 Spiritus
2517 4736 2713 4790 sancti.
2768 4734 2902 4799 Quae
2947 4733 3094 4786 enim
3151 4740 3346 4798 urgeat
3394 4729 3696 4782 necessitas

2098 4839 2153 4883 et
2190 4826 2529 4891 distributio,
2581 4827 2625 4881 si
2682 4827 2791 4879 sint
2817 4825 2981 4877 auibo
3034 4838 3097 4877 ex
3139 4822 3304 4876 Patre
3336 4819 3455 4875 sine
3488 4819 3695 4881 medio,

2101 4920 2264 4975 aliam
2300 4933 2596 4990 personam
2632 4933 2754 4973 esse
2786 4916 3011 4982 Filium,
3045 4917 3208 4971 aliam
3253 4916 3522 4985 Spiritum
3571 4929 3697 4967 san-

2102 5024 2277 5077 ctum,
2311 5027 2377 5067 ac
2398 5026 2509 5066 non
2542 5010 2724 5081 potius
2756 5010 2837 5063 vel
2872 5011 3015 5065 duos
3048 5009 3188 5066 ﬁlios
3241 5023 3364 5065 esse
3401 5009 3455 5063 in
3504 5013 3695 5061 sancta

2099 5106 2368 5175 Trinitate
2385 5148 2400 5170 ,
2428 5105 2513 5160 vel
2538 5106 2679 5159 duos
2709 5102 2973 5172 spiritus?

2173 5198 2446 5253 Prmterea
2480 5206 2659 5267 neque
2713 5195 2935 5251 habitus
2984 5191 3325 5268 [habitudo]
3377 5192 3523 5248 ullus
3574 5188 3699 5245 Filii

2101 5308 2167 5348 ac
2202 5292 2449 5361 Spiritus
2479 5293 2547 5345 ad
2580 5289 2819 5344 invicem
2852 5302 2978 5343 esse
3031 5288 3336 5351 diceretur,
3374 5300 3551 5355 neque
3605 5285 3702 5337 ha-

2101 5384 2361 5447 beremus
2388 5397 2494 5452 qua
2526 5380 2888 5451 proprietate,
2913 5393 3010 5434 seu
3054 5377 3433 5443 confessione,
3494 5373 3698 5429 Filium

2104 5491 2135 5531 a
2165 5476 2377 5544 Spiritu
2426 5473 3057 5545 distingueremus..Ex
3109 5472 3316 5543 quibus
3368 5476 3703 5539 sequeretur

2105 5569 2443 5634 necessario,
2480 5580 2535 5622 ut
2574 5584 2643 5624 ne
2670 5566 3002 5622 Trinitatem
3036 5566 3262 5635 quidem
3304 5563 3699 5620 conﬁterentur

2104 5676 2226 5717 esse
2246 5660 2444 5726 Deum,
2477 5662 2571 5717 sed
2604 5661 2710 5716 tria
2741 5659 3086 5730 simpliciter,
3123 5672 3186 5713 ac
3211 5657 3393 5713 solute
3444 5666 3699 5710 seorsum

2104 5754 2336 5826 singula.
2364 5754 2577 5826 Quippe
2612 5754 2831 5810 sublato
2856 5752 3068 5819 ordine,
3104 5750 3368 5820 primum,
3408 5754 3474 5805 ac
3502 5758 3711 5805 secunt-
