4106 6448
457 429 523 495 3i

1717 429 2113 494 MANUELIS
2153 430 2458 495 CALECE

3641 427 3712 493 32

463 551 595 606 dum
622 559 676 604 et
703 551 917 605 tertium
942 564 1053 605 non
1084 549 1388 605 diceremus
1424 550 1556 605 :sed
1600 540 2105 617 untimquodque‘A
2130 546 2334 616 quippe
2374 546 2622 616 producti
2654 560 2848 602 nomen
2885 555 3104 616 propter
3135 545 3519 614 productorem
3546 526 3714 601 intel-

464 645 726 711 primum,
778 649 1031 707 essetque
1082 642 1491 695 convenienttus
1556 655 1622 696 ac
1676 640 1849 711 magis
1903 653 2033 709 pro-

460 733 643 801 prium
669 730 979 786 dualitatem
1009 730 1177 785 Deum
1205 731 1405 797 dicere,
1458 731 1675 785 Patrem
1708 730 1918 786 scilicet
1970 744 2035 785 ac

465 821 797 882 Filium.vel
818 821 1034 877 Patrem
1064 830 1118 876 ct
1146 822 1411 891 Spiritum
1441 840 1455 876 :
1482 838 1659 891 eoque
1680 820 1838 877 Pater
1866 836 2035 877 causa

464 914 683 969 illorqu
708 913 828 968 sine
863 913 1062 977 medio,
1107 914 1406 982 eademque
1436 913 1647 968 ratione
1682 923 1850 978 esset,
1886 915 2036 968 ordi-

466 1019 702 1072 nemque
716 1005 892 1059 solum
905 1020 1083 1060 causa:
1125 1019 1186 1058 ar
1204 1002 1445 1060 eausalia
1462 1004 1780 1073 simpliciter
1795 1005 2036 1060 haberet.

462 1098 479 1109 “
540 1099 694 1153 Esset
731 1097 1332 1168 prtetereaiudill‘ereus
1376 1112 1667 1153 numerare
1709 1096 1949 1160 Patrem,
1986 1106 2042 1152 et

469 1189 699 1255 Filium,
728 1199 782 1246 et
811 1190 1104 1260 Spiritum,
1153 1192 1270 1245 sive
1301 1192 1546 1252 Patrem,
1570 1199 1624 1244 et
1655 1190 1951 1259 Spiritum,
1989 1199 2042 1244 et

468 1283 668 1339 Filium
700 1303 714 1338 :
761 1286 891 1345 imo,
920 1285 1065 1339 sicut
1095 1284 1333 1352 Spiritus
1382 1274 1504 1336 Filii
1538 1283 1741 1337 dicitur
1776 1283 2038 1351 Spiritus,

468 1384 519 1429 et
554 1373 757 1443 imago.
797 1373 1178 1442 naturalisque
1215 1384 1268 1427 et
1295 1375 1414 1427 viva
1461 1373 1655 1436 virtus,
1695 1385 1748 1427 et
1777 1376 2043 1443 operatio,

471 1474 528 1519 et
553 1480 674 1534 quae
704 1465 759 1518 in
802 1465 1157 1534 sequentibus
1189 1465 1484 1520 dicentur:
1535 1466 1607 1520 ita
1640 1466 1804 1520 etiam
1845 1466 2040 1534 Filius,

474 1557 711 1626 Spiritus
737 1555 910 1611 Filius
964 1557 1300 1624 aequabiliter
1340 1565 1504 1622 atque
1545 1557 1917 1612 ittdiilerenter
1956 1573 2044 1612 se-

474 1650 716 1704 cundum
767 1649 881 1703 haec
927 1649 1110 1703 omnia
1157 1665 1186 1703 a
1236 1650 1410 1704 sacris
1465 1648 1685 1703 Litteris
1728 1648 2046 1718 sanctisque

474 1740 730 1797 Patrihus
761 1741 1053 1795 diceretur.
1085 1738 1216 1793 Nam
1248 1740 1293 1795 si
1331 1740 1582 1795 similiter
1613 1755 1675 1796 se
1711 1739 1778 1794 ad
1810 1739 2042 1794 invicem

474 1832 763 1897 haberent,
793 1847 948 1901 aeque
977 1833 1188 1887 scilicet
1239 1848 1307 1887 ex
1336 1832 1495 1888 Patre
1533 1833 1651 1889 sine
1692 1833 1874 1888 medio
1918 1834 2047 1889 sub-

473 1923 751 1987 sistentes,
781 1925 993 1993 sibique
1032 1926 1267 1978 invicem
1318 1925 1820 1981 consubstantiales
1859 1933 1914 1980 et
1947 1941 2046 1979 uo-

454 2015 621 2069 'mina
653 2014 898 2084 profecto
931 2017 1096 2071 simili
1133 2017 1345 2071 ratione
1373 2033 1438 2072 ex
1489 2018 1662 2072 altero
1706 2018 1772 2072 ad
1810 2019 2043 2073 alterum

474 2116 877 2163 converterent.
910 2108 1042 2175 Quae.
1079 2110 1223 2163 enim
1257 2111 1748 2166 eousubstautialia
1799 2121 1949 2174 sunt,
1983 2127 2048 2167 ac

475 2199 578 2253 sibi
603 2201 923 2269 coasqualia,
975 2212 1372 2255 convertuntur
1418 2203 1482 2256 ad
1529 2203 1779 2258 invicem.
1833 2202 1901 2258 A't
1943 2205 2048 2259 hoc

475 2291 704 2346 minime
735 2293 998 2349 hactenus
1035 2293 1337 2357 inventum,
1402 2295 1510 2347 imo
1540 2293 1768 2349 oinniuo
1820 2295 2049 2349 interdi-

474 2392 621 2437 ctum
650 2393 752 2438 est.
785 2383 1029 2452 Namque
1059 2384 1354 2454 Gregorius
1401 2384 1678 2453 Nyssenus
1728 2400 1897 2454 super
1922 2401 2046 2441 ora-

472 2477 619 2531 tione
648 2476 954 2540 Dominica,
976 2475 1057 2529 sic
1086 2477 1162 2529 ait
1195 2493 1209 2532 :
1245 2494 1263 2525 ε
1306 2474 1476 2529 Filius
1504 2486 1685 2530 autem
1718 2476 1894 2530 sancti
1924 2477 2050 2546 Spi-

476 2568 619 2623 ritus
649 2582 828 2637 neque
857 2577 941 2622 est
982 2583 1158 2637 neque
1179 2568 1404 2631 dicitur,
1436 2587 1455 2619 ι
1487 2581 1665 2635 neque
1714 2550 2051 2624 convertitur

477 2658 769 2713 hahitualis
795 2659 930 2724 haec,
971 2669 1030 2711 ut
1066 2660 1137 2713 ita
1172 2658 1824 2728 dicam,'eonsequentia.

548 2750 817 2803 Prmterea
847 2748 1147 2804 absurdum
1173 2758 1276 2816 est,
1299 2764 1364 2802 ex
1386 2748 1504 2803 solo
1525 2747 1686 2802 Patre
1713 2757 1905 2817 putare
1927 2764 2051 2805 esse

479 2839 746 2909 Spiritum
784 2848 1057 2905 sanctum,
1085 2854 1149 2893 ac
1183 2838 1433 2893 eumdem
1475 2854 1573 2907 per
1612 2837 1810 2893 Filium
1863 2854 2052 2905 proce-

477 2932 628 2986 dere.
667 2930 791 2986 liaec
828 2932 974 2985 enim
1004 2930 1349 2999 apertissime
1375 2929 1475 2985 sibi
1508 2930 1740 2985 invicem
1773 2934 2050 2986 contraria

479 3031 633 3085 sunt,
664 3037 728 3075 ac
759 3037 818 3077 se
874 3022 1103 3076 invicem
1141 3021 1454 3075 destruunt.
1486 3019 1617 3075 Nam
1654 3023 1798 3089 quod
1848 3022 2052 3077 dicitur

480 3130 577 3184 per
620 3113 844 3178 Filium,
897 3111 1170 3167 mediante
1228 3109 1389 3174 Filio,
1440 3127 1561 3165 esse
1603 3110 1855 3166 dicitur:
1901 3114 2049 3182 quod

2137 639 2330 711 ligitur
2378 643 2657 712 primum.
2715 649 2879 709 atque
2932 645 3332 707 consequenter
3396 634 3593 690 Filium
3645 651 3714 690 ex

2152 711 2480 803 productore
2512 750 2604 802 per
2637 736 2959 804 productum
3007 731 3178 785 nasci.
3213 728 3358 783 Nihil
3392 729 3537 784 enim
3586 711 3755 797 pro-2

2112 825 2310 889 .hihet,
2334 827 2610 895 inquiunt,
2634 828 2800 880 etiam
2838 826 2943 878 huc
2973 823 3079 878 diei
3108 840 3122 888 ;
3151 822 3270 878 sine
3297 822 3478 877 medio
3509 821 3719 878 scilicet

2141 909 2405 985 Spiritum
2436 934 2498 975 ex
2532 918 2712 982 Patre,
2749 917 2906 988 quasi
2937 932 3001 971 ex
3030 915 3360 984 productore
3376 914 3670 984 procedere
3694 952 3710 979 ,

2138 1008 2339 1064 Filium
2365 1026 2494 1065 vero
2530 1026 2598 1065 ex
2651 1011 3000 1079 productore,
3032 1009 3129 1079 qui
3150 1016 3229 1078 ._et
3264 1005 3425 1063 Pater
3466 1016 3570 1071 est,
3620 1021 3716 1076 per

2143 1098 2403 1175 Spiritum
2436 1099 2607 1155 nasci.
2628 1118 2665 1166 λ»
2804 1122 2827 1150 ρ
2868 1096 2888 1118 ⁸

2165 1244 2175 1253 Α,
2214 1187 2321 1242 Sed
2352 1190 2520 1259 liquet
2549 1188 2810 1257 profecto.
2841 1204 2957 1254 eos,
2986 1189 3077 1259 qui
3111 1185 3356 1255 Spiritus
3387 1200 3483 1255 per
3514 1183 3715 1238 Filium

2143 1282 2546 1349 processionem
2598 1281 2671 1335 ita
2727 1288 3069 1351 pervertunt,
3130 1276 3418 1332 Trinitatis
3468 1277 3717 1331 ordinent

2145 1373 2354 1435 tollere,
2382 1371 2873 1443 confusionentque
2900 1372 3297 1441 proprietatum
3330 1369 3717 1438 personalium,

2145 1464 2372 1520 sublatis
2428 1464 2555 1518 item
2593 1464 2865 1533 personis,
2896 1462 3269 1516 introducere.
3306 1459 3503 1529 Liquet
3554 1459 3718 1518 simul

2144 1570 2239 1611 eos
2258 1554 2462 1611 sanctis
2479 1554 2760 1620 Patribus,
2782 1553 3037 1608 ECl'lCSliB
3069 1553 3365 1622 magistris,
3392 1566 3718 1621 repugnare,

2146 1650 2274 1704 dum
2326 1649 2445 1703 sine
2502 1647 2682 1701 medio
2732 1646 2995 1716 Spiritum
3031 1660 3096 1700 ex
3129 1643 3292 1698 Patre
3334 1660 3456 1700 esse
3507 1644 3717 1709 volunt,

2147 1741 2523 1811 Spiritutnque
2553 1738 2690 1793 Filio
2754 1743 3095 1806 praeponunt,
3153 1735 3401 1805 nihilque
3432 1735 3722 1804 prohibere

2147 1834 2358 1897 dicunt,
2391 1831 2555 1886 etiam
2586 1828 2785 1884 Filium
2815 1845 2880 1885 ex
2916 1829 3245 1898 productore
3276 1843 3372 1894 per
3393 1828 3717 1894 productum

2150 1910 2340 1986 nasci;
2373 1938 2439 1978 ex
2477 1937 2586 1991 quo
2614 1922 2810 1976 Filium
2852 1921 3156 1975 secundum
3212 1918 3459 1973 ordinem
3500 1918 3724 1972 tertium

2150 2029 2179 2068 a
2208 2013 2369 2067 Putre
2398 2011 2753 2077 confitentur,
2777 2020 3031 2081 putantes
3057 2027 3116 2065 se
3161 2019 3379 2079 propter
3410 2009 3728 2078 pronuntia-

2149 2105 2353 2158 tionem
2377 2104 2679 2167 nominum,
2705 2116 3005 2171 eorumque
3036 2100 3411 2170 intelligentia:
3437 2100 3728 2155 subtilita-

2152 2202 2282 2256 tem,
2331 2204 2392 2248 ut
2444 2192 2742 2255 voluerint,
2793 2191 3038 2245 divinum
3097 2191 3282 2254 etiam,
3323 2198 3379 2244 et
3437 2200 3724 2256 aeternum,

2150 2294 2316 2354 atque
2376 2284 2713 2339 immobilem
2782 2291 2993 2336 mutare
3041 2281 3288 2334 ordinem
3350 2296 3534 2350 posse,
3580 2282 3724 2351 quod

2152 2389 2329 2442 neque
2356 2373 2407 2427 iu
2439 2376 2708 2427 creaturis
2739 2374 2856 2427 lleri
2924 2372 3187 2441 possibile
3225 2381 3330 2426 est.
3360 2371 3549 2443 Neque
3575 2373 3724 2427 enim

2153 2466 2208 2517 in
2247 2464 2354 2527 his,
2410 2464 2458 2519 si
2485 2463 2705 2519 causale
2759 2479 2937 2519 rausw
2981 2452 3383 2533 praetulerintus
3416 2464 3470 2517 in
3509 2465 3726 2531 ordine,

2152 2574 2237 2621 ac.
2289 2559 2357 2614 de
2388 2559 2572 2614 calore
2613 2557 2966 2623 disserentes,
3004 2559 3143 2628 ignis
3171 2559 3346 2628 primo
3393 2559 3724 2614 mentionem

2152 2650 2470 2714 fecerimus,
2518 2653 2629 2720 jam
2682 2653 2842 2705 etiam
2899 2651 3163 2705 continuo
3194 2650 3343 2705 calor
3368 2651 3509 2720 ignis
3561 2667 3726 2706 causa

2151 2743 2278 2808 erit,
2312 2753 2406 2799 aut
2433 2744 2564 2799 solis
2589 2743 2806 2808 radius;
2837 2758 3011 2812 neque
3032 2741 3289 2796 dictionis
3309 2750 3511 2796 nostrae
3556 2741 3730 2813 gratia

2153 2846 2243 2887 res
2294 2834 2461 2887 etiam
2501 2847 2663 2888 suum
2726 2828 2975 2887 ordinem
3014 2832 3325 2885 immutant.
3376 2831 3480 2885 Sed
3533 2831 3605 2885 ita
3640 2832 3729 2885 isti

2153 2925 2382 2978 nimium
2415 2924 2584 2996 inepti
2654 2936 2707 2980 et
2748 2924 2954 2994 garruli
3003 2924 3427 2978 ratiocinatores
3470 2912 3730 2978 sentiant.

2221 3017 2293 3071 At
2346 3031 2476 3071 vero
2526 3017 2698 3071 sancti
2732 3017 2922 3069 Patres
2971 3012 3187 3067 ordinis
3212 3014 3369 3068 istam
3409 3014 3734 3079 novitatem,

2156 3108 2330 3177 ipsius
2386 3107 2709 3162 substantia:
2765 3107 3150 3173 privationem,
3189 3106 3358 3159 totius
3392 3103 3517 3158 ﬁdei
3567 3108 3732 3174 nega-

480 3217 661 3259 auteut
691 3221 755 3259 ex
789 3203 926 3265 solo,
962 3203 1080 3258 sine
1108 3201 1286 3257 medio
1332 3201 1598 3270 Spiritum
1645 3218 1708 3258 ex
1732 3202 1894 3259 Patre
1918 3221 2047 3275 pro-
2076 3204 2120 3263 α
2159 3200 2359 3254 tionem
2383 3213 2507 3254 esse
2538 3198 2724 3260 aitmt,
2760 3197 3203 3266 Eunomiumque
3243 3206 3561 3257 causantur,
3589 3198 3734 3266 quod

478 3295 671 3350 cedere
702 3295 988 3364 significat.
1023 3293 1131 3348 Sed
1163 3295 1266 3348 ista
1296 3305 1479 3362 postea
1515 3293 1838 3351 videbimus.

551 3386 686 3440 illud
723 3386 885 3441 modo
916 3402 981 3441 ex
1015 3385 1258 3455 his,qua2
1282 3400 1445 3455 supra
1473 3385 1732 3451 diximus,
1766 3395 2049 3442 ostensum

479 3487 586 3541 est,
648 3479 791 3547 quod
827 3478 901 3542 hi,
930 3478 1022 3547 qui
1056 3486 1279 3548 propter
1327 3460 1829 3547 pronuntiationem
1879 3479 2055 3534 nomi-

482 3584 638 3634 num,
690 3584 912 3637 suzeque
967 3569 1166 3624 mentis
1218 3571 1733 3637 praesumptionem,
1797 3571 1848 3626 id
1906 3570 2053 3641 quod

482 3661 683 3713 dictum
704 3666 810 3723 est,
830 3674 926 3728 per
950 3659 1152 3713 Filium
1174 3660 1468 3728 procedere
1491 3661 1752 3730 Spiritum
1773 3670 2052 3730 sanctum,

483 3768 591 3806 non
650 3752 868 3823 proprie
908 3768 974 3808 ac
1020 3752 1458 3810 substantialiter
1512 3756 1713 3812 dictum
1750 3769 2052 3827 exponunt,

482 3845 719 3913 solisque
753 3846 932 3900 verbis
953 3845 1258 3900 divinarum
1292 3844 1360 3900 ad
1410 3861 1470 3902 se
1500 3846 1731 3903 invicem
1784 3864 2053 3920 persona-

479 3953 601 3990 rum
623 3937 866 3990 ordinem
898 3942 1027 3992 esse
1049 3946 1324 3999 asserunt,
1356 3947 1600 4007 peccant.
1644 3940 1812 3995 Aiunt
1840 3944 1985 3996 enim
2034 3961 2048 3999 :

489 4045 507 4078 ι
537 4025 804 4092 Quoniam
832 4026 1003 4093 prima
1030 4042 1282 4097 persona.
1328 4028 1488 4083 Pater
1551 4032 1777 4095 scilicet,
1819 4042 1871 4087 et
1899 4034 2056 4088 Patrr

483 4128 538 4174 et
579 4119 873 4187 productor
921 4119 1146 4185 dicitur,
1178 4129 1231 4174 et
1275 4120 1447 4175 Filius
1485 4123 1704 4191 quidem
1738 4125 1802 4178 ad
1838 4125 2053 4179 Patrem

484 4212 784 4266 secundum
809 4226 870 4265 ea
899 4226 1019 4280 qua:
1041 4211 1106 4264 ad
1134 4212 1338 4282 aliquid
1360 4213 1639 4278 dicuntur,
1666 4218 2058 4271 conwnieuter

486 4301 765 4367 redditur;
823 4300 1020 4355 Filium
1072 4302 1219 4356 enim
1267 4302 1534 4367 dicentes,
1589 4317 1645 4359 et
1694 4305 1906 4360 Patrem
1947 4321 2056 4361 una

480 4396 858 4465 intelligimus.
918 4394 1155 4464 Spiritus
1214 4407 1419 4464 autem,
1480 4399 1582 4453 etsi
1628 4416 1657 4453 a
1713 4399 1875 4454 Patre
1938 4394 2083 4455 csse‘

481 4486 704 4553 dicitur,
728 4486 793 4541 ad
822 4487 1204 4557 productorem
1236 4495 1417 4544 tamen
1454 4490 1670 4558 preprie
1693 4528 1708 4552 ,
1738 4490 1804 4544 ad
1838 4490 2056 4545 Patrem

2160 3291 2408 3346 ordinem
2450 3291 2504 3345 iu
2538 3291 2649 3344 Deo
2674 3304 2783 3345 non
2815 3290 3131 3359 suscipiat;
3186 3305 3443 3359 eumque,
3480 3290 3570 3359 qui
3628 3293 3736 3344 imo

2154 3392 2333 3437 mutat
2408 3383 2818 3447 substantiam,
2887 3380 2981 3435 Dei
3052 3381 3388 3435 ordinationi
3470 3380 3736 3452 refragari

2153 3473 2442 3536 deﬁniunt,
2502 3476 2680 3544 ipsum
2716 3474 3009 3528 Dominum
3059 3473 3353 3527 tradidisse
3385 3473 3633 3527 ordinem
3679 3474 3734 3529 in

2155 3568 2413 3623 salutaris
2440 3567 2699 3637 baptismi
2737 3566 3033 3621 traditione
3060 3576 3394 3631 asserentes,
3428 3567 3731 3621 secundum

2155 3677 2315 3731 quem
2381 3661 2485 3716 alia
2520 3676 2583 3715 ex
2620 3661 2873 3730 personis
2919 3662 3118 3730 prima,
3165 3660 3273 3714 alia
3327 3661 3586 3726 secunda,
3628 3660 3737 3715 alia

2156 3752 2313 3808 tertia
2340 3752 2614 3823 personali
2649 3751 2841 3807 ordine
2865 3760 2993 3807 est:
3023 3750 3270 3819 nihilque
3305 3749 3525 3806 dilferre
3556 3753 3734 3818 aiunt,

2156 3853 2342 3900 utrum
2373 3848 2499 3917 quis
2532 3847 2801 3917 Spiritum
2835 3859 3085 3906 sanctum
3116 3850 3183 3906 ad
3225 3861 3531 3906 creaturam
3566 3852 3738 3905 dedu-

2156 3946 2264 4002 cat,
2299 3953 2373 3995 an.
2395 3938 2547 3993 illum
2584 3938 2745 4006 Filio,
2773 3942 2853 3995 vel
2887 3942 3035 3996 Patri
3087 3941 3361 4011 praeferat,
3403 3958 3512 3997 non
3559 3944 3735 3999 solum

2161 4030 2424 4098 temporis
2480 4032 2712 4096 ratione,
2754 4033 2849 4093 sed
2879 4033 3110 4087 ordinis.
3154 4033 3426 4098 Quocirca
3465 4034 3569 4087 rite
3623 4049 3741 4086 ma-

2157 4121 2324 4188 giSter
2368 4121 2481 4192 (15)
2535 4136 2631 4175 eos
2681 4121 2967 4191 fugiendos
3035 4123 3128 4188 ait,
3196 4122 3291 4192 qui
3350 4135 3407 4179 et
3465 4124 3736 4188 ordinem,

2157 4226 2318 4281 quem
2348 4212 2602 4266 tradidit
2656 4214 2824 4268 nobis
2869 4212 3155 4279 Dominus,
3204 4215 3522 4280 innnutant,
3555 4223 3613 4269 ut
3642 4216 3738 4284 qui

2159 4303 2449 4359 manifeste
2478 4304 2697 4360 veritati
2732 4306 3095 4372 reluctantur,
3128 4315 3182 4363 et
3216 4307 3414 4362 Filium
3440 4307 3742 4377 praeferunt

2159 4393 2327 4460 Patri,
2369 4396 2452 4450 vel
2485 4394 2624 4451 Filio
2663 4407 2988 4467 pra:pouunt
3017 4398 3285 4468 Spiritum
3323 4410 3594 4454 sanctum.

2231 4484 2555 4558 Quanquam
2616 4487 2770 4555 juxta
2825 4490 3162 4556 superiorem
3222 4490 3741 4566 ratiocinationem,

481 4591 662 4637 autem
714 4579 1008 4651 imprOprie
1040 4579 1306 4643 refertur,
1363 4598 1486 4636 cum
1533 4580 1695 4637 Pater
1743 4584 1903 4649 etiam
1935 4600 2058 4654 pro—
2082 4602 2135 4664 ι)
2162 4581 2421 4649 quoniam
2456 4594 2553 4648 per
2581 4576 2780 4633 Filium
2815 4580 2999 4635 omnia
3033 4580 3174 4634 facta
3206 4580 3504 4651 Scriptura;
3536 4591 3744 4636 sancta:

479 4677 675 4730 ductor
700 4674 793 4738 sit,
824 4682 879 4728 et
911 4671 1270 4743 intelligatur.
1293 4671 1387 4727 Est
1423 4673 1567 4728 enim
1594 4673 1761 4738 idem,
1791 4686 1845 4728 et
1872 4674 2052 4734 Pater.

478 4774 534 4820 et
565 4766 883 4837 productor.
923 4781 942 4815 ι

550 4855 648 4919 liis
700 4864 886 4910 autem
933 4856 1004 4911 ita
1039 4856 1254 4926 positis,
1311 4856 1384 4911 ita
1438 4856 1680 4912 inferunt
1728 4876 1743 4914 :
1805 4876 1824 4911 ι
1865 4860 2054 4932 Itaque

479 4948 923 5018 quandoquidem
980 4949 1248 5019 Spiritum
1292 4964 1355 5002 ex
1399 4948 1556 5004 Patre
1609 4950 1865 5015 dicimus,
1908 4968 2052 5022 quo-

480 5042 625 5095 niam
662 5040 874 5095 Patrem
909 5041 1176 5105 dicentes,
1211 5030 1265 5096 et
1292 5040 1489 5095 Filium
1528 5057 1634 5096 una
1670 5042 2048 5115 intelligimus,

454 5135 686 5205 ‘idcirco
715 5134 914 5189 dicitur
958 5133 1197 5205 Spiritus
1228 5149 1325 5204 per
1357 5134 1597 5188 medium
1634 5134 1859 5202 Filium,
1886 5147 2053 5209 atque

479 5243 576 5298 per
610 5225 803 5281 Filium
829 5242 893 5281 ex
929 5224 1091 5280 Patre
1113 5223 1429 5294 procedere.
1462 5223 1598 5280 Cum
1637 5236 1820 5282 autem
1855 5245 2053 5286 rursus

479 5321 719 5391 primum
783 5319 1170 5388 productorem
1238 5313 1492 5379 dicimus,
1552 5317 1741 5372 eadem
1808 5320 2056 5385 ratione,

480 5412 741 5482 quoniam
778 5411 1162 5480 productorem
1187 5407 1453 5491 dicentes,
1489 5422 1595 5462 una
1623 5409 1785 5463 etiam
1812 5410 1887 5469 id.
1912 5412 2059 5481 quod

482 5505 758 5575 producit,
780 5505 1120 5573 cogitamus:
1141 5498 1427 5568 siquando
1451 5498 1620 5555 Filius
1643 5515 1706 5555 ex
1735 5503 2091 5570 productore'

486 5597 724 5664 dicatur,
780 5606 912 5651 tunc
966 5592 1136 5648 Filius
1195 5606 1292 5659 per
1348 5590 1588 5646 medium
1625 5591 1911 5661 Spiritum,
1960 5586 2060 5650 seu

488 5687 819 5757 productum
881 5701 947 5741 ex
1012 5683 1342 5753 productore
1395 5698 1517 5741 esse
1570 5684 1787 5756 proprie
1824 5684 2055 5755 dicetur,

564 5873 689 5946 (ιό)
735 5873 791 5927 S.
825 5872 1058 5929 lias'lius

2156 4672 2361 4727 inducti
2392 4672 2720 4725 auctoritate
2744 4672 3021 4727 credimus
3050 4691 3063 4727 :
3102 4671 3303 4726 Filium
3340 4688 3469 4726 vero
3496 4688 3623 4727 cum
3654 4674 3737 4728 di-

2155 4765 2359 4828 cimus,
2381 4763 2600 4818 Patrem
2628 4777 2848 4833 quoque
2880 4779 2990 4818 una
3036 4764 3420 4835 intelligimus,
3453 4766 3587 4821 nihil
3614 4782 3745 4837 pro-

2160 4853 2368 4910 lu‘bebit
2396 4855 2602 4919 dicere,
2638 4869 2670 4908 a
2706 4852 2845 4908 Filio
2871 4870 2969 4924 per
2994 4854 3214 4910 Patrem
3239 4865 3522 4911 creaturas
3553 4872 3746 4912 mana-

2154 4949 2318 5011 visse,
2357 4955 2418 5001 ut
2447 4946 2763 5001 necessario
2810 4945 2923 5016 jam
2958 4955 3012 5001 et
3038 4947 3199 5001 Pater
3224 4946 3346 5001 Filii
3415 4954 3471 5002 et
3505 4948 3761 5024 Spiritus.

2152 5041 2367 5096 medius
2419 5039 2513 5096 sit.
2567 5038 2635 5092 Et
2679 5039 2942 5108 quoniam
2994 5055 3024 5093 a
3066 5038 3210 5093 Filio
3242 5039 3561 5096 Paracletus
3603 5042 3746 5097 mitti

2153 5132 2474 5202 perhibetur
2501 5149 2514 5185 :
2541 5128 2667 5184 Filii
2690 5139 2874 5184 autem
2902 5130 3236 5185 mentionem
3258 5128 3543 5198 facientes,
3563 5142 3747 5188 mente

2156 5224 2399 5280 simulet
2429 5223 2646 5277 Patrem
2678 5215 3232 5289 comprehendimus;
3290 5224 3481 5279 eadem
3532 5224 3745 5277 ratione
3830 5226 3841 5231 ”

2157 5324 2212 5370 et
2245 5329 2341 5385 per
2367 5315 2584 5369 Patrem
2623 5313 2764 5369 mitti
2804 5311 3041 5383 Spiritus
3080 5313 3311 5369 dicetur.
3363 5313 3543 5383 Atque
3593 5314 3734 5369 idem

2166 5410 2337 5465 ferme
2383 5410 2505 5475 erit,
2553 5425 2618 5464 ac
2659 5411 2704 5465 si
2753 5408 2878 5477 quis
2909 5407 3192 5463 architecti
3237 5407 3529 5475 cujuslibet
3572 5407 3743 5462 lilium

2167 5515 2229 5553 ex
2263 5501 2564 5555 architecto
2593 5514 2688 5568 per
2720 5500 2942 5553 domum
2972 5497 3186 5553 diceret
3218 5509 3431 5563 natum,
3495 5500 3625 5567 quia
3659 5514 3747 5553 ar-

2171 5592 2437 5650 chitectus
2481 5591 2546 5646 ad
2586 5592 2808 5646 domum
2839 5588 3094 5644 refertur.
3128 5587 3260 5642 Nam
3291 5588 3451 5644 simul
3477 5598 3638 5657 atque
3657 5605 3747 5645 ar-

2175 5686 2467 5761 chitectum
2491 5680 2834 5753 cogitaveris,
2864 5689 2919 5736 et
2946 5680 3145 5736 domus
3180 5680 3347 5735 simul
3379 5679 3636 5736 occurrit.
