4106 6508
339 458 401 523 33
1447 423 1848 532 apvsnsus
1880 450 2196 512 cumcos
2239 451 2366 512 LIB
2431 451 2478 513 ι.
3443 506 3458 512 _
3535 456 3606 521 at

409 577 462 631 Id
496 583 676 629 autem
708 571 923 628 illorum
962 570 1356 628 absurditatem
1406 574 1460 628 in
1495 575 1688 642 primis
1715 574 1915 642 arguit,
1947 573 1993 628 Δ
2025 567 2262 621 medium
2320 567 2517 620 Filium
2573 580 2639 622 ex
2679 565 2840 621 Patre
2885 581 3002 622 esse
3036 566 3217 633 habet,
3265 569 3434 640 liquet
3475 587 3605 641 pro-

346 667 478 738 quod
504 664 738 732 theologi
765 665 1063 718 secundum
1095 677 1158 717 ea
1178 679 1301 732 qua:
1329 679 1493 732 supra
1523 663 1898 731 exposuimus,

345 755 638 826 aliquando
683 770 748 807 ex
793 752 904 808 Deo
934 769 1030 823 per
1062 753 1320 819 Verbum,
1355 755 1652 824 aliquando
1689 767 1782 822 per
1821 749 1909 804 Fi-

263 825 268 828 I
344 825 467 902 lium
499 863 566 900 ex
602 845 710 898 Deo
742 844 1006 913 Spiritum
1028 859 1149 898 esse
1169 845 1344 897 aiunt.
1365 843 1500 896 Nam
1524 843 1570 897 si
1596 838 1908 909 hujnsmodi

343 935 816 992 ratiocinationem
885 947 1068 987 veram
1124 946 1245 986 esse
1293 931 1722 989 arbitrarentur,
1782 940 1906 980 cum

343 1029 623 1087 dixissent,
657 1041 752 1094 per
799 1023 1058 1088 Verbum,
1091 1038 1370 1092 nunquam
1404 1039 1466 1074 ex
1506 1020 1615 1074 Deo
1641 1019 1906 1081 dicerent,

344 1120 432 1174 sed
467 1133 559 1187 per
591 1103 847 1179 Verbum:
876 1130 941 1170 ex
975 1121 1175 1166 mente.
1208 1111 1448 1166 Verbum
1486 1109 1712 1178 quippe,
1754 1107 1910 1177 juxta

353 1213 612 1261 rationem
642 1205 904 1269 nominis,
954 1221 1058 1260 non
1107 1205 1173 1258 ad
1211 1203 1403 1271 Deum,
1433 1204 1526 1258 sed
1560 1201 1625 1256 ad
1673 1208 1910 1255 mentem

344 1301 592 1354 refertur.
642 1299 744 1354 Per
805 1298 998 1352 Filium
1045 1308 1224 1352 autem
1279 1313 1403 1350 cum
1455 1297 1726 1355 dicerent,
1771 1309 1914 1347 nun—

345 1406 504 1461 quam
560 1389 893 1458 adjerissent
944 1407 957 1442 :
1010 1390 1086 1440 Ex
1145 1389 1251 1442 Deo
1296 1403 1389 1456 per
1435 1387 1652 1449 Filium,
1690 1384 1784 1439 sed
1821 1398 1914 1460 per

356 1497 682 1541 creaturam.
715 1484 886 1551 lIujus
911 1486 1108 1554 quippe
1130 1484 1292 1549 Deus,
1327 1483 1468 1537 Deus
1497 1491 1617 1546 est;
1648 1482 1756 1533 imo
1785 1494 1913 1533 vero

359 1590 532 1644 neque
578 1574 624 1627 id
671 1575 948 1644 quidpiam
985 1576 1298 1643 prohiberet
1338 1573 1446 1626 diei
1478 1569 1676 1624 Filium
1704 1585 1768 1624 ex
1807 1570 1916 1622 Deo

347 1679 437 1733 per
465 1671 754 1718 creaturas
775 1664 949 1717 nasci.
979 1663 1121 1718 Deus
1153 1665 1300 1718 enim
1333 1662 1396 1714 ad
1427 1671 1712 1714 creaturas
1746 1659 1918 1713 refer-

346 1765 449 1808 tur.
479 1754 622 1808 Ideni
657 1766 836 1807 autem
871 1755 1037 1818 Deus,
1065 1766 1118 1809 et
1157 1753 1320 1808 Pater
1352 1753 1474 1806 Filii
1504 1768 1626 1806 esse
1657 1750 1916 1819 intelligi-

347 1856 452 1900 tur.
480 1845 584 1900 Sed
615 1845 927 1913 hujusmodi
987 1861 1162 1914 nugas
1217 1855 1380 1915 atque
1419 1844 1656 1913 ineptias
1683 1842 1825 1896 absit
1860 1849 1918 1894 ut

351 1937 662 1991 doctoribus
703 1937 874 1992 sacris
913 1952 1150 2006 unquam
1183 1937 1234 1989 in
1264 1946 1499 1989 utentem
1527 1934 1736 1989 venisse
1769 1943 1926 2002 pute-

347 2045 501 2094 mus,
583 2044 649 2083 ne
699 2030 870 2100 magis
914 2031 1184 2100 sopbistas
1235 2030 1356 2083 illos
1412 2043 1572 2097 quam
1629 2027 1920 2096 magistros

350 2108 564 2191 pietatis
615 2122 996 2185 ostendamus,
1030 2121 1135 2175 alia
1165 2135 1262 2190 per
1296 2120 1402 2174 alia
1439 2119 1707 2181 dicentes,
1755 2127 1921 2186 atque

349 2225 410 2265 ex
459 2225 522 2264 ea
569 2222 719 2280 parte
752 2221 997 2267 nostram
1049 2211 1468 2280 intelligentiam
1512 2209 1920 2271 obnubilantes,

352 2317 488 2372 quos
521 2303 805 2372 Oportebat
839 2305 1078 2358 obscura
1104 2303 1416 2358 elucidandi
1455 2303 1750 2371 magistros
1777 2316 1920 2364 esse,

350 2407 407 2447 ut
442 2409 628 2449 revera
663 2404 810 2451 sunt.
848 2394 1035 2465 Neque
1062 2411 1194 2450 sane
1211 2396 1387 2451 nobis
1415 2395 1659 2463 expedit,
1693 2407 1814 2461 quae
1852 2392 1921 2446 ab

354 2485 462 2540 illis
493 2498 678 2555 aperte
729 2497 782 2541 et
802 2487 1007 2542 utiliter
1025 2487 1168 2542 dicta
1195 2496 1341 2551 sunt,
1366 2501 1622 2556 perverse
1643 2485 1917 2553 accipere:

354 2594 419 2632 ex
454 2595 561 2648 quo
592 2591 644 2632 ct
682 2579 787 2633 illis
819 2580 1126 2648 irrogamus
1167 2579 1424 2648 injurias,
1477 2588 1531 2632 et
1578 2575 1738 2632 nobis
1787 2575 1922 2646 ipsis

353 2670 688 2740 dispendium
721 2672 915 2732 salutis
941 2672 1296 2742 acquirimns.

428 2761 585 2815 Certe
616 2761 852 2817 lucidius
886 2763 1195 2833 promenda:
1226 2761 1472 2816 veritatis
1517 2759 1765 2829 magistri
1797 2757 1921 2812 aliis

353 2866 476 2906 cum
513 2862 713 2919 essent,
749 2854 1020 2908 dixissent
1055 2855 1262 2923 utique,
1299 2854 1344 2908 si
1401 2854 1473 2907 ita
1505 2852 1772 2907 veraciter
1800 2865 1922 2905 esse

355 2944 730 3013 putavissent,
789 2944 1052 3014 Spiritum
1109 2961 1173 2998 ex
1225 2945 1381 2999 Patre
1429 2960 1523 3014 per
1558 2943 1754 2998 Filium
1813 2939 1921 2996 dici

358 3039 754 3103 tantummodo,
816 3053 922 3091 non
962 3047 1139 3091 tamen
1178 3052 1296 3092 esse
1332 3053 1395 3091 ac
1428 3038 1744 3106 procedere.
1776 3034 1922 3101 Quo-

355 3128 507 3182 niam
551 3143 678 3183 vero
715 3129 765 3183 id
814 3145 923 3183 non
960 3130 1238 3196 dixerunt,
1287 3130 1684 3200 expositionem
1732 3130 1922 3197 hujus-

2024 657 2188 722 fecto,
2245 659 2474 714 sublatis
2536 660 2988 716 substantialibus
3027 660 3430 736 [bypostaticis]
3473 682 3606 735 pro-

2020 750 2308 816 ceSsibus,
2365 765 2629 820 personas
2691 767 2913 821 quoque
3000 753 3168 807 simul
3231 754 3603 824 auferendus,

2016 855 2193 909 neque
2219 841 2330 912 jam
2363 843 2610 896 ordinem
2641 843 2831 909 ullum,
2869 859 3046 914 neque
3075 843 3401 901 Trinitatem
3445 850 3606 904 nobis

2019 932 2289 1001 reliquam
2343 948 2485 988 csse.
2526 934 2796 999 Quocirca
2849 939 2951 1002 rite
2993 938 3202 992 dictum
3253 949 3339 994 est
3391 943 3603 996 ordinis

2017 1022 2205 1091 ejusce
2253 1023 2552 1078 novitatem
2617 1025 2786 1094 ipsius
2820 1042 2943 1081 esse
2977 1028 3296 1084 substantia:
3327 1028 3594 1086 ‘abolitio'-

2018 1129 2164 1177 netu,
2197 1117 2474 1183 totiusque
2502 1115 3101 1187 ﬁdei'abnegationcm.

2039 1225 2056 1248 ο
2091 1206 2277 1277 Neque
2326 1223 2457 1262 vero
2493 1211 2596 1263 iSta
2649 1212 2846 1277 solum,
2896 1229 3019 1282 quae
3053 1214 3314 1280 divimus,
3354 1217 3600 1271 ordinem

2020 1296 2074 1352 in
2120 1285 2309 1352 sant-ta
2356 1297 2624 1354 Trinitate
2667 1305 3076 1368 commendant,
3136 1311 3606 1378 personarumque

2023 1401 2364 1456 processum.
2414 1405 2508 1457 per
2585 1407 2749 1460 quem
2785 1391 2958 1449 Filius
2993 1396 3209 1463 quidem
3255 1399 3376 1453 sine
3425 1400 3605 1453 medio

2020 1492 2088 1529 ex
2143 1480 2318 1545 primo
2362 1491 2473 1545 est;
2525 1477 2766 1551 Spiritus
2802 1494 2983 1537 autem
3020 1495 3248 1541 sanctus
3294 1503 3361 1542 ex
3425 1488 3602 1556 primo

2021 1582 2116 1637 per
2159 1569 2421 1636 medium,
2448 1573 2542 1626 sed
2570 1588 2635 1626 ex
2666 1573 2788 1626 aliis
2813 1574 3087 1642 plurimis,
3115 1592 3235 1645 quae
3266 1593 3295 1630 a
3329 1578 3606 1646 magistris

2021 1657 2167 1713 dicta
2202 1670 2355 1735 sunt,
2387 1663 2649 1718 discimus
2690 1673 2746 1718 et
2770 1662 2892 1718 Filii
2929 1667 3412 1735 ntcdiationem,et
3431 1671 3606 1726 sancti

2024 1749 2264 1818 Spiritus
2289 1756 2589 1809 naturalem
2629 1757 3090 1827 essentialentque
3119 1775 3461 1828 processum.

2096 1840 2324 1912 Magnus
2352 1845 2550 1914 quippe
2586 1846 2925 1904 Athanasius
2956 1848 3010 1901 iit
3042 1866 3115 1914 ιιιι
3146 1849 3351 1904 Contra
3376 1853 3606 1905 Arianos

1961 1934 2004 1990 Β
2032 1931 2193 1996 libro,
2241 1934 2397 2004 cujus
2434 1936 2649 1990 initium
2689 1948 2772 1992 est
2804 1956 2820 1992 :
2851 1940 2958 2006 Qui
3003 1942 3124 1994 Arii
3159 1952 3431 1997 sectantur
3461 1945 3610 1997 insa-

2026 2025 2191 2086 niam,
2224 2037 2278 2079 ut
2307 2028 2534 2098 intelligi
2564 2030 2750 2093 datur,
2785 2032 3123 2085 decreverunt
3149 2036 3310 2087 semei
3344 2044 3608 2101 apostatte

2023 2115 2164 2184 ﬁeri,
2225 2127 2749 2190 transgressorcsque
2804 2124 3063 2187 veritatis,
3114 2124 3188 2177 ita
3235 2125 3313 2177 ait
3355 2140 3369 2178 :
3412 2143 3430 2176 ς
3489 2125 3610 2180 Non

2027 2207 2265 2275 spiritus
2307 2207 2541 2264 Verbum
2571 2213 2857 2283 conjungit
2903 2212 3074 2278 Patri,
3106 2213 3200 2268 sed
3229 2215 3332 2270 hoc
3370 2230 3399 2268 a
3432 2216 3610 2272 Verbo

2026 2301 2212 2368 potius
2243 2301 2444 2368 accipit
2494 2303 2760 2372 Spiritus.
2819 2324 2837 2356 ι
2887 2304 2957 2358 Et
2990 2315 3112 2375 post
3145 2322 3364 2374 pauca:
3407 2325 3426 2359 ί
3469 2310 3606 2374 Quia

2024 2391 2171 2444 enim
2226 2392 2464 2448 Verbum
2518 2395 2571 2448 itt
2615 2393 2779 2449 Patre
2844 2405 2950 2460 est,
3023 2399 3263 2467 Spiritus
3311 2408 3492 2455 autem
3543 2415 3612 2457 ex

2027 2480 2206 2537 Verbo
2240 2486 2426 2551 datur,
2465 2487 2588 2540 ideo
2621 2502 2721 2542 nos
2755 2489 2868 2542 vult
2899 2489 3150 2558 accipere
3184 2491 3472 2560 Spiritum,
3531 2508 3610 2560 ιιι,

2026 2589 2150 2628 cum
2191 2577 2342 2630 illum
2388 2580 2792 2648 acceperimus,
2832 2589 2961 2636 tunc
2987 2583 3256 2641 habentes
3294 2587 3454 2642 Verbi
3483 2587 3611 2658 Spi-

2028 2669 2219 2734 ritum,
2255 2671 2399 2740 quod
2433 2673 2589 2726 estin
2620 2673 2800 2739 Patre,
2820 2683 2875 2728 et
2906 2689 3005 2730 nos
3026 2691 3192 2730 unum
3213 2678 3328 2732 fieri
3359 2680 3410 2732 in
3441 2680 3615 2734 Verbo

2025 2771 2250 2829 propter
2322 2761 2627 2831 Spiritum,
2687 2779 2751 2819 ac
2810 2781 2908 2835 per
2977 2767 3151 2836 ipsum
3208 2769 3262 2822 itt
3321 2769 3480 2827 Patre
3539 2771 3618 2828 vi-

2023 2852 2268 2908 deamur.
2305 2873 2324 2906 ι

2097 2944 2248 2999 Idem
2278 2945 2331 2999 in
2387 2946 2619 3017 epistola
2649 2948 2716 3002 ad
2763 2947 3116 3018 Serapionem
3151 2950 3219 3005 de
3247 2961 3437 3007 sancto
3483 2954 3614 3024 Spi-

2027 3036 2154 3102 ritu,
2186 3053 2307 3106 qu:e
2343 3039 2534 3108 incipit
2565 3057 2580 3095 :
2615 3038 2833 3095 Litterae
2877 3044 3027 3096 sacri
3062 3045 3117 3096 in
3146 3059 3238 3096 nos
3267 3045 3490 3113 affectus
3539 3048 3617 3100 tui

2024 3126 2154 3180 mihi
2176 3127 2231 3180 in
2265 3145 2436 3182 eremo
2461 3131 2683 3185 reddin
2710 3141 2854 3196 sunt,
2874 3133 2948 3186 ita
2975 3133 3050 3185 ait
3076 3140 3094 3187 ξ
3126 3149 3145 3182 ι
3178 3133 3457 3202 Ignorant,
3483 3151 3622 3204 quo-

356 3219 502 3274 modi
554 3219 775 3274 omnino
833 3221 1073 3276 tenuisse
1124 3221 1573 3289 comprobantur.
1618 3219 1820 3288 Nempe
1869 3225 1923 3270 et
1959 3259 2002 3317 ο
2037 3215 2182 3268 niam
2234 3227 2291 3270 ut
2339 3219 2431 3287 qui
2476 3219 2725 3274 dividunt
2768 3235 2798 3274 a
2837 3219 3002 3275 Patre
3037 3219 3260 3287 Filium,
3294 3239 3462 3278 unum
3497 3242 3622 3282 esse

357 3307 722 3364 Damascenus
739 3310 803 3363 de
820 3309 980 3364 Patre
1011 3311 1085 3364 ait
1104 3308 1242 3380 (16):
1270 3330 1286 3361 ι
1307 3309 1426 3381 Ipse
1441 3311 1656 3380 quidem
1672 3321 1754 3364 est
1777 3325 1930 3365 mens

357 3400 508 3454 verbi
552 3401 802 3469 abyssns,
840 3401 987 3455 verbi
1040 3402 1274 3471 genitor,
1310 3411 1364 3456 et
1396 3417 1494 3472 per
1525 3401 1754 3456 verbum
1803 3399 1930 3470 Spi-

357 3497 497 3550 ritus
543 3496 855 3564 productor.
899 3515 918 3549 ι
976 3495 1167 3551 Dicere
1218 3496 1384 3566 igitur
1436 3497 1734 3552 secundum
1797 3497 1935 3551 istos

357 3588 641 3652 debuerat,
675 3591 822 3645 verbi
868 3601 1289 3658 commentator,
1321 3593 1486 3647 tacito
1527 3592 1782 3661 genitoris
1831 3607 1933 3645 no-

361 3683 526 3734 mine.
563 3679 798 3736 Verbum
844 3684 989 3738 enim
1022 3685 1086 3737 ad
1141 3693 1375 3738 mentem
1411 3683 1672 3747 refertur,
1706 3699 1815 3738 non
1865 3682 1934 3736 ad

360 3775 680 3842 genitorem.
713 3774 1007 3846 Oportebat
1053 3777 1202 3843 item,
1232 3792 1356 3832 eum
1399 3778 1780 3846 productorem
1815 3776 1936 3846 Spi-

359 3866 498 3919 ritus
543 3883 635 3936 pcr
686 3882 744 3922 se
798 3870 973 3923 solum
1005 3871 1208 3938 dicere,
1265 3885 1600 3940 suppresso,
1636 3871 1780 3939 quod
1836 3871 1932 3935 ait,

366 3975 387 4008 σ
428 3956 533 4012 Per
563 3962 808 4017 verbum.
849 3981 869 4014 ι
909 3960 1151 4031 Spiritus
1181 3963 1383 4033 quippe
1430 3963 1495 4018 ad
1546 3965 1933 4033 productorem

359 4051 611 4110 refertur.
640 4054 794 4111 Nunc
825 4073 970 4122 vero,
1005 4059 1224 4128 quando
1253 4059 1632 4128 productorem
1677 4073 1770 4127 per
1799 4071 1937 4124 _ver-

359 4146 513 4206 bum.
536 4150 610 4201 ait
647 4165 660 4202 :
691 4147 927 4203 Verbum
965 4159 1144 4204 autem
1185 4165 1363 4219 neque
1399 4149 1466 4204 ad
1488 4157 1721 4219 patrem,
1761 4163 1936 4218 neque

362 4237 430 4289 ad
457 4236 830 4306 productoren‘t
864 4237 1149 4292 relativunt
1170 4247 1275 4303 est,
1307 4238 1587 4306 solamque
1611 4235 1845 4291 refertur
1866 4233 1933 4287 ad

333 4337 636 4395 ,mcnlem;
671 4341 882 4382 omnem
916 4328 1163 4398 profecto
1214 4328 1527 4398 bujusmodi
1564 4327 1935 4382 curiositatem

366 4421 675 4474 utmaxime
698 4420 974 4474 ridendam
1003 4436 1065 4475 ac
1089 4421 1454 4490 perniciosam
1487 4432 1720 4475 resecat.

451 4512 712 4566 Praeterea
742 4527 891 4576 vero,
928 4521 981 4566 ct
1015 4513 1160 4582 quod
1190 4513 1410 4578 dicitur,
1441 4513 1677 4582 proprie,
1727 4520 1779 4566 et
1829 4497 1935 4564 non

2035 3307 2202 3362 Deum
2231 3309 2458 3364 tollunt:
2497 3313 2591 3378 ita,
2616 3311 2759 3380 quod
2791 3329 2820 3366 a
2849 3313 3027 3368 Verbo
3047 3315 3308 3370 dirimunt
3332 3318 3614 3386 Spiritum,

2033 3415 2141 3454 non
2165 3401 2278 3468 jam
2316 3417 2477 3455 unam
2517 3403 2571 3456 in
2597 3402 2867 3458 Trinitate
2898 3403 3163 3460 Deitatem
3202 3419 3443 3462 servant.
3488 3429 3508 3461 ι

2105 3491 2250 3544 Idem
2283 3509 2475 3548 rursus
2513 3493 2566 3547 itt
2608 3495 2712 3549 alia
2782 3497 2846 3550 de
2886 3509 3078 3552 sancto
3111 3499 3316 3568 Spiritu
3362 3502 3428 3555 ad
3468 3519 3620 3557 eum-

2035 3585 2156 3638 dem
2194 3586 2448 3655 epistola,
2495 3587 2655 3656 cujus
2709 3589 2923 3644 initinttt
2963 3603 3049 3645 est
3091 3609 3106 3645 :
3151 3592 3409 3648 Fortasse
3450 3598 3621 3649 mira-

2044 3677 2178 3731 beris
2218 3695 2236 3732 :
2281 3698 2298 3730 ι
2349 3680 2466 3733 Non
2514 3682 2699 3747 enim,
2761 3686 2975 3751 inquit,
3026 3695 3180 3739 extra
3247 3685 3482 3741 Verbum
3541 3701 3625 3745 est

2038 3771 2294 3840 Spiritus,
2323 3773 2417 3827 sed
2461 3773 2514 3826 in
2563 3773 2740 3828 Verbo
2783 3789 2908 3828 cum
2952 3776 3046 3839 sit,
3075 3776 3129 3829 in
3169 3778 3277 3832 Deo
3311 3793 3406 3845 per
3445 3781 3622 3848 ipsum

2034 3873 2140 3917 est.
2192 3882 2210 3915 ι
2252 3863 2314 3916 Et
2349 3875 2472 3934 post
2539 3881 2710 3934 pauca
2756 3882 2769 3918 :
2811 3882 2830 3917 ‹
2889 3864 3025 3920 Cum
3067 3878 3249 3921 autem
3291 3869 3529 3938 Spiritus
3568 3872 3623 3924 in

2039 3956 2217 4010 Verbo
2248 3958 2336 4023 sit,
2373 3959 2541 4024 liquet
2569 3959 2838 4027 profecto,
2871 3959 2924 4013 in
2955 3958 3065 4014 Deo
3097 3975 3195 4028 per
3223 3959 3459 4028 Verbum
3501 3978 3624 4019 esse

2039 4048 2324 4119 Spiritum.
2369 4069 2388 4100 ι

2114 4140 2351 4195 Sani-tus
2411 4150 2598 4195 autem
2651 4140 2885 4198 Basilius
2948 4143 3002 4197 in
3062 4144 3298 4214 quodam
3359 4147 3621 4214 capitulo,

2039 4235 2196 4304 cujus
2223 4235 2505 4304 inscriptio
2533 4243 2616 4289 est
2655 4253 2668 4290 τ
2707 4235 3118 4306 Cangloriﬁcari
3174 4252 3295 4290 cum
3347 4235 3457 4290 Deo
3502 4235 3628 4306 Spi-

2041 4329 2224 4392 ritum,
2282 4327 2357 4380 ait
2394 4346 2405 4382 :
2446 4347 2462 4378 ι
2499 4327 2650 4393 Quod
2715 4337 2898 4383 autem
2938 4331 2997 4383 in
3022 4329 3225 4384 eisdem
3260 4329 3464 4383 divinis
3499 4346 3631 4398 ope-

2040 4422 2193 4474 ribus
2254 4418 2497 4474 Trinitas
2539 4419 2901 4490 glorificatur,
2933 4423 3096 4476 unius
3130 4423 3430 4476 divinitatis
3473 4426 3628 4477 testi-

2043 4514 2289 4566 monium
2331 4523 2542 4567 certum
2583 4521 2703 4579 est,
2759 4515 2901 4583 quod
2964 4529 3136 4583 neque
3189 4515 3309 4568 sine
3359 4512 3500 4568 Filio
3531 4516 3631 4570 Pa-

373 4607 613 4674 prOprie,
647 4615 699 4659 et
726 4607 867 4674 quod
894 4605 1193 4660 secundum
1228 4621 1298 4661 se-
1339 4615 1393 4660 et
1433 4607 1686 4660 accidens
1717 4608 1768 4659 in
1797 4605 1936 4660 divi-
1965 4615 2021 4673 υ
2053 4618 2133 4660 ter
2165 4615 2448 4674 operatur,
2474 4621 2654 4676 neque
2691 4607 2812 4661 sine
2842 4607 3049 4674 Spiritu
3085 4604 3271 4658 Filius.
3307 4623 3326 4655 ι

371 4698 459 4752 nis
500 4699 743 4767 personis
797 4698 1018 4752 habebit
1068 4700 1268 4754 locum.
1317 4696 1546 4768 Proprie
1599 4699 1746 4753 enim
1795 4697 1940 4767 quod

372 4793 626 4846 dicuntur
661 4803 712 4846 et
760 4794 1059 4848 secundant
1094 4809 1174 4858 se,
1224 4793 1293 4847 ad
1331 4794 1585 4849 accidens
1629 4794 1943 4864 opponitur.

374 4883 618 4954 Insuper,
670 4893 722 4938 et
775 4885 918 4954 quod
967 4901 994 4938 a
1044 4885 1206 4940 Patre
1255 4902 1362 4941 non
1405 4887 1623 4957 proprie
1679 4887 1944 4955 Spiritum

374 4993 497 5032 esse
518 4991 788 5042 asserunt,
822 4994 851 5031 a
875 4979 1029 5033 l’atre
1047 4980 1235 5049 utique
1262 4995 1368 5034 non
1398 4981 1564 5034 discet
1581 4990 1821 5034 nerctur.
1844 4981 1949 5034 Sed

379 5071 506 5147 ista,
537 5084 598 5125 ut
623 5073 880 5138 diximus,
916 5074 1289 5145 intelligentiae
1315 5075 1692 5144 theologorum
1724 5075 1952 5150 omnino

377 5164 756 5229 adversantur,
813 5168 903 5236 qui
940 5165 1313 5222 monumentis
1355 5169 1473 5224 auis
1513 5168 1730 5222 divinas
1765 5182 1952 5236 persoa

379 5271 480 5311 nas
517 5260 912 5312 discreverunt.
939 5258 1098 5326 Quod
1141 5275 1272 5331 ergo
1295 5260 1407 5331 jam
1440 5262 1647 5314 dictum
1680 5268 1784 5326 est,
1819 5276 1951 5316 con-

382 5360 492 5407 stat
528 5367 591 5406 ex
629 5352 731 5417 his,
761 5368 884 5423 quae
916 5356 1309 5424 praediximus;
1355 5353 1448 5424 qui
1491 5353 1740 5408 ordinem
1787 5353 1948 5417 tollit,

389 5461 514 5500 cum
544 5447 719 5516 ipsum
755 5463 976 5517 quoque
1008 5463 1361 5518 personarum
1394 5462 1732 5518 processum,
1767 5462 1830 5501 ac
1858 5433 1981 5516 per.

389 5551 751 5607 consequens,
789 5555 1055 5610 personas
1102 5542 1265 5595 etiam
1315 5540 1462 5611 ipsas
1491 5539 1799 5594 sustulisse.
1819 5538 1954 5593 Nam

391 5631 688 5682 secundum
739 5643 1034 5699 processus
1091 5630 1172 5684 sui
1221 5630 1520 5689 rationem.
1572 5629 1676 5683 alia
1732 5629 1952 5698 quidem

411 5720 502 5774 itte
566 5722 736 5776 medio
793 5719 1040 5792 procedit
1119 5738 1183 5776 ex
1248 5721 1444 5790 Patre,
1495 5721 1600 5778 alia
1669 5738 1794 5776 vero
1860 5737 1954 5792 per

458 5934 566 6006 (16)
616 5933 684 5988 De
709 5936 812 6004 ﬁde
848 5932 1058 5988 ortltod.
1095 5947 1141 5986 ι’.
1174 5932 1225 5984 Pi.

2122 4701 2263 4753 Idem
2326 4699 2380 4752 in
2425 4699 2532 4752 alio
2578 4699 2845 4768 capitulo,
2879 4697 3022 4767 quod
3059 4696 3380 4751 inscribitur
3416 4714 3428 4750 :
3475 4697 3629 4761 Qucd

2049 4809 2113 4848 ex
2140 4795 2322 4847 divina
2359 4803 2559 4848 natura
2604 4791 2883 4845 Trinitatis
2931 4793 3111 4843 unitas
3144 4789 3470 4856 insinuatur,
3505 4793 3580 4846 ait
3613 4809 3628 4845 ε

2059 4902 2077 4936 ι
2118 4883 2408 4952 Nunquam
2447 4883 2551 4937 fuit
2589 4880 2748 4936 Pater
2782 4881 2900 4936 sine
2928 4879 3090 4946 Filio,
3123 4895 3302 4949 neque
3339 4883 3459 4937 sine
3509 4884 3634 4951 Spi-

2053 4977 2164 5030 ritu
2201 4973 2390 5029 Filius.
2435 4993 2453 5024 ι
2703 4987 2706 4990 '

2040 5080 2042 5083 '
2127 5070 2270 5124 Idem
2309 5074 2360 5120 in
2393 5083 2517 5135 cap.
2555 5066 2643 5127 16.
2677 5065 2742 5120 ad
2773 5066 3214 5136 Amphilochium
3246 5084 3260 5120 :
3296 5085 3316 5119 ‹
3354 5067 3425 5122 Ut
3470 5067 3639 5138 igitur

2057 5176 2118 5216 se
2151 5160 2315 5214 habet
2340 5159 2406 5213 ad
2448 5157 2664 5214 Patrem
2697 5157 2885 5220 Filius,
2920 5159 2994 5212 ita
3031 5168 3084 5212 et
3118 5160 3184 5213 ad
3221 5158 3419 5213 Filiunt
3465 5159 3640 5230 Spiri-

2059 5263 2171 5318 tus,
2211 5254 2366 5321 juxta
2409 5254 2702 5310 vcrborum
2746 5251 3169 5315 connexionem,
3212 5251 3372 5306 nobis
3413 5251 3466 5304 in
3509 5253 3641 5320 bap-

2063 5350 2225 5405 tismo
2263 5351 2544 5404 traditam.
2571 5345 2727 5412 Quod
2762 5345 2806 5399 si
2849 5343 3086 5412 Spiritus
3126 5342 3265 5398 Filio
3315 5347 3458 5399 serie
3503 5361 3640 5397 con-

2062 5442 2336 5505 nectitur,
2392 5439 2542 5494 Patri
2595 5450 2774 5493 autent
2831 5429 3024 5502 Filius,
3073 5442 3126 5490 et
3183 5433 3448 5503 Spiritus,
3492 5432 3642 5486 Patri

2063 5535 2296 5591 scilicet.
2344 5554 2362 5586 ι

2137 5628 2284 5684 Idetn
2318 5627 2406 5682 ubi
2450 5641 2615 5697 supra
2661 5643 2673 5679 :
2715 5641 2732 5674 ς
2768 5621 2924 5678 Unus
2951 5627 3133 5675 autem
3165 5628 3218 5674 et
3251 5617 3486 5687 Spiritus
3519 5633 3648 5672 san-

2067 5734 2185 5781 ctus
2211 5721 2462 5778 uniPatri
2482 5736 2578 5792 per
2606 5735 2770 5773 unum
2796 5713 2990 5768 Filium
3010 5713 3372 5768 connectitur.
3401 5729 3420 5763 ι
3449 5711 3652 5782 Elpes:
