4106 6450
476 396 552 461 35
1374 348 1384 354 ’
1742 397 2149 460 MANUELIS
2184 396 2492 458 causam
3672 408 3742 472 35

480 550 652 607 pauca
675 552 688 589 :
715 552 733 585 ι
757 533 854 587 Est
871 533 1032 600 igitur
1051 533 1151 587 iter
1169 533 1232 586 ad
1253 533 1581 600 agnitionem
1609 535 1699 590 Dei
1719 535 1788 590 ab
1812 551 1920 588 uno
1939 534 2052 604 Spi-

2167 513 2437 578 essentiae,
2473 527 2648 582 neque
2681 513 2919 579 habitus,
2957 529 3134 583 neque
3180 517 3440 574 discretio
3481 534 3748 590 persona-

484 628 590 695 ritu
611 641 706 695 per
730 640 894 679 unum
910 623 1134 683 Filium.
1157 623 1224 678 ad
1252 642 1418 680 unum
1443 625 1678 692 Patrem,
1694 637 1857 694 atque
1875 642 1904 679 e
1923 641 2058 679 con-

413 735 417 740 ’
480 693 643 772 verso
681 711 949 771 naturalis
1001 709 1238 784 bonitas,
1267 719 1642 786 naturalisque
1673 718 2055 784 sanctiﬁcatio,

481 823 544 861 ac
565 807 710 874 regia
733 805 996 874 dignitas,
1021 821 1086 858 ex
1121 806 1280 860 Patre
1305 822 1398 876 per
1425 806 1868 878 Unigenitnmad,
1885 806 2060 876 Spiri-

482 909 594 950 tum
646 906 912 965 penetrat.
966 893 1040 949 Ita
1075 905 1127 949 et
1174 913 1426 966 personae
1471 900 1845 960 consentiunt,
1897 909 2060 967 atque

482 987 630 1041 unici
669 987 1004 1054 principatus
1040 987 1186 1055 pium
1219 987 1412 1054 dogma
1447 1002 1554 1039 non
1591 986 1814 1039 decidit.
1855 1004 1874 1036 ι

551 1057 918 1110 Damascenus
982 1057 1036 1108 in
1111 1065 1311 1122 quarto
1375 1056 1813 1125 Theologicorum
1883 1056 2059 1126 ipsius

476 1146 763 1216 capitulo:
803 1164 820 1197 t
860 1144 1026 1210 Deus,
1083 1147 1280 1215 inquit,
1336 1149 1575 1218 Spiritus
1658 1157 1880 1204 sanctus-
1939 1160 2055 1215 est,

483 1238 700 1292 medius
754 1238 981 1306 iugcniti
1027 1251 1091 1291 ac
1133 1240 1338 1306 geniti;
1409 1247 1464 1293 et
1515 1256 1610 1308 per
1655 1239 1851 1294 Filium
1906 1241 2056 1297 Patri

476 1329 844 1384 Connecutur.
904 1346 923 1378 ›
962 1328 1018 1382 Si
1073 1329 1242 1397 igitur
1288 1346 1386 1399 per
1436 1331 1552 1387 haec
1602 1335 1785 1386 omnia
1833 1331 1954 1386 Filii
2004 1334 2057 1386 in

479 1429 669 1474 saneta
724 1416 996 1473 Trinitate
1042 1420 1304 1473 mediatio
1363 1422 1563 1485 elucet,
1619 1423 1892 1491 quomodo
1939 1423 2058 1478 sine

479 1508 658 1561 medio
684 1524 747 1561 ex
775 1507 935 1562 Patre
965 1509 1206 1578 Spiritus
1239 1521 1342 1574 est,
1377 1521 1471 1565 aut
1497 1517 1772 1581 quomodo
1805 1515 1894 1580 qui
1938 1517 2058 1568 sine

476 1600 657 1653 medio
705 1609 1022 1654 asseverant
1069 1600 1335 1668 Spiritum
1371 1617 1397 1655 a
1439 1601 1576 1656 Filio
1627 1619 1731 1656 non
1778 1604 2060 1656 dividunt?

478 1691 766 1756 Quomodo
805 1707 967 1744 unam
1027 1692 1078 1746 in
1119 1691 1388 1747 Trinitate
1440 1695 1703 1750 Deitatetn
1745 1711 1803 1750 se
1839 1712 2058 1751 servare

479 1783 846 1864 conﬁtentur?
876 1782 1162 1847 Quomodo
1201 1784 1506 1840 secundum
1553 1788 1677 1840 illos
1737 1797 1888 1841 extra
1927 1785 2058 1840 Ver-

477 1879 606 1933 bum
640 1879 881 1948 Spiritns
920 1895 1032 1934 non
1065 1882 1192 1935 est?
1220 1882 1512 1947 Quomodo
1571 1884 1623 1937 id
1658 1900 1878 1938 servare
1910 1895 2061 1953 pote-

476 1983 624 2034 runt,
676 1971 821 2039 quod
874 1970 1079 2025 dicitur
1129 1988 1146 2026 :
1197 1973 1382 2040 Neque
1432 1973 1629 2028 Filium
1680 1977 1800 2029 sine
1851 1975 2058 2044 Spiritu

477 2059 680 2122 facere.
721 2062 866 2116 sicut
911 2077 1089 2130 neque
1139 2063 1257 2116 sine
1303 2064 1443 2118 Filio
1491 2064 1746 2120 Patrem?
1773 2067 2059 2132 Quomodo

475 2167 582 2206 non
608 2153 713 2206 erit
741 2153 860 2207 sine
899 2152 1106 2221 Spiritu
1153 2152 1378 2208 Filius?
1424 2156 1715 2222 Quomodo
1749 2159 2061 2212 sanctiﬁca-

475 2245 622 2298 tione
671 2243 930 2303 naturali,
966 2253 1020 2298 et
1064 2245 1301 2298 naturali
1353 2246 1594 2302 bonitate
1640 2263 1703 2301 ex
1755 2247 1942 2329 Patre'
1966 2263 2060 2316 per

483 2333 830 2403 Unigenitum
857 2334 922 2388 ad
951 2334 1213 2402 Spiritum
1239 2344 1486 2390 sanctum
1519 2338 1850 2408 pertingere.
1875 2351 2060 2407 perso-

476 2441 574 2480 nas
629 2426 787 2493 juxta
841 2425 1103 2480 traditum
1155 2426 1402 2482 ordinem
1457 2427 1908 2492 conﬁtebuntur,
1964 2431 2057 2495 qui

477 2515 744 2583 Spiritum
802 2529 866 2568 ex
917 2513 1084 2568 Patre
1139 2515 1258 2570 solo
1304 2530 1426 2570 esse
1473 2517 1700 2571 dicunt?
1749 2518 2061 2586 Unicuique

476 2605 827 2679 principatus,
859 2606 1008 2674 pium
1055 2607 1274 2672 degma,
1308 2607 1584 2674 quomodo
1627 2623 1734 2662 non
1769 2609 1877 2664 illis
1909 2610 2055 2664 deci-

475 2695 607 2750 det?
638 2696 900 2759 Quaenam
923 2711 1051 2749 vero
1075 2696 1404 2761 necessitas,
1439 2713 1719 2763 nunquam
1748 2699 1828 2752 vel
1857 2698 2050 2765 fuisse,

474 2789 558 2842 vel
596 2786 710 2854 fore
757 2788 875 2841 sine
929 2788 1137 2856 Spiritu
1187 2787 1429 2842 Filium?
1471 2789 1604 2843 Nam
1648 2791 1692 2843 si
1731 2800 1858 2844 sunt
1893 2795 2056 2847 amlio

473 2894 536 2934 ex
569 2877 729 2932 Patre
761 2877 880 2931 sine
923 2879 1126 2940 medio,
1161 2894 1270 2933 non
1308 2881 1411 2933 ista
1447 2881 1618 2947 magis
1653 2881 1720 2934 de
1757 2882 1963 2951 Spiritu
1991 2883 2054 2936 ad

475 2969 696 3035 Filium,
753 2985 918 3039 quam
967 2970 1034 3025 de
1066 2971 1204 3024 Filio
1247 2972 1311 3025 ad
1357 2971 1621 3040 Spiritum
1675 2974 1939 3027 dicentur.
1998 2973 2056 3028 Si

476 3063 621 3117 enim
656 3063 756 3116 ista
789 3070 1013 3132 propter
1034 3058 1668 3118 consubstantialitatem
1714 3066 2054 3131 dicerentur,

2165 621 2285 658 rum
2329 613 2433 658 est.
2471 603 2582 658 Aut
2631 604 2796 673 igitur
2847 620 2956 658 una
3007 622 3240 674 persona
3272 620 3416 662 esset
3474 609 3644 665 Filius
3693 624 3751 666 et

2163 699 2432 765 Spiritus,
2487 707 2584 753 aut
2636 699 2949 753 nullatenus
2987 702 3052 753 ad
3109 700 3341 754 invicem
3372 717 3431 756 se
3464 702 3746 758 haberent.

2162 791 2294 857 Quae
2321 791 2466 844 enim
2498 791 2632 844 nihil
2665 791 2729 843 ad
2755 806 2813 843 se
2840 791 3074 844 invicem
3107 791 3329 852 habent.
3354 794 3488 848 nihil
3523 810 3752 849 necesse

2163 891 2269 944 est,
2300 881 2430 934 dum
2482 880 2717 935 alterum
2766 881 3114 950 intelligitur,
3156 891 3212 936 et
3266 884 3538 953 reliquum
3585 882 3750 941 sitntJ

2163 973 2415 1043 intelligi.

2233 1061 2711 1126 Caeterum-sicut
2761 1079 2884 1116 cum
2927 1065 3146 1116 Patrem
3188 1063 3512 1131 cogitamus,
3561 1075 3616 1118 ct
3660 1065 3749 1118 Fi-

2162 1155 2269 1208 lius
2301 1155 2619 1209 necessario
2669 1157 3050 1224 subsequitur,
3087 1171 3212 1208 cum
3259 1156 3344 1209 hic
3393 1172 3458 1210 ex
3505 1172 3572 1211 eo
3617 1159 3747 1210 suh-

2162 1249 2422 1302 stantiam
2451 1248 2676 1317 ceperit,
2731 1249 2820 1302 ille
2854 1250 3090 1309 dederit,
3122 1258 3288 1317 atque
3324 1251 3451 1304 hinc
3489 1251 3651 1302 simul
3691 1258 3745 1302 et

2160 1351 2326 1389 causa
2356 1345 2408 1390 et
2438 1337 2656 1392 causale
2686 1339 3012 1404 intelligitur
3059 1355 3072 1390 :
3106 1339 3176 1392 ita
3214 1341 3402 1402 etiam,
3430 1341 3558 1392 dum
3594 1341 3744 1404 mgi-

2162 1437 2308 1479 tatur
2357 1425 2551 1492 Filius,
2599 1431 2858 1496 quoniam
2895 1431 3058 1484 simul
3102 1441 3156 1483 et
3188 1429 3451 1498 Spiritutn
3497 1433 3742 1500 cogitare

2163 1520 2475 1571 necessario
2504 1521 2771 1588 cogimur,
2803 1522 3029 1574 omnino
3057 1523 3268 1574 ordinis
3295 1531 3460 1590 atque
3510 1524 3574 1574 ad
3607 1525 3744 1575 invi-

2161 1623 2278 1659 cem
2316 1609 2536 1662 habitus
2570 1611 2709 1663 ratio
2733 1626 2898 1665 causa
2932 1622 3034 1672 est,
3063 1627 3156 1679 per
3179 1629 3341 1680 quam
3368 1628 3433 1665 ex
3459 1611 3620 1666 Patre
3645 1629 3742 1681 ρετ

2162 1697 2354 1752 Filium
2391 1716 2515 1755 esse
2543 1700 2780 1770 Spiritus
2807 1701 2970 1756 habet
3010 1719 3024 1757 :
3061 1715 3115 1756 et
3145 1704 3444 1756 secundum
3472 1719 3632 1770 quam
3668 1721 3735 1758 ex

2164 1791 2339 1856 primo
2365 1806 2461 1858 per
2497 1791 2737 1845 medium
2771 1799 2826 1845 et
2849 1807 2995 1854 esse,
3021 1801 3075 1844 et
3098 1793 3392 1877 procedere
3415 1808 3442 1846 a
3474 1794 3740 1862 theologis

2163 1879 2453 1942 asset-itur,
2514 1889 2679 1948 atque
2733 1881 2800 1932 ad
2853 1879 3086 1932 invicem
3134 1888 3188 1933 et
3229 1881 3638 1945 discernuntur,
3687 1889 3743 1935 et

2164 1955 2501 2024 referuntur.

2239 2061 2435 2115 Verum
2485 2063 2767 2116 enimvero
2802 2063 2915 2129 ipsa
2951 2077 3166 2129 quoque
3191 2077 3219 2114 a
3245 2061 3449 2115 sanctis
3487 2059 3742 2116 Patrihus

2161 2155 2228 2208 de
2285 2163 2474 2208 sancta
2540 2151 2812 2206 Trinitate
2870 2153 3026 2206 nobis
3073 2153 3271 2205 tradita
3333 2152 3604 2221 exempla,
3659 2153 3741 2207 vel

2160 2245 2571 2307 similitudines,
2634 2243 2960 2313 praedictum
3017 2244 3326 2297 divinarum
3381 2257 3740 2312 personarum

2158 2337 2404 2390 ordinem
2498 2335 3238 2405 eonsnbstantlalitatemque
3331 2322 3736 2390 commendant.

2161 2425 2408 2495 Denique
2455 2439 2509 2482 et
2565 2426 2866 2496 Gregorius
2897 2427 3137 2482 eximius
3171 2427 3224 2481 in
3256 2427 3373 2481 suis
3417 2427 3739 2495 theologicis

2160 2518 2506 2572 sermonibus
2586 2519 2663 2572 ait
2700 2536 2712 2572 :
2748 2538 2766 2572 t
2800 2519 3025 2575 Oculum
3057 2529 3112 2573 et
3140 2517 3360 2584 fontem,
3404 2518 3741 2588 ﬂuviumque

2160 2607 2665 2671 animadvertimus,
2733 2628 2752 2661 ι
2807 2608 3025 2663 oculum
3082 2609 3326 2677 quidem,
3387 2609 3440 2661 in
3501 2609 3738 2676 imagine

2159 2701 2337 2753 Patris
2386 2699 2706 2768 accipiens,
2771 2701 2976 2754 l'ontetu
3035 2711 3240 2763 autem,
3289 2698 3447 2762 Filii;
3507 2700 3734 2753 iluviutu

2158 2808 2285 2845 vero
2311 2803 2504 2846 sancto
2536 2793 2758 2861 Spiritui
2791 2793 3107 2860 assignans.
3153 2792 3310 2844 Sicut
3352 2793 3518 2858 igitur
3554 2792 3605 2844 iu
3640 2793 3739 2844 trio

2159 2883 2260 2935 bus
2305 2883 2389 2938 his
2437 2885 2573 2938 ordo
2625 2882 2938 2952 inspicitur,
2986 2883 3284 2937 secundum
3335 2898 3493 2950 quem
3525 2881 3736 2952 aliquid

2157 2974 2274 3028 sine
2305 2976 2484 3028 medio
2522 2989 2606 3030 ex-
2634 2977 2812 3044 pritno
2841 2991 2936 3044 per
2969 2977 3236 3038 medium,
3273 2991 3336 3029 ac
3381 2991 3476 3043 per
3525 2977 3732 3033 fontem

2157 3065 2377 3131 ﬂuvius,
2412 3081 2520 3119 non
2557 3067 2713 3133 quasi
2741 3082 2836 3136 per
2864 3067 3292 3120 instrumentum
3326 3067 3604 3136 prodicns,
3640 3083 3738 3136 per

474 3155 707 3209 omnino
743 3155 964 3210 illorum
1021 3155 1086 3209 ad
1147 3170 1206 3210 se
1264 3156 1494 3210 invicem
1547 3158 1832 3212 conversio
1880 3158 2127 3248 ﬁeret,C
2161 3158 2339 3226 ipsum
2399 3157 2765 3212 substantiam
2830 3158 3024 3222 habet,
3088 3169 3142 3211 et
3196 3174 3301 3211 una
3366 3159 3588 3227 quidem
3646 3174 3738 3214 res

475 3248 675 3315 quippe
703 3246 1017 3315 hujustnodi
1043 3257 1440 3301 convertuntur
1474 3265 1488 3301 :
1527 3249 1620 3303 sed
1667 3259 1882 3303 constat
1931 3266 2057 3320 pro-

477 3341 639 3406 fecto,
667 3349 884 3410 propter
919 3340 1170 3395 ordinem
1203 3350 1368 3409 atque
1421 3340 1665 3394 habitum
1711 3342 1778 3394 ad
1817 3344 2053 3397 invitem

477 3433 580 3485 ista
628 3431 778 3486 dicta
835 3447 979 3497 csse,
1014 3433 1313 3486 secundum
1362 3447 1522 3500 quem
1569 3447 1817 3500 personae
1858 3435 2055 3487 divinae

473 3523 839 3578 substantiam
899 3524 1228 3590 sempiterno
1278 3523 1500 3587 habent,
1553 3525 1702 3593 iuxta
1755 3540 2051 3594 processus

475 3613 858 3678 differentiam,
931 3615 1022 3682 qui
1076 3615 1240 3668 etiarn
1292 3614 1591 3671 immobilis
1659 3625 1776 3683 est;
1823 3617 1950 3686 quia
1999 3625 2054 3670 et

475 3705 785 3759 substantia
817 3706 1120 3761 immobilis
1149 3720 1252 3762 est.
1277 3707 1491 3762 Idcirco
1507 3710 1669 3762 etiam
1695 3709 1899 3762 dictum
1924 3717 2006 3762 est
2033 3725 2047 3760 :

470 3796 644 3851 Filius
698 3807 877 3850 autem
930 3808 1159 3853 sanctus
1209 3798 1446 3868 Spiritus
1510 3814 1686 3866 neque
1728 3809 1835 3863 est,
1877 3813 2052 3868 neque

467 3891 700 3957 dicitur,
736 3908 918 3963 neque
973 3895 1315 3950 convertitur
1365 3894 1658 3950 liabitualis
1701 3895 1804 3949 ista
1853 3907 2051 3948 conse-

471 3985 716 4048 quenua.

542 4076 708 4131 Certe
733 4091 966 4147 magnus
989 4091 1206 4146 quoque
1235 4077 1594 4144 Athanasius,
1624 4081 1675 4136 in
1705 4090 1856 4136 tomo
1887 4098 2046 4153 quem

469 4167 539 4222 ad
582 4166 957 4224 Antiochenos
996 4170 1222 4238 scripsit
1255 4187 1270 4224 :
1303 4169 1561 4240 Oportet,
1610 4174 1817 4241 inquit,
1844 4184 1898 4228 et
1953 4191 2049 4233 eos

469 4262 956 4327 anathetnatizare,
1007 4264 1100 4331 qui
1148 4273 1402 4318 asserunt
1451 4263 1714 4334 Spiritum
1791 4277 2046 4322 sanctum

471 4368 501 4404 a
533 4351 738 4407 Christi
793 4353 1032 4407 essentia
1090 4352 1324 4407 divisum
1388 4367 1533 4409 esse;
1586 4372 1603 4406 ι
1648 4353 1893 4420 Qualiter
1948 4356 2048 4423 igi-

469 4454 563 4498 tur
623 4454 674 4498 et
704 4445 798 4514 qui
837 4445 1100 4515 Spiritum
1162 4455 1469 4502 creaturam
1505 4462 1626 4504 esse
1679 4449 1954 4513 sentiunt,
1990 4458 2046 4504 et

2158 3249 2463 3318 eademque
2495 3246 2803 3302 substantia
2847 3247 2954 3302 illis
2998 3247 3170 3308 inest;
3214 3263 3355 3316 aqua
3398 3249 3544 3301 enim
3582 3258 3733 3311 sunt,

2157 3337 2346 3390 ordine
2378 3352 2510 3389 vero
2548 3338 2871 3392 substantia:
2923 3337 2992 3389 ab
3028 3337 3260 3390 invicem
3299 3336 3552 3390 differunt
3587 3356 3598 3389 :
3643 3351 3742 3405 pa-

2158 3431 2242 3482 rili
2297 3429 2479 3494 modo,
2549 3429 2944 3498 praisupposita
2991 3445 3096 3480 una
3150 3427 3202 3480 in
3255 3429 3745 3486 sam-ta.'lrinitate

2156 3519 2417 3578 essentia,
2483 3520 2640 3573 tertia
2698 3533 2932 3588 persona
2977 3533 3043 3571 ex
3105 3519 3302 3586 prima,
3356 3534 3450 3586 per
3498 3517 3738 3572 mediam

2157 3612 2481 3665 naturaliter
2531 3619 2694 3678 atque
2729 3610 3096 3664 essentialiter
3131 3611 3497 3664 substantiam
3527 3610 3690 3664 habet
3713 3626 3736 3663 :

2155 3703 2295 3756 unde
2329 3712 2383 3756 et
2413 3718 2506 3771 per
2539 3703 2688 3756 illam
2741 3701 3043 3771 procedere
3083 3703 3307 3756 dicitur.

2229 3795 2343 3849 Hoc
2389 3804 2461 3850 'et
2499 3793 2738 3850 Joannes
2789 3795 3180 3867 Damascenus,
3237 3796 3304 3850 de
3349 3793 3553 3864 Spirittt
3605 3811 3744 3850 con-

2159 3889 2376 3967 ρὶιιυιιε,
2406 3887 2484 3942 ait
2522 3888 2636 3957 (16)
2670 3904 2683 3938 :
2724 3906 2742 3939 ε
2773 3889 2850 3942 Tu
2899 3903 3136 3956 namque
3173 3886 3368 3940 ﬂuvius
3402 3886 3630 3941 Deitatis
3669 3904 3738 3942 cx

2153 3981 2313 4038 Patre
2342 3999 2437 4053 per
2467 3981 2661 4037 Filium
2706 3983 3026 4052 procedens.
3076 4000 3095 4036 ι
3130 3979 3275 4034 Idem
3335 3982 3498 4034 etiam
3553 3981 3739 4036 Theo-

2152 4078 2307 4148 logus
2363 4096 2376 4131 :
2427 4094 2445 4127 t
2503 4077 2731 4137 Solem,
2786 4075 2997 4144 inquit,
3051 4073 3454 4137 animadverti,
3517 4076 3734 4127 radium

2152 4184 2205 4224 et
2257 4171 2487 4223 lucem-
2521 4187 2540 4220 ι
2591 4169 2747 4221 Sicut
2781 4182 2910 4236 ergo
2960 4167 3049 4218 lux
3094 4180 3160 4218 ex
3196 4165 3312 4219 sole
3358 4182 3450 4234 per
3495 4167 3743 4221 medium

2152 4259 2516 4318 substantiam
2549 4259 2730 4322 habet,
2770 4257 3090 4312 naturaliter
3118 4259 3327 4312 scilicet
3354 4268 3514 4327 atque
3547 4274 3746 4313 essen-

2151 4355 2377 4408 tialiter.
2405 4350 2912 4407 Coosubstantialis
2939 4351 3085 4403 enim
3134 4359 3217 4404 est
3250 4350 3428 4415 radio,
3469 4353 3588 4408 sine
3625 4369 3740 4421 quo

2151 4447 2243 4501 lux
2286 4444 2531 4514 profecto
2586 4458 2694 4498 non
2729 4450 2876 4497 esset
2924 4459 2938 4495 :
2973 4443 3046 4496 ita
3091 4452 3144 4497 et
3179 4443 3246 4496 de
3297 4454 3486 4498 sancto
3529 4443 3738 4511 Sjtitiltl

469 4537 559 4599 qui
593 4536 740 4589 illum
792 4547 1068 4605 utcunque
1107 4537 1244 4592 alias
1285 4539 1555 4604 dividunt,
1589 4539 1715 4594 huic
1764 4541 2046 4596 Sententia}
2083 4539 2122 4592 Β
2151 4540 2466 4600 dicendum,
2510 4536 2602 4605 qui
2662 4551 2727 4589 ex
2783 4534 2942 4588 Patre
2993 4548 3090 4605 per
3118 4533 3318 4588 Filium
3367 4535 3662 4606 procedere
3707 4553 3740 4592 ι

464 4627 691 4680 obnoxii
717 4637 869 4682 sunt.
894 4627 1002 4681 Sed
1034 4627 1326 4682 dicendum
1363 4631 1740 4700 potius,juxta
1765 4614 2051 4696 Basilium,

467 4719 618 4772 nullo
660 4721 822 4774 modo
848 4720 927 4774 fas
969 4736 1091 4775 esse
1119 4722 1205 4776 vel
1251 4725 1554 4777 sectionem
1595 4723 1760 4776 ullam
1791 4726 1874 4778 vel
1911 4724 2055 4778 divi-

467 4813 684 4866 sionem
725 4813 972 4882 cogitare
1023 4832 1036 4868 :
1074 4815 1242 4884 .quasi
1272 4817 1354 4868 vel
1393 4813 1566 4870 Filius
1612 4815 1731 4870 sine
1775 4818 1936 4870 Patre
1973 4818 2056 4871 in-

463 4904 769 4973 telligatur,
809 4907 894 4961 vel
931 4921 959 4960 a
990 4905 1131 4961 Filio
1151 4905 1400 4977 Spiritus
1432 4909 1837 4979 disseparetur;
1878 4924 2051 4978 neque

462 4993 660 5048 dedere
715 4997 953 5065 penitus,
998 5006 1056 5051 ut
1103 5008 1197 5051 aut
1236 4996 1398 5052 Pater
1438 4999 1557 5052 sine
1604 4996 1760 5063 Filio,
1795 5005 1886 5052 aut
1926 5000 2043 5054 sine

464 5082 677 5151 Spiritu
739 5083 916 5140 Filius
970 5101 1210 5154 unquam
1278 5086 1463 5153 fuerit,
1517 5086 1672 5154 juxta
1724 5087 2040 5157 theologum

459 5172 786 5245 Gregorium
842 5179 896 5233 in
927 5194 1180 5234 sermone
1225 5179 1292 5234 de
1328 5179 1670 5235 Pentecoste.
1711 5178 1831 5234 Nisi
1869 5180 2041 5248 enim,

463 5275 526 5319 ut
573 5267 778 5322 dictum
837 5276 946 5333 est,
997 5270 1303 5335 personalis
1351 5270 1561 5324 ordinis
1610 5269 1755 5324 ratio
1802 5279 2040 5339 cogeret,

463 5359 758 5411 secundum
795 5373 979 5428 quem,
1030 5370 1088 5413 ut
1117 5375 1174 5414 se
1205 5361 1276 5412 ad
1327 5359 1564 5415 invicem
1616 5361 1819 5416 habent
1857 5361 2044 5416 distri-

459 5445 686 5502 butione
715 5465 1068 5518 processuum
1101 5461 1338 5510 constat.
1367 5451 1496 5506 nihil
1531 5453 1843 5522 prohiberet
1874 5453 2040 5508 etiam

382 5615 392 5624 .
457 5539 579 5593 sine
627 5539 837 5610 Spiritu
867 5540 1094 5610 intelligi
1147 5539 1370 5596 Filium.
1418 5541 1552 5596 Nam
1579 5543 1736 5614 juxta
1772 5546 2040 5602 unitatem

531 5742 642 5810 (ιο)
696 5741 944 5798 Gcnnad.
1010 5755 1144 5800 sect.
1214 5746 1247 5800 3

462 5747 642 5868 ι›ςὲ6)
696 5747 944 5798 Gcnnad.
1010 5755 1144 5800 sect.
1214 5747 1247 5800 3
1320 5747 1422 5803 hoc
1497 5748 1813 5819 Theophani
1880 5751 2033 5804 attri-

503 5830 598 5866 ut.

503 5830 598 5866 υιι.

2153 4629 2426 4698 theologis
2461 4625 2800 4682 conceditur.

2225 4721 2319 4775 llis
2349 4718 2748 4775 consentientia
2775 4728 2829 4773 et
2861 4717 3240 4772 Damasceuus
3277 4717 3328 4770 in
3364 4717 3482 4772 suis
3525 4718 3745 4771 theolo-

2153 4811 2292 4879 gicis
2322 4810 2576 4879 capitulis
2604 4809 2848 4877 loquitur
2883 4810 3076 4863 dicens
3107 4808 3220 4878 (l7)
3260 4827 3272 4861 :
3313 4827 3330 4859 ι
3377 4807 3616 4876 Spiritus
3638 4824 3740 4876 per

2149 4902 2349 4957 Filium
2388 4913 2648 4972 tanquam
2694 4919 2760 4957 ex
2809 4903 2923 4957 sole
2968 4902 3158 4956 radius
3193 4919 3206 4956 :
3238 4916 3332 4970 per
3363 4901 3572 4954 radium
3605 4915 3741 4953 vero

2153 4996 2309 5062 nobis
2342 4997 2519 5064 fulgor
2547 4996 2804 5051 traditur.
2843 5014 2860 5046 ι
2898 4994 3136 5048 Prorsus
3160 5007 3290 5047 vero
3329 5007 3607 5062 nunquam
3641 5009 3741 5061 per

2151 5087 2328 5141 Patris
2375 5088 2608 5151 radium,
2662 5086 2862 5140 Filium
2916 5084 3202 5146 videlicet,
3254 5083 3437 5152 fulgor
3494 5083 3738 5153 Spiritus

2150 5181 2397 5244 daretur,
2433 5181 2536 5234 nisi
2574 5195 2671 5249 per
2710 5179 2890 5250 ipsum
2937 5176 3256 5232 naturaliter
3308 5177 3728 5245 haberetesse;

2146 5273 2286 5327 alias
2314 5274 2515 5344 quippe
2541 5289 2637 5342 per
2669 5273 3095 5328 instrumentum
3133 5278 3298 5323 esset.

2222 5360 2364 5416 Idem
2395 5372 2655 5432 praetcrea
2688 5359 3005 5430 Theologus
3039 5377 3052 5413 :
3086 5377 3106 5414 ι
3145 5357 3450 5424 lndividua,
3482 5357 3528 5412 si
3555 5357 3740 5412 brevi-

2152 5463 2235 5509 ter
2262 5454 2554 5509 dicendum
2586 5453 2680 5520 sit,
2711 5454 2764 5507 in
2794 5453 3032 5508 dividuis
3068 5451 3246 5508 deitas
3266 5461 3370 5518 est,
3407 5467 3470 5507 ac
3495 5449 3643 5506 velut
3681 5453 3738 5505 in

2149 5550 2325 5603 tribus
2351 5549 2560 5604 solibus
2593 5547 2891 5616 contiguis,
2924 5539 3031 5600 una
3063 5555 3145 5601 est
3175 5545 3314 5599 lucis
3351 5553 3738 5613 contempera-

2144 5819 2182 5871 υ
2216 5747 2327 5814 (l7)
2370 5747 2620 5832 Genuad.
2654 5757 2786 5803 sect.
2845 5749 2878 5802 5
2911 5747 3044 5802 citat
3097 5747 3322 5818 capitul.
3368 5745 3436 5801 58
3473 5743 3716 5812 tlieolog.

2189 5835 2485 5871 λιθώδει-ιιι.

2189 5835 2485 5874 ειηὶίὶδυωιι.
