4106 6452
379 415 446 481 31
1196 489 1198 492 ,
1494 418 1903 493 ADVERSUS
1941 430 2267 495 cumcos
2309 388 2462 501 LIB.
2501 437 2554 501 Ι.
3581 446 3651 512 as

381 528 478 584 tio.
516 545 535 579 ι
582 526 638 584 Si
680 528 843 599 igitur
884 548 942 589 se
972 533 1206 590 invicem
1253 539 1542 596 continere
1571 545 1674 599 hoc
1701 554 1809 609 est,
1842 555 1949 601 ter-
1976 546 2021 602 A
2055 559 2178 603 stus
2214 547 2442 605 Iudaeos
2488 550 2795 622 alloquens,
2829 549 2891 610 Si
2928 561 3126 623 autem,
3160 555 3353 626 inquit,
3396 560 3450 612 iu
3481 559 3650 628 digito

377 619 512 674 tium
542 635 609 674 ex
640 620 817 690 primo
845 639 939 694 per
967 627 1203 681 medium
1231 645 1392 698 esse;
1423 634 1582 688 aliter
1616 637 1816 705 quippe
1845 652 1952 692 non

377 718 522 764 esset
566 709 808 769 Trinitas
846 715 1016 784 Deus,
1056 734 1232 789 neque
1265 722 1547 778 individua
1595 726 1810 797 Deitas;
1845 747 1952 787 una

376 803 517 855 enim
542 811 625 857 est
642 803 864 860 luminis
893 815 1320 881 contemperatio
1341 815 1773 887 liquet'profccto
1803 839 1818 878 :
1844 838 1951 879 una

374 908 496 947 cum
523 897 1106 958 consubstantialitate
1132 907 1297 962 etiam
1334 923 1697 977 personarum
1739 916 1949 971 servari

375 982 643 1051 ordinem,
681 989 981 1046 secundum
1020 1008 1184 1064 quem
1220 1000 1375 1055 tertia
1422 1015 1506 1058 est
1545 1019 1610 1059 ex
1647 1007 1823 1077 prima
1857 1025 1952 1080 per

374 1078 633 1135 mediam.
736 1094 741 1099 ‘
1118 1102 1123 1107 '
1360 1144 1363 1145 ν

444 1172 725 1242 Nyssenus
752 1177 919 1234 etiam
949 1180 1002 1234 in
1029 1181 1169 1238 libro
1206 1184 1279 1240 De
1315 1200 1498 1245 sancto
1528 1183 1730 1265 Spiritu
1766 1205 1950 1253 contra

371 1264 791 1335 Macedonicum,
844 1271 1344 1333 incommutabilem
1403 1297 1763 1351 personarum
1810 1290 1949 1344 divi-

373 1371 563 1411 narum
598 1364 901 1417 secundum
949 1369 1244 1423 essentiam
1308 1373 1674 1446 ordinemque
1727 1378 1944 1435 illarum

374 1450 439 1504 ad
462 1451 693 1508 invicem
727 1457 972 1521 tradens.
1002 1477 1208 1532 eosque
1232 1464 1580 1531 insimulatis,
1605 1473 1698 1541 qui
1727 1486 1948 1543 pr0pter

375 1547 707 1621 personalem
743 1551 1017 1617 ordinem,
1051 1556 1258 1625 ﬁliique
1296 1561 1707 1632 ntediationem,
1767 1568 1949 1621 immi-

377 1640 650 1694 nutionem
684 1643 1029 1702 introducere
1062 1652 1346 1712 auderent.
1381 1655 1591 1712 addidit
1631 1678 1644 1714 :
1693 1676 1714 1713 t
1762 1660 1943 1717 Veluti

369 1727 419 1782 si
446 1728 569 1797 quis
602 1730 654 1784 in
684 1732 860 1789 tribus
911 1735 1214 1795 luminibus
1254 1741 1488 1799 divisam
1520 1745 1739 1803 intuens
1782 1749 1944 1806 ﬂam-

371 1835 794 1889 ma.n;causam
851 1843 981 1882 vero
1030 1832 1174 1885 tertii
1225 1832 1448 1890 luminis
1493 1839 1723 1907 primam
1785 1841 1957 1897 ﬂam-.

370 1928 510 2001 rnatu
536 1929 658 1971 esse
684 1931 1094 1990 supponamus;
1136 1940 1259 1994 qua:
1316 1943 1380 1983 ex
1417 1929 1806 1991 distributione
1842 1951 1941 2004 per

370 2007 608 2061 medium
654 2023 969 2079 supremum
1016 2017 1331 2074 intenderit.
1385 2019 1621 2089 Deinde,
1668 2025 1721 2080 in
1769 2032 1943 2097 prima

370 2095 586 2153 ﬂamma
616 2099 854 2157 calorem
894 2105 1178 2163 abundare
1201 2121 1393 2180 parat;
1443 2113 1496 2168 in
1533 2095 1783 2185 Sequenti
1810 2136 1944 2176 vero

369 2189 707 2258 decrescere,
758 2210 989 2266 eamque
1024 2198 1465 2260 immutationem
1508 2208 1560 2261 in
1608 2210 1789 2266 minus
1821 2229 1945 2267 ver-

369 2300 526 2357 gere;
559 2289 770 2342 tertiam
805 2306 875 2345 ne
925 2292 1102 2362 ignem
1155 2297 1375 2366 quidem
1418 2300 1533 2368 iam
1564 2302 1692 2370 dici,
1726 2295 1941 2362 etiamsi

370 2378 617 2434 similiter
666 2381 875 2449 ardeat,
923 2393 978 2439 et
1027 2386 1230 2452 luceat,
1281 2401 1333 2445 ct
1379 2403 1581 2449 cuncta
1629 2411 1752 2467 qua:
1810 2400 1944 2455 su‘nt

369 2466 509 2537 ignis
547 2479 823 2538 operetur.
872 2492 891 2525 ι

439 2557 501 2612 Et
526 2574 588 2614 ex
623 2561 725 2616 hoc
758 2562 921 2634 igitur
948 2568 1198 2639 exemplo
1218 2570 1410 2642 liquet,
1438 2576 1658 2631 tertium
1677 2594 1740 2634 ex
1764 2582 1942 2651 primo

368 2662 466 2718 per
512 2651 743 2707 medium
790 2660 1160 2714 essentialiter
1197 2678 1320 2718 esse
1368 2665 1591 2725 habere.
1624 2668 1701 2726 Ex
1749 2674 1941 2729 distri-

369 2737 595 2797 butione
622 2743 768 2799 enim
797 2747 963 2803 medii
992 2764 1314 2821 supremum
1346 2756 1566 2813 incendi
1600 2760 1804 2817 dictum
1825 2775 1937 2834 est;

367 2839 531 2903 atque
597 2852 705 2891 una
750 2840 973 2909 quidem
1022 2843 1257 2903 ﬂammae
1310 2852 1618 2908 substantia
1665 2863 1779 2922 est;
1831 2873 1936 2912 non

369 2931 569 2993 tamen,
617 2930 758 2997 quod
815 2936 1115 2992 semiudum
1166 2942 1529 2999 substantiam
1592 2956 1676 3004 est
1726 2948 1783 3003 in
1830 2950 1941 3005 ullo

367 3016 533 3073 trium
576 3023 755 3081 minus
791 3024 1108 3099 inspicitur.

440 3109 698 3171 Summus
747 3120 908 3175 etiam
956 3123 1384 3196 Chrysostomus
1423 3129 1479 3185 in
1507 3133 1720 3202 psalmo
1760 3151 1890 3192 xcut
1922 3154 1936 3192 :

374 3204 656 3306 :“lTontem
684 3213 903 3279 quidem
948 3216 1185 3286 appellat
1225 3218 1469 3289 Patrem,
1503 3223 1705 3282 ﬂumen
1752 3241 1935 3287 autem
1965 3202 2035 3306 οἱ

254 3350 277 3361 ,
365 3295 585 3356 Filium.
615 3315 808 3371 aquam
841 3320 970 3360 vero
1011 3306 1257 3385 [luminis
1305 3309 1568 3382 Spiritum
1598 3328 1874 3385 sanctum,
1914 3337 1934 3372 ι

370 3394 738 3449 testimonium
772 3411 1061 3456 assumens
1103 3402 1340 3468 Domini,
1386 3407 1478 3477 qui
1517 3408 1595 3462 ait
1626 3426 1640 3463 :
1672 3409 1776 3476 Qui
1802 3410 1943 3466 bibe-

370 3482 439 3534 rt't
454 3497 519 3535 ea:
535 3500 863 3557 aqua.quam
881 3506 975 3559 ego
995 3491 1132 3547 dabo
1150 3489 1219 3558 éi,
1240 3512 1342 3550 non
1361 3498 1498 3553 sitiet
1524 3501 1579 3553 in
1595 3511 1852 3556 aeternum
1874 3504 1939 3561 ¹³.

367 3571 522 3638 Quod
579 3591 863 3646 exponens
913 3582 1282 3655 Evangelista,
1332 3587 1445 3643 Hoc
1493 3600 1691 3659 autem,
1741 3594 1940 3663 inquit,

368 3665 574 3720 dicebat
597 3669 661 3722 de
686 3668 889 3741 Spiritu
934 3691 1085 3745 quem
1121 3683 1386 3749 accepturi
1415 3692 1567 3737 erant
1592 3686 1860 3741 credentes
1886 3688 1942 3743 in

368 3773 483 3812 eum
512 3761 574 3815 ".
603 3761 755 3818 Sicut
779 3781 908 3838 ergo
947 3784 1087 3837 aqua
1120 3770 1286 3829 fontis
1332 3790 1431 3844 per
1461 3777 1683 3834 ﬂuvium
1719 3787 1916 3836 natura

366 3850 491 3904 liter
516 3868 762 3921 manans,
800 3872 897 3927 per
942 3860 1121 3930 ipsqu
1159 3864 1526 3921 subStantiam
1555 3868 1741 3933 habet,
1775 3866 1940 3941 atque

367 3959 492 4001 cum
533 3948 725 4004 ordine
752 3966 859 4005 una
917 3962 971 4008 et
1000 3954 1189 4010 eadem
1222 3972 1376 4027 aqua:
1401 3959 1732 4028 substantia,
1766 3977 1939 4032 quan-

372 4048 485 4092 tum
520 4038 572 4093 in
604 4040 863 4101 humanis
910 4044 1316 4118 ‘fragilibusqne
1347 4051 1509 4107 rebus
1542 4053 1806 4123 possibile
1833 4064 1937 4120 est,

370 4142 630 4195 apparere
662 4133 922 4200 cernitur,
964 4135 1037 4188 ita
1061 4142 1115 4190 et
1151 4135 1218 4191 de
1258 4136 1397 4193 Filio
1417 4152 1482 4194 ac
1509 4149 1703 4196 sancto
1733 4139 1936 4211 Spiritu

367 4218 678 4280 dicendum.

436 4312 539 4368 Alii
564 4325 745 4372 autem
789 4326 1106 4373 sanctorum
1152 4318 1374 4377 Patrum
1417 4322 1622 4393 ignem,
1658 4325 1934 4381 ﬂammam

366 4413 422 4460 et
467 4405 665 4473 lucem,
714 4407 771 4462 in
796 4409 1033 4481 imagine
1067 4410 1351 4469 Trinitatis
1389 4427 1827 4486 assumpserunt,
1869 4434 1936 4474 ex

369 4496 564 4571 quibus
594 4500 784 4554 eadem
808 4503 1067 4573 colligere
1104 4505 1249 4560 licet.
1276 4506 1475 4562 Beatus
1515 4506 1644 4563 item
1671 4492 1932 4581 Cyrillu's,

2060 637 2157 694 Dri
2184 640 2340 708 ejicio
2366 643 2654 711 daemonia,
2711 646 2950 714 profecto
2973 649 3204 716 pervenit
3232 651 3284 702 in
3314 666 3402 703 vos
3429 666 3648 721 regnum

2058 730 2154 784 Dei
2182 732 2252 787 .¹⁸.
2286 732 2525 800 Digitum
2564 736 2672 791 hoc
2704 737 2758 793 in
2802 739 2921 796 loco
2955 740 3219 811 Spiritum
3258 754 3511 797 sanctum
3545 746 3643 807 ait,

2057 823 2474 891 quodammodo
2521 825 2708 882 divina
2755 832 2993 885 essentia
3049 842 3326 891 exortum,
3365 844 3529 903 atque
3578 848 3646 889 ex

2052 925 2113 964 ea
2147 913 2474 968 naturaliter
2500 916 2828 984 pendentem
2857 960 2874 981 ,
2901 965 2919 989 ,
2947 921 3089 975 sicut
3129 929 3181 975 et
3212 920 3419 991 digitus
3448 937 3511 974 ex
3543 923 3646 976 htt-

2053 1014 2219 1054 mana
2261 1003 2462 1070 pendet
2492 1017 2682 1056 manu.
2716 1003 3009 1060 Brachium
3043 1009 3246 1077 quippe
3275 1007 3394 1072 Dei,
3426 1020 3475 1061 et
3512 1008 3649 1063 dex-

2054 1097 2250 1153 teram,
2311 1087 2513 1145 Filium
2568 1106 2741 1147 sacrae
2794 1091 3020 1149 Littera:
3074 1095 3383 1164 appellant,
3438 1105 3498 1150 ut
3559 1105 3646 1151 est

2052 1179 2183 1234 illud
2230 1195 2246 1234 :
2291 1177 2531 1236 Salvavit
2574 1183 2675 1236 sibi
2716 1184 2933 1238 dextera
2964 1186 3101 1253 ejus,
3122 1196 3176 1239 et
3221 1186 3493 1240 brachium
3522 1202 3649 1240 san-

2052 1279 2194 1326 ctum
2238 1272 2358 1341 ejus
2390 1272 2457 1328 ¹⁶.
2498 1274 2576 1329 Ac
2627 1291 2850 1330 rursum
2904 1293 2918 1331 :
2969 1277 3213 1340 Domine,
3259 1278 3525 1333 excelsum
3565 1288 3642 1333 est

2052 1366 2329 1420 brachium
2371 1374 2542 1433 tuum,
2577 1377 2628 1422 et
2677 1371 2974 1424 nescierunt
3006 1384 3039 1426 :'
3058 1373 3280 1426 scientes
3310 1362 3649 1428 autemcon-r

2050 1460 2344 1529 fundentur
2384 1462 2450 1515 ”.
2489 1460 2643 1516 Sicut
2673 1478 2807 1533 ergo
2846 1464 3135 1519 brachium
3183 1465 3505 1521 naturaliter
3541 1464 3639 1521 toti

2050 1542 2266 1618 corpori
2298 1557 2615 1619 coaptatum
2657 1558 2764 1615 est,
2833 1563 3034 1606 cuncta
3091 1568 3358 1623 operans,
3410 1568 3643 1623 quaeque

2049 1644 2221 1698 menti
2252 1644 2365 1699 visa
2413 1642 2644 1709 fuerint,
2698 1645 2856 1713 ungit
2903 1656 3109 1710 autem,
3159 1658 3423 1701 consuete
3468 1646 3641 1717 digito

2049 1734 2118 1791 ad
2167 1735 2273 1791 hoc
2327 1744 2518 1803 utens;
2570 1740 2643 1790 ita
2691 1744 2748 1791 et
2795 1735 3031 1792 Verbum
3066 1739 3160 1793 Dei
3196 1754 3260 1794 ex
3295 1739 3439 1809 ipso,
3480 1748 3530 1792 et
3583 1739 3639 1792 in

2049 1827 2174 1897 ipso
2220 1828 2548 1883 naturaliter
2588 1837 2755 1899 atque
2815 1830 3185 1886 essentialiter
3210 1842 3546 1901 coaptatum,
3582 1838 3644 1883 ut
3730 1826 3733 1829 ’

2048 1920 2122 1974 ita
2153 1919 2407 1986 dixerim,
2451 1930 2617 1990 atque
2676 1931 2927 1977 exortum
2982 1924 3294 1993 cogitamus
3335 1943 3349 1980 :
3393 1925 3447 1979 in
3497 1923 3641 1979 Filio

2048 2021 2233 2066 autem
2270 2012 2595 2067 naturaliter
2644 2015 2795 2081 item,
2836 2024 2891 2070 et
2933 2016 3309 2071 essentialiter
3343 2025 3642 2087 penetran-

2048 2111 2158 2156 tem
2196 2117 2225 2156 a
2266 2101 2433 2157 Patre
2486 2103 2756 2173 Spiritum
2800 2115 3080 2167 sanctum.
3121 2123 3217 2176 per
3245 2123 3407 2177 quem
3450 2109 3639 2164 omnia

2047 2177 2322 2264 inungens
2348 2194 2675 2250 sanctiﬁcat.
2701 2193 2819 2249 Non
2842 2196 3019 2265 igitur
3040 2196 3251 2252 alienus
3294 2212 3359 2251 ac
3396 2206 3640 2254 remotus

2046 2298 2077 2339 a
2116 2283 2298 2337 divina
2345 2284 2586 2339 essmtia
2628 2285 2846 2340 videtur
2882 2285 3127 2352 Spiritus
3169 2296 3418 2350 sanctus,
3450 2287 3544 2340 sed
3575 2286 3633 2340 in

2046 2373 2187 2443 ipsa,
2217 2381 2383 2442 atque
2408 2389 2473 2428 ex
2509 2374 2626 2442 ipsa
2676 2374 3006 2428 naturaliter
3048 2381 3134 2429 est
3166 2391 3179 2428 :
3218 2373 3366 2429 sicut
3400 2389 3577 2443 neque
3605 2389 3639 2429 a

2044 2481 2281 2536 corpore
2330 2466 2535 2537 digitus
2575 2466 2679 2538 ipsi
2740 2466 2931 2521 manui
2986 2467 3263 2539 ingenitus
3313 2476 3481 2536 atque
3526 2482 3636 2522 una

2046 2569 2296 2616 exortus.
2330 2561 2395 2613 Et
2416 2574 2871 2627 manusrursum
2900 2560 3345 2629 incorporation
3380 2559 3637 2628 alterius,

2043 2669 2209 2724 quam
2235 2652 2409 2722 ipsius
2439 2651 2762 2708 substantiae
2797 2651 3092 2706 exsistens.
3115 2670 3134 2704 ι

2116 2745 2230 2800 Hoc
2275 2745 2327 2799 in
2363 2744 2489 2799 loco
2534 2758 2631 2814 per
2683 2743 2986 2814 Scriptum
3038 2744 3329 2813 imaginem
3379 2741 3638 2799 Ecclesiae.

2043 2839 2309 2908 magister
2338 2837 2607 2903 ostendit,
2638 2846 2692 2892 et
2723 2852 3085 2906 personarum
3100 2837 3392 2903 —ordinem,
3429 2851 3539 2907 quo
3568 2826 3637 2893 e1

2053 2931 2289 2986 invicem
2351 2929 2626 3001 pendent,
2662 2934 2808 2999 ‘puta
2861 2944 3059 2985 manus
3111 2931 3368 2999 corpori,
3423 2928 3637 2998 digitus

2042 3033 2225 3077 autem
2276 3024 2465 3077 manui
2539 3022 2622 3076 vel
2676 3021 2906 3077 brachio
2944 3022 3223 3076 cohaerent
3280 3022 3634 3077 :secundum

2042 3132 2205 3186 quem
2237 3117 2487 3171 ordinem
2521 3116 2691 3170 etiam
2734 3114 2930 3170 tertius
2957 3130 3023 3170 ex
3055 3115 3234 3183 primo
3261 3130 3358 3184 per
3392 3114 3634 3169 medium

2042 3204 2147 3275 est,
2184 3207 2650 3279 quemadmodum
2687 3216 2743 3261 et
2776 3207 3002 3276 digitus,
3034 3207 3276 3262 naturali
3309 3205 3464 3261 adcse
3496 3219 3636 3259 con-

2052 3301 2310 3365 nexione,
2348 3307 2403 3354 et
2433 3298 2768 3363 substantia,
2811 3312 2883 3355 ac.
2909 3298 3115 3354 virtute
3157 3298 3506 3371 pe‘rtingente
3537 3312 3636 3366 per

2051 3393 2368 3452 brachium.
2400 3390 2555 3448 Sicut
2586 3399 2641 3447 et
2668 3406 2903 3461 magnus
2933 3393 3009 3445 ait
3041 3390 3299 3454 Basilius,
3326 3389 3634 3444 naturalem

2050 3486 2381 3543 bonitatem.
2422 3483 2739 3554 regiamque
2811 3481 3135 3553 dignitatem
3191 3496 3257 3535 ex
3315 3477 3477 3535 Patre
3538 3492 3638 3549 per
3724 3496 3731 3499 ν

2050 3576 2401 3647 Unigenitum
2422 3575 2488 3629 ad
2513 3571 2779 3643 Spiritum
2804 3575 3131 3643 pertingere.
3164 3572 3350 3642 Neque
3385 3571 3488 3628 boc
3539 3586 3637 3628 so-

2049 3670 2187 3731 lum,
2221 3669 2314 3723 sed
2354 3675 2408 3721 et
2443 3666 2625 3720 omnia
2666 3681 2731 3721 ex
2773 3664 2933 3720 Patre
2969 3680 3065 3735 per
3102 3663 3305 3723 Filium
3350 3665 3405 3718 in
3441 3673 3636 3720 sancto

2050 3760 2258 3829 Spiritu
2302 3768 2359 3814 et
2406 3758 2673 3827 producta
2729 3773 2874 3818 esse.
2922 3765 2987 3812 etr
3023 3766 3302 3821 constare,
3358 3758 3633 3827 theologia

2047 3852 2254 3908 docuit.
2309 3852 2490 3921 Ipsum
2542 3865 2672 3920 ergo
2717 3863 3078 3919 personarum
3132 3848 3384 3904 ordinem
3438 3851 3636 3905 doctor

2046 3943 2308 4006 ostendit,
2335 3957 2639 4013 earumque
2658 3940 3129 3995 consubstantiale
3157 3941 3288 3995 hinc
3317 3941 3635 3997 necessario

2050 4037 2376 4091 insinuavit.
2426 4034 2540 4090 Una
2591 4035 2864 4107 enintlest
2911 4033 3281 4105 corporis,.et
3318 4034 3550 4100 brachii,
3579 4044 3635 4092 et

2046 4127 2207 4198 digiti
2268 4126 2537 4183 naturalis
2564 4126 2991 4197 essentialisque
3032 4125 3340 4182 substantia
3385 4141 3400 4179 :
3435 4141 3633 4196 quam-

2046 4224 2132 4278 vis
2157 4238 2334 4294 neque
2369 4238 2565 4279 manus
2592 4222 2664 4278 sit
2690 4222 2917 4293 digitus,
2948 4237 3131 4292 neque
3162 4221 3371 4292 digitus
3408 4236 3632 4287 manus,
3692 4228 3702 4243 '

2048 4319 2177 4391 quia
2213 4329 2398 4390 neque
2447 4332 2648 4374 manus
2698 4332 2796 4397 per
2826 4317 3057 4390 digitum
3105 4322 3324 4388 corpori
3377 4328 3634 4388 coaptata

2045 4420 2149 4467 est.
2199 4409 2474 4476 Quocirca
2520 4418 2747 4466 ostenso
2800 4410 2967 4465 etiam
3013 4425 3113 4481 per
3143 4410 3287 4465 hanc
3336 4409 3632 4480 imaginem

2044 4514 2408 4568 personarum
2436 4500 2501 4554 ad
2538 4514 2598 4555 se
2639 4501 2873 4555 invicem
2900 4501 3119 4565 ordine,
3155 4500 3634 4557 consubstantiale

366 4585 421 4639 in
470 4585 751 4645 Thesauris
796 4586 930 4660 suis,
981 4594 1242 4660 radicem,
1317 4610 1530 4651 ramum
1586 4588 2012 4670 fructumqueD
2043 4590 2295 4660 prOIinus
2331 4591 2541 4661 addidit
2592 4610 2607 4647 :
2658 4589 2779 4647 Non
2806 4592 2995 4663 igitur,
3036 4590 3236 4662 inquit,
3268 4592 3483 4646 alienus
3538 4606 3634 4645 ne-

366 4693 465 4746 pro
507 4680 862 4739 similitudine
926 4688 1200 4754 sumpsEt;
1247 4698 1411 4758 atque
1463 4688 1680 4746 Patrem
1727 4709 1936 4762 rosam,

364 4768 549 4826 ﬂorem
608 4772 836 4841 Filium,
912 4777 1211 4849 odorisque
1266 4780 1624 4850 fragrantiatn
1671 4782 1934 4854 Spiritum

362 4872 610 4919 sanctum
629 4867 918 4936 appellavit
940 4885 955 4935 ;
990 4869 1225 4941 Filiique
1258 4870 1523 4943 Spiritum
1544 4877 1616 4930 ita
1635 4892 1756 4932 esse
1776 4878 1937 4946 dixit,

362 4956 522 5025 quasi
549 4966 813 5026 vaporem
849 4977 913 5016 ex
961 4978 1124 5033 aqua,
1157 4980 1223 5021 ae
1255 4966 1421 5020 vrluti
1445 4968 1762 5037 qualitatem
1795 4972 1934 5040 ejus.

280 5092 299 5103 .
365 5044 523 5102 Sicut
546 5047 710 5117 igitur
744 5049 959 5108 fructus
984 5069 1050 5110 ex
1085 5056 1270 5112 radice
1302 5073 1398 5128 per
1422 5074 1638 5113 ramum
1670 5063 1939 5117 naturali-

363 5146 445 5194 ter
488 5142 766 5211 prodiens,
817 5146 1183 5203 substantiam
1224 5166 1289 5206 ex
1344 5151 1530 5211 radice
1572 5169 1670 5224 per
1719 5170 1933 5209 ramum

360 5232 585 5301 accipit,
636 5249 742 5289 non
778 5252 845 5290 ex
893 5240 1104 5305 radice,
1150 5243 1272 5298 sine
1303 5246 1519 5312 medio;
1559 5246 1772 5302 sublata
1805 5256 1969 5302 vero'

362 5325 498 5378 rami
545 5327 918 5397 mediatiune,
996 5331 1209 5389 fractus
1264 5345 1525 5392 constare
1568 5353 1675 5393 non
1710 5339 1933 5408 poterit,

361 5425 525 5485 atque
572 5434 678 5474 una
743 5431 797 5476 et
844 5425 1110 5478 naturalis
1160 5428 1397 5496 qualitas
1446 5438 1500 5484 et
1545 5430 1679 5483 ordo
1718 5432 1931 5498 elucet;

365 5508 548 5564 itidem
581 5521 636 5566 et
664 5514 733 5567 de
766 5524 955 5585 saneto
985 5515 1191 5585 Spiritu
1221 5520 1538 5586 dicendum,
1569 5521 1624 5576 in
1663 5535 1928 5592 qttantum

360 5603 593 5671 exempli
630 5607 896 5672 permittit
918 5609 1226 5668 inﬁrmitas.

432 5688 629 5750 Beatus
660 5697 804 5752 idem
851 5700 1089 5771 Cyrillus
1121 5703 1172 5757 in
1225 5704 1511 5762 Thesauri:
1550 5709 1667 5763 ait:
1712 5728 1731 5762 ί
1772 5710 1934 5767 Citri-

436 5871 480 5903 "
508 5869 664 5930 Joan.
704 5889 779 5941 tv,
810 5876 896 5931 i3.
977 5881 1020 5913 “
1050 5879 1209 5936 Joan.
1238 5897 1336 5945 vit,
1372 5881 1460 5940 59.

1547 5886 1588 5920 ¹⁵
1623 5884 1757 5939 Luc.
1790 5903 1850 5953 tt,
1893 5889 1979 5957 19,
2029 5888 2122 5945 ‘20.

2036 4698 2142 4753 que
2182 4692 2426 4738 remotus
2459 4697 2488 4738 a
2541 4683 2727 4739 divina
2795 4684 3037 4740 essentia
3096 4691 3180 4738 est
3217 4681 3455 4753 Spiritus
3501 4698 3634 4740 sau-

2037 4782 2180 4830 ctus.
2230 4793 2251 4827 ι

2110 4886 2271 4943 Certe
2304 4896 2359 4942 et
2396 4888 2593 4943 beatus
2649 4887 3009 4956 Augustinus,
3049 4904 3212 4960 quem
3263 4905 3535 4945 summum
3579 4904 3634 4947 et

2038 4978 2569 5034 excellentissimum
2597 4979 2877 5034 doctorem
2903 4976 3245 5035 universales
3273 4981 3465 5051 synodi
3490 4997 3632 5051 prae-

2047 5072 2391 5136 dicaverunt,
2445 5071 2589 5126 sicut
2638 5086 2705 5126 ex
2754 5073 2925 5142 gestis
2971 5073 3328 5144 synodalibus
3389 5082 3630 5135 constat,

2046 5162 2342 5218 humanam
2401 5173 2635 5220 mentem
2671 5178 2772 5236 pro
2822 5164 2980 5221 Patre
3028 5170 3080 5220 in
3131 5167 3367 5237 imagine
3416 5171 3629 5234 sumit;

2051 5251 2289 5309 Verbum
2337 5256 2728 5326 autem,‘quod
2754 5254 2982 5311 insitum
3039 5265 3205 5326 atque
3251 5257 3505 5311 intimum
3541 5258 3665 5313 dio'

2046 5346 2213 5410 citur,
2250 5361 2352 5416 pro
2375 5346 2538 5413 Filio;
2565 5346 2659 5418 qui
2689 5355 2742 5401 et
2768 5348 2909 5416 apud
2941 5346 3205 5404 Joannem
3234 5351 3628 5420 evangelistam

2046 5439 2140 5493 Dei
2199 5437 2436 5495 Verbum
2493 5440 2675 5495 dictus
2741 5449 2826 5495 est
2864 5457 2880 5495 :
2913 5439 3202 5511 Patrisque
3276 5442 3542 5507 definitio,
3576 5450 3632 5498 et

2043 5529 2303 5594 Verbum,
2334 5540 2388 5584 et
2419 5546 2641 5601 germen
2694 5546 2747 5587 et
2813 5532 3064 5588 voluntas
3104 5544 3156 5587 et
3201 5534 3546 5603 signaculum
3598 5548 3628 5588 a

2039 5623 2302 5694 Gregorio
2325 5626 2597 5701 Tln-ologo
2630 5627 2930 5696 appellatus
2978 5637 3062 5683 cst
3114 5621 3414 5682 secundum
3465 5642 3631 5698 quam

2053 5717 2291 5772 tnaxime
2353 5718 2643 5788 imaginem
2675 5722 2726 5774 in
2761 5720 2981 5775 homine
3017 5719 3109 5774 Dei
3138 5723 3317 5790 imago
3363 5736 3639 5776 servetur,

2238 5892 2281 5922 "
2324 5888 2671 5959 i’sal.'xcvtt,
2722 5898 2767 5951 l.
2886 5903 2928 5933 ’⁷
2962 5902 3103 5956 Psal.
3150 5916 3299 5961 Kh'lt,
3347 5898 3402 5954 4.
