2053 3220
188 189 220 221 ιι
746 192 948 225 ADVERSUS
966 198 969 218 4

1024 194 1127 226 ECOS
1148 197 1220 227 LIB.
1241 198 1267 228 Ι.
1778 206 1816 238 Η

190 256 264 281 nem,
281 253 396 284 utraque
420 249 558 278 deducunt
572 249 651 285 juxta
676 251 795 286 priorem
826 254 971 281 discretio--
988 254 1009 284 Α
1025 256 1261 285 consubstantiale
1273 257 1431 293 signiﬁcare
1446 259 1516 287 velle
1530 266 1678 294 asseveret,
1697 262 1815 298 primum

188 303 262 322 DCIII.

225 351 299 384 Quod
318 356 345 379 ct
362 351 503 387 Nysscnus
521 352 585 380 fecit
602 353 762 388 Gregorius,
783 364 868 383 unum
886 356 971 383 Deum

189 398 216 424 in
230 405 341 425 causam
372 403 399 425 ct
412 399 522 426 causale
542 400 709 433 discernens,
725 402 782 429 sive
807 403 834 429 in
851 410 972 437 causam,

188 449 216 471 et
241 444 312 478 quod
340 452 373 471 ex
402 452 496 472 causa.
524 444 626 473 Deinde
655 447 816 482 subjiciens,
847 448 971 484 ejusque,

188 490 260 524 quod
276 498 308 517 ex
320 498 400 517 causa
413 495 464 523 est,
478 490 559 518 aliam
578 500 674 520 rursus
691 493 872 521 differentiam
890 495 971 522 intcl-

190 537 301 571 ligentia
323 536 508 570 assequimur.
534 537 656 565 Alterum
682 540 755 566 enim
777 541 970 574 continenter;

190 582 304 609 alterunt
335 590 401 610 vero
429 590 478 617 per
500 591 562 612 eum
588 584 677 619 ipsum
711 587 758 620 qui
786 587 971 620 continenter,

187 633 270 663 atque
294 629 407 656 alterum
423 629 557 664 genitum,
578 633 729 666 procedens
747 633 873 667 alterum,
897 639 923 661 et
949 635 970 662 si

188 675 254 708 quid
268 676 425 709 ltujusmodi
440 676 558 711 perfecte
572 678 792 707 discernentibus
803 679 905 707 dictum
919 686 968 707 eet.

186 719 267 748 Juxta
282 729 362 755 quam
388 729 455 750 sane
470 723 618 755 rationem,
634 729 661 751 et
676 725 723 759 qui
743 726 863 753 secunda
881 726 971 754 Patris

187 765 256 793 dixit
270 765 380 798 Filium,
393 772 417 795 et
435 767 567 801 Spiritum
585 773 709 796 sanctum
736 770 760 796 id
781 770 867 797 solum
886 772 978 805 εἰμὴ,

187 811 268 839 ﬁcare
282 812 377 845 voluit,
402 820 416 840 a
444 812 525 841 Patre
541 814 593 841 ista
620 816 739 842 causalis
758 824 828 848 esse,
853 826 972 852 Utraque

187 857 238 886 sub
253 858 370 886 causalis
386 859 528 888 includens
543 860 710 888 definitione.
725 861 791 889 Nam
804 863 881 897 juxta
896 864 969 898 quod

186 905 307 931 causalia
323 910 396 937 sunt,
412 906 530 932 secunda
546 907 629 933 etiam
646 914 736 934 causae
746 908 824 942 juxta
841 917 970 944 persona—
984 923 1009 953 Β

187 950 239 977 lem
257 951 377 978 ordinem
394 953 577 979 communiter
591 953 644 979 diri
667 960 792 987 possunt.

223 1005 274 1032 Sed
290 1005 361 1032 enim
380 1005 423 1031 hic
440 1006 497 1040 ipse
520 1006 545 1033 in
562 1006 623 1033 aliis
644 1007 695 1034 ista
712 1008 859 1042 perfectius
870 1010 968 1037 distin-

186 1058 282 1085 guens,
310 1050 348 1077 ait
367 1051 552 1078 emanationis
596 1052 763 1087 habitusque
792 1056 824 1081 ad
854 1055 969 1082 invicem

186 1096 375 1129 differentiam,
404 1097 612 1132 appellationem
634 1107 743 1134 quoque
767 1099 866 1127 fecisse
891 1101 971 1128 diffe-

187 1148 299 1170 rentem.
317 1143 493 1177 Rursumque
511 1144 536 1170 in
556 1145 679 1172 versibus
696 1146 734 1172 ait
754 1155 759 1172 ε
776 1155 783 1171 ι
803 1145 891 1173 Unum
910 1155 970 1174 csse

188 1188 270 1214 Deum
287 1196 318 1215 ex
335 1188 414 1215 Patre
441 1196 488 1223 per
512 1189 608 1216 Filium
628 1192 653 1217 in
679 1197 803 1218 sanctum
824 1192 968 1227 Spiritum,

186 1238 309 1260 manente
326 1234 430 1261 Deitate
447 1234 564 1269 perfecta
584 1236 610 1262 in
634 1237 721 1264 tribus
740 1238 877 1271 perfectis.
897 1249 905 1265 ν
931 1240 969 1267 Ne

186 1280 212 1306 id
231 1280 347 1314 quidem,
373 1281 444 1315 quod
472 1281 509 1307 ait
541 1282 723 1311 Damasccnus
743 1284 810 1318 (19),
837 1284 968 1319 Spiritum

184 1331 306 1352 sanctutu
336 1326 453 1353 medium
470 1334 530 1354 esse
555 1327 669 1362 ingeniti
685 1333 712 1355 et
724 1330 820 1363 geniti,
838 1332 967 1364 praedimo

185 1371 333 1398 reluctatur
365 1372 464 1399 ordini.
493 1371 585 1407 Neque
608 1374 679 1401 enim
697 1382 745 1409 pcr
762 1375 811 1402 hoc
841 1376 885 1404 ille
906 1386 969 1412 pcr-

183 1425 313 1444 sonarum
358 1419 480 1446 ordinem
512 1419 776 1458 substantialcntque
808 1432 968 1459 processum

184 1464 291 1491 tradere
310 1464 435 1491 intendit.

220 1523 353 1551 Caeterum
377 1531 438 1551 cum
458 1524 577 1552 hatretici
602 1524 866 1552 consubstantialem
892 1523 967 1552 Patri

186 1568 284 1596 Filium
299 1569 344 1595 vix
359 1570 566 1602 conﬁterentur,
582 1570 715 1605 Spiritqu
734 1575 824 1597 autem
841 1577 968 1598 sanctum

186 1614 238 1641 hoc
252 1614 355 1641 honore
383 1622 416 1642 ac
428 1614 558 1649 dignitate
589 1616 697 1649 penitus
712 1622 766 1642 non
781 1615 968 1650 dignarentur,

185 1660 272 1687 sancti
305 1659 400 1688 Patres
424 1660 498 1688 hunc
520 1660 605 1688 Deum
633 1668 726 1687 verum
762 1659 798 1688 ex
826 1661 882 1688 Deo
906 1670 970 1689 vero

184 1713 256 1739 esse,
270 1710 352 1742 atque
363 1715 396 1734 ex
410 1706 463 1734 Deo
477 1707 630 1734 secundum
648 1706 807 1739 Scripturas
822 1708 969 1742 procedere

185 1753 312 1786 scientes,
340 1761 392 1780 non
420 1753 570 1780 secundum
601 1753 757 1781 nativitatis
780 1762 967 1790 progressum,

185 1798 232 1825 sed
257 1799 405 1826 secundum
423 1806 606 1833 processum:
628 1799 684 1832 Est,
711 1800 832 1833 aiebant,
856 1801 968 1835 quidam

185 1848 264 1871 etiam
281 1844 349 1872 alius
375 1846 535 1873 substantim
553 1845 659 1877 modus,
684 1852 829 1879 processus
852 1847 968 1878 scilicet,

185 1891 335 1918 secundum
362 1899 442 1926 quem
467 1892 520 1919 alia
544 1900 660 1927 persona
686 1901 719 1920 ex
744 1893 798 1920 Deo
815 1894 924 1928 prodit;
943 1899 969 1922 et

185 1939 228 1965 hic
243 1943 295 1969 est,
321 1945 375 1972 quo
402 1939 525 1973 procedit
553 1938 673 1973 Spiritus
702 1945 815 1967 sanctus
841 1941 966 1974 ejusdem

184 1984 310 2011 essentia:
323 1991 384 2011 cum
395 1983 474 2011 Patre
487 1989 513 2011 et
526 1985 613 2016 Filio;
629 1985 686 2019 quiI
714 1993 802 2019 neque
818 1986 966 2020 ingenitus,

185 2037 272 2064 neque
285 2030 343 2057 sine
355 2037 437 2057 causa
451 2030 632 2066 [principio]:
651 2039 704 2057 non
721 2032 795 2058 enim
813 2031 893 2058 Pater
908 2037 965 2066 est;

186 2083 272 2111 neque
296 2084 406 2103 rursum
447 2078 565 2112 genitus,
592 2078 655 2112 quia
685 2086 736 2104 nec
762 2077 858 2110 Filius,
889 2079 966 2113 juxta

184 2121 292 2148 scilicet
316 2121 468 2149 nativitatis
491 2122 705 2156 processionem.
724 2122 828 2149 Idcirco
847 2124 965 2149 medium

185 2166 295 2201 ingenili
310 2171 334 2194 ct
348 2167 429 2201 geniti
450 2167 582 2201 Spiritum
598 2171 723 2194 sanctum
738 2169 833 2195 doctor
852 2169 907 2203 (20)
922 2169 966 2195 hic

184 2213 261 2239 dixit.
271 2211 430 2247 Ubicunque
438 2213 509 2240 enim
521 2213 606 2240 tribus
617 2213 739 2240 terminis
750 2214 857 2248 positis,
870 2215 966 2241 tertius

183 2259 218 2285 ab
229 2264 344 2293 utroque
358 2258 524 2292 reliquorum
541 2258 702 2294 denegatur,
716 2260 867 2287 secundum
880 2261 964 2287 dialc-
981 2278 1003 2305 ο

183 2304 258 2331 (τύπω
274 2304 497 2331 consuetudinem
518 2304 623 2332 mcditts
642 2305 669 2331 in
684 2305 797 2332 aliorum
818 2306 963 2341 negatione

182 2357 241 2376 esse
252 2350 380 2376 cernitur.
400 2349 428 2376 Si
443 2350 514 2376 enim
533 2349 663 2383 Spiritum
681 2358 694 2376 a
711 2350 792 2378 Patre
808 2353 960 2378 secundum

180 2401 240 2420 esse
253 2394 398 2428 putavisset
413 2394 480 2429 (21).
495 2402 634 2429 nunquam
648 2396 736 2430 ipsum
751 2396 848 2423 ibidem
862 2405 909 2431 per
920 2397 965 2424 Fi-

181 2439 246 2466 lium
259 2440 327 2467 l‘atri
343 2440 469 2476 conjungi
483 2441 607 2469 dixisset.
623 2442 679 2469 lloc
691 2442 763 2469 enim
780 2445 962 2478 quorumdam

181 2486 374 2521 malignitatem
391 2488 490 2522 arguit,
511 2488 728 2522 magistrumque
743 2489 795 2516 sibi
809 2490 859 2524 ipsi
882 2496 963 2525 atque

179 2531 240 2558 aliis
254 2533 407 2560 consentire
424 2534 563 2561 evidenter
578 2535 707 2562 ostendit.
729 2535 767 2562 Ne
785 2536 837 2563 hoc
852 2538 960 2570 quidem

180 2585 299 2612 unquam
319 2578 440 2611 dixisset,
466 2580 597 2614 Spiritum
622 2586 746 2609 sanctum
766 2591 799 2609 cx
820 2583 899 2611 l’alrc
917 2592 963 2618 per

180 2621 277 2650 Filium
289 2624 443 2659 procedere,
456 2626 617 2661 Patremque
636 2628 829 2662 productorem
844 2629 962 2664 Spiritus

179 2676 227 2705 per
258 2670 373 2698 Verbum
405 2679 474 2699 esse.
507 2671 570 2700 Hazc
602 2674 675 2700 enim
710 2675 884 2708 apertissime
910 2678 960 2705 sibi

180 2716 295 2744 invicem
310 2720 447 2746 contraria
467 2724 541 2747 sunt.

216 2773 244 2800 Si
261 2774 322 2809 quis
348 2779 435 2802 tamen
454 2783 611 2809 processum
631 2785 679 2811 per
697 2776 796 2804 Filium
828 2778 959 2813 Spiritus,

215 2888 272 2923 (l9)
291 2889 415 2917 Damasc.
429 2867 478 2917 1.x;
494 2888 561 2917 Fide
574 2892 679 2919 art/rod.
696 2899 721 2919 c.
740 2893 780 2920 l8.

216 2924 270 2959 (20)
288 2924 483 2952 Damascenus.

342 2974 475 3003 Pnaoc.
494 2972 549 3002 Gn.
569 2972 656 3003 CLll.

1026 300 1137 335 quidem
1162 303 1316 331 secundum
1336 305 1572 334 consubstantiale
1599 309 1690 337 nullus
1716 310 1742 338 in
1761 310 1817 338 Deo
1858 311 1862 316 '

1026 353 1207 381 personarum
1222 350 1291 378 ordo
1301 356 1354 378 est.
1368 351 1436 379 Nam
1448 360 1478 380 ea
1497 353 1614 386 ratione,
1625 362 1678 390 qua
1693 358 1815 384 consub-

1026 393 1170 422 stantiales
1201 400 1284 429 sunt,
1318 404 1372 424 una
1406 405 1451 426 res
1482 402 1526 426 est
1568 399 1660 427 divina
1694 403 1813 431 essentia

1024 438 1166 468 individua
1202 442 1315 471 omnino
1340 448 1366 470 et
1389 444 1547 472 indiscreta.
1575 444 1816 477 Consubstantiale

1025 489 1129 519 autem,
1156 487 1259 515 nullam
1290 496 1404 523 prorsus
1430 490 1624 520 discretionem
1649 493 1814 523 introducit.

1025 530 1106 559 Juxta
1118 540 1183 561 vero
1197 541 1343 568 processus
1360 536 1597 573 rationem,atque
1612 547 1674 567 eum
1689 540 1736 575 qui
1751 540 1815 569 inde

1024 577 1161 612 sequitur,
1177 579 1316 613 ordinem,
1331 588 1512 616 personarum
1543 592 1676 613 numerus
1692 586 1816 615 invectus

1016 620 1052 652 ‘ot
1064 625 1204 654 admissus
1218 631 1269 655 est.
1284 627 1378 663 Itaque
1389 629 1435 664 qui
1446 631 1694 661 conrubstantialis
1709 635 1816 664 ratione

1024 671 1128 700 dictum
1153 678 1241 709 putat,
1257 673 1389 703 ett-Patre
1407 683 1457 711 per
1478 675 1577 705 Filium
1595 678 1733 714 Spiritum
1752 689 1817 716 pro-

1023 720 1132 751 cedere.
1158 721 1267 749 unicam
1294 721 1368 749 illaut
1391 724 1553 755 essentiam,
1579 732 1691 753 causam
1709 726 1817 755 discre-

1025 764 1107 792 tionis
1122 766 1209 800 ponit,
1224 765 1295 800 quod
1313 766 1423 801 proprie
1450 768 1614 796 Arianorum
1643 775 1705 804 est;
1735 776 1817 806 atque

1024 811 1125 840 omissa
1153 812 1321 840 disrrctione
1352 814 1490 847 personali
1506 834 1513 845 .
1542 819 1598 843 tres
1624 817 1759 844 essentias
1781 817 1816 845 ab

1025 857 1140 885 Invicem
1165 857 1266 885 divisas
1297 859 1453 894 necessario
1482 860 1625 895 fatebitur,
1653 870 1685 891 ac
1718 868 1817 898 prater

1024 911 1133 931 omnem
1159 904 1292 932 rationem
1329 907 1441 934 causale
1478 908 1557 942 quasi
1584 916 1694 936 causam
1720 914 1814 945 ponet.

1024 949 1130 985 Quippe
1169 951 1324 985 bujusmodi
1371 953 1512 987 processio
1551 955 1685 983 naturalis
1732 960 1816 992 atque

1023 995 1178 1023 essentialis
1200 1003 1262 1024 cum
1292 996 1348 1029 sit,
1382 1005 1444 1032 quae
1475 999 1664 1033 producuntur
1696 1002 1816 1029 consub-

1022 1041 1159 1068 stantialia
1188 1041 1240 1069 sibi
1273 1042 1391 1071 invicem
1416 1044 1548 1072 ostendit.

1059 1097 1171 1132 Deinde,
1187 1098 1239 1126 etsi
1267 1099 1504 1128 consubstantiale
1520 1101 1624 1137 signari
1654 1103 1698 1133 his
1722 1105 1814 1134 verbis

1024 1142 1158 1169 veraciter
1172 1142 1286 1176 dicitur,
1311 1144 1498 1178 principaliter
1523 1151 1613 1174 tamen
1632 1155 1813 1183 personarum

1022 1188 1091 1216 ordo
1114 1189 1334 1217 commendatur.
1363 1190 1425 1223 Per,
1444 1192 1531 1225 enim,
1546 1193 1692 1227 particula,
1718 1199 1748 1223 ut
1776 1196 1813 1224 ait

1023 1234 1141 1264 Basilius
1176 1235 1210 1263 ad
1248 1236 1472 1271 Amphilochium
1508 1240 1644 1273 scribens,
1681 1248 1814 1275 personas

1022 1281 1112 1317 primo
1138 1282 1281 1310 discernit.
1299 1283 1508 1318 Consequenter
1530 1290 1622 1313 autent
1648 1288 1731 1315 etiam
1747 1296 1814 1316 con-

1021 1328 1204 1356 substantiale
1224 1329 1385 1357 introducit.
1402 1329 1481 1357 Sicut
1494 1331 1567 1359 enim
1582 1331 1680 1367 Filius,
1699 1334 1764 1368 quia
1772 1343 1812 1364 lex

1021 1374 1103 1402 Patre
1117 1379 1172 1408 est,
1192 1375 1296 1403 idcirco
1315 1375 1396 1403 etiam
1423 1376 1461 1403 illi
1484 1378 1728 1407 consubstantialis
1745 1385 1787 1411 est
1803 1390 1811 1408 :

1021 1421 1058 1448 ita
1073 1426 1100 1449 et
1123 1421 1151 1449 in
1167 1425 1263 1450 sancto
1278 1422 1394 1457 Spiritu,
1410 1423 1474 1450 dum
1491 1431 1523 1451 ex
1543 1424 1621 1452 Patre
1643 1434 1690 1460 per
1711 1426 1811 1455 Filium

1021 1467 1186 1495 naturaliter
1203 1473 1286 1504 atque
1305 1469 1491 1497 essentialiter
1514 1478 1530 1497 a
1557 1471 1693 1507 theologis
1709 1475 1813 1503 asseri-

1022 1518 1078 1545 tur,
1113 1514 1214 1549 primo,
1242 1514 1299 1541 huc
1324 1522 1371 1549 per
1395 1514 1495 1543 Filium
1522 1518 1662 1551 processio
1697 1518 1812 1555 ejusque

1021 1559 1152 1588 discretio
1180 1559 1353 1593 insinuatur;
1373 1560 1473 1588 deinde
1492 1561 1575 1591 etiam
1590 1563 1813 1594 consubstantia-

982 1602 1005 1632 C
1024 1605 1109 1634 litatis
1120 1610 1233 1641 apparet
1248 1606 1331 1634 ratio.
1348 1606 1489 1635 Naturalis
1505 1608 1607 1643 quippe
1618 1614 1643 1636 et
1656 1611 1812 1639 essentialis

1022 1651 1074 1679 ista
1100 1652 1241 1686 processio
1266 1659 1327 1680 esse
1355 1660 1405 1688 pro
1427 1652 1554 1682 confesso
1574 1654 1701 1684 trahetur.
1733 1656 1812 1686 Unde

1020 1702 1049 1725 et
1067 1705 1185 1733 magnus
1205 1698 1324 1726 Basilius
1340 1699 1368 1726 in
1396 1699 1446 1727 lib.
1472 1700 1574 1729 Contra
1600 1700 1760 1736 Sabellum.
1786 1710 1812 1733 et

1021 1744 1172 1777 Anouwor,
1194 1744 1272 1780 cujus
1286 1744 1395 1772 initium
1408 1752 1452 1773 est
1468 1754 1476 1772 :
1493 1746 1656 1774 Adrerramr
1668 1749 1811 1782 gentilitali

1020 1788 1189 1821 Judaismur,
1204 1797 1214 1815 ι
1234 1788 1344 1817 Patrem
1382 1795 1411 1818 et
1435 1790 1549 1824 Filium,
1573 1792 1675 1827 inquit.
1698 1794 1813 1823 confite-

1020 1842 1094 1868 mur,
1114 1839 1220 1863 natura;
1244 1839 1337 1863 autem
1361 1835 1505 1865 identitate
1524 1838 1654 1872 quoniam
1674 1846 1707 1866 ex
1732 1840 1812 1869 Patre

1022 1881 1110 1909 Filius
1134 1886 1194 1915 est;
1231 1882 1327 1909 itidem
1355 1881 1438 1916 igitur
1463 1888 1491 1910 et
1517 1882 1544 1910 in
1564 1883 1633 1912 Filio
1661 1889 1688 1911 et
1716 1889 1811 1913 sancto

1020 1927 1124 1963 Spiritu
1137 1928 1298 1956 dicendum.
1312 1937 1321 1954 ι
1335 1927 1387 1961 Qui
1401 1928 1475 1956 enim
1488 1928 1584 1963 mquali
1599 1935 1683 1957 causa
1698 1930 1811 1966 prodiit,

1020 1974 1074 2002 hoc
1094 1979 1136 2003 est
1158 1974 1323 2004 naturaliter
1343 1978 1428 2010 atque
1468 1975 1663 2008 cssentialiter,
1692 1981 1810 2009 constat,

1019 2021 1084 2054 quia
1109 2020 1231 2055 ejusdem
1250 2020 1333 2048 etiam
1359 2026 1467 2049 naturae
1493 2028 1557 2052 cum
1586 2023 1764 2057 producente,
1783 2029 1812 2053 et

1020 2075 1081 2095 cum
1100 2074 1145 2101 eo,
1162 2074 1211 2102 per
1227 2074 1309 2102 quem
1328 2067 1462 2101 procedit,
1475 2071 1527 2096 cst.

1055 2125 1220 2159 Quanquam
1246 2124 1329 2153 etiam
1357 2123 1435 2158 juxta
1462 2123 1603 2158 proposita
1619 2123 1758 2157 exempla,
1784 2123 1807 2152 si

1018 2172 1081 2207 quis
1094 2178 1126 2198 ea
1141 2170 1223 2198 ctiam
1236 2169 1470 2198 consubstantiale
1483 2170 1672 2197 tantummodo
1685 2169 1808 2198 indicare

1018 2217 1170 2244 arbitratur
1185 2223 1249 2242 cum
1274 2219 1461 2250 consequente
1490 2223 1673 2250 processuum
1697 2216 1805 2248 ordine.

1018 2261 1314 2290 consubstantialitatis
1344 2268 1456 2295 quoque
1484 2261 1615 2289 rationem
1646 2261 1807 2291 introducit.

1019 2309 1098 2340 Nam,
1112 2315 1174 2335 cum
1193 2307 1324 2335 unitatem
1341 2307 1368 2334 in
1385 2306 1529 2338 Trinitate,
1550 2311 1577 2333 et
1594 2305 1756 2335 Trinitatem
1780 2306 1810 2332 in

1020 2354 1124 2383 unitate
1149 2353 1262 2382 credere
1278 2360 1388 2383 summa
1414 2352 1475 2380 ﬁdei
1501 2355 1602 2380 ucstra:
1625 2351 1672 2382 sit.
1687 2351 1744 2378 haec
1761 2359 1811 2387 per

1018 2400 1123 2430 omnia,
1136 2407 1197 2434 quae
1209 2406 1224 2426 a
1239 2398 1381 2433 magistris
1396 2398 1469 2425 dicta
1492 2401 1569 2431 sunt,
1585 2396 1667 2426 simul
1683 2396 1810 2425 inferun-

1018 2452 1072 2479 tur,
1086 2454 1117 2476 ac
1131 2453 1161 2474 se
1175 2445 1293 2473 invicem
1307 2448 1412 2477 tenent,
1438 2447 1478 2476 ut,
1495 2442 1541 2478 qui
1559 2442 1674 2472 alterum
1689 2443 1810 2471 confessi

1018 2493 1132 2525 fuerint,
1158 2496 1186 2519 et
1213 2491 1349 2526 reliquutn
1375 2490 1458 2517 etiam
1486 2490 1682 2518 conlitcantur.
1710 2489 1743 2516 Et
1769 2490 1810 2517 sic

1017 2539 1206 2575 principaliter
1232 2540 1312 2571 ordo,
1340 2542 1539 2571 consequenter
1568 2540 1658 2564 autem
1688 2536 1809 2577 consub-

1017 2583 1193 2617 stantialitas,
1208 2587 1238 2612 ut.
1258 2583 1421 2614 dictumest,
1437 2581 1463 2608 in
1488 2580 1615 2616 personis
1642 2580 1729 2608 lucide
1759 2589 1811 2618 ap—

1017 2636 1103 2666 paret.
1645 2633 1648 2635 ’

1052 2688 1168 2715 Constat
1188 2690 1278 2714 autem
1296 2694 1329 2713 ex
1347 2685 1391 2713 his
1415 2692 1476 2719 quat
1492 2684 1566 2712 dicta
1584 2689 1659 2717 sunt,
1684 2691 1732 2715 eos
1758 2684 1808 2719 qui

1017 2742 1066 2769 per
1085 2733 1185 2761 Filium
1203 2733 1350 2768 procedere
1367 2732 1403 2759 ita
1420 2731 1533 2766 intelligi
1550 2731 1655 2763 volunt,
1674 2729 1808 2765 exemplis

1014 2780 1074 2809 satis
1090 2784 1210 2811 utentes.
1234 2784 1265 2808 ut
1289 2779 1335 2807 lux
1353 2785 1403 2813 per
1430 2778 1542 2810 vitrum,
1559 2781 1607 2805 aut
1624 2783 1728 2808 aerem,
1753 2776 1806 2808 vel.

1054 2896 1110 2932 (21)
1132 2896 1190 2926 Iloc
1210 2901 1263 2929 est,
1275 2903 1336 2924 esse
1354 2893 1538 2923 existimasset
1555 2890 1717 2919 secundum.
