4106 6488
501 414 574 478 ιτ)
1754 415 2147 474 MANUELIS
2191 415 2499 476 CALECIE
3684 422 3755 486 ili

500 535 647 587 sicut
677 547 817 602 aqua
859 546 954 602 per
1009 533 1279 597 canalem,
1330 541 1425 587 aut
1489 534 1651 586 homo
1704 546 1801 601 per
1837 533 2086 600 jamzszn,
2120 538 2159 592 Α
2190 534 2477 609 contingit.
2553 536 2701 592 Unus
2761 536 2905 591 enim
2961 537 3185 591 omnino
3226 594 3229 597 ,
3266 552 3330 591 ac
3394 548 3608 610 semper
3668 541 3756 596 hic

500 624 780 678 contraria
848 624 1074 678 omnino
1132 623 1257 677 tldei
1317 622 1644 681 conte~sioni
1723 638 1788 677 ac
1878 626 2084 678 sanctis

504 713 759 767 Patribus
793 714 1021 767 sentire.
1064 712 1143 766 ltli
1174 713 1319 766 enim
1357 727 1453 781 per
1484 711 1680 765 Filium
1711 711 2079 766 essentiatiter

508 806 802 874 procedere
833 805 1126 860 allii-mani.
1172 804 1263 858 Isti
1292 815 1500 868 autem,
1533 802 1900 856 cssentialiter
1931 801 2078 870 quod

503 899 730 963 dicitur,
757 907 813 952 et
841 897 1184 959 naturaliter,
1214 912 1307 964 per
1330 911 1391 949 ea
1428 910 1549 965 quae
1576 896 1831 955 atterunt,
1860 895 2080 948 tollunt.

505 992 691 1060 Neque
729 991 874 1044 enim
936 989 1260 1042 naturaliter
1351 1000 1515 1057 atque
1571 986 1959 1049 essentialitcr,
2001 987 2082 1040 wl

503 1095 645 1149 aqua
681 1096 778 1149 per
811 1080 1058 1133 canalem
1094 1079 1299 1147 prodit,
1331 1077 1411 1131 vel
1468 1078 1773 1145 homo,per
1826 1077 2078 1144 januam.

502 1172 586 1224 rel
640 1187 737 1240 per
793 1186 998 1233 aerem,
1060 1181 1153 1224 aut
1205 1170 1403 1223 vitrum
1445 1171 1610 1222 etiam
1667 1168 1781 1222 lux.
1821 1168 2082 1234 Quinimo

500 1278 682 1330 neque
712 1264 964 1317 ordinem
1009 1263 1111 1316 ista
1145 1262 1455 1315 divinarum
1486 1276 1846 1329 personarum
1890 1250 2087 1316 subini

501 1356 747 1418 sinuant,
814 1370 993 1423 neque
1048 1369 1394 1424 processum.
1459 1354 1597 1408 Sunt
1650 1354 1794 1408 enim
1856 1355 2082 1408 alterius

500 1447 733 1500 omnino
798 1446 1141 1509 substantiae,
1175 1447 1267 1513 qui
1303 1445 1355 1497 in
1388 1445 1655 1512 exemplis
1705 1455 2079 1510 assumuntur,

500 1538 798 1607 nullusque
820 1539 873 1591 iu
896 1539 976 1594 eis
1013 1551 1302 1606 prooessus
1337 1538 1606 1592 naturalis
1630 1536 1939 1606 inspicitur.

574 1651 848 1716 Quocirca
888 1667 1067 1721 neque
1121 1652 1213 1705 lux
1264 1666 1359 1720 per
1391 1666 1571 1705 aerem
1607 1649 1843 1719 proprie,
1879 1649 1973 1703 sed
2025 1649 2077 1703 in

503 1763 630 1802 aere
680 1746 910 1800 dicenda
965 1752 1070 1798 est.
1123 1743 1360 1799 Sanctus
1402 1753 1582 1797 autem
1637 1740 1876 1812 Spiritus
1911 1752 1967 1796 et
2025 1744 2075 1796 in

2188 641 2479 693 processus
2531 638 2631 682 est.
2693 628 2805 683 Deo
2859 629 3005 683 enim
3063 630 3199 682 nihil
3257 646 3496 699 unquam
3556 648 3755 687 uorum

2184 717 2381 771 accidit
2445 734 2541 787 per
2586 734 2856 774 summam
2910 720 3058 776 illius
3113 721 3516 789 simplicitatem
3592 732 3758 795 atque

2185 807 2596 875 perfectionem.
2639 809 2920 865 Creatoris
2958 825 3110 873 vero,
3160 812 3301 865 idem
3334 814 3653 881 temporalis
3704 824 3758 867 et

2184 911 2428 968 apparet,
2476 912 2530 956 et
2569 903 2805 969 dicitur;
2840 918 2974 966 non,
3006 904 3152 973 quod
3186 905 3260 959 illi
3289 914 3503 974 tempus
3532 907 3757 973 adjicia-

2184 1002 2292 1053 tur.
2325 994 2418 1048 sed
2470 994 2580 1050 illis
2608 995 2810 1064 potius,
2836 1010 2959 1065 qua‘.
2994 997 3297 1052 secundum
3351 1006 3562 1067 tempus
3587 1013 3757 1068 agno.

2182 1096 2362 1146 scunt,
2390 1093 2553 1155 atque
2582 1087 2906 1156 suscipiunt.

2252 1196 2438 1265 Itaque
2471 1199 2770 1252 secundum
2806 1200 2855 1252 id
2887 1198 3134 1269 quidem,
3167 1201 3314 1269 quod
3349 1202 3549 1258 dicitur
3577 1223 3591 1260 :
3621 1225 3639 1258 ι
3676 1207 3754 1262 Ex

2181 1302 2311 1352 qllt),
2345 1307 2362 1336 ι
2395 1289 2590 1343 unicus
2615 1300 2729 1355 est;
2773 1292 3070 1345 secundum
3100 1277 3303 1360 autem,
3330 1296 3477 1364 quod
3505 1296 3710 1352 dicitur
3734 1316 3753 1354 :

2187 1394 2205 1427 ι
2241 1376 2297 1430 tu
2359 1378 2526 1447 quod,
2581 1397 2599 1431 ι
2643 1380 2894 1449 geminus
2947 1391 3032 1436 est
3084 1381 3397 1452 hujnsmodi
3440 1401 3751 1455 processus.

2183 1468 2361 1523 Unice
2399 1471 2546 1524 enim
2605 1486 2668 1525 ac
2703 1472 3054 1541 singulariter
3089 1476 3331 1544 procedit
3362 1492 3427 1531 ex
3465 1478 3623 1534 Patre
3661 1496 3757 1548 per

2180 1557 2376 1614 Filium
2397 1562 2700 1630 procedens
2719 1563 2868 1617 velut.
2897 1580 2964 1619 ex
2995 1580 3106 1619 uno
3136 1566 3428 1637 principio,
3448 1571 3751 1626 secundum

2180 1653 2400 1706 unicum
2463 1653 2613 1706 illum
2712 1669 2776 1709 ac
2838 1655 3141 1723 simplicem
3209 1672 3525 1725 processum
3590 1674 3752 1714 suum

2181 1743 2476 1812 procedere
2530 1746 2786 1809 dicatur;
2848 1747 3059 1816 adjecta
3120 1757 3298 1802 tamen
3356 1761 3630 1817 creatura,
3684 1754 3755 1807 ad

501 1841 642 1895 Filio
659 1848 762 1903 est,
785 1848 838 1894 et
857 1852 953 1906 per
978 1835 1393 1904 Filiumprodit.
1425 1833 1539 1888 Non
1568 1834 1731 1903 igitur
1758 1833 2066 1888 istiusmodi
2113 1875 2151 1929 η
2181 1852 2342 1905 quam
2404 1837 2851 1892 sanetiticandam
2894 1840 3187 1908 procedere
3236 1841 3457 1902 dicitur,
3520 1853 3649 1897 tunc
3707 1844 3756 1899 is

504 1932 778 2001 exempla,
818 1928 902 1982 vel
934 1928 1245 1982 divinarum
1279 1940 1637 1995 personarum
1693 1924 1965 1986 ordinem,
1995 1926 2072 1974 vel
2114 1907 2151 1929 "

502 2019 1127 2079 consubstantialitatem
1188 2017 1454 2071 iudicant.
1489 2015 1623 2093 Iuno,
1659 2016 1703 2070 si
1734 2015 1950 2084 quidem
1997 2015 2077 2068 eis

500 2116 663 2170 tidem
714 2114 912 2167 habere
970 2108 1320 2174 voluerimus,
1392 2106 1806 2162 ministrationis
1837 2104 2072 2159 otﬁeium

501 2204 640 2259 Filio
710 2203 1106 2267 attribuemus,
1163 2198 1265 2264 sic,
1340 2206 1400 2252 ut
1472 2197 1635 2251 etiam
1700 2195 2073 2265 proportionis

498 2299 715 2351 ratione
771 2294 1010 2348 ministri
1065 2292 1291 2360 impleat
1347 2287 1834 2343 mnuum-Verum
1885 2288 2074 2341 hocet

499 2388 747 2455 ineptum
779 2394 882 2448 est,
914 2393 972 2437 et
1007 2383 1257 2451 impium.
1299 2379 1373 2432 Ea
1409 2380 1600 2449 igitur,
1626 2378 2071 2449 quandoquidem

500 2480 559 2531 in
598 2477 737 2545 ipsis
787 2475 936 2528 nulla
990 2473 1219 2527 unitatis
1270 2473 1433 2536 ratio,
1469 2472 1650 2528 nullus
1698 2473 1834 2527 ordo
1869 2482 1972 2535 est,
2018 2482 2076 2526 ut

501 2570 688 2630 noxia,
713 2564 959 2633 nihilque
989 2566 1056 2618 ad
1112 2564 1163 2617 id
1215 2564 1361 2632 quod
1418 2565 1821 2633 proposuimus,
1859 2578 2075 2619 accom-

501 2658 718 2713 modata
753 2657 1076 2727 rejiciantnr
1114 2673 1128 2707 :
1159 2654 1323 2724 idque
1353 2656 1473 2710 ideo
1515 2655 1776 2721 maxime,
1811 2656 2071 2726 quoniam

500 2750 585 2805 eis
637 2748 823 2803 nullus
881 2754 1200 2800 saneturum
1254 2759 1387 2799 usus
1435 2757 1541 2799 est.
1591 2744 1657 2798 Et
1704 2745 1838 2799 illud
1893 2756 2071 2800 autem

502 2841 671 2896 simul
707 2848 953 2909 apparet,
1011 2837 1271 2907 Spiritntu
1312 2844 1586 2901 sanctum,
1638 2851 1745 2889 non
1800 2836 1927 2905 quia
1979 2852 2075 2905 per

504 2933 704 2988 Filium
753 2934 913 2986 datur
966 2939 1021 2984 et
1046 2933 1313 2989 mittitur,
1373 2928 1494 2981 ideo
1534 2930 1697 2983 etiam
1749 2944 1844 2998 per
1872 2926 2072 2982 Filium

505 3025 803 3092 procedere
860 3018 1192 3075 asseverari.
1252 3016 1375 3070 Dari
1434 3020 1604 3076 enim.
1658 3018 1800 3085 quod
1849 3018 2070 3082 dicitur,

502 3117 805 3184 temporale
851 3123 966 3178 est;
998 3112 1298 3180 procedere
1322 3120 1530 3175 autem,
1563 3095 1852 3165 wternum.
1885 3110 2073 3180 Neque

2187 1926 2277 1993 qui
2307 1941 2373 1977 ex
2422 1923 2581 1979 Patre
2614 1942 2709 1995 per
2743 1925 2940 1981 Filium
2973 1929 3240 1996 procedit,
3271 1945 3333 1983 ex
3376 1930 3556 1993 Patre,
3585 1933 3751 1986 etiam

2185 2031 2280 2084 per
2308 2015 2506 2070 Fil.um
2552 2017 2691 2070 mitti
2742 2026 2905 2086 atque
2949 2020 3143 2073 donari
3191 2020 3535 2089 intelligitur.
3577 2024 3754 2091 Atque

2185 2107 2476 2186 ille‘totus
2515 2125 2579 2161 ex
2642 2107 2804 2164 Patre
2864 2125 2961 2179 per
3006 2109 3204 2164 Filium
3270 2114 3448 2167 sancti
3512 2113 3752 2182 Spiritus

2184 2214 2483 2268 processus
2517 2203 2584 2253 ad
2616 2208 2945 2266 creaturam,
2982 2203 3174 2257 missio
3230 2212 3483 2269 vocatur,
3520 2220 3644 2276 qua}
3696 2207 3750 2260 in

2183 2301 2426 2359 tempore
2457 2291 2514 2344 tlt
2547 2300 2769 2361 propter
2804 2302 3137 2359 Creatorem,
3177 2310 3296 2363 qua:
3330 2296 3617 2365 temporali
3663 2296 3749 2349 sui

2183 2381 2599 2449 participatione
2649 2381 2874 2443 t'ruitur,
2946 2386 3224 2451 temperati
3278 2384 3370 2447 illo
3416 2386 3593 2453 spatio
3640 2400 3751 2439 non

2184 2470 2312 2533 Deo,
2345 2472 2438 2525 sed
2468 2472 2625 2526 nobis
2670 2472 2964 2541 applicato.
2997 2472 3060 2527 Et
3088 2483 3171 2528 est
3210 2489 3352 2532 unus
3383 2477 3624 2544 quidem,
3653 2478 3749 2531 sed

2184 2564 2395 2618 ratione
2427 2564 2706 2619 ditl‘erens.
2762 2564 2948 2635 Neque
3002 2567 3172 2632 enim,
3205 2567 3332 2635 quia
3375 2568 3751 2636 temporaliter

2181 2655 2481 2723 accipimus
2537 2670 2658 2719 nos,
2714 2656 2839 2710 ideo
2901 2658 3197 2725 temporale
3254 2658 3460 2727 aliquid
3526 2662 3579 2712 in
3641 2658 3752 2714 Deo

2182 2748 2364 2801 dicere
2388 2746 2673 2808 debemus,
2719 2746 3146 2802 imbecillitatem
3180 2749 3516 2804 conditionis
3549 2759 3751 2804 nostra!

2182 2834 2257 2889 illi
2294 2837 2650 2906 applicantes.
2706 2836 2916 2906 Neque,
2964 2838 3011 2891 si
3061 2838 3186 2905 quis
3239 2840 3501 2894 hactenus
3545 2853 3749 2905 caecus,

2182 2942 2329 2980 nunc
2361 2929 2593 2996 primtnn
2637 2928 2908 2994 respicere
2956 2942 3021 2980 ac
3048 2928 3186 2983 sutis
3217 2928 3385 2983 radiis
3407 2929 3571 2996 cmpit
3603 2927 3707 2981 frui
3729 2945 3747 2981 2

2182 3008 2303 3074 ideo
2352 3018 2516 3075 etiam
2575 3019 2656 3091 rel
2696 3034 2761 3071 ex
2797 3018 2909 3073 sole
2967 3020 3175 3082 radius,
3210 3019 3292 3073 vel
3332 3034 3396 3072 «ιλ
3457 3020 3609 3072 radio
3657 3021 3749 3074 lux

2181 3128 2327 3166 nunc
2366 3124 2589 3163 manare
2642 3110 2828 3179 rcepit.
2861 3108 3092 3163 Constat
3129 3109 3326 3179 quippe
3357 3118 3410 3164 et
3437 3119 3737 3178 antequam

503 3206 766 3278 possibi’e
817 3213 927 3275 est,
968 3201 1114 3271 quod
1165 3201 1463 3268 temporale
1510 3200 1605 3264 sit,
1653 3201 1704 3254 id
1736 3202 1876 3271 ejus,
1927 3204 2070 3271 quod
2102 3220 2147 3276 ς
2181 3218 2357 3256 camus
2384 3201 2682 3269 aspiceret.
2710 3199 2810 3253 soli
2842 3210 2898 3252 et
2932 3198 3145 3253 radium
3200 3209 3256 3254 et
3289 3201 3465 3254 lueem
3495 3202 3751 3255 similiter

504 3313 669 3368 supra
705 3305 921 3363 tempus
964 3306 1070 3355 est,
1102 3307 1326 3346 causam
1365 3306 1506 3346 esse.
1543 3292 1732 3361 itaque
1772 3294 2070 3348 secundum

505 3387 923 3444 substantialem
950 3398 1263 3452 processum
1290 3398 1449 3437 suum
1478 3398 1540 3436 ex
1567 3381 1724 3436 Patre
1759 3398 1852 3452 per
1880 3381 2072 3438 Filium

505 3479 800 3548 procedere
853 3484 1077 3528 sanctus
1135 3472 1373 3542 Spiritus
1422 3474 1724 3538 asseritur;
1765 3475 2076 3530 substantia

504 3562 726 3639 qt‘tippe,
771 3566 915 3621 sicut
937 3574 990 3618 et
1014 3564 1319 3634 processio,
1355 3574 1555 3616 acterna
1583 3573 1686 3618 est.

574 3681 711 3736 Illud
735 3690 914 3735 autem
945 3693 1050 3731 una
1084 3677 1419 3737 insinuatur,
1450 3676 1602 3747 illum
1637 3693 1667 3731 a
1701 3677 1841 3732 Filio
1869 3680 2073 3735 idcirco

502 3775 619 3829 dari
708 3784 764 3828 et
830 3771 993 3836 tnitti,
1067 3770 1217 3839 quia,
1290 3768 1595 3822 secundum
1660 3769 2070 3825 substantialem

505 3877 820 3935 processum
862 3874 1046 3923 suum,
1088 3858 1253 3912 etiam
1316 3873 1410 3926 per
1443 3858 1620 3925 ipsum
1670 3868 1772 3912 est.
1806 3858 1877 3914 Ut
1925 3864 2070 3915 enim

504 3962 698 4008 contra
725 3953 912 4005 Arium
946 3951 1198 4004 scribens
1231 3962 1460 4016 magnus
1490 3948 1825 4005 Athanasius
1853 3953 2031 4021 inquit
2059 3972 2073 4005 :

510 4064 530 4095 ι
579 4046 624 4097 Α
670 4059 780 4112 quo
831 4042 949 4095 dari
996 4041 1286 4108 oportebat
1340 4041 1603 4108 Spiritum
1660 4043 1762 4096 nisi
1816 4045 1885 4098 ab
1934 4048 2073 4114 ipso,

505 4135 664 4205 cujus
715 4133 840 4186 est?
892 4132 1044 4185 Alias
1095 4132 1297 4200 quippe
1330 4133 1580 4185 minister
1621 4144 1765 4188 esset
1802 4135 1992 4201 Filius,
2028 4140 2075 4192 si

504 4210 663 4295 quod
709 4239 817 4278 non
886 4238 1005 4295 per
1042 4237 1102 4276 se
1150 4225 1470 4277 naturaliter
1534 4227 1880 4294 procederet,
1944 4232 2074 4283 dare

505 4321 800 4372 diceretur.
840 4332 860 4366 ι
919 4312 1096 4368 Simul
1127 4316 1290 4368 etiam
1326 4315 1483 4371 lateri
1541 4331 1886 4387 cogeremur,
1933 4318 2073 4373 Filio

505 4417 562 4462 et
596 4405 828 4476 Spiritui
881 4414 1075 4461 sancto
1127 4407 1503 4475 temporaliter
1534 4408 1741 4477 aliquid
1774 4409 2025 4464 accidere
2059 4427 2074 4463 :

507 4497 585 4552 illi
617 4497 845 4555 scilicet,
874 4496 1040 4559 dare,
1075 4495 1203 4550 huic
1230 4496 1369 4548 dari.

578 4613 750 4666 Porro
781 4609 857 4675 id,
889 4622 999 4679 quo
1043 4612 1249 4679 posito,
1315 4609 1519 4676 ineptia
1551 4607 1710 4660 simul
1767 4618 1823 4662 et
1852 4609 2076 4660 menda-

503 4708 651 4761 cium
709 4703 980 4774 sequitur,
1023 4703 1267 4771 ineptum
1337 4703 1411 4754 sit
1463 4708 1519 4751 et
1566 4700 1796 4753 mendax
1858 4715 2080 4755 necesse

505 4808 607 4852 est.
657 4796 735 4849 Ex
782 4811 891 4864 quo
944 4794 1120 4862 liquet
1153 4807 1260 4845 non
1293 4806 1414 4845 esse
1443 4789 1719 4859 geminum
1758 4805 2074 4858 processum

508 4890 786 4961 Spiritus;
880 4886 1235 4954 temporalem
1328 4884 1558 4936 alterum
1636 4883 1899 4944 alterum,
1961 4884 2078 4936 sine

509 4994 774 5050 tempore.
800 4978 1049 5033 Primum
1091 4974 1336 5043 quidem,
1366 4972 1496 5040 quia
1527 4972 1715 5025 nullus
1761 4981 2071 5024 sanctorum

505 5076 728 5128 Patrum
759 5071 863 5124 hoc
893 5067 1027 5121 dixit
1052 5083 1071 5133 ;
1095 5063 1311 5127 deinde,
1368 5063 1520 5129 quia,
1560 5062 1605 5115 si
1640 5063 1691 5114 id
1727 5062 1981 5116 concedat
2028 5078 2073 5123 r,

505 5165 691 5232 inepta
750 5171 805 5214 et
838 5157 1060 5225 indigna
1106 5155 1339 5224 plurima
1371 5161 1671 5219 emergent.
1712 5152 1817 5205 Sed
1879 5153 2074 5206 imicus

504 5270 639 5309 sane
707 5263 1000 5320 processus
1078 5257 1243 5314 atque
1305 5255 1541 5297 aeternus
1593 5253 1712 5305 est,
1773 5244 2069 5297 secundum

500 5359 665 5417 quem
733 5358 802 5397 ex
870 5342 1036 5395 Patre
1103 5353 1202 5408 per
1266 5335 1463 5390 Filium
1535 5348 1762 5392 sanctus
1830 5343 2074 5407 procedit

503 5438 764 5509 Spiritus.
826 5433 1106 5487 Creatoris
1150 5437 1329 5483 autem
1383 5444 1507 5497 qua:
1561 5439 1701 5497 apta:
1772 5446 1839 5484 ac
1894 5433 2069 5501 dignae

507 5530 731 5592 luet-int,
764 5526 830 5578 ad
874 5520 1186 5592 huiusmodi
1223 5534 1513 5590 processus
1543 5522 1862 5591 capiendam
1899 5526 2074 5576 nono-

510 5635 632 5674 nem
688 5628 851 5684 atque
905 5614 1347 5677 illustrationem,
1385 5614 1626 5681 prodire,
1659 5627 1724 5667 ac
1780 5612 1982 5677 lucere,
2017 5622 2071 5666 et

506 5709 787 5780 profundi,
822 5723 886 5762 ac
936 5707 1052 5763 dari
1085 5722 1179 5775 per
1209 5704 1408 5760 Filium
1439 5706 1659 5770 dicitur,
1699 5715 1862 5777 atque
1917 5716 2070 5772 tunc,

503 5807 648 5876 quod
698 5804 752 5859 in
788 5805 967 5874 seipse
1022 5812 1281 5857 aiternum
1335 5810 1437 5866 est,
1503 5800 1609 5855 illis
1689 5799 2069 5870 temporaliter

2105 4519 2255 4603 θίν’

2181 3310 2211 3348 a
2235 3293 2449 3354 :t‘uisse,
2484 3292 2803 3359 radiantque
2837 3289 3093 3344 similiter
3118 3291 3505 3359 perstrinxisse
3537 3293 3755 3355 fulgore

2181 3383 2387 3437 oculos.

2253 3473 2519 3541 Quocirca
2555 3471 2717 3525 etiam
2769 3470 3095 3524 mirabilium
3149 3480 3392 3539 patrator
3428 3471 3754 3542 Gregorius,

2184 3569 2236 3622 iu
2294 3569 2451 3629 liLro,
2507 3566 2665 3632 cujus
2722 3563 2934 3618 initium
2989 3571 3120 3616 est:
3162 3564 3531 3618 lnimicissimi
3591 3576 3755 3634 atque

2180 3660 2336 3712 alieni
2369 3657 2432 3709 ab
2486 3654 2782 3723 apostolica
2815 3653 3159 3723 confessione,
3180 3657 3580 3724 processionem
3612 3659 3755 3713 hane

2182 3765 2537 3806 emissrouem
2593 3749 2983 3816 sempiternum
3038 3746 3349 3816 appellLvit.
3394 3750 3558 3817 Atqui
3619 3750 3767 3812 huic,

2183 3854 2461 3908 nunquam
2489 3846 2629 3891 esset
2660 3834 2974 3903 temporalis
3006 3836 3310 3889 atternitas.
3343 3835 3436 3889 Ait
3463 3837 3700 3907 denique
3733 3857 3749 3893 :

2189 3952 2206 3982 ι
2244 3931 2521 4000 Ingenium
2553 3926 2772 3996 quidem
2822 3924 2982 3979 Pater
3018 3940 3141 3979 cum
3175 3926 3266 3988 sit,
3308 3927 3525 3994 genitus
3562 3940 3750 3986 autem

2179 4042 2243 4080 ex
2308 4008 2710 4099 ΡιιῑΓθἚἯιιιρ,
2767 4028 3103 4086 sanctusque
3142 4018 3381 4084 Spiritus
3434 4036 3500 4075 ex
3564 4021 3748 4079 Patris

2178 4115 2409 4171 essentia
2444 4112 2777 4179 sempiterno
2811 4124 2905 4176 per
2948 4107 3143 4162 F.tiu;n
3180 4110 3437 4166 emissus.
3474 4129 3493 4162 ι

2251 4229 2356 4282 Sed
2411 4237 2466 4281 et
2527 4225 2811 4293 theologus
2852 4222 3171 4293 Gregorius,
3205 4225 3258 4278 in
3306 4225 3444 4297 libro
3473 4241 3633 4296 quem
3682 4229 3753 4283 ad

2182 4319 2451 4373 lleronem
2484 4316 2871 4386 pltilOsophum
2907 4317 3150 4383 scripsit,
3184 4318 3539 4373 emissionem
3572 4323 3751 4376 sancti

2179 4412 2415 4481 Spiritus
2460 4410 2730 4478 propriam
2779 4408 2960 4471 dixit;
3005 4410 3302 4477 temporale
3369 4422 3553 4464 autem
3610 4428 3755 4467 unn-

2260 4519 2347 4557 am
2380 4517 2502 4556 esse
2534 4503 2733 4568 poterit
2767 4500 2940 4553 sancti
2976 4499 3215 4567 Spiritus
3249 4502 3552 4570 premium.
3585 4502 3756 4559 Certe

2183 4596 2328 4649 enim
2362 4594 2430 4657 si,
2460 4593 2719 4660 quoniam
2749 4607 2778 4644 a
2805 4589 2945 4645 Filio
2980 4592 3143 4646 datur
3176 4601 3231 4646 et
3261 4593 3516 4657 mittitur,
3548 4595 3755 4652 idcirco

2181 4687 2347 4739 etiam
2402 4698 2496 4752 per
2533 4697 2656 4736 eum
2717 4683 3010 4750 procedere
3067 4680 3300 4758 dicitur,
3357 4685 3530 4738 nostri
3584 4686 3754 4755 igitur

2179 4787 2346 4828 causa
2406 4772 2766 4825 substantiam
2828 4767 3021 4833 habet,
3087 4770 3387 4824 secundum
3449 4788 3611 4841 quam
3683 4790 3755 4829 cx

2179 4865 2339 4921 Patre
2390 4879 2480 4933 per
2531 4861 2724 4914 Filium
2760 4871 2863 4914 est.
2918 4860 3020 4914 Sed
3072 4869 3127 4914 et
3176 4876 3336 4929 quem
3394 4863 3755 4919 introducunt

2180 4953 2555 5022 temporalem,
2592 4952 2841 5021 sequitur
2874 4959 3012 5004 utet
3058 4951 3173 5018 ipse
3224 4962 3443 5018 propter
3491 4967 3589 5005 nos
3617 4963 3756 5007 sun-

2180 5048 2433 5101 stantiam
2494 5046 2709 5097 habeat.
2764 5042 2918 5108 Quod
2979 5043 3023 5096 si
3087 5042 3270 5107 datur,
3327 5054 3446 5096 erat
3528 5044 3752 5114 utique,

2179 5136 2398 5206 quando
2452 5149 2557 5187 non
2609 5142 2764 5197 erat;
2813 5147 3143 5199 rursumque
3194 5147 3318 5185 cum
3372 5131 3572 5198 fuerit,
3626 5152 3754 5190 ess;

2181 5228 2428 5281 desistet.
2471 5224 2575 5279 Sed
2630 5227 2741 5277 haec
2795 5224 2958 5291 impia
3013 5231 3159 5277 sunt.
3218 5222 3334 5276 Non
3382 5239 3554 5293 ergo,
3600 5229 3751 5293 quod

2181 5319 2523 5388 proponitur,
2561 5332 2748 5370 terum
2789 5324 2892 5368 est.
2943 5314 3210 5368 Praeterea
3243 5325 3297 5370 et
3326 5316 3562 5371 eximius
3591 5317 3752 5374 Basi-

2178 5412 2282 5463 lius
2314 5411 2366 5460 in
2410 5409 2505 5460 lib.
2536 5405 2602 5460 IV
2637 5405 3002 5469 Quu'stt'unum
3032 5404 3108 5457 ait
3140 5420 3153 5455 ε
3193 5422 3211 5455 ι
3247 5403 3365 5458 Νοιι
3396 5407 3449 5459 in
3480 5418 3748 5477 tempore,

2178 5505 2322 5572 quod
2370 5500 2569 5571 prodiit
2630 5515 2693 5551 ex
2770 5498 2901 5562 Deo,
2970 5497 3197 5566 prodiit,
3250 5498 3358 5552 etsi
3403 5498 3460 5552 in
3505 5510 3755 5571 tempore

2179 5594 2365 5648 ctllcax
2400 5592 2547 5646 illius
2583 5590 2726 5644 actio
2766 5590 3056 5653 reddatur,
3095 5606 3112 5637 ι
3147 5591 3479 5644 mentionem
3535 5592 3751 5648 scilicet

2177 5686 2242 5740 de
2275 5694 2462 5740 sancto
2493 5684 2696 5749 Spiritu
2737 5680 2963 5734 faciens.

2252 5800 2514 5866 Quoniam
2571 5801 2736 5873 igitur
2785 5801 3021 5869 Spiritus
3073 5812 3296 5858 sanctus
3328 5819 3391 5859 ex
3443 5803 3599 5859 Patre
3654 5819 3749 5874 per

2303 5906 2324 5933 Ι
