4106 6440
338 391 412 454 «ἰῦ
1462 373 1864 438 ADVERSUS
1902 368 2221 430 GR/ECOS
2262 368 2406 431 LIB.
2448 369 2495 428 I.
3535 360 3601 422 lli

335 511 537 565 Filium
566 502 916 560 naturaliter.
953 507 1004 551 ct
1049 494 1433 556 essentialiter,
1465 501 1520 547 et
1552 499 1755 545 aeterne
1783 504 1908 558 pro-

2034 484 2177 539 Patre
2224 492 2280 538 et
2325 482 2459 538 Filio
2492 490 2697 537 nature
2744 488 2919 550 atque
2951 478 3204 536 esscntia:
3254 486 3355 534 est.
3405 479 3475 534 At
3524 479 3599 546 id,

334 603 539 659 cedere
575 613 602 649 τι
653 592 918 662 theologis
965 580 1263 651 asseritur,
1325 586 1472 656 quod
1505 594 1691 639 autem
1730 596 1918 651 proce-

354 696 482 747 dere
549 690 787 750 dicitur,
847 697 1140 753 processus
1214 680 1425 734 ratione
1503 678 1654 731 illum
1716 674 1918 727 habere

349 783 709 841 substantiam
763 779 1006 843 indicat,
1066 776 1210 831 sicut
1261 774 1426 827 etiam
1484 770 1658 841 gigni,
1713 766 1915 821 Filium

350 862 650 931 nativitatis
692 872 914 927 ratione
943 867 1282 931 subsistere;
1322 877 1487 918 omne
1532 870 1734 926 autem,
1769 860 1917 928 quod

347 985 445 1038 per
493 965 714 1034 aliquod
771 960 1136 1018 essentialiter
1184 956 1548 1014 substantiam
1603 955 1799 1018 habet,
1850 966 1918 1006 ex

348 1062 441 1114 illo
475 1060 635 1112 etiam
667 1067 750 1111 est
775 1072 790 1110 :
820 1062 1036 1109 constat
1060 1051 1330 1121 profecto,
1365 1049 1630 1119 Spiritum
1662 1056 1914 1102 sanctum

345 1166 411 1205 ex
445 1149 581 1203 Filio
631 1161 755 1202 esse
848 1154 1011 1215 atque
1051 1143 1367 1214 procedere.
1400 1141 1508 1195 Aut
1566 1138 1717 1194 enim
1773 1136 1920 1207 quod

346 1242 569 1305 dicitur,
603 1255 715 1309 per,
754 1236 894 1291 nihil
942 1236 995 1289 in
1053 1233 1228 1289 sancti
1278 1231 1520 1302 Spiritus
1568 1229 1921 1299 processione

346 1333 734 1393 commendat,
782 1338 877 1384 aut
921 1324 1269 1383 commendat
1304 1324 1553 1394 quidem,
1588 1323 1682 1377 sed
1715 1322 1922 1391 imper-

348 1427 551 1483 fcctum
585 1422 811 1491 aliquid,
840 1430 933 1476 aut
969 1420 1328 1475 instrumenti
1358 1416 1545 1485 implet
1572 1415 1773 1476 vicem,
1803 1423 1922 1478 aut,

350 1520 492 1572 sicut
516 1532 610 1586 per
639 1517 845 1580 locum,
877 1522 972 1567 aut
1001 1523 1244 1579 tempus,
1277 1519 1371 1564 aut
1410 1518 1562 1565 certe
1595 1523 1693 1578 per
1721 1506 1919 1562 Filium

348 1608 690 1669 naturaliter.
719 1620 772 1663 et
805 1620 1100 1676 processus
1142 1605 1383 1668 ratione,
1413 1612 1578 1672 atque
1614 1598 1923 1655 essentiali-

348 1713 438 1759 tcr
474 1702 763 1773 procedere
816 1700 1081 1771 Spiritum
1128 1707 1385 1753 sanctum
1424 1694 1733 1750 secundum
1781 1707 1925 1761 pro-

349 1798 536 1865 prium
583 1795 802 1848 modum
852 1792 1180 1849 substantias
1230 1788 1600 1844 commendat.
1652 1784 1757 1839 Sed
1796 1798 1923 1838 cum

344 1899 544 1941 caetera
577 1886 628 1940 in
665 1893 878 1949 sancta,
908 1894 1074 1954 atque
1108 1878 1652 1952 supersubstantiali,
1685 1884 1741 1931 et
1788 1876 1923 1929 sim-

353 1978 478 2048 plici
516 1976 778 2032 Trinitate
825 1988 1096 2043 nusquam
1150 1973 1331 2029 locum
1390 1970 1668 2031 habeant,
1702 1968 1926 2021 omnino

355 2064 661 2118 necessario
700 2062 1050 2132 relinquitur,
1080 2070 1141 2115 ut
1183 2061 1456 2122 dicamus,
1489 2073 1603 2125 per,
1650 2071 1679 2110 a
1722 2054 1926 2109 sanctis

357 2156 611 2210 l‘atribus
641 2171 748 2209 non
800 2154 1005 2210 frustra
1038 2154 1329 2216 inscrtum,
1359 2162 1524 2220 atque
1553 2149 1607 2205 id
1642 2164 1748 2202 una
1776 2162 1929 2201 com-

356 2250 629 2312 mendare,
654 2248 796 2317 quod
826 2263 898 2305 ex
927 2247 1085 2302 Patre
1113 2261 1208 2316 per
1249 2244 1450 2299 Filium
1485 2240 1929 2298 substantialiter

346 2338 504 2404 juxta
557 2352 718 2389 uuam
803 2335 1192 2406 eamdemque.
1222 2334 1633 2405 processionem
1681 2331 1931 2402 procedit

354 2429 590 2499 Spiritus
644 2439 888 2485 sanctus.
938 2430 1171 2484 Prorsus
1226 2428 1372 2483 enim
1405 2467 1420 2491 ,
1470 2442 1584 2496 per,
1620 2424 1677 2479 in
1725 2423 1929 2493 quibus

354 2525 671 2588 assumitur,
705 2522 1031 2592 praecedenti
1061 2536 1239 2577 causa:
1264 2519 1550 2575 concurrit
1575 2517 1641 2573 ad
1678 2518 1926 2572 eamdem

354 2613 715 2677 efﬁcientiam,
744 2630 909 2682 quam
939 2612 1032 2666 illa
1062 2610 1492 2681 spectat.Atque
1518 2608 1622 2663 hoc
1646 2607 1756 2662 late
1784 2615 1932 2677 patet

354 2705 568 2775 singula
599 2704 1034 2775 inspicientibus.

427 2795 564 2853 Nam
598 2812 718 2853 cum
755 2797 969 2853 fruetus
993 2811 1057 2852 er
1089 2794 1273 2851 radice
1298 2809 1392 2864 per
1428 2808 1642 2849 raumm
1677 2792 1928 2863 prodeat,

356 2904 545 2944 ramus
568 2891 720 2960 juxta
767 2888 1087 2945 seminalem
1133 2896 1346 2942 natura:
1385 2886 1677 2950 rationem,
1720 2900 1841 2955 qua:
1873 2884 1932 2937 iu

356 2979 542 3036 radice
576 2991 661 3035 est
697 2981 760 3035 ad
795 2978 1141 3034 efficientiam
1170 2991 1464 3048 processus
1493 2976 1772 3031 fructuum
1800 2990 1930 3029 cum

358 3073 541 3128 radice
599 3071 902 3128 contendit.
965 3071 1146 3139 Atque
1202 3070 1257 3124 in
1324 3068 1604 3138 pradictis
1673 3067 1931 3121 omnibus

356 3164 660 3233 exemplis,
696 3162 784 3232 qui
838 3164 1115 3232 ingenium
1171 3175 1431 3216 exercere
1479 3159 1733 3222 voluerit,
1785 3159 1927 3213 idem

350 3272 617 3326 apparere
643 3256 956 3327 perspiciet.
991 3254 1097 3310 Sed
1135 3255 1187 3308 in
1232 3254 1320 3308 his
1365 3268 1610 3323 quoque,
1642 3253 1696 3306 in
1731 3251 1934 3322 quibus

359 3366 451 3404 ars
485 3361 765 3420 operatur,
816 3366 990 3417 serra,
1023 3351 1176 3406 verbi
1222 3351 1421 3420 gratia,
1456 3364 1552 3419 per
1580 3363 1745 3418 quam
1782 3346 1936 3401 faber

352 3443 587 3512 gradum
635 3443 874 3513 ligneum
926 3442 1096 3508 facit,
1134 3445 1202 3499 ad
1237 3444 1415 3507 illum,
1450 3457 1558 3496 non
1594 3442 1661 3495 ad
1703 3439 1935 3495 alterius

358 3536 575 3604 generis
628 3534 878 3590 cliectum
925 3536 1123 3592 artifici
1158 3544 1514 3606 cooperatur.
1550 3532 1739 3604 Neque
1786 3532 1933 3586 enim

364 3624 436 3676 illi
479 3626 548 3679 ad
581 3626 1007 3683 calefaciendum
1070 3628 1187 3682 sive
1219 3626 1583 3682 dealbandum
1613 3624 1936 3694 cooperabi-

357 3726 468 3781 tur,
501 3717 658 3788 idque
688 3735 781 3789 per
815 3722 960 3790 quod
1010 3721 1251 3775 trahitur
1282 3719 1562 3781 machina.
1593 3716 1833 3772 trahenti
1867 3715 1936 3771 ad

354 3819 495 3879 pert:
510 3812 777 3866 actionem
813 3813 998 3868 oneris
1031 3812 1442 3884 coeperabitur.

429 3904 511 3957 Ac
545 3903 589 3959 si
628 3904 847 3975 quidem
896 3921 1052 3962 serra
1078 3908 1243 3962 homo
1275 3916 1444 3972 esset,
1480 3906 1625 3962 sicut
1657 3914 1714 3960 et
1755 3904 1928 3971 faber,

357 4004 416 4051 et
448 3997 589 4052 idem
637 3999 820 4063 homo,
850 3998 1311 4069 quemadmodum
1350 4001 1402 4054 in
1449 3998 1613 4055 Patre
1679 4007 1734 4055 et
1794 3998 1936 4055 Filio

354 4089 504 4144 idem
545 4098 628 4145 est
673 4088 835 4158 Deus,
890 4099 1106 4147 secaret
1139 4100 1192 4147 et
1244 4092 1383 4162 ipsa,
1426 4093 1573 4148 sicut
1628 4100 1683 4148 et
1732 4091 1929 4147 faber:

356 4183 616 4252 quodque
642 4197 737 4251 per
759 4197 967 4237 serram
995 4181 1167 4246 fleret,
1194 4184 1335 4240 idem
1363 4192 1531 4250 esset,
1554 4185 1702 4255 quod
1732 4199 1764 4239 a
1784 4200 1935 4241 serra

360 4276 537 4331 fieret.
579 4275 634 4329 Si
659 4283 841 4330 autem
877 4275 929 4329 in
965 4276 1166 4345 quibus
1197 4286 1277 4332 est
1312 4286 1509 4332 natura
1558 4277 1837 4346 diflerens,
1870 4294 1933 4335 ea

361 4383 464 4439 per
491 4385 613 4439 qua
638 4369 846 4439 aliquid
876 4369 971 4433 fit,
1007 4377 1378 4439 cooperantur
1416 4371 1502 4425 his
1535 4372 1627 4440 qui
1664 4386 1723 4428 se
1757 4372 1934 4443 primo

362 4471 607 4522 moveut.
630 4476 693 4516 ac
714 4477 810 4532 pro
838 4462 999 4518 modo
1021 4478 1125 4518 suo
1148 4478 1257 4518 una
1283 4477 1449 4519 causa
1477 4462 1613 4519 fiunt
1638 4481 1651 4518 :
1680 4463 1763 4520 vel
1789 4464 1934 4522 sicut

1956 3209 2003 3273 Β

2020 577 2169 647 quod
2198 577 2424 640 dicitur,
2463 591 2557 645 per
2605 566 2810 629 Filium
2840 573 3021 628 omnia
3060 573 3328 643 producta
3374 586 3515 634 esse,
3549 581 3607 627 et
3665 561 3672 569 ’

2020 669 2217 725 Filiuut
2251 683 2415 725 uuam
2462 684 2586 724 eum
2621 668 2781 722 Patre
2812 682 3058 729 causam,
3101 679 3380 735 unumque
3408 665 3606 719 condi-

2021 772 2194 817 torem
2226 758 2984 829 commcndatJtaqueionge
3017 758 3212 824 magis,
3242 758 3385 824 quod
3407 756 3605 811 dicitur

2025 870 2119 923 per
2149 852 2348 908 Filium
2384 853 2703 923 procedere,
2735 851 2913 921 ipsum
2946 864 3169 920 quoque
3202 848 3398 903 Filium
3434 864 3607 903 unum

2023 967 2149 1007 cum
2194 950 2356 1005 Patre
2409 951 2797 1018 productorem
2852 964 3011 1008 esse.
3061 946 3383 1002 necessario
3443 945 3606 1000 fateri

2016 1053 2217 1115 coget:
2251 1058 2430 1112 eoque
2472 1042 2665 1111 magis,
2694 1058 2802 1111 quo
2829 1051 2883 1096 et
2915 1056 3008 1111 per
3042 1040 3280 1095 Verbum
3314 1038 3610 1109 proluctnr

2027 1138 2271 1207 Spiritus
2325 1134 2548 1190 dicitur.
2600 1134 2735 1188 Nam
2790 1134 2836 1188 si
2893 1134 3051 1188 Pater
3099 1133 3252 1187 solus
3306 1132 3608 1199 productor

2024 1238 2193 1294 esset,
2235 1243 2301 1284 ac
2352 1228 2657 1298 producere
2708 1226 2785 1280 illi
2846 1225 3212 1281 substantiale
3263 1232 3449 1287 esset,
3498 1238 3608 1276 non

2025 1324 2329 1395 productor
2359 1338 2455 1391 per
2497 1320 2733 1376 Verbum
2786 1320 2967 1375 dictus
3002 1318 3214 1373 fuisset.
3264 1316 3399 1381 Qure
3459 1315 3607 1372 enim

2026 1415 2407 1475 substantialia
2464 1429 2825 1485 personarum
2866 1422 3017 1488 sunt,
3050 1412 3368 1466 communia
3399 1410 3611 1467 ceteris

2025 1529 2149 1570 esse
2193 1530 2300 1568 non
2358 1521 2609 1580 possunt.
2662 1510 2907 1579 Exempli
2955 1526 3122 1565 causa
3150 1552 3165 1575 ,
3208 1509 3254 1563 si
3302 1517 3457 1579 pater
3511 1523 3611 1576 per

2028 1605 2268 1675 aliquem
2322 1613 2482 1673 pater
2513 1614 2681 1667 esset,
2712 1601 3017 1672 paternitas
3056 1602 3212 1656 illius
3251 1599 3612 1656 substantiale

2025 1709 2150 1749 esse
2176 1708 2288 1747 non
2318 1702 2526 1763 posset.
2561 1692 2665 1747 Sed
2692 1694 2759 1747 de
2789 1692 2875 1748 his
2905 1701 3092 1762 postea
3128 1691 3362 1747 dicetur.

2100 1804 2260 1861 Nunc
2280 1805 2527 1877 Cyrinus
2572 1803 2916 1859 admirabilis
2951 1804 3279 1858 auctoritate
3309 1816 3430 1866 sua,
3460 1801 3607 1873 quod

2032 1897 2463 1969 proposuimus,
2520 1896 2763 1952 roboret.
2818 1896 2870 1952 Is
2927 1895 3074 1953 enim
3132 1897 3185 1951 in
3237 1895 3483 1952 secundo
3541 1894 3608 1949 ad

2024 1989 2307 2045 Hermiam
2336 1989 2505 2053 libro,
2544 1988 2624 2043 sic
2658 1989 2772 2042 ait:

2106 2119 2125 2153 ο
2166 2100 2430 2156 Sanctum
2478 2111 2661 2155 autem
2709 2100 2973 2170 Spiritum
3027 2099 3201 2165 dices,
3243 2099 3334 2170 qui
3382 2115 3447 2155 ex
3498 2099 3614 2155 D-o

2030 2191 2192 2248 Patre
2223 2208 2319 2262 per
2349 2191 2549 2247 Filium
2583 2192 2907 2247 naturaliter
2935 2191 3304 2261 profunditur,
3336 2208 3424 2261 ac,
3469 2191 3615 2248 sicut

2030 2282 2084 2337 in
2130 2283 2300 2354 ﬁgura
2332 2283 2714 2353 respirationis
2749 2283 2863 2338 oris
2890 2282 3065 2337 nostri
3098 2298 3252 2337 suam
3289 2283 3449 2338 nobis
3481 2284 3614 2336 sul--

2031 2375 2287 2430 stantiam
2320 2375 2547 2432 indicat.
2592 2395 2611 2427 ι

2105 2487 2161 2540 Si
2221 2486 2385 2557 igitur
2442 2487 2612 2556 figura
2679 2488 3058 2557 respirationis
3118 2487 3231 2542 oris
3286 2487 3459 2541 nostri
3512 2502 3613 2557 pro

2030 2580 2287 2649 exemplo
2343 2591 2558 2650 sumpta
2603 2590 2708 2642 est.
2746 2581 2893 2650 quod
2962 2570 3055 2646 per
3111 2579 3313 2634 Filium
3375 2580 3615 2648 Spiritus

2032 2673 2292 2743 procedat
2320 2692 2334 2726 :
2368 2689 2431 2728 os
2460 2674 2607 2727 enim
2647 2672 2825 2727 Patris
2852 2672 3046 2727 Filium
3077 2673 3250 2728 sancti
3277 2672 3464 2726 Patr-cs
3494 2688 3617 2727 esse

2031 2765 2227 2832 aiunt;
2256 2765 2343 2819 vel
2380 2764 2545 2820 etiam
2582 2774 2803 2833 propter
2842 2766 3227 2820 insufflationis
3261 2765 3406 2820 illius
3438 2765 3616 2830 signi-

2034 2858 2381 2920 ficationem,
2433 2857 2654 2928 quando
2714 2857 2999 2914 insulllans
3048 2857 3313 2928 Spiritum
3362 2867 3615 2913 sanctum

2032 2948 2321 3023 discipulis
2351 2949 2618 3003 Dominus
2657 2948 2841 3003 dedit:
2883 2948 3026 3003 sicut
3053 2948 3105 3002 in
3147 2949 3618 3020 consequentibus

2033 3038 2462 3105 monstrabitur;
2502 3038 2606 3093 hoc
2637 3047 2815 3093 autem
2845 3039 3119 3109 propriam
3153 3040 3312 3095 nobis
3354 3041 3615 3096 substan-

2034 3133 2165 3186 tiam
2228 3132 2536 3205 significat:
2574 3139 2823 3192 constat.
2872 3134 3033 3202 quia.
3095 3132 3209 3186 sive
3266 3148 3362 3202 per
3418 3133 3617 3188 Filium

2037 3227 2336 3298 procedere
2402 3226 2742 3292 dixerimus,
2789 3225 2906 3299 sive
2954 3224 3339 3282 insumationis
3390 3227 3617 3297 figuram

2037 3323 2466 3392 susceperimus,
2501 3337 2564 3376 ex
2592 3330 2827 3390 utroque
2856 3322 3054 3375 horum
3088 3320 3330 3390 Spiritus
3364 3322 3622 3377 substan-

2040 3415 2194 3478 tiam,
2241 3421 2349 3468 tam
2405 3413 2680 3484 praecipuo
2751 3412 2980 3468 doctore
3034 3418 3283 3468 tradente
3335 3413 3619 3470 docemur.

2038 3506 2133 3560 Sin
2182 3512 2366 3560 autent
2421 3506 2524 3560 ista
2576 3519 2704 3559 vero
2734 3504 3215 3560 consentientibus
3255 3506 3426 3561 initiis
3471 3506 3619 3570 ﬁdei.

2038 3598 2476 3669 doctoribusque
2505 3599 2703 3663 sacris,
2729 3606 2784 3653 et
2814 3598 3072 3654 omnibus
3097 3598 3171 3653 ita
3204 3574 3618 3665 attestantibits,

2040 3707 2337 3761 verumque
2368 3692 2595 3746 omnino
2634 3693 3049 3761 comprobatur,
3087 3692 3232 3763 quod
3271 3707 3369 3761 per
3400 3693 3619 3761 aliquod

2038 3782 2402 3839 substantiam
2451 3782 2670 3848 habeat,
2700 3782 2750 3837 id
2783 3783 2946 3836 etiam
2996 3796 3061 3835 ex
3115 3782 3235 3849 ipso
3270 3796 3417 3847 esc,
3451 3781 3623 3852 liquet

2038 3872 2315 3941 profecto,
2364 3873 2469 3927 nisi
2516 3872 2641 3942 quis
2694 3873 2921 3927 omnino
2973 3871 3260 3942 int-pudens
3309 3886 3432 3926 esse
3469 3872 3621 3931 velit.

2042 3962 2306 4033 Spiritum
2331 3970 2581 4018 sanctum
2606 3978 2671 4018 ex
2699 3961 2838 4017 Filio
2863 3978 3017 4019 esse:
3044 3963 3491 4033 quandoquidem
3527 3978 3622 4032 per
3692 3968 3697 3971 ‘

2040 4057 2220 4126 ipsum
2256 4056 2624 4112 substantiam
2664 4056 2847 4122 habet,
2871 4070 2934 4110 ac
2966 4070 3062 4125 per
3105 4056 3280 4127 ipsum
3315 4057 3582 4127 procedit.

2109 4188 2381 4244 Caeterum
2411 4203 2513 4244 nus
2549 4203 2614 4242 ex
2647 4188 2856 4243 sanctis
2882 4186 3139 4244 Patr-ibus
3176 4187 3423 4257 apertius
3449 4188 3625 4244 doce-

2038 4281 2258 4347 bimus,
2313 4297 2428 4351 ρον,
2478 4290 2532 4337 et
2584 4297 2674 4349 ex,
2721 4281 2775 4335 in
2811 4281 3012 4337 divinis
3069 4281 3234 4337 rebus
3276 4282 3619 4336 tantumdem

2041 4372 2246 4435 valere,
2293 4372 2389 4440 qui
2438 4371 2544 4428 ista
2596 4371 2651 4425 in
2694 4370 2780 4426 bis
2831 4370 3207 4426 ittdiﬂ’crentvr
3237 4372 3509 4442 accipere,
3559 4381 3621 4427 ut

2040 4466 2214 4536 pimn,
2249 4473 2620 4519 monuerunt:
2656 4465 2820 4519 aliter
2850 4474 3030 4519 autem
3078 4465 3404 4536 intelligere,
3444 4468 3620 4521 luere-

360 4553 834 4619 instrumenta,ch
852 4554 992 4609 alias
1024 4554 1441 4625 quomodolibet
1463 4555 1714 4624 juvantis
1764 4564 1931 4626 atque
1966 4571 2008 4626 ι)
2038 4558 2160 4612 ticae
2209 4558 2561 4629 malignitatis
2628 4560 2747 4613 esse
2775 4557 3100 4612 docuerunt.
3141 4555 3205 4611 ili
3236 4557 3382 4610 enim
3413 4571 3623 4626 priapo-

352 4645 741 4700 conferenda:
777 4645 948 4701 multo
992 4648 1167 4717 magis
1219 4649 1272 4703 in
1322 4647 1483 4703 Patre
1517 4653 1590 4703 'et
1620 4647 1779 4712 Filio,
1842 4650 1936 4705 ubi

354 4737 602 4806 perfecta
650 4739 905 4794 identitas
953 4748 1117 4810 atque
1162 4738 1687 4796 incommutabilitas
1717 4752 1772 4797 et
1811 4739 1939 4797 Filii

356 4832 429 4885 ad
462 4830 725 4899 Patrem;
766 4841 843 4897 et,
890 4823 1040 4903 aqua
1085 4832 1267 4889 Deitas
1298 4833 1606 4889 secundum
1658 4837 1934 4897 eamdem,

357 4931 421 4972 ιιι
477 4923 692 4977 unicam
753 4927 928 4979 sancti
981 4925 1225 4995 Spiritus
1285 4941 1353 4981 ex
1397 4925 1561 4984 Patre
1596 4944 1694 4999 per
1724 4928 1927 4985 Filium

358 5013 776 5068 substantialem
808 5017 1243 5083 processienem,
1276 5017 1390 5087 ipse
1420 5017 1591 5074 Filius
1620 5018 1934 5072 communi-

355 5106 508 5160 eabit
547 5103 715 5170 Patri,
782 5121 889 5161 non
947 5107 1444 5164 instrumentaliter
1494 5124 1592 5165 seu
1638 5109 1932 5175 serviliter,

360 5197 459 5269 sed
490 5200 1054 5268 essentialiter,atque
1084 5201 1430 5265 naturaliter,
1453 5209 1640 5271 utpote
1666 5200 1934 5256 naturalis

358 5291 411 5341 ei
438 5306 558 5359 qua
582 5291 1018 5346 sttbstantialiter
1053 5292 1211 5347 insita
1242 5291 1320 5347 illi
1372 5301 1457 5348 est
1484 5293 1680 5347 virtus.
1713 5292 1850 5347 Nam
1885 5292 1931 5346 si

360 5387 418 5439 in
453 5385 536 5438 ftis
561 5399 677 5451 qum
708 5386 919 5437 minora
949 5391 1094 5448 sunt,
1122 5399 1216 5452 per
1249 5386 1498 5438 eamdem
1528 5393 1690 5454 atque
1722 5388 1938 5438 unicam

363 5491 490 5530 cum
532 5474 687 5530 Patre
740 5475 848 5528 vim
900 5476 1063 5529 etiam
1122 5474 1263 5528 Filio
1318 5476 1544 5530 reddere
1583 5475 1848 5540 creditur,
1887 5477 1940 5530 in

364 5570 561 5638 quibus
614 5568 802 5637 utique
872 5569 1198 5624 substantia:
1252 5577 1336 5624 est
1406 5566 1621 5622 infinita
1677 5567 1939 5633 varietas,

367 5662 535 5715 multo
582 5662 751 5731 magis
804 5663 857 5714 in
902 5672 1090 5715 saneto
1120 5659 1350 5731 Spiritu,
1389 5662 1482 5732 qui
1536 5662 1778 5732 ejusdem
1812 5679 1937 5719 cum

442 5871 485 5904 “
517 5870 649 5927 Gen.
687 5886 762 5937 tv,
802 5870 853 5925 l.
951 5873 992 5905 "
1021 5869 1196 5928 Exod.
1228 5889 1315 5939 XL,
1349 5872 1437 5928 ‘25.

2041 4650 2305 4705 sitiouutn
2352 4649 2695 4710 diﬂct'entia,
2729 4648 3046 4704 differentes
3099 4649 3263 4701 ctiam
3310 4658 3536 4705 naturas
3567 4652 3622 4702 in

2039 4751 2228 4797 sancta
2271 4739 2545 4800 Trinitate
2596 4738 3058 4793 subintroducere
3107 4740 3497 4796 moliebantur.
3535 4742 3625 4795 Ait

2038 4832 2183 4886 enim
2221 4831 2521 4902 praeclarus
2550 4828 2789 4883 Basilius
2821 4828 2876 4881 in
2914 4828 3020 4893 his,
3063 4844 3186 4899 qua:
3223 4831 3289 4884 ad
3336 4831 3623 4904 Amphilo-

2038 4925 2226 4979 chium
2267 4924 2537 4994 Scripsit:
2574 4938 2596 4973 ς
2646 4920 2764 4975 Non
2823 4920 2998 4977 solum
3057 4922 3110 4975 in
3162 4922 3366 4978 divinis
3398 4924 3624 4983 Litteris

2046 5030 2180 5070 usus
2211 5031 2403 5070 vocum
2436 4998 2822 5078 immutantur,
2850 5013 2943 5068 sed
2964 5011 3078 5083 jam
3110 5014 3230 5069 aliae
3275 5030 3374 5086 pro
3394 5007 3621 5073 aliarum

2043 5108 2452 5178 significatione
2508 5113 2791 5176 ponuntur
2828 5106 3053 5175 sacpius,
3097 5114 3261 5174 atque
3311 5124 3375 5163 ex
3421 5124 3519 5165 sua
3569 5112 3624 5164 in

2044 5198 2281 5252 alienam
2319 5207 2628 5253 transeunt.
2666 5196 2912 5267 Denique
2950 5197 3004 5252 in
3041 5197 3127 5251 bis
3169 5199 3479 5267 particulis,
3509 5219 3623 5270 per,

2042 5298 2097 5345 et
2122 5307 2210 5358 ex,
2238 5290 2405 5346 altera
2427 5291 2657 5346 alterius
2680 5305 2825 5359 saepe
2851 5289 3303 5362 significationem
3345 5295 3533 5357 sumit.
3568 5306 3629 5347 ut

2042 5394 2125 5440 est
2152 5384 2326 5439 illud:
2366 5383 2583 5439 Possedi
2619 5383 2877 5438 hominem
2894 5399 2988 5453 per
3010 5382 3176 5438 Deum
3210 5385 3277 5454 η,
3304 5386 3447 5456 quod
3484 5387 3624 5441 idem

2042 5489 2145 5546 cst,
2166 5495 2229 5534 ac
2253 5479 2298 5535 si
2327 5479 2579 5543 dixisset,
2603 5492 2667 5532 ea:
2702 5476 2834 5531 Dea.
2859 5477 3038 5547 Atque
3073 5479 3201 5533 alibi
3238 5497 3251 5534 :
3287 5479 3627 5547 Qua-cunque

2040 5573 2316 5627 mandavit
2351 5571 2559 5644 Moyses
2598 5570 2791 5626 lsraefi
2819 5587 2910 5639 per
2940 5586 3261 5641 prwcepmm
3305 5572 3522 5625 Domini
3557 5572 3622 5625 ".

2042 5666 2119 5720 Ac
2151 5681 2396 5723 tursum:
2428 5663 2614 5719 Nonne
2644 5661 2929 5732 perﬂauit:
2956 5673 3032 5718 est
3061 5665 3246 5716 horum
3281 5662 3577 5717 declaratio
3597 5663 3625 5719 2
