4106 6450
522 386 588 446 47
1792 365 2112 429 Μικκυκι

2228 363 2535 445 CALEC/E
3719 372 3786 437 σε

523 499 630 552 Per
667 495 861 558 Deum,
913 490 1072 547 dixit.
1115 503 1216 557 pro
1263 501 1330 542 eo
1368 484 1513 555 quod
1567 494 1674 547 est,
1706 496 1768 536 ea:
1814 484 1940 536 lico.
1979 498 1996 530 ι
2047 476 2109 530 Et
2139 478 2182 534 Α
2213 475 2483 545 angelus:
2533 475 2618 529 Ne
2669 476 2861 530 linteas
2922 478 3157 544 accipere
3222 477 3457 534 Mariam
3513 486 3786 558 conjuge,"

528 597 641 646 lure
670 588 892 659 quidem
922 581 1175 637 Basilius.
1262 608 1269 615 -

604 684 842 736 Sanetus
887 687 1070 731 autem
1115 671 1357 743 Cyrinus
1401 670 1457 723 in
1490 670 1682 739 quinto
1712 668 1780 724 ad
1823 666 2096 724 liminium

463 773 467 776 ’
530 777 598 832 ait
628 790 645 828 :
681 791 700 824 ‹
739 769 882 837 Quid
908 776 1090 821 autem
1116 764 1143 817 τ
1168 763 1359 817 Nonne
1385 761 1717 815 credendum
1742 769 1828 815 est
1853 757 2054 815 uicenti
2080 774 2094 811 :

446 911 450 914 ‹
532 868 643 937 Ego
666 880 786 919 sum
812 859 1132 923 cimiteriis:
1175 865 1226 909 et
1254 855 1359 908 vita
1389 852 1439 883 “
1459 854 1485 906 ἲ
1507 852 1600 921 qui
1625 866 1750 906 cum
1781 851 1856 906 ita
1887 859 2093 920 aperte,

527 974 592 1013 ac
629 953 982 1027 singulariter
1030 949 1270 1018 seipsuru
1311 946 1474 1000 vitam
1523 958 1644 999 esse
1692 942 1859 1009 dicat,
1920 958 2101 997 none

533 1053 749 1106 Patrem
809 1061 875 1100 ac
926 1043 1096 1097 Deum
1143 1041 1248 1095 hoc
1295 1039 1475 1108 ipsum
1529 1048 1758 1091 munere
1805 1034 2101 1089 excludere

528 1143 858 1201 videbimur,
874 1137 981 1192 nisi
1005 1135 1199 1188 ambos
1218 1130 1382 1186 unius
1398 1144 1518 1185 esse
1540 1136 1748 1184 natura:
1766 1128 2104 1191 dederimus,

526 1253 589 1291 ac
618 1251 714 1304 per
747 1241 1043 1299 utrumque
1073 1226 1129 1281 in
1179 1238 1280 1278 nos
1341 1222 1622 1291 aequaliter
1653 1220 1819 1273 vitam
1857 1234 2102 1282 manare,

527 1329 694 1396 idque
752 1338 861 1378 non
912 1319 1071 1389 quasi
1125 1333 1193 1373 ex
1247 1315 1484 1377 duobus,
1523 1313 1618 1368 sed
1658 1312 1813 1384 quasi
1867 1326 1936 1367 ex
1991 1327 2101 1364 uno

525 1419 710 1475 omnia
747 1414 1057 1469 viviﬁcante
1093 1410 1220 1463 Deo.
1267 1426 1286 1459 ι

600 1508 743 1564 Idem
775 1509 829 1562 in
859 1512 1017 1559 sexto
1048 1501 1115 1556 ad
1155 1498 1429 1554 liermiam
1455 1513 1468 1550 :
1512 1517 1531 1550 ε
1562 1496 1941 1562 Quodcunque
1969 1508 2103 1549 sane

526 1621 559 1658 τι
592 1601 756 1657 Patre
805 1606 1020 1670 gestum
1054 1593 1245 1658 fuerit,
1277 1594 1331 1648 id
1379 1591 1604 1647 omnino
1650 1589 1773 1642 Filii
1817 1587 2102 1643 eiiicientia

527 1707 609 1751 est
639 1713 653 1748 :
683 1703 737 1748 et
768 1692 1138 1764 quodcunque
1165 1686 1375 1741 dictum
1410 1682 1581 1738 fuerit
1612 1696 1709 1751 per
1748 1680 1946 1735 Filium
1975 1696 2102 1750 per-

529 1786 640 1851 lici,
682 1785 790 1838 hoc
839 1795 1069 1851 prorsus
1131 1777 1293 1831 Pater
1323 1774 1536 1829 etIecit:
1583 1770 1770 1827 omnia
1816 1770 1964 1826 enim
2007 1785 2106 1841 per

530 1880 725 1933 auibus
754 1874 1043 1945 acqmliter
1070 1871 1227 1925 liunt.
1268 1886 1289 1920 ι

603 1973 748 2027 idem
787 1970 843 2023 in
871 1966 1105 2037 quadam
1140 1962 1208 2016 ad
1244 1959 1557 2015 Nestorium
1592 1957 1823 2028 epistola
1857 1974 1871 2010 :
1911 1973 1931 2007 ι
1967 1954 2106 2021 Quia

530 2073 661 2131 ergo
679 2072 845 2114 carne
866 2060 1107 2123 sumpta,
1138 2061 1191 2105 et
1218 2049 1395 2104 Filius
1416 2047 1651 2103 hominis
1671 2056 1756 2102 est
1780 2045 2106 2116 appellatus,

533 2149 694 2206 lateri
756 2160 978 2201 necesse
1026 2152 1128 2206 est,
1182 2141 1333 2194 illum
1375 2152 1474 2208 per
1521 2152 1746 2191 carnem
1775 2152 1842 2191 ex
1878 2134 2109 2189 muliere

530 2241 833 2313 genitum.»
868 2235 933 2290 Et
965 2243 1088 2304 post
1119 2244 1328 2304 pauca:
1365 2248 1384 2282 ι
1426 2227 1687 2294 Verbum,
1721 2228 1863 2298 quod
1897 2242 1964 2281 ex
1997 2226 2108 2281 Deo

532 2334 692 2388 Patre
726 2339 831 2393 est,
863 2344 930 2383 ex
962 2333 1149 2381 sancta
1195 2320 1416 2393 Virgine
1457 2319 1726 2375 nascitur.
1770 2338 1788 2369 ι
1823 2316 2106 2387 itemque:

537 2443 555 2475 ι
596 2422 766 2479 Natus
801 2432 905 2486 eet,
939 2418 1243 2472 secundum
1276 2429 1401 2475 nos,
1436 2427 1504 2466 ex
1536 2410 1788 2464 muliere.
1834 2427 1852 2458 ι
1888 2404 2017 2462 Item
2056 2408 2108 2460 in

532 2528 783 2572 sermone
814 2511 1002 2565 habito
1032 2520 1216 2562 coram
1249 2505 1575 2574 imperatore
1598 2499 1928 2566 Theodosio,
1953 2501 2112 2568 cujus

533 2607 748 2662 initium
809 2610 951 2656 est:
1004 2598 1266 2652 Humanis
1327 2595 1511 2665 gloria
1586 2608 1892 2661 supremum
1960 2588 2114 2660 fasti-

540 2702 684 2771 gium
717 2711 734 2749 :
766 2690 1036 2755 Verbum,
1087 2686 1301 2758 inquit,
1356 2686 1498 2756 quod
1542 2700 1606 2739 cx
1665 2683 1775 2738 Deo
1808 2681 1968 2737 Patre
2007 2690 2112 2747 est,

540 2785 948 2841 manifestatum
993 2786 1080 2835 est
1129 2779 1182 2831 in
1235 2790 1424 2831 carne.
1477 2773 1676 2830 Natum
1709 2783 1794 2829 est
1827 2775 1974 2828 enim
2019 2786 2117 2843 per

540 2888 791 2934 sanctam
845 2870 943 2929 Dei
989 2867 1325 2927 Genitricem
1378 2866 1682 2938 virginem,
1736 2866 1911 2921 forma
1969 2865 2114 2921 servi

540 2979 844 3039 assumpta.
885 2982 905 3020 ι
1180 3018 1183 3021 .

613 3062 847 3114 Sanctus
874 3057 1002 3111 item
1017 3050 1256 3110 Joannes
1288 3052 1658 3107 Datnascenus
1685 3069 1701 3105 :
1748 3070 1785 3103 ι·
1800 3051 1966 3107 Deum
2022 3067 2115 3123 ge-

2208 571 2378 631 tuam,
2406 565 2545 634 quod
2584 567 2723 620 enim
2749 568 2800 622 in
2830 582 2893 621 ea
2927 578 3113 622 natum
3136 579 3243 635 est,
3267 585 3334 625 ea:
3358 571 3567 643 Spiritu
3601 594 3786 656 saucio

2204 666 2284 711 est
2307 658 2374 711 ⁸⁵.
2414 675 2434 708 ι

2285 749 2523 806 Sanctus
2552 763 2810 821 praetcrea
2838 753 3076 825 Cyrillus
3093 758 3160 812 ad
3187 756 3489 829 Palladium
3510 763 3782 830 scribens,

2214 856 2312 911 per
2332 841 2816 913 interrogationem
2864 860 2928 900 ac
2947 849 3384 917 responsionem,
3402 850 3522 908 fore
3549 853 3605 907 in
3637 857 3788 925 prin-

2212 937 2359 1006 cipio
2385 936 2510 991 libri
2534 977 2549 1002 ,
2584 954 2749 1007 quem
2807 938 3126 1008 inscripsit,
3183 940 3262 995 Ds
3301 943 3575 1010 spirituali
3616 948 3786 1014 cultu,

2211 1032 2289 1085 ait
2318 1050 2331 1084 :
2370 1049 2389 1082 ι
2429 1028 2718 1086 Variabilis
2746 1029 2993 1094 profecto
3030 1026 3269 1103 Spiritus
3298 1051 3407 1089 non
3440 1047 3546 1092 est.
3580 1040 3710 1106 Aut,
3738 1042 3785 1095 si

2214 1124 2343 1181 huic
2385 1124 2578 1177 morbo
2611 1123 2937 1180 variationis
2984 1126 3260 1190 subditur,
3290 1130 3361 1180 ad
3406 1129 3581 1194 ipsam
3643 1133 3785 1187 divi-

2213 1228 2342 1268 nam
2401 1223 2654 1269 naturam
2700 1214 2818 1269 haec
2868 1218 3079 1271 macula
3133 1219 3458 1286 reﬂectitur,
3512 1222 3781 1291 siquidem

2219 1307 2316 1361 Dei
2340 1322 2403 1361 ac
2436 1306 2614 1362 Patris
2638 1315 2744 1373 est,
2782 1309 2912 1377 quin
2939 1311 3101 1364 etiam
3133 1309 3280 1378 Filii,
3309 1326 3435 1366 cum
3465 1328 3528 1367 ex
3558 1324 3788 1386 utroque

2213 1399 2615 1463 essentialiter,
2647 1401 2858 1456 scilicet
2888 1417 2953 1456 ex
2995 1401 3156 1457 Patre
3187 1418 3284 1473 per
3322 1402 3524 1459 Filium
3560 1406 3786 1475 profun-

2211 1491 2375 1544 datur
2400 1490 2654 1560 Spiritus.
2691 1511 2712 1545 ι
3106 1538 3155 1561 ι

2288 1583 2475 1651 Neque
2523 1599 2654 1638 sane
2685 1584 2877 1641 multis
2920 1586 3103 1643 verbis
3132 1589 3401 1660 agendum
3457 1600 3564 1657 est,
3619 1601 3680 1647 ut
3727 1608 3787 1648 ea

2212 1686 2581 1742 expuuntur,
2642 1692 2764 1745 quae
2799 1688 2930 1733 sunt
2974 1682 3339 1748 apertissima.
3371 1682 3604 1740 Constat
3632 1687 3782 1740 enim

2212 1780 2278 1817 ex
2314 1766 2418 1827 his.
2446 1783 2569 1835 qum
2595 1767 2741 1821 dicta
2775 1780 2928 1835 sunt,
2953 1788 3066 1840 per,
3099 1782 3152 1826 et
3180 1789 3266 1838 ex,
3309 1775 3362 1827 in
3392 1776 3594 1831 divinis
3626 1779 3791 1834 rebus

2211 1858 2546 1911 tantumdem
2601 1859 2803 1914 valere.
2850 1861 2915 1915 Et
2964 1863 3223 1933 quoniam
3277 1864 3517 1935 Spiritus
3568 1878 3795 1926 sanctus

2210 1961 2273 1999 ex
2311 1945 2477 2003 Patre
2513 1965 2610 2017 per
2641 1948 2838 2006 Filium
2874 1954 3146 2023 procedit,
3179 1970 3244 2010 ex
3297 1955 3434 2012 Filio
3464 1962 3629 2014 etiam
3667 1976 3798 2030 pro-

2209 2036 2374 2090 cedit.
2417 2036 2481 2091 Et
2514 2039 2648 2092 illud
2671 2041 2837 2095 simul
2877 2052 3117 2107 constat,
3152 2058 3251 2100 eos
3287 2047 3384 2115 qni
3413 2047 3626 2114 dicunt,
3674 2066 3793 2119 per,

2209 2137 2266 2182 et
2302 2144 2386 2192 ex,
2427 2140 2557 2185 tunc
2610 2139 2824 2187 tantum
2871 2133 3225 2203 tequivalere,
3272 2151 3398 2191 cum
3447 2139 3502 2192 in
3537 2149 3794 2196 creatura

2210 2232 2595 2285 assumuntur,
2623 2231 2682 2276 ut
2713 2222 2846 2277 illud
2870 2242 2885 2278 :
2910 2222 3015 2278 Per
3030 2224 3077 2278 F
3080 2226 3235 2279 ilium
3263 2230 3445 2283 omnia
3467 2229 3613 2299 facta
3644 2243 3795 2301 sunt,

2214 2312 2356 2367 idem
2374 2328 2518 2375 esse,
2545 2328 2609 2368 ac
2639 2314 2685 2370 si
2710 2315 3004 2380 diceretur,
3031 2332 3099 2372 ex
3128 2316 3291 2382 Filio,
3322 2320 3376 2374 in
3408 2322 3666 2379 increatis
3696 2342 3799 2380 au-

2214 2412 2321 2457 tem
2352 2415 2577 2475 negant,
2608 2421 2715 2460 non
2750 2415 2896 2461 recte
2942 2409 3231 2476 arbitrari;
3258 2413 3422 2467 divus
3458 2416 3602 2469 enim
3620 2416 3803 2488 Cyril-

2216 2494 2301 2549 lns
2329 2495 2597 2565 Spiritum
2634 2496 2812 2552 Patris
2836 2508 2889 2552 et
2913 2498 3036 2553 Filii
3069 2503 3434 2558 essentialiter
3455 2520 3519 2559 ex
3541 2515 3801 2578 utroque,

2218 2587 2472 2642 videlicet
2512 2602 2579 2644 ex
2618 2588 2778 2644 Patre
2824 2604 2918 2659 per
2965 2591 3160 2646 Filium
3193 2594 3443 2663 profundi
3474 2598 3801 2656 declaravit.

2219 2678 2410 2748 Liquet
2460 2680 2622 2746 item,
2670 2696 2794 2735 cum
2849 2682 3149 2740 identidem
3198 2698 3393 2754 putare
3438 2703 3502 2744 ex
3536 2700 3801 2764 utroque,

2220 2773 2380 2827 Patre
2403 2774 2636 2842 scilicet,
2670 2784 2726 2830 et
2753 2774 2895 2829 Filio
2926 2776 3196 2847 Spiritum
3223 2782 3426 2848 dicere,
3454 2794 3507 2838 et
3536 2801 3600 2839 ex
3636 2786 3806 2845 Patre

2220 2881 2314 2934 per
2342 2864 2563 2927 Filium,
2597 2873 2655 2920 ut
2695 2866 2904 2923 dictum
2936 2880 3042 2923 est.
3076 2870 3181 2925 Sed
3213 2881 3270 2926 et
3308 2872 3543 2930 Basilius
3564 2878 3808 2935 eximius

2221 2955 2274 3006 in
2320 2952 2355 3007 5
2401 2969 2453 3009 c.
2518 2955 2585 3009 ad
2628 2952 3074 3027 Amphilochium
3124 2964 3475 3030 particulam,
3525 2982 3615 3034 ex,
3658 2966 3805 3024 Filio

2221 3055 2529 3110 congruere
2579 3043 2908 3108 ostendens,
2942 3045 3074 3101 illud
3117 3049 3349 3118 allegat:
3386 3049 3476 3104 Ea}
3500 3069 3615 3107 meo
3653 3058 3805 3111 acci-

543 3153 739 3220 nuisti,
773 3161 946 3205 mater
974 3160 1192 3214 sancta,
1225 3148 1572 3201 incarnatum
1613 3160 1679 3199 ex
1725 3151 1799 3200 te.
1830 3163 1850 3198 ι
1887 3141 1954 3199 Et
1988 3160 2113 3201 rur-

2222 3135 2325 3200 piet
2358 3133 2428 3198 “,
2488 3144 2652 3204 atque
2714 3135 2847 3191 illud
2893 3153 2909 3191 :
2967 3136 3201 3210 Cognoui
3263 3142 3511 3198 uirtutem
3577 3161 3644 3199 ea:
3723 3165 3807 3204 me

544 3261 664 3302 sum
694 3262 708 3298 :
750 3261 769 3295 ι
808 3241 914 3297 Per
964 3253 1036 3306 te,
1088 3248 1263 3294 mater
1296 3237 1461 3307 Virgo
1491 3245 1708 3304 sancta,
1757 3237 1849 3292 lus
1884 3247 1968 3293 est
1995 3236 2116 3293 orbi

547 3335 780 3392 reddita.
819 3353 837 3386 ι

611 3433 693 3483 Ac
728 3440 946 3483 rursum
969 3440 988 3479 :
1026 3443 1045 3477 ι
1083 3418 1159 3478 Ex
1189 3434 1240 3477 te
1268 3436 1508 3478 massam
1536 3435 1706 3477 meam
1734 3421 1984 3492 sumpsit.
2023 3436 2045 3474 ι

602 3520 855 3585 .Sanctus
911 3515 1185 3573 Maximus
1247 3515 1303 3571 in
1375 3515 1607 3584 diaIOgis
1665 3514 1929 3569 adversus
1975 3514 2122 3566 Ano-

547 3628 794 3679 tumum,
861 3610 1151 3672 «Mundis,
1218 3606 1434 3677 inquit,
1485 3607 1681 3660 munda
1739 3615 1866 3661 sunt
1911 3606 2116 3660 omnia.

543 3704 792 3773 Namque
835 3702 977 3771 apud
1013 3699 1288 3769 nosjuxta
1334 3712 1504 3753 sacrae
1534 3694 1830 3766 Scriptura:
1860 3696 2116 3751 intentio-

547 3814 694 3862 nem,
736 3812 830 3866 per
850 3810 1024 3865 quem,
1075 3794 1214 3847 idem
1263 3800 1350 3847 est
1384 3789 1550 3861 quod,
1603 3802 1669 3842 ea:
1706 3805 1830 3858 quo.
1877 3789 2122 3859 Denique

547 3891 680 3944 dicit
707 3884 767 3941 Β.
802 3885 1002 3940 Paulus
1031 3903 1046 3939 :
1080 3882 1284 3938 Fidelis
1314 3881 1479 3946 Deus,
1506 3894 1597 3951 per
1617 3896 1769 3949 quem
1798 3881 1969 3934 vocati
1996 3866 2120 3937 estis

549 3982 603 4035 in
636 3979 1051 4033 communionem
1082 3973 1217 4028 Filii
1245 3974 1356 4044 ejus
1382 3973 1483 4027 ³⁵.»

630 4071 799 4124 Divus
853 4079 1035 4124 autem
1106 4067 1533 4137 Chrysostomus
1580 4080 1743 4136 super
1770 4065 2120 4134 Evangelium

552 4158 808 4222 Joannis,
838 4172 960 4210 cum
1007 4162 1328 4225 exponeret,
1362 4153 1506 4223 quod
1542 4154 1778 4208 dicitur:
1816 4150 2011 4207 Omnia
2031 4166 2124 4219 per

552 4252 724 4317 ipsum
759 4250 902 4318 [acta
950 4256 1097 4312 sunt,
1148 4245 1263 4300 ait:
1307 4263 1325 4297 ς
1360 4244 1624 4309 Verbum,
1657 4242 1743 4299 ’σω
1801 4260 1930 4315 quo,
1977 4245 2124 4313 quod

553 4341 724 4395 \uluti
756 4340 924 4395 solius
949 4337 1126 4394 Patris
1148 4338 1481 4408 principum
1520 4354 1585 4394 ac
1603 4337 1881 4406 singulare
1899 4336 2121 4406 essetis,

555 4430 721 4484 etiam
758 4430 822 4484 de
853 4427 994 4483 Filio
1029 4428 1232 4484 Paulus
1264 4428 1493 4498 laqueus
1518 4429 1740 4498 posuit:
1777 4425 1860 4479 Ea;
1888 4442 2014 4496 quo.
2045 4426 2126 4478 in-

2224 3224 2397 3278 exisse
2424 3225 2490 3279 ".
2533 3226 2784 3297 ipsique,
2836 3229 2925 3284 cui
2973 3232 3396 3301 contradicunt,
3465 3237 3699 3304 gratiam
3750 3248 3806 3295 et

2225 3316 2570 3371 etiicientiam
2610 3319 2912 3376 increataru
2947 3324 3304 3388 arbitrantes,
3340 3343 3435 3396 per
3472 3327 3700 3395 Filium.
3725 3343 3809 3387 at-

2224 3428 2333 3482 que
2360 3427 2427 3466 es
2472 3409 2611 3467 Filio
2640 3414 2940 3482 procedere
2973 3414 3293 3473 diii‘erenter
3347 3418 3706 3475 conﬁtentur.
3744 3421 3809 3477 Et

2226 3504 2279 3557 id
2337 3512 2603 3574 praeterea
2652 3514 2890 3570 constat,
2947 3520 3044 3561 eos
3101 3510 3218 3576 qui,
3270 3524 3384 3577 per,
3421 3514 3808 3569 tantummodo

2227 3594 2367 3652 Filio
2407 3598 2719 3668 assignant,
2770 3613 2872 3662 ear,
2925 3597 3279 3664 auferentes,
3323 3602 3590 3658 minorem
3642 3603 3809 3662 Patre

2229 3688 2428 3745 ﬁlium
2459 3691 2777 3745 necessario
2803 3691 3076 3746 dicturos.
3099 3689 3213 3747 Hoc
3243 3693 3450 3764 quippe
3478 3696 3808 3753 minutionis

2229 3786 2445 3855 signum
2490 3783 2776 3839 haereticos
2803 3797 3045 3849 sumere,
3080 3782 3511 3850 Chrysostomus
3543 3789 3640 3842 ait.
3687 3788 3810 3845 Non

2229 3877 2415 3943 igitur,
2447 3889 2562 3944 per,
2593 3883 2789 3931 sancto
2820 3873 3050 3944 Spiritui
3085 3875 3332 3942 reddere,
3367 3877 3475 3932 ulla
3509 3884 3810 3938 necessitas

2229 3978 2411 4038 coget.
2442 3966 2634 4038 Neque
2672 3967 2823 4022 enim
2854 3967 3038 4022 dictus
3074 3976 3162 4021 est
3192 3967 3367 4023 Filius
3416 3985 3482 4022 ex
3516 3970 3682 4028 Patre
3713 3991 3810 4045 per

2235 4059 2502 4130 Spiritum
2565 4059 2758 4121 nasci,
2799 4072 2976 4127 neque
3021 4055 3335 4114 Filium'ex
3384 4057 3596 4130 Spiritu
3668 4065 3813 4120 ratio

2231 4151 2632 4221 qualiscunque
2670 4151 2855 4204 dicere
2897 4150 3110 4221 urgebit

2305 4238 2596 4303 Praeterea,
2651 4239 2905 4307 plurimis
2954 4240 3008 4293 in
3047 4241 3182 4296 locis
3229 4244 3625 4313 opusculon
3678 4264 3813 4306 suo-

2233 4343 2352 4386 rum
2387 4329 2563 4384 sancti
2599 4328 2814 4394 Patres,
2845 4346 2911 4385 ex
2937 4330 3076 4387 Filio
3108 4348 3229 4388 esse
3256 4344 3508 4391 sanctum
3542 4337 3812 4408 Spiritum

2234 4426 2645 4477 commendant.
2694 4423 2775 4477 Ac
2819 4424 3057 4493 primum
3098 4424 3399 4496 Gregorius
3463 4428 3813 4501 Theologus,

555 4522 776 4589 quiens,
799 4533 953 4571 omne
971 4533 1163 4587 corpus
1205 4532 1297 4586 per
1324 4532 1491 4571 uestis
1541 4525 1590 4569 et
1604 4515 1887 4584 junctum:
1913 4529 2127 4582 compa-
2162 4501 2206 4558 ί)
2233 4516 2288 4570 ia
2326 4514 2424 4570 lib.
2458 4514 2536 4569 De
2571 4512 2781 4583 Spiritu
2804 4525 3011 4583 sancto,
3031 4532 3060 4570 a
3089 4519 3369 4574 contrario
3399 4522 3667 4576 rationem
3704 4524 3819 4579 lor-

556 4623 698 4666 ctum
749 4620 799 4664 et
851 4625 1146 4664 connexum
1199 4609 1489 4663 crescit-in
1538 4616 1879 4675 augmentum
1936 4604 2029 4658 Dei
2065 4606 2131 4658 ".

2232 4622 2434 4662 muns:
2472 4626 2492 4659 ι
2532 4607 2674 4674 Quid
2721 4622 2851 4676 ergo
2896 4609 3049 4664 deest
3099 4608 3351 4679 Spiritui,
3395 4628 3464 4667 ne
3494 4612 3667 4670 Filius
3700 4616 3820 4671 sit?

557 4705 746 4773 neque
782 4702 884 4757 hoc
924 4702 1045 4758 solo
1080 4709 1408 4763 contentus,
1444 4698 1663 4753 aliunde
1710 4709 1930 4766 quoque
1976 4695 2134 4749 nobis
2231 4696 2335 4750 nisi
2388 4697 2535 4751 enim
2567 4695 2773 4766 aliquid
2805 4697 3039 4761 deesset,
3075 4697 3247 4755 Filius
3283 4700 3530 4770 profecto
3582 4716 3760 4762 esset.
3793 4724 3814 4758 ι

559 4809 655 4846 ora
694 4793 952 4853 obstruit,
1010 4792 1175 4857 istud,
1221 4807 1313 4859 per
1345 4807 1522 4854 quem,
1556 4791 1700 4860 quod
1736 4788 2134 4844 imminutiuuis

561 4898 685 4938 esse
732 4882 893 4947 dicis,
940 4880 1087 4935 Patri
1142 4884 1453 4950 assignans.
1486 4877 1692 4934 Fidelis
1719 4879 1888 4945 enim,
1934 4876 2131 4945 inquit,

562 4976 702 5029 Deus
732 4984 808 5029 est
830 4990 922 5037 per
949 4989 1103 5042 quem
1123 4973 1294 5027 vocati
1313 4972 1437 5025 estis
1464 4971 1519 5024 in
1540 4970 1960 5024 communionem
1992 4966 2124 5021 Filii

560 5068 750 5138 ipsius.
800 5065 867 5120 Et
908 5081 1168 5119 rursum:
1212 5064 1317 5118 Per
1370 5062 1692 5118 toluntatem
1736 5058 2132 5131 Qei”..Atquc

564 5160 671 5213 alio
705 5161 757 5212 in
789 5159 908 5213 loco
931 5199 944 5211 .
981 5156 1250 5221 Quonmm
1274 5171 1339 5208 ea:
1381 5155 1522 5222 ipso,
1557 5161 1606 5207 et
1652 5167 1743 5220 per
1768 5152 1962 5220 ipsum,
1992 5159 2042 5202 et
2081 5152 2132 5202 in

563 5266 678 5319 ipso
715 5262 838 5304 sunt
874 5251 1053 5302 omnia
1085 5247 1153 5300 “’.
1184 5247 1374 5313 Neque
1418 5245 1558 5301 Filio
1592 5245 1766 5298 solum
1819 5242 2136 5297 attribuitur

563 5358 626 5396 ex
660 5359 785 5412 quo,
830 5342 927 5397 sed
953 5353 1009 5394 et
1037 5338 1266 5407 Spiritui
1302 5348 1514 5393 sancto.
1545 5338 1635 5391 Ait
1665 5336 1810 5390 enim
1837 5338 1904 5393 ad
1933 5335 2135 5405 Joseph

636 5525 681 5556 ’θ
703 5523 863 5578 Joan.
888 5535 998 5581 xtv,
1026 5519 1081 5573 6.
1158 5519 1199 5548 ’ί
1233 5515 1250 5568 l
1284 5515 1411 5571 Cor.
1445 5544 1481 5582 ι,
1513 5517 1568 5570 9.
1645 5519 1690 5550 υ
1718 5517 1928 5575 Ωοιοες,
1962 5533 2025 5585 ιι,
2064 5519 2118 5573 ιε

2226 5522 2270 5551 ⁸³
2303 5519 2319 5573 l
2349 5518 2472 5575 Cor.
2505 5535 2542 5585 t,
2578 5521 2630 5574 Ι.

570 5595 614 5625 ⁵⁸
644 5593 802 5648 Joan.
840 5607 946 5655 xvi,
990 5588 1076 5642 14.
1156 5589 1201 5619 ’⁷
1234 5586 1365 5640 Luc.
1396 5604 1507 5654 vni,
1541 5591 1630 5644 (54.

2231 4786 2346 4842 Hac
2395 4800 2581 4843 autem
2635 4789 2947 4858 objectionc
2993 4790 3194 4859 posita,
3226 4793 3480 4861 protinus
3527 4795 3819 4867 adjungit:

2240 4895 2259 4928 ε
2305 4874 2427 4932 Non
2472 4877 2548 4931 illi
2581 4879 2863 4948 quippiam
2895 4879 3090 4934 deesse
3132 4879 3396 4936 dicimus.
3430 4880 3575 4939 Deus
3605 4888 3820 4957 quippe

2241 4968 2445 5024 nullius
2478 4984 2646 5040 egens
2693 4980 2815 5037 est;
2845 4970 2940 5025 sed
2990 4971 3376 5036 emanationis,
3402 4984 3463 5027 ut
3506 4975 3579 5029 ita
3608 4975 3820 5044 dicam,

2239 5061 2564 5131 habitusque
2590 5062 2657 5117 ad
2690 5063 2922 5118 invicem
2952 5063 3280 5131 diderentia,
3313 5065 3655 5133 dillerentem
3690 5069 3822 5123 illo-
3868 5096 3874 5101 -

2241 5166 2362 5206 rum
2398 5155 2816 5223 appellationem
2872 5154 3022 5210 fecit.
3080 5173 3101 5208 ι
3157 5153 3314 5211 Hunc
3357 5165 3539 5212 autem
3575 5158 3705 5213 Filii
3751 5162 3822 5215 ad

2243 5245 2509 5316 Spiritum
2552 5257 2804 5303 sanctum
2857 5247 3104 5302 habitum
3140 5249 3276 5318 (22),
3308 5259 3473 5319 atque
3523 5265 3554 5305 e
3598 5262 3823 5317 contra,
3879 5290 3889 5300 .

2246 5336 2524 5408 Nyssenus
2551 5339 2715 5393 etiam
2747 5338 3074 5407 Gregorius,
3126 5354 3295 5409 super
3341 5341 3595 5399 oratione
3637 5340 3826 5395 Domi-

2708 5520 2753 5552 “
2783 5517 2997 5575 Coloss.
3032 5535 3091 5585 tt,
3126 5519 3211 5576 16.
3308 5520 3350 5552 ⁸⁸
3391 5519 3578 5575 Matth.
3638 5536 3675 5583 t,
3727 5517 3821 5571 ΞΟ.

640 5775 749 5843 ('22)
818 5774 954 5843 Lege
1002 5773 1387 5829 Bellatmiumn
1454 5773 1487 5826 l.
1554 5789 1589 5829 ll
1647 5772 1718 5825 De
1781 5771 2009 5836 Christo,
2074 5788 2122 5825 ς.
2165 5770 2257 5825 25.
