4106 6474
363 485 442 553 49

1485 486 1894 550 ADVERSUS
1928 486 2250 549 GRAECOS
2283 487 2433 548 LIB.
2481 485 2534 546 Ι.

3528 455 3651 546 ,ωε

360 606 488 662 nica
522 603 755 659 afﬁrmat
779 603 1014 661 dicens:
1049 624 1068 657 ι
1109 603 1283 660 Filius
1310 613 1493 661 autem
1542 607 1720 662 sancti
1756 606 1936 677 Spiri-
1969 616 2020 678 Α
2118 603 2185 659 Et
2246 606 2512 676 quoniam
2566 603 2916 675 pracogitari
2978 603 3039 658 in
3102 611 3293 657 sancta
3359 599 3634 656 Trinitatc

364 705 461 753 tus
481 712 579 752 nec
604 705 710 764 est,
741 712 846 752 nec
874 698 1117 764 dicitur;
1142 712 1317 767 neque
1340 699 1766 756 conversionem
1794 698 1948 756 seei-

364 792 450 863 pit
476 791 717 858 habitus,
758 789 862 846 ista
893 793 1310 863 consequentia.
1352 809 1371 845 ι

433 904 705 972 Quoniam
753 905 923 975 igitur
987 917 1213 978 propter
1263 907 1511 963 materia:
1572 904 1946 962 omnimodam

367 998 721 1060 amotionem,
764 1014 1144 1070 supremaque
1190 1001 1339 1055 illius
1385 1000 1643 1056 essentia
1691 996 1950 1054 identita-

370 1099 475 1145 tem
529 1101 693 1161 atque
731 1091 1339 1149 ineommutabilitatem
1362 1133 1378 1158 ,
1427 1107 1609 1164 neque
1637 1091 1944 1149 secundum

370 1181 571 1252 majus,
604 1192 705 1259 aut.
728 1185 937 1247 minus,
965 1185 1300 1255 primumve,
1333 1195 1430 1242 aut
1459 1194 1823 1257 postremum.
1855 1196 1948 1238 nc-

368 1290 478 1343 que
501 1276 802 1330 secundum
826 1277 986 1332 aliam
1016 1278 1181 1333 ullam
1211 1279 1563 1335 eminentiam
1590 1279 1728 1334 ordo
1783 1288 1946 1350 atque

370 1364 591 1421 habitus
629 1366 684 1420 in
716 1367 919 1423 divinis
968 1369 1221 1438 personis
1251 1386 1282 1425 a
1313 1370 1587 1442 theologis
1634 1370 1951 1440 accipitur:

363 1472 545 1527 neque
569 1461 713 1515 enim
742 1459 825 1517 fas
863 1472 968 1527 est,
1002 1462 1321 1529 huiusmodi
1362 1464 1528 1521 rebus
1552 1464 1737 1520 iocum
1771 1465 1943 1519 ullum

372 1547 428 1600 in
461 1547 568 1603 Deo
597 1563 764 1617 esse;
798 1552 974 1605 solum
1022 1563 1205 1608 autem
1234 1556 1541 1610 secundum
1593 1556 1943 1621 relationem,

371 1656 727 1714 causamque,
759 1653 812 1699 et
845 1647 1066 1701 causale
1104 1648 1430 1717 suscipitur,
1476 1647 1941 1719 quemadmodum

372 1732 429 1784 in
465 1730 622 1786 Patre
672 1748 735 1787 ac
772 1732 932 1799 Filio,
963 1735 1158 1789 relatio
1216 1748 1271 1791 et
1317 1736 1535 1791 habitus
1581 1746 1636 1793 et
1683 1737 1941 1805 traditur,

371 1832 427 1877 et
456 1824 737 1901 creditur;
771 1824 866 1879 sed
902 1834 957 1880 et
997 1827 1050 1882 in
1101 1828 1263 1882 Patre
1313 1843 1376 1884 ac
1409 1829 1618 1900 Spiritu
1663 1829 1947 1895 similiter,

369 1914 522 1985 juxta
566 1917 771 1972 scilicet
815 1917 1071 1975 traditam
1124 1919 1483 1977 dilferentiam
1546 1936 1951 1992 processuuml

372 2005 548 2073 liquet
572 2044 619 2069 ,,.
658 2007 787 2077 quia
838 2009 1001 2062 etiam
1049 2009 1285 2066 traditus
1338 2025 1368 2065 a
1428 2013 1636 2067 sanctis
1687 2009 1813 2066 Filii
1879 2024 1946 2066 ac

368 2095 615 2166 Spiritus
641 2098 707 2151 ad
741 2098 976 2154 invicem
1010 2100 1251 2166 habitus,
1284 2102 1477 2158 eadem
1503 2105 1720 2159 ratione
1752 2117 1948 2160 neces-

375 2189 522 2243 sario
551 2189 815 2259 redditur,
840 2201 901 2253 ut
927 2202 1022 2247 aut
1047 2192 1245 2248 Filium
1277 2193 1537 2264 Spiritus,
1557 2204 1652 2250 aut
1677 2193 1943 2264 Spiritum

374 2281 503 2338 Filii
547 2298 767 2339 causam
808 2286 1106 2352 fateamur,
1145 2290 1402 2354 maxime,
1439 2290 1590 2360 quia,
1628 2297 1690 2346 ut
1735 2290 1946 2346 dictum

376 2385 481 2440 est,
522 2376 734 2432 divinas
810 2393 1073 2447 personas
1123 2381 1176 2434 in
1229 2382 1346 2437 sola
1401 2397 1569 2438 causa
1630 2382 1949 2454 causalique

378 2466 613 2522 discerni
640 2468 1122 2538 deprehendimus.
1155 2471 1308 2527 Alias
1344 2474 1492 2529 enim
1522 2475 1589 2530 ad
1621 2474 1959 2529 alterutrum.

380 2557 551 2614 Filius
616 2573 684 2614 ac
732 2559 974 2632 Spiritus
1030 2562 1383 2620 habitualiter
1427 2578 1536 2619 non
1586 2564 1946 2635 referrentur,

383 2666 558 2721 neque
612 2652 845 2710 traditus
903 2666 1222 2713 servaretur
1257 2659 1505 2716 habitus.
1551 2661 1717 2732 Atqui
1772 2660 1950 2717 Filius

382 2752 605 2798 sanctus
645 2744 881 2815 Spiritus
913 2762 1103 2819 neque
1133 2760 1248 2814 est,
1283 2766 1461 2822 neque
1489 2751 1736 2819 dicitur;
1770 2767 1951 2824 neque

380 2836 652 2890 convertit
690 2836 912 2895 habitas
960 2839 1062 2896 ista
1095 2844 1519 2914 consequentia.
1563 2843 1751 2915 Neque
1800 2845 1948 2900 enim

379 2924 536 2991 juxta
586 2927 888 2997 expositum
946 2929 1094 2986 iliius
1145 2932 1470 2989 substantiae
1512 2949 1838 3006 processum
1881 2949 1949 2992 ex

384 3015 542 3073 Patre
567 3034 665 3089 per
692 3018 954 3092 Spiritum
985 3023 1258 3083 nascitur.
1290 3027 1567 3095 Quocirca
1620 3043 1801 3100 neque
1827 3028 1950 3085 Filii

380 3122 550 3164 causa
588 3107 822 3180 Spiritus
858 3122 965 3169 est.
1066 3104 1073 3109 ’

452 3218 741 3293 Reliquum
769 3234 853 3281 est
882 3225 1050 3296 igitur
1073 3225 1272 3303 Filium
1304 3230 1483 3287 sancti
1517 3231 1760 3303 Spiritus
1791 3233 1951 3290 fateri

385 3325 632 3377 causam,
663 3316 796 3386 quia
847 3317 1029 3373 dictus
1055 3330 1233 3375 estex
1267 3318 1430 3377 Patre
1460 3302 1783 3392 perFilium
1818 3302 2024 3396 pro-c

384 3405 601 3471 cedere,
632 3409 929 3465 secundum
963 3411 1172 3468 scilicet
1199 3413 1618 3471 substantialcm
1650 3416 1798 3473 illius
1821 3433 1953 3489 pro-

386 3504 825 3574 cessum:juxta
871 3520 1032 3576 quem
1085 3516 1141 3562 et
1196 3522 1498 3579 processus
1544 3511 1778 3579 ratione,
1806 3526 1951 3579 esse,

388 3592 581 3657 habet,
616 3604 670 3649 et
710 3597 844 3651 ordo
883 3597 951 3652 ad
985 3598 1344 3667 alterutrum,
1377 3613 1432 3657 et
1472 3602 1728 3671 hahitus,
1763 3620 1828 3660 ac
1860 3620 1955 3676 per

386 3698 727 3757 consequens
754 3688 1009 3744 discretio
1034 3699 1302 3748 servatur.
1335 3692 1495 3751 Unde
1527 3698 1721 3752 merito
1748 3698 1953 3754 dictum

388 3784 508 3839 est,
548 3793 655 3833 non
700 3781 943 3836 converti
995 3780 1216 3838 habitus
1266 3785 1428 3841 istam
1480 3790 1955 3858 consequentiam,

388 3870 823 3941 quandoquidem
894 3889 1072 3945 neque
1110 3890 1475 3946 personarum
1533 3895 1826 3950 processus
1893 3899 1959 3939 ac

388 3965 691 4019 substantia
715 3968 1076 4024 convertitur.
1103 3967 1291 4041 Neque
1317 3971 1465 4027 enim
1498 3972 1672 4030 Filius
1699 3990 1763 4029 ex
1796 3974 1961 4031 Patre

389 4071 487 4126 per
535 4054 792 4125 Spiritum
843 4061 1110 4118 nascitur.
1148 4061 1224 4119 Ex
1260 4079 1371 4135 quo
1414 4080 1551 4122 sane
1601 4067 1957 4125 manifestum

391 4159 499 4218 est,
532 4151 694 4207 etiam
732 4168 800 4209 ex
842 4152 985 4210 Filio
1027 4153 1123 4210 Dei
1169 4156 1471 4226 procedere
1525 4157 1797 4231 Spiritum
1830 4176 1962 4217 sau-

390 4252 560 4299 ctum.

446 4358 738 4432 ,Nyssenus
771 4371 1025 4431 praeterea
1055 4362 1351 4435 Gregorius
1389 4366 1444 4421 in
1485 4380 1663 4435 primo
1693 4367 1964 4433 Quaestio-

394 4472 523 4509 num
563 4456 823 4511 adversus
854 4455 1205 4523 Eunontium,
1233 4457 1377 4511 εἰναι
1429 4457 1591 4512 linem
1614 4498 1629 4524 ,
1658 4473 1783 4514 cum
1820 4473 1965 4529 pra:-

266 4608 275 4615 ,
372 4546 655 4610 ,ιηὶδὶεεει,
684 4545 798 4602 sola
827 4560 1009 4602 causa:
1038 4547 1250 4603 ratione
1277 4545 1494 4603 Patrem
1524 4546 1662 4603 Filio
1694 4547 1962 4619 praeferri,

2048 698 2196 768 quad
2233 697 2458 761 dicitur,
2507 712 2699 752 eorum
2743 706 2853 762 est,
2887 696 2946 750 in
2990 695 3195 766 quibus
3250 694 3515 765 cogitaris
3578 704 3631 746 et

2044 791 2270 847 habitus
2299 776 2548 846 videlicet
2581 791 2885 847 secundum
2920 803 3190 860 personas
3216 798 3301 843 est
3328 803 3344 853 ;
3368 785 3633 857 cogitem

2044 892 2233 937 autem
2303 889 2360 937 et
2399 881 2658 946 habitus,
2708 882 2763 936 iu
2808 882 3014 952 quibus
3056 868 3323 936 discretio
3366 889 3634 945 est,‘csse

2042 972 2230 1039 solet;
2267 972 2531 1029 discretio
2567 988 2700 1029 vero
2732 974 2786 1027 iu
2820 973 2944 1028 sola
2966 989 3165 1034 causa.
3189 981 3246 1026 et
3273 971 3492 1027 causali
3521 980 3628 1034 est,

2048 1073 2216 1135 atque
2247 1063 2553 1135 accipitur;
2588 1064 2869 1134 colligitur
2905 1063 3052 1134 jam,
3092 1063 3440 1136 praecogitari
3483 1063 3633 1131 quod

2048 1156 2465 1224 dicitur,solum
2496 1157 2797 1212 secundum
2825 1169 3051 1211 causam
3106 1163 3159 1209 et
3180 1155 3335 1224 quod
3358 1169 3430 1208 ex
3461 1167 3630 1207 causa

2042 1258 2153 1313 est,
2184 1249 2242 1303 in
2291 1230 2598 1304 sancta‘ac
2648 1246 2967 1302 beatissima
3015 1244 3290 1301 Trinitate
3334 1258 3363 1297 a
3423 1238 3632 1299 sanctis
3660 1274 3686 1297 ,ρ

2044 1340 2309 1397 Patrihus
2341 1341 2472 1396 dici.

2120 1432 2241 1499 llic,
2282 1434 2328 1490 si
2372 1433 2501 1504 quis
2545 1447 2764 1488 rursum
2799 1446 2981 1502 priora
3029 1430 3235 1485 inferat
3265 1439 3325 1483 ιιι
3363 1441 3629 1498 quoniam

2047 1527 2260 1584 scilicet
2294 1527 2483 1591 Pater,
2520 1535 2577 1580 et
2609 1524 2770 1579 Pater
2818 1533 2872 1578 ct
2894 1518 3194 1593 productor
3221 1530 3329 1587 est,
3361 1521 3633 1590 Paterque

2047 1620 2115 1675 ad
2147 1619 2348 1675 Filium
2388 1618 2742 1673 continenter
2769 1617 3062 1672 redditur:
3099 1616 3401 1686 productor
3438 1613 3506 1668 ad
3553 1612 3629 1677 id,

2044 1714 2193 1784 quod
2231 1712 2575 1782 producitur,
2607 1710 2871 1776 refertur,
2900 1724 3028 1764 cum
3054 1725 3126 1763 ex
3184 1707 3349 1762 Patre
3383 1704 3631 1774 Spiritus

2040 1806 2282 1868 dicatur,
2303 1802 2504 1859 Filium
2528 1812 2652 1859 ante
2670 1818 2833 1874 quam
2856 1803 3100 1865 Patrem,
3119 1799 3364 1871 cogitare
3386 1813 3506 1853 com
3516 1796 3624 1867 pel-

2050 1900 2237 1964 limur,
2267 1914 2335 1956 eo
2367 1898 2516 1970 quod
2564 1897 2746 1952 Patris
2774 1911 2976 1952 nomen
3007 1895 3073 1950 ad
3110 1893 3308 1949 Filium
3342 1891 3631 1956 redditur;

2046 1992 2249 2063 quippe
2275 2006 2431 2049 mens
2459 1999 2671 2057 nostra,
2705 2005 2827 2061 quae
2853 1990 2920 2044 ad
2956 1988 3194 2059 invicem
3225 1985 3452 2041 relativa
3480 1995 3631 2047 sum,

2046 2085 2213 2140 simul
2253 2084 2499 2156 cogitare
2538 2084 2846 2139 consuevit.
2881 2080 3120 2153 Spiritus
3149 2078 3294 2134 enim
3328 2093 3396 2132 ex
3447 2076 3633 2137 Patre,

2048 2191 2159 2230 non
2214 2177 2519 2234 secundum
2569 2179 2715 2246 quod
2760 2175 2946 2239 Pater,
2977 2175 3073 2230 sed
3126 2174 3429 2230 secundum
3485 2170 3632 2240 quod

2046 2269 2350 2341 productor
2372 2277 2479 2333 est,
2507 2265 2733 2323 dicitur.
2763 2266 3003 2336 Spiritus
3027 2264 3173 2320 enim
3201 2264 3355 2333 juxta
3379 2249 3631 2316 saneth

2047 2361 2372 2433 Maximum,
2400 2359 2620 2416 Patrem
2671 2373 2780 2414 non
2810 2358 3001 2413 habet.
3048 2356 3183 2413 Cum
3225 2372 3359 2410 vero
3385 2354 3636 2425 Spiritus

2047 2471 2113 2511 ex
2160 2454 2499 2525 productore
2542 2451 2772 2517 dicitur,
2804 2448 3138 2519 productum
3197 2447 3464 2519 Spiritum
3508 2456 3637 2499 ante

2047 2544 2251 2600 Filium
2287 2544 2531 2616 cogitare
2579 2542 2897 2598 necessario
2930 2541 3202 2611 cogimur,
3232 2538 3379 2607 quod
3424 2538 3638 2608 pucdu-

2053 2636 2222 2692 etoris
2244 2649 2450 2691 nomen
2471 2633 2538 2688 ad
2566 2633 2897 2704 productum
2923 2630 3237 2697 referatur;
3265 2645 3362 2699 per
3394 2629 3636 2683 medium

2051 2735 2233 2781 autent
2280 2726 2697 2797 productorem,
2738 2733 2799 2778 et
2838 2724 3064 2779 Patrem
3104 2721 3292 2789 simul,
3342 2729 3397 2777 et
3431 2719 3633 2775 Filium

2046 2816 2238 2874 animo
2260 2831 2503 2873 versare.

2119 2910 2179 2966 Si
2228 2910 2355 2981 quis
2407 2909 2574 2982 igitur
2618 2909 2744 2964 haec
2799 2915 2858 2964 et
2891 2906 3210 2980 huiusmodi
3255 2905 3324 2959 de
3373 2918 3443 2959 eo
3486 2902 3638 2972 quod

2052 3001 2399 3074 prtecogitari
2429 3001 2656 3069 dicitur,
2682 3003 2911 3068 asserit,
2945 3015 3039 3070 per
3069 3013 3193 3069 quae
3221 2999 3340 3053 haec
3388 2996 3639 3051 habitum

2048 3111 2118 3152 ac
2159 3094 2554 3152 discretionem
2596 3092 2729 3149 Filii
2777 3103 2834 3148 et
2888 3092 3154 3164 Spiritus,
3184 3104 3561 3160 causamque,
3587 3098 3646 3145 et

2052 3188 2200 3258 quod
2230 3201 2298 3241 ex
2327 3201 2497 3242 causa
2526 3193 2640 3252 est,
2674 3198 2788 3240 una
2820 3184 3115 3240 excludere
3151 3184 3382 3238 nititur:
3414 3182 3507 3238 hic
3537 3196 3640 3236 ue-

2056 3277 2307 3334 cessario
2339 3286 2597 3346 cogetur,
2638 3274 2939 3352 aiiquqndo
2986 3274 3212 3346 quidem
3245 3272 3518 3344 Spiritum
3576 3288 3661 3327 ex:

2059 3370 2225 3425 Patre
2246 3383 2347 3440 per
2382 3367 2586 3423 Filium
2616 3368 2913 3438 procedere
2960 3367 3147 3433 fateri,
3180 3366 3480 3439 aliquando
3512 3380 3645 3420 rem

2059 3462 2262 3523 Fiiium
2296 3477 2363 3517 ex
2408 3461 2764 3531 productore,
2794 3476 2893 3531 per
2922 3463 3247 3531 productum
3295 3460 3465 3531 gigni.
3525 3459 3646 3514 imo

2060 3554 2117 3611 id
2152 3556 2372 3626 quidem
2404 3564 2591 3626 aperte
2618 3568 2673 3610 et
2696 3554 2910 3620 dicunt.
2936 3563 2993 3610 ct
3021 3553 3291 3610 scribunt.
3321 3551 3468 3607 Nihil
3495 3552 3644 3606 enim

2060 3649 2361 3719 prohibere
2387 3649 2547 3720 juxta
2572 3646 3062 3702 ratiocinationem
3108 3661 3266 3701 suam
3293 3644 3442 3700 Patri
3477 3644 3648 3698 etiam

2058 3738 2262 3795 ‘Fiiium
2294 3754 2636 3811 praeponere.
2668 3741 2846 3809 Atque
2881 3740 2986 3795 hac
3011 3740 3251 3802 ratione,
3281 3746 3337 3793 et
3372 3752 3469 3807 per
3508 3736 3650 3793 invio

2065 3848 2184 3889 cem
2218 3843 2272 3889 et
2299 3849 2365 3888 ex
2401 3833 2633 3886 invicem
2660 3841 2844 3886 erunt.
2884 3829 2996 3886 Sed
3023 3830 3173 3885 enim
3209 3832 3313 3884 hoc
3344 3839 3400 3883 et
3422 3829 3647 3894 falsum,

2065 3931 2122 3978 et
2165 3924 2549 3994 blasphcmum
2591 3937 2738 3987 esse,
2790 3937 2959 3992 supra
3007 3921 3123 3993 jam
3173 3920 3514 3976 declaratum
3535 3929 3649 3974 est.

2068 4015 2181 4071 liae
2206 4017 2351 4070 enim
2390 4015 2643 4071 ratione:
2684 4030 2792 4069 non
2844 4015 2975 4085 quia
3023 4013 3198 4069 Filius
3232 4029 3301 4068 ex
3347 4011 3519 4066 Patro
3540 4021 3650 4075 est,

2067 4107 2274 4165 idcirco
2320 4122 2384 4163 ex
2427 4106 2590 4162 Patre
2616 4121 2746 4164 esse
2774 4108 3002 4172 dicitur,
3031 4122 3211 4177 neque
3242 4107 3371 4176 quia
3405 4103 3651 4174 Spiritus

2068 4207 2296 4256 sanctus
2331 4215 2397 4253 ex
2428 4197 2593 4254 Patre
2634 4213 2732 4267 per
2772 4198 2973 4253 Filium
3022 4197 3290 4269 procedit,
3342 4195 3652 4250 secundum

2069 4292 2486 4350 substantialem
2523 4292 2647 4363 ejus
2714 4300 3093 4362 ﬂentumque
3128 4304 3455 4362 processum
3478 4325 3497 4355 ,
3529 4287 3656 4342 ideo

2066 4387 2140 4441 ita
2167 4387 2466 4457 procedere
2501 4400 2532 4440 a
2567 4385 2838 4455 theologis
2872 4385 3160 4451 asset-itur,
3199 4384 3292 4439 sed
3348 4383 3479 4453 quia
3508 4380 3655 4438 dici-

2069 4486 2179 4542 tur,
2212 4478 2335 4533 ideo
2375 4493 2434 4534 se
2460 4478 2538 4532 ita
2570 4476 2738 4532 habet
2764 4492 2780 4530 :
2808 4475 3098 4544 dictioque
3130 4485 3318 4530 nostra
3374 4474 3450 4527 rei
3482 4488 3655 4527 causa

2070 4578 2176 4639 est,
2204 4585 2270 4625 ac
2293 4585 2392 4638 pro
2411 4569 2652 4625 arbitrio
2676 4568 2937 4625 dictionis
2982 4584 3047 4623 ac
3076 4567 3382 4638 phantasiae
3426 4572 3652 4628 nostras,

303 4639 319 4652 ‘
398 4638 636 4732 addidit:
674 4657 693 4690 ι
721 4638 878 4732 hicat
914 4649 970 4694 et
1012 4639 1082 4694 de
1121 4647 1317 4732 sancto
1359 4640 1569 4708 Spiritu
1622 4641 1782 4697 nobis
1828 4656 1960 4697 sen-
1989 4652 2043 4715 ι)
2069 4662 2367 4719 immobms
2435 4671 2788 4732 aeternusque
2865 4673 3228 4731 pasmamm
3300 4658 3441 4711 unto
3517 4656 3657 4709 atias

397 4729 662 4785 ticndam.
715 4728 846 4786 Solo
890 4732 1101 4801 quippe
1142 4730 1341 4787 ordine
1375 4732 1664 4788 (inferunt.
1715 4732 1785 4787 Ut
1817 4733 1963 4789 enim

397 4821 744 4893 conjungi-tur
773 4825 919 4878 Patri
946 4822 1145 4886 Filius,
1182 4834 1350 4894 atque
1377 4838 1442 4880 ex
1474 4839 1543 4880 eo
1573 4839 1703 4881 esse
1732 4826 1966 4893 habens,

399 4917 716 4972 substantiae
743 4925 921 4981 tamen
954 4918 1167 4972 ratione
1193 4914 1469 4987 posterior
1494 4934 1610 4974 una
1639 4927 1726 4974 est
1757 4934 1774 4972 :
1800 4919 1882 4975 ita
1913 4926 1971 4975 et

310 4993 334 5012 ’
403 5004 691 5074 Unigeaito
730 5006 974 5077 jungitur
1009 5006 1250 5078 Spiritus
1301 5020 1531 5067 sanctus
1555 5049 1572 5076 ,
1605 5008 1724 5065 sola
1763 5009 1970 5081 quippe

401 5114 582 5155 causae
609 5098 817 5155 ratione
838 5100 1180 5171 praispicitut‘
1231 5116 1297 5159 ac
1321 5098 1615 5173 prefertur
1638 5101 1814 5161 Filius
1838 5106 1968 5159 sub-

404 5194 623 5249 stantiae
654 5193 912 5265 Spiritus.
955 5212 976 5248 ι

478 5308 703 5378 Deinde,
764 5324 835 5366 ne
881 5309 1007 5381 quis
1053 5326 1121 5367 ex
1166 5311 1326 5367 hisce
1364 5313 1554 5369 verbis
1611 5312 1766 5383 prius
1809 5322 1975 5382 atque

409 5402 695 5472 posterius,
722 5402 923 5459 localia
951 5403 1116 5459 etiam
1154 5404 1406 5476 quaedam
1433 5420 1499 5462 ac
1524 5407 1856 5476 temporalia
1888 5407 1975 5461 ia-

410 5496 631 5550 tervalla
654 5495 763 5552 Deo
788 5496 1037 5553 accidere
1064 5498 1448 5567 arbitraretur,
1472 5515 1545 5556 ex
1575 5516 1687 5572 quo
1719 5501 1977 5557 substan-

409 5589 503 5644 tiae
546 5588 913 5656 indivisihile,
953 5599 1120 5659 atque
1170 5590 1456 5657 identitas,
1507 5593 1976 5664 singularitasque

409 5679 713 5743 tolleretur,
746 5689 970 5736 secutus
999 5681 1250 5752 adjunin
1280 5700 1295 5738 :
1342 5701 1362 5734 ι
1405 5682 1762 5754 Temporalcs
1793 5697 1974 5741 autent

410 5788 578 5827 inore:
609 5774 663 5827 in
699 5781 901 5828 artes-na
930 5773 1062 5842 vita,
1092 5773 1273 5831 locum
1316 5790 1424 5830 non
1470 5777 1676 5832 italu-nt
1707 5817 1723 5845 ,
1763 5787 1821 5832 ut
1855 5795 1976 5834 cunt

412 5883 594 5929 causa:
623 5869 757 5924 ratio
780 5867 1024 5940 praeferri
1051 5868 1285 5934 dicatur,
1313 5871 1368 5924 in
1402 5870 1551 5928 nullo
1579 5882 1759 5928 tamen
1790 5883 1977 5928 sancta

419 5961 655 6018 Trinitas
681 5961 783 6021 sibi
816 5955 1026 6020 discors
1054 5976 1174 6019 esse
1209 5965 1403 6033 possit.
1446 5982 1471 6021 ν

2073 4757 2232 4811 aliter
2254 4755 2504 4822 habebit,
2535 4755 2835 4825 simulque,
2885 4767 2953 4807 ne
2990 4750 3251 4806 discretio
3275 4749 3494 4819 quidem
3528 4746 3654 4802 Filii

2070 4861 2140 4901 ac
2195 4845 2436 4916 Spiritus
2482 4844 2767 4900 reddetur.
2820 4842 2932 4898 Sed
2994 4842 3101 4897 ista
3170 4856 3304 4897 sane
3366 4854 3423 4897 ct
3472 4841 3697 4910 inunita“

2076 4939 2244 4995 simul
2273 4949 2328 4994 et
2368 4934 2679 5006 perniciosa
2714 4943 2870 4990 sunt.

2149 5031 2420 5098 Qum-ires
2446 5029 2612 5083 etiam
2648 5027 2955 5083 rectissime
2987 5027 3213 5094 dicitur,
3249 5027 3460 5082 ordinis
3497 5032 3658 5083 istam

2074 5127 2379 5181 novitatem
2412 5122 2931 5192 substantiaeipsius
2986 5122 3339 5177 attonitum
3371 5136 3521 5189 esse,
3579 5131 3663 5175 to-

2076 5220 2298 5290 tiusque
2334 5219 2456 5275 fidei
2489 5217 2944 5289 abuegationem:
2994 5216 3334 5287 a‘qualisquc
3362 5214 3662 5284 impietatis

2074 5330 2224 5381 esse,
2254 5315 2520 5383 Spiritum
2559 5321 2814 5367 sanctum
2857 5319 3169 5365 creaturam
3194 5310 3472 5373 confiteri,
3504 5322 3667 5362 eum-

2078 5424 2189 5479 que
2226 5409 2310 5464 vel
2359 5407 2507 5462 Patri
2568 5417 2664 5461 aut
2713 5404 2857 5459 Filio
2916 5386 3280 5474 praeponam.
3322 5419 3433 5458 non
3484 5403 3664 5460 solum

2080 5511 2353 5572 tempore,
2382 5501 2479 5557 sed
2506 5501 2722 5556 ordine.
2764 5498 2823 5553 Id
2883 5499 3088 5570 quippe
3144 5498 3347 5564 aufert,
3382 5499 3527 5553 unde
3557 5505 3668 5561 est,

2084 5594 2300 5650 sublato
2333 5610 2486 5663 vero,
2519 5594 2665 5650 unde
2688 5603 2795 5661 est,
2838 5601 2893 5648 et
2923 5594 3202 5663 quomodo
3235 5605 3337 5657 est,
3376 5591 3540 5646 simul
3571 5606 3671 5645 au-

2087 5688 2312 5756 feretur,
2336 5704 2402 5744 ae
2437 5703 2668 5760 persona
2696 5703 2818 5745 esse
2857 5687 3088 5743 desinet.
3122 5685 3351 5748 Deinde,
3398 5685 3527 5756 quid
3594 5684 3674 5738 di-

2089 5781 2234 5835 cturi
2260 5790 2419 5847 sunt,
2450 5795 2575 5837 cum
2611 5778 2772 5837 Pater
2824 5788 3103 5836 asseratur
3132 5780 3434 5834 securi-lum
3488 5791 3673 5832 causan

2084 5872 2353 5926 rationem
2379 5879 2506 5928 ante
2535 5870 2771 5937 Fihum,
2806 5878 2987 5926 mente
3043 5867 3258 5940 concipi
3319 5878 3485 5938 atque
3524 5867 3670 5934 cogi-

2090 5960 2357 6020 tarilllic
2382 5963 2531 6019 enim
2586 5962 2690 6020 ista
2739 5963 2955 6021 illorum
3019 5961 3290 6026 expositio
3323 5959 3504 6016 locum
3564 5969 3674 6011 non
