  <div class='ocr_page' id='page_1' title='image "/cluster/home/n/w/nwhite01/storage/ocr_20150623/152/coo.31924054870575/033.png"; bbox 0 0 4106 6488; ppageno 0'>
   <div class='ocr_carea' id='block_1_1' title="bbox 490 477 3742 550">
    <p class='ocr_par' dir='ltr' id='par_1_1' title="bbox 490 477 3742 550">
     <span class='ocr_line' id='line_1_1' title="bbox 490 477 3742 550; baseline 0.007 -23"><span class='ocrx_word' id='word_1_1' title='bbox 490 478 559 545; x_wconf 61' lang='grc' dir='ltr'><strong>εί</strong></span> <span class='ocrx_word' id='word_1_2' title='bbox 1746 477 2143 540; x_wconf 80' lang='lat' dir='ltr'><strong>MANUELIS</strong></span> <span class='ocrx_word' id='word_1_3' title='bbox 2182 481 2488 545; x_wconf 66' lang='lat' dir='ltr'><strong>eamea:</strong></span> <span class='ocrx_word' id='word_1_4' title='bbox 3666 484 3742 550; x_wconf 73' lang='lat'><strong>52</strong></span> 
     </span>
    </p>
   </div>
   <div class='ocr_carea' id='block_1_2' title="bbox 487 583 3740 662">
    <p class='ocr_par' dir='ltr' id='par_1_2' title="bbox 487 583 3740 662">
     <span class='ocr_line' id='line_1_2' title="bbox 487 583 3740 662; baseline 0.002 -19"><span class='ocrx_word' id='word_1_5' title='bbox 487 585 675 643; x_wconf 69' lang='lat' dir='ltr'><strong>habet.</strong></span> <span class='ocrx_word' id='word_1_6' title='bbox 713 584 801 642; x_wconf 78' lang='lat' dir='ltr'><strong>Ait</strong></span> <span class='ocrx_word' id='word_1_7' title='bbox 829 585 975 642; x_wconf 91' lang='lat' dir='ltr'><strong>enim</strong></span> <span class='ocrx_word' id='word_1_8' title='bbox 1008 584 1198 641; x_wconf 92' lang='lat' dir='ltr'><strong>doctor</strong></span> <span class='ocrx_word' id='word_1_9' title='bbox 1248 583 1400 654; x_wconf 70' lang='lat'><strong>(25):</strong></span> <span class='ocrx_word' id='word_1_10' title='bbox 1441 592 1462 634; x_wconf 69' lang='grc' dir='ltr'><em>ὰ</em></span> <span class='ocrx_word' id='word_1_11' title='bbox 1495 583 1610 651; x_wconf 83' lang='lat' dir='ltr'><strong>Qua</strong></span> <span class='ocrx_word' id='word_1_12' title='bbox 1669 593 1880 639; x_wconf 81' lang='lat' dir='ltr'><strong>rallone</strong></span> <span class='ocrx_word' id='word_1_13' title='bbox 1908 583 2066 639; x_wconf 76' lang='lat' dir='ltr'><strong>Pater</strong></span> <span class='ocrx_word' id='word_1_14' title='bbox 2100 592 2142 648; x_wconf 76' lang='grc' dir='ltr'><strong>Α</strong></span> <span class='ocrx_word' id='word_1_15' title='bbox 2242 590 2377 647; x_wconf 80' lang='lat' dir='ltr'><strong>Cum</strong></span> <span class='ocrx_word' id='word_1_16' title='bbox 2412 593 2595 662; x_wconf 78' lang='lat' dir='ltr'><strong>itaque</strong></span> <span class='ocrx_word' id='word_1_17' title='bbox 2635 605 2734 660; x_wconf 86' lang='lat' dir='ltr'><strong>pro</strong></span> <span class='ocrx_word' id='word_1_18' title='bbox 2760 591 3019 648; x_wconf 77' lang='lat' dir='ltr'><strong>confesso</strong></span> <span class='ocrx_word' id='word_1_19' title='bbox 3066 592 3350 657; x_wconf 81' lang='lat' dir='ltr'><strong>habeatur,</strong></span> <span class='ocrx_word' id='word_1_20' title='bbox 3390 592 3613 648; x_wconf 84' lang='lat' dir='ltr'><strong>causale</strong></span> <span class='ocrx_word' id='word_1_21' title='bbox 3663 596 3740 651; x_wconf 82' lang='lat' dir='ltr'><strong>ilh</strong></span> 
     </span>
    </p>
   </div>
   <div class='ocr_carea' id='block_1_3' title="bbox 488 672 2061 748">
    <p class='ocr_par' dir='ltr' id='par_1_3' title="bbox 488 672 2061 748">
     <span class='ocr_line' id='line_1_3' title="bbox 488 672 2061 748; baseline -0.003 -14"><span class='ocrx_word' id='word_1_22' title='bbox 488 686 616 735; x_wconf 83' lang='lat' dir='ltr'><strong>ante</strong></span> <span class='ocrx_word' id='word_1_23' title='bbox 649 679 941 748; x_wconf 86' lang='lat' dir='ltr'><strong>cogitatur,</strong></span> <span class='ocrx_word' id='word_1_24' title='bbox 969 690 1132 746; x_wconf 78' lang='lat' dir='ltr'><strong>quam</strong></span> <span class='ocrx_word' id='word_1_25' title='bbox 1156 674 1328 731; x_wconf 89' lang='lat' dir='ltr'><strong>Filius</strong></span> <span class='ocrx_word' id='word_1_26' title='bbox 1347 715 1362 740; x_wconf 89' lang='lat'><strong>,</strong></span> <span class='ocrx_word' id='word_1_27' title='bbox 1387 676 1572 730; x_wconf 82' lang='lat' dir='ltr'><strong>eadem</strong></span> <span class='ocrx_word' id='word_1_28' title='bbox 1627 674 1839 729; x_wconf 87' lang='lat' dir='ltr'><strong>ratione</strong></span> <span class='ocrx_word' id='word_1_29' title='bbox 1866 672 2061 729; x_wconf 83' lang='lat' dir='ltr'><strong>Filium</strong></span> 
     </span>
    </p>
   </div>
   <div class='ocr_carea' id='block_1_4' title="bbox 485 766 2066 841">
    <p class='ocr_par' dir='ltr' id='par_1_4' title="bbox 485 766 2066 841">
     <span class='ocr_line' id='line_1_4' title="bbox 485 766 2066 841; baseline -0.006 -12"><span class='ocrx_word' id='word_1_30' title='bbox 485 781 615 831; x_wconf 83' lang='lat' dir='ltr'><strong>ante</strong></span> <span class='ocrx_word' id='word_1_31' title='bbox 669 770 930 841; x_wconf 87' lang='lat' dir='ltr'><strong>Spiritum</strong></span> <span class='ocrx_word' id='word_1_32' title='bbox 989 778 1240 826; x_wconf 88' lang='lat' dir='ltr'><strong>sanctum</strong></span> <span class='ocrx_word' id='word_1_33' title='bbox 1292 768 1545 839; x_wconf 87' lang='lat' dir='ltr'><strong>cogitari.</strong></span> <span class='ocrx_word' id='word_1_34' title='bbox 1612 787 1631 819; x_wconf 77' lang='grc' dir='ltr'><strong>ι</strong></span> <span class='ocrx_word' id='word_1_35' title='bbox 1692 768 1857 838; x_wconf 85' lang='lat' dir='ltr'><strong>Atqui</strong></span> <span class='ocrx_word' id='word_1_36' title='bbox 1903 766 2066 821; x_wconf 86' lang='lat' dir='ltr'><strong>Pater</strong></span> 
     </span>
    </p>
   </div>
   <div class='ocr_carea' id='block_1_5' title="bbox 485 859 2062 933">
    <p class='ocr_par' dir='ltr' id='par_1_5' title="bbox 485 859 2062 933">
     <span class='ocr_line' id='line_1_5' title="bbox 485 859 2062 933; baseline -0.002 -18"><span class='ocrx_word' id='word_1_37' title='bbox 485 879 667 920; x_wconf 69' lang='lat' dir='ltr'><strong>causae</strong></span> <span class='ocrx_word' id='word_1_38' title='bbox 715 864 1063 933; x_wconf 86' lang='lat' dir='ltr'><strong>causalisque</strong></span> <span class='ocrx_word' id='word_1_39' title='bbox 1087 862 1298 916; x_wconf 91' lang='lat' dir='ltr'><strong>ratione</strong></span> <span class='ocrx_word' id='word_1_40' title='bbox 1325 869 1451 915; x_wconf 88' lang='lat' dir='ltr'><strong>ante</strong></span> <span class='ocrx_word' id='word_1_41' title='bbox 1509 860 1702 915; x_wconf 88' lang='lat' dir='ltr'><strong>Filium</strong></span> <span class='ocrx_word' id='word_1_42' title='bbox 1770 859 2062 929; x_wconf 89' lang='lat' dir='ltr'><strong>cogitatur.</strong></span> 
     </span>
    </p>
   </div>
   <div class='ocr_carea' id='block_1_6' title="bbox 487 951 2060 1022">
    <p class='ocr_par' dir='ltr' id='par_1_6' title="bbox 487 951 2060 1022">
     <span class='ocr_line' id='line_1_6' title="bbox 487 951 2060 1022; baseline -0.004 -8"><span class='ocrx_word' id='word_1_43' title='bbox 487 959 835 1014; x_wconf 67' lang='lat' dir='ltr'><strong>Praemissum</strong></span> <span class='ocrx_word' id='word_1_44' title='bbox 870 966 954 1012; x_wconf 85' lang='lat' dir='ltr'><strong>est</strong></span> <span class='ocrx_word' id='word_1_45' title='bbox 1002 965 1206 1021; x_wconf 83' lang='lat' dir='ltr'><strong>autem,</strong></span> <span class='ocrx_word' id='word_1_46' title='bbox 1236 964 1291 1010; x_wconf 90' lang='lat' dir='ltr'><strong>et</strong></span> <span class='ocrx_word' id='word_1_47' title='bbox 1339 955 1534 1010; x_wconf 88' lang='lat' dir='ltr'><strong>Filium</strong></span> <span class='ocrx_word' id='word_1_48' title='bbox 1594 963 1723 1009; x_wconf 84' lang='lat' dir='ltr'><strong>ante</strong></span> <span class='ocrx_word' id='word_1_49' title='bbox 1788 951 2060 1022; x_wconf 82' lang='lat' dir='ltr'><strong>Spiritum</strong></span> 
     </span>
    </p>
   </div>
   <div class='ocr_carea' id='block_1_7' title="bbox 488 1036 2063 1116">
    <p class='ocr_par' dir='ltr' id='par_1_7' title="bbox 488 1036 2063 1116">
     <span class='ocr_line' id='line_1_7' title="bbox 488 1036 2063 1116; baseline -0.006 -9"><span class='ocrx_word' id='word_1_50' title='bbox 488 1058 742 1107; x_wconf 82' lang='lat' dir='ltr'><strong>sanctum</strong></span> <span class='ocrx_word' id='word_1_51' title='bbox 773 1063 955 1105; x_wconf 75' lang='lat' dir='ltr'><strong>causa:</strong></span> <span class='ocrx_word' id='word_1_52' title='bbox 997 1047 1211 1100; x_wconf 81' lang='lat' dir='ltr'><strong>ratione</strong></span> <span class='ocrx_word' id='word_1_53' title='bbox 1256 1045 1483 1116; x_wconf 85' lang='lat' dir='ltr'><strong>cogitari</strong></span> <span class='ocrx_word' id='word_1_54' title='bbox 1514 1036 1649 1099; x_wconf 84' lang='lat' dir='ltr'><strong>ante</strong></span> <span class='ocrx_word' id='word_1_55' title='bbox 1682 1043 1969 1114; x_wconf 79' lang='lat' dir='ltr'><strong>Spiritum,</strong></span> <span class='ocrx_word' id='word_1_56' title='bbox 2001 1058 2063 1098; x_wconf 79' lang='lat' dir='ltr'><strong>ea</strong></span> 
     </span>
    </p>
   </div>
   <div class='ocr_carea' id='block_1_8' title="bbox 485 1135 2067 1210">
    <p class='ocr_par' dir='ltr' id='par_1_8' title="bbox 485 1135 2067 1210">
     <span class='ocr_line' id='line_1_8' title="bbox 485 1135 2067 1210; baseline -0.005 -12"><span class='ocrx_word' id='word_1_57' title='bbox 485 1143 703 1198; x_wconf 80' lang='lat' dir='ltr'><strong>scilicet</strong></span> <span class='ocrx_word' id='word_1_58' title='bbox 739 1155 930 1205; x_wconf 87' lang='lat' dir='ltr'><strong>causa,</strong></span> <span class='ocrx_word' id='word_1_59' title='bbox 962 1155 1126 1210; x_wconf 90' lang='lat' dir='ltr'><strong>quam</strong></span> <span class='ocrx_word' id='word_1_60' title='bbox 1156 1139 1274 1206; x_wconf 89' lang='lat' dir='ltr'><strong>ipse</strong></span> <span class='ocrx_word' id='word_1_61' title='bbox 1301 1136 1464 1191; x_wconf 85' lang='lat' dir='ltr'><strong>habet</strong></span> <span class='ocrx_word' id='word_1_62' title='bbox 1513 1138 1578 1190; x_wconf 91' lang='lat' dir='ltr'><strong>ad</strong></span> <span class='ocrx_word' id='word_1_63' title='bbox 1625 1135 1912 1204; x_wconf 82' lang='lat' dir='ltr'><strong>Spiritum,</strong></span> <span class='ocrx_word' id='word_1_64' title='bbox 1979 1150 2067 1192; x_wconf 88' lang='lat' dir='ltr'><strong>se-</strong></span> 
     </span>
    </p>
   </div>
   <div class='ocr_carea' id='block_1_9' title="bbox 483 1224 2063 1302">
    <p class='ocr_par' dir='ltr' id='par_1_9' title="bbox 483 1224 2063 1302">
     <span class='ocr_line' id='line_1_9' title="bbox 483 1224 2063 1302; baseline -0.008 -12"><span class='ocrx_word' id='word_1_65' title='bbox 483 1234 721 1290; x_wconf 87' lang='lat' dir='ltr'><strong>cundum</strong></span> <span class='ocrx_word' id='word_1_66' title='bbox 754 1247 918 1302; x_wconf 78' lang='lat' dir='ltr'><strong>qua-ni</strong></span> <span class='ocrx_word' id='word_1_67' title='bbox 979 1229 1222 1300; x_wconf 86' lang='lat' dir='ltr'><strong>procedit</strong></span> <span class='ocrx_word' id='word_1_68' title='bbox 1242 1243 1306 1281; x_wconf 85' lang='lat' dir='ltr'><strong>ex</strong></span> <span class='ocrx_word' id='word_1_69' title='bbox 1335 1226 1496 1281; x_wconf 84' lang='lat' dir='ltr'><strong>Patre</strong></span> <span class='ocrx_word' id='word_1_70' title='bbox 1552 1240 1647 1294; x_wconf 88' lang='lat' dir='ltr'><strong>per</strong></span> <span class='ocrx_word' id='word_1_71' title='bbox 1690 1224 1924 1291; x_wconf 88' lang='lat' dir='ltr'><strong>Filium;</strong></span> <span class='ocrx_word' id='word_1_72' title='bbox 1952 1238 2063 1279; x_wconf 88' lang='lat' dir='ltr'><strong>non</strong></span> 
     </span>
    </p>
   </div>
   <div class='ocr_carea' id='block_1_10' title="bbox 483 1316 2061 1395">
    <p class='ocr_par' dir='ltr' id='par_1_10' title="bbox 483 1316 2061 1395">
     <span class='ocr_line' id='line_1_10' title="bbox 483 1316 2061 1395; baseline -0.006 -15"><span class='ocrx_word' id='word_1_73' title='bbox 483 1336 668 1380; x_wconf 87' lang='lat' dir='ltr'><strong>tamen</strong></span> <span class='ocrx_word' id='word_1_74' title='bbox 699 1324 1002 1395; x_wconf 84' lang='lat' dir='ltr'><strong>secundum</strong></span> <span class='ocrx_word' id='word_1_75' title='bbox 1032 1337 1151 1376; x_wconf 90' lang='lat' dir='ltr'><strong>eam</strong></span> <span class='ocrx_word' id='word_1_76' title='bbox 1179 1335 1342 1390; x_wconf 85' lang='lat' dir='ltr'><strong>quam</strong></span> <span class='ocrx_word' id='word_1_77' title='bbox 1371 1319 1531 1373; x_wconf 83' lang='lat' dir='ltr'><strong>habet</strong></span> <span class='ocrx_word' id='word_1_78' title='bbox 1561 1317 1718 1372; x_wconf 74' lang='lat' dir='ltr'><strong>Pater</strong></span> <span class='ocrx_word' id='word_1_79' title='bbox 1745 1316 1810 1371; x_wconf 92' lang='lat' dir='ltr'><strong>ad</strong></span> <span class='ocrx_word' id='word_1_80' title='bbox 1842 1316 2061 1371; x_wconf 83' lang='lat' dir='ltr'><strong>Filium.</strong></span> 
     </span>
    </p>
   </div>
   <div class='ocr_carea' id='block_1_11' title="bbox 485 1409 2064 1479">
    <p class='ocr_par' dir='ltr' id='par_1_11' title="bbox 485 1409 2064 1479">
     <span class='ocr_line' id='line_1_11' title="bbox 485 1409 2064 1479; baseline -0.008 -4"><span class='ocrx_word' id='word_1_81' title='bbox 485 1420 601 1475; x_wconf 82' lang='lat' dir='ltr'><strong>Hoc</strong></span> <span class='ocrx_word' id='word_1_82' title='bbox 636 1418 785 1475; x_wconf 88' lang='lat' dir='ltr'><strong>enim</strong></span> <span class='ocrx_word' id='word_1_83' title='bbox 816 1431 972 1470; x_wconf 82' lang='lat' dir='ltr'><strong>mens</strong></span> <span class='ocrx_word' id='word_1_84' title='bbox 1005 1414 1244 1468; x_wconf 80' lang='lat' dir='ltr'><strong>humana</strong></span> <span class='ocrx_word' id='word_1_85' title='bbox 1274 1426 1381 1465; x_wconf 82' lang='lat' dir='ltr'><strong>non</strong></span> <span class='ocrx_word' id='word_1_86' title='bbox 1403 1411 1579 1479; x_wconf 86' lang='lat' dir='ltr'><strong>capit;</strong></span> <span class='ocrx_word' id='word_1_87' title='bbox 1635 1424 1808 1477; x_wconf 88' lang='lat' dir='ltr'><strong>neque</strong></span> <span class='ocrx_word' id='word_1_88' title='bbox 1838 1409 2064 1478; x_wconf 87' lang='lat' dir='ltr'><strong>cogitari</strong></span> 
     </span>
    </p>
   </div>
   <div class='ocr_carea' id='block_1_12' title="bbox 483 1500 2066 1577">
    <p class='ocr_par' dir='ltr' id='par_1_12' title="bbox 483 1500 2066 1577">
     <span class='ocr_line' id='line_1_12' title="bbox 483 1500 2066 1577; baseline -0.008 -11"><span class='ocrx_word' id='word_1_89' title='bbox 483 1511 692 1567; x_wconf 84' lang='lat' dir='ltr'><strong>Filium</strong></span> <span class='ocrx_word' id='word_1_90' title='bbox 715 1519 840 1564; x_wconf 66' lang='lat' dir='ltr'><strong>ante</strong></span> <span class='ocrx_word' id='word_1_91' title='bbox 869 1505 1131 1577; x_wconf 82' lang='lat' dir='ltr'><strong>Spiritum</strong></span> <span class='ocrx_word' id='word_1_92' title='bbox 1187 1511 1434 1559; x_wconf 87' lang='lat' dir='ltr'><strong>sanctum</strong></span> <span class='ocrx_word' id='word_1_93' title='bbox 1476 1500 1557 1557; x_wconf 77' lang='lat' dir='ltr'><strong>fas</strong></span> <span class='ocrx_word' id='word_1_94' title='bbox 1590 1508 1697 1562; x_wconf 88' lang='lat' dir='ltr'><strong>est.</strong></span> <span class='ocrx_word' id='word_1_95' title='bbox 1759 1508 1818 1555; x_wconf 86' lang='lat' dir='ltr'><strong>ut</strong></span> <span class='ocrx_word' id='word_1_96' title='bbox 1872 1502 2066 1555; x_wconf 82' lang='lat' dir='ltr'><strong>doctor</strong></span> 
     </span>
    </p>
   </div>
   <div class='ocr_carea' id='block_1_13' title="bbox 484 1591 2065 1665">
    <p class='ocr_par' dir='ltr' id='par_1_13' title="bbox 484 1591 2065 1665">
     <span class='ocr_line' id='line_1_13' title="bbox 484 1591 2065 1665; baseline -0.006 -12"><span class='ocrx_word' id='word_1_97' title='bbox 484 1600 581 1657; x_wconf 86' lang='lat' dir='ltr'><strong>ait.</strong></span> <span class='ocrx_word' id='word_1_98' title='bbox 609 1597 878 1664; x_wconf 80' lang='lat' dir='ltr'><strong>Quoniam</strong></span> <span class='ocrx_word' id='word_1_99' title='bbox 915 1597 1079 1665; x_wconf 80' lang='lat' dir='ltr'><strong>igitur</strong></span> <span class='ocrx_word' id='word_1_100' title='bbox 1107 1592 1295 1648; x_wconf 85' lang='lat' dir='ltr'><strong>eadem</strong></span> <span class='ocrx_word' id='word_1_101' title='bbox 1336 1591 1560 1646; x_wconf 87' lang='lat' dir='ltr'><strong>omnino</strong></span> <span class='ocrx_word' id='word_1_102' title='bbox 1592 1591 1805 1644; x_wconf 83' lang='lat' dir='ltr'><strong>ratione</strong></span> <span class='ocrx_word' id='word_1_103' title='bbox 1860 1603 2065 1656; x_wconf 70' lang='lat' dir='ltr'><strong>praeco—</strong></span> 
     </span>
    </p>
   </div>
   <div class='ocr_carea' id='block_1_14' title="bbox 484 1680 2062 1760">
    <p class='ocr_par' dir='ltr' id='par_1_14' title="bbox 484 1680 2062 1760">
     <span class='ocr_line' id='line_1_14' title="bbox 484 1680 2062 1760; baseline -0.008 -14"><span class='ocrx_word' id='word_1_104' title='bbox 484 1693 688 1760; x_wconf 85' lang='lat' dir='ltr'><strong>gitatur</strong></span> <span class='ocrx_word' id='word_1_105' title='bbox 714 1702 840 1745; x_wconf 85' lang='lat' dir='ltr'><strong>ante</strong></span> <span class='ocrx_word' id='word_1_106' title='bbox 896 1688 1094 1743; x_wconf 82' lang='lat' dir='ltr'><strong>Filium</strong></span> <span class='ocrx_word' id='word_1_107' title='bbox 1155 1687 1334 1749; x_wconf 83' lang='lat' dir='ltr'><strong>Pater;</strong></span> <span class='ocrx_word' id='word_1_108' title='bbox 1383 1694 1547 1753; x_wconf 85' lang='lat' dir='ltr'><strong>atque</strong></span> <span class='ocrx_word' id='word_1_109' title='bbox 1603 1692 1732 1738; x_wconf 84' lang='lat' dir='ltr'><strong>ante</strong></span> <span class='ocrx_word' id='word_1_110' title='bbox 1801 1680 2062 1752; x_wconf 89' lang='lat' dir='ltr'><strong>Spiritum</strong></span> 
     </span>
    </p>
   </div>
   <div class='ocr_carea' id='block_1_15' title="bbox 482 1773 2066 1849">
    <p class='ocr_par' dir='ltr' id='par_1_15' title="bbox 482 1773 2066 1849">
     <span class='ocr_line' id='line_1_15' title="bbox 482 1773 2066 1849; baseline -0.006 -12"><span class='ocrx_word' id='word_1_111' title='bbox 482 1782 676 1847; x_wconf 83' lang='lat' dir='ltr'><strong>Filius,</strong></span> <span class='ocrx_word' id='word_1_112' title='bbox 734 1789 973 1846; x_wconf 86' lang='lat' dir='ltr'><strong>constat,</strong></span> <span class='ocrx_word' id='word_1_113' title='bbox 1033 1779 1291 1849; x_wconf 77' lang='lat' dir='ltr'><strong>quoniam</strong></span> <span class='ocrx_word' id='word_1_114' title='bbox 1372 1775 1543 1830; x_wconf 82' lang='lat' dir='ltr'><strong>Filius</strong></span> <span class='ocrx_word' id='word_1_115' title='bbox 1601 1773 1838 1843; x_wconf 81' lang='lat' dir='ltr'><strong>Spiritus</strong></span> <span class='ocrx_word' id='word_1_116' title='bbox 1889 1773 2066 1829; x_wconf 87' lang='lat' dir='ltr'><strong>sancti</strong></span> 
     </span>
    </p>
   </div>
   <div class='ocr_carea' id='block_1_16' title="bbox 484 1879 784 1927">
    <p class='ocr_par' dir='ltr' id='par_1_16' title="bbox 484 1879 784 1927">
     <span class='ocr_line' id='line_1_16' title="bbox 484 1879 784 1927; baseline -0.01 0"><span class='ocrx_word' id='word_1_117' title='bbox 484 1886 650 1927; x_wconf 82' lang='lat' dir='ltr'><strong>causa</strong></span> <span class='ocrx_word' id='word_1_118' title='bbox 678 1879 784 1925; x_wconf 72' lang='grc' dir='ltr'><strong>εει.</strong></span> 
     </span>
    </p>
   </div>
   <div class='ocr_carea' id='block_1_17' title="bbox 559 1938 2131 2024">
    <p class='ocr_par' dir='ltr' id='par_1_17' title="bbox 559 1938 2131 2024">
     <span class='ocr_line' id='line_1_17' title="bbox 559 1938 2131 2024; baseline -0.007 -4"><span class='ocrx_word' id='word_1_119' title='bbox 559 1959 1504 2024; x_wconf 78' lang='lat' dir='ltr'><strong>SanctusitemAthanasius,inlib.</strong></span> <span class='ocrx_word' id='word_1_120' title='bbox 1529 1958 1551 2012; x_wconf 86' lang='grc' dir='ltr'><strong>ι</strong></span> <span class='ocrx_word' id='word_1_121' title='bbox 1579 1956 1775 2013; x_wconf 81' lang='lat' dir='ltr'><strong>Contra</strong></span> <span class='ocrx_word' id='word_1_122' title='bbox 1805 1957 2056 2020; x_wconf 80' lang='lat' dir='ltr'><strong>Arianos,</strong></span> <span class='ocrx_word' id='word_1_123' title='bbox 2088 1938 2131 1993; x_wconf 69' lang='grc' dir='ltr'>θ</span> 
     </span>
    </p>
   </div>
   <div class='ocr_carea' id='block_1_18' title="bbox 485 2046 2061 2127">
    <p class='ocr_par' dir='ltr' id='par_1_18' title="bbox 485 2046 2061 2127">
     <span class='ocr_line' id='line_1_18' title="bbox 485 2046 2061 2127; baseline -0.006 -16"><span class='ocrx_word' id='word_1_124' title='bbox 485 2065 615 2127; x_wconf 89' lang='lat' dir='ltr'><strong>post</strong></span> <span class='ocrx_word' id='word_1_125' title='bbox 651 2055 820 2112; x_wconf 85' lang='lat' dir='ltr'><strong>multa</strong></span> <span class='ocrx_word' id='word_1_126' title='bbox 852 2056 931 2110; x_wconf 89' lang='lat' dir='ltr'><strong>sic</strong></span> <span class='ocrx_word' id='word_1_127' title='bbox 962 2054 1079 2108; x_wconf 88' lang='lat' dir='ltr'><strong>ait:</strong></span> <span class='ocrx_word' id='word_1_128' title='bbox 1120 2072 1139 2104; x_wconf 73' lang='grc' dir='ltr'><strong>ι</strong></span> <span class='ocrx_word' id='word_1_129' title='bbox 1178 2051 1441 2107; x_wconf 85' lang='lat' dir='ltr'><strong>Dominus</strong></span> <span class='ocrx_word' id='word_1_130' title='bbox 1478 2050 1734 2105; x_wconf 75' lang='lat' dir='ltr'><strong>deitatem</strong></span> <span class='ocrx_word' id='word_1_131' title='bbox 1789 2056 1843 2102; x_wconf 91' lang='lat' dir='ltr'><strong>et</strong></span> <span class='ocrx_word' id='word_1_132' title='bbox 1891 2046 2061 2117; x_wconf 71' lang='lat' dir='ltr'><strong>majeo</strong></span> 
     </span>
    </p>
   </div>
   <div class='ocr_carea' id='block_1_19' title="bbox 487 2136 2061 2213">
    <p class='ocr_par' dir='ltr' id='par_1_19' title="bbox 487 2136 2061 2213">
     <span class='ocr_line' id='line_1_19' title="bbox 487 2136 2061 2213; baseline -0.009 -10"><span class='ocrx_word' id='word_1_133' title='bbox 487 2157 685 2203; x_wconf 78' lang='lat' dir='ltr'><strong>atatem</strong></span> <span class='ocrx_word' id='word_1_134' title='bbox 741 2160 897 2202; x_wconf 85' lang='lat' dir='ltr'><strong>suam</strong></span> <span class='ocrx_word' id='word_1_135' title='bbox 953 2143 1238 2213; x_wconf 79' lang='lat' dir='ltr'><strong>discipulis</strong></span> <span class='ocrx_word' id='word_1_136' title='bbox 1295 2139 1613 2206; x_wconf 88' lang='lat' dir='ltr'><strong>ostendens,</strong></span> <span class='ocrx_word' id='word_1_137' title='bbox 1672 2152 1781 2192; x_wconf 94' lang='lat' dir='ltr'><strong>non</strong></span> <span class='ocrx_word' id='word_1_138' title='bbox 1830 2136 1943 2205; x_wconf 83' lang='lat' dir='ltr'><strong>jam</strong></span> <span class='ocrx_word' id='word_1_139' title='bbox 1977 2149 2061 2190; x_wconf 91' lang='lat' dir='ltr'><strong>se-</strong></span> 
     </span>
    </p>
   </div>
   <div class='ocr_carea' id='block_1_20' title="bbox 485 2228 2061 2310">
    <p class='ocr_par' dir='ltr' id='par_1_20' title="bbox 485 2228 2061 2310">
     <span class='ocr_line' id='line_1_20' title="bbox 485 2228 2061 2310; baseline -0.01 -13"><span class='ocrx_word' id='word_1_140' title='bbox 485 2242 664 2310; x_wconf 83' lang='lat' dir='ltr'><strong>ipsum</strong></span> <span class='ocrx_word' id='word_1_141' title='bbox 701 2239 988 2301; x_wconf 86' lang='lat' dir='ltr'><strong>minorem,</strong></span> <span class='ocrx_word' id='word_1_142' title='bbox 1042 2235 1137 2291; x_wconf 71' lang='lat' dir='ltr'><strong>Sed</strong></span> <span class='ocrx_word' id='word_1_143' title='bbox 1194 2234 1457 2303; x_wconf 79' lang='lat' dir='ltr'><strong>majorem</strong></span> <span class='ocrx_word' id='word_1_144' title='bbox 1509 2238 1565 2285; x_wconf 89' lang='lat' dir='ltr'><strong>et</strong></span> <span class='ocrx_word' id='word_1_145' title='bbox 1624 2228 1890 2300; x_wconf 63' lang='lat' dir='ltr'><strong>aequalem</strong></span> <span class='ocrx_word' id='word_1_146' title='bbox 1939 2240 2061 2282; x_wconf 88' lang='lat' dir='ltr'><strong>esse</strong></span> 
     </span>
    </p>
   </div>
   <div class='ocr_carea' id='block_1_21' title="bbox 484 2322 2061 2403">
    <p class='ocr_par' dir='ltr' id='par_1_21' title="bbox 484 2322 2061 2403">
     <span class='ocr_line' id='line_1_21' title="bbox 484 2322 2061 2403; baseline -0.01 -14"><span class='ocrx_word' id='word_1_147' title='bbox 484 2330 824 2403; x_wconf 80' lang='lat' dir='ltr'><strong>signiﬁcans,</strong></span> <span class='ocrx_word' id='word_1_148' title='bbox 856 2330 1020 2384; x_wconf 86' lang='lat' dir='ltr'><strong>dabat</strong></span> <span class='ocrx_word' id='word_1_149' title='bbox 1080 2326 1298 2397; x_wconf 89' lang='lat' dir='ltr'><strong>quidem</strong></span> <span class='ocrx_word' id='word_1_150' title='bbox 1366 2322 1631 2393; x_wconf 80' lang='lat' dir='ltr'><strong>Spiritum</strong></span> <span class='ocrx_word' id='word_1_151' title='bbox 1696 2332 1945 2378; x_wconf 87' lang='lat' dir='ltr'><strong>sanctum</strong></span> <span class='ocrx_word' id='word_1_152' title='bbox 2007 2326 2061 2373; x_wconf 87' lang='lat' dir='ltr'><strong>et</strong></span> 
     </span>
    </p>
   </div>
   <div class='ocr_carea' id='block_1_22' title="bbox 483 2409 2056 2492">
    <p class='ocr_par' dir='ltr' id='par_1_22' title="bbox 483 2409 2056 2492">
     <span class='ocr_line' id='line_1_22' title="bbox 483 2409 2056 2492; baseline -0.01 -15"><span class='ocrx_word' id='word_1_153' title='bbox 483 2424 738 2479; x_wconf 83' lang='lat' dir='ltr'><strong>dicebat:</strong></span> <span class='ocrx_word' id='word_1_154' title='bbox 771 2421 883 2492; x_wconf 86' lang='lat' dir='ltr'><strong>Ego</strong></span> <span class='ocrx_word' id='word_1_155' title='bbox 913 2421 1079 2491; x_wconf 76' lang='lat' dir='ltr'><strong>ipsum</strong></span> <span class='ocrx_word' id='word_1_156' title='bbox 1122 2419 1352 2482; x_wconf 76' lang='lat' dir='ltr'><strong>mittam,</strong></span> <span class='ocrx_word' id='word_1_157' title='bbox 1372 2424 1421 2469; x_wconf 81' lang='lat' dir='ltr'><strong>et</strong></span> <span class='ocrx_word' id='word_1_158' title='bbox 1457 2429 1780 2484; x_wconf 56' lang='lat' dir='ltr'><strong>quotcunque</strong></span> <span class='ocrx_word' id='word_1_159' title='bbox 1809 2409 2056 2475; x_wconf 74' lang='lat' dir='ltr'><strong>audierit,</strong></span> 
     </span>
    </p>
   </div>
   <div class='ocr_carea' id='block_1_23' title="bbox 485 2513 863 2585">
    <p class='ocr_par' dir='ltr' id='par_1_23' title="bbox 485 2513 863 2585">
     <span class='ocr_line' id='line_1_23' title="bbox 485 2513 863 2585; baseline -0.019 -12"><span class='ocrx_word' id='word_1_160' title='bbox 485 2516 726 2585; x_wconf 74' lang='lat' dir='ltr'><strong>loquetur</strong></span> <span class='ocrx_word' id='word_1_161' title='bbox 747 2513 815 2569; x_wconf 75' lang='grc'><strong>’⁸.</strong></span> <span class='ocrx_word' id='word_1_162' title='bbox 845 2532 863 2566; x_wconf 79' lang='lat' dir='ltr'><strong>i</strong></span> 
     </span>
    </p>
   </div>
   <div class='ocr_carea' id='block_1_24' title="bbox 561 2591 2062 2676">
    <p class='ocr_par' dir='ltr' id='par_1_24' title="bbox 561 2591 2062 2676">
     <span class='ocr_line' id='line_1_24' title="bbox 561 2591 2062 2676; baseline -0.01 -15"><span class='ocrx_word' id='word_1_163' title='bbox 561 2607 626 2661; x_wconf 79' lang='lat' dir='ltr'><strong>Et</strong></span> <span class='ocrx_word' id='word_1_164' title='bbox 653 2606 841 2676; x_wconf 85' lang='lat' dir='ltr'><strong>paucis</strong></span> <span class='ocrx_word' id='word_1_165' title='bbox 871 2602 1190 2674; x_wconf 87' lang='lat' dir='ltr'><strong>interjectis,</strong></span> <span class='ocrx_word' id='word_1_166' title='bbox 1236 2613 1475 2669; x_wconf 85' lang='lat' dir='ltr'><strong>quonam</strong></span> <span class='ocrx_word' id='word_1_167' title='bbox 1508 2596 1671 2652; x_wconf 87' lang='lat' dir='ltr'><strong>modo</strong></span> <span class='ocrx_word' id='word_1_168' title='bbox 1722 2593 1878 2648; x_wconf 83' lang='lat' dir='ltr'><strong>Pater</strong></span> <span class='ocrx_word' id='word_1_169' title='bbox 1924 2591 2062 2647; x_wconf 85' lang='lat' dir='ltr'><strong>Filio</strong></span> 
     </span>
    </p>
   </div>
   <div class='ocr_carea' id='block_1_25' title="bbox 486 2681 2060 2767">
    <p class='ocr_par' dir='ltr' id='par_1_25' title="bbox 486 2681 2060 2767">
     <span class='ocr_line' id='line_1_25' title="bbox 486 2681 2060 2767; baseline -0.011 -13"><span class='ocrx_word' id='word_1_170' title='bbox 486 2700 559 2753; x_wconf 62' lang='grc' dir='ltr'><strong>εἰ</strong></span> <span class='ocrx_word' id='word_1_171' title='bbox 598 2697 771 2767; x_wconf 86' lang='lat' dir='ltr'><strong>major</strong></span> <span class='ocrx_word' id='word_1_172' title='bbox 794 2708 1073 2764; x_wconf 71' lang='lat' dir='ltr'><strong>exponens</strong></span> <span class='ocrx_word' id='word_1_173' title='bbox 1102 2693 1216 2746; x_wconf 88' lang='lat' dir='ltr'><strong>ait:</strong></span> <span class='ocrx_word' id='word_1_174' title='bbox 1255 2708 1274 2742; x_wconf 78' lang='grc' dir='ltr'><strong>ι</strong></span> <span class='ocrx_word' id='word_1_175' title='bbox 1302 2689 1566 2758; x_wconf 84' lang='lat' dir='ltr'><strong>Majorem</strong></span> <span class='ocrx_word' id='word_1_176' title='bbox 1613 2701 1673 2742; x_wconf 89' lang='lat' dir='ltr'><strong>se</strong></span> <span class='ocrx_word' id='word_1_177' title='bbox 1711 2685 1928 2740; x_wconf 87' lang='lat' dir='ltr'><strong>Patrem</strong></span> <span class='ocrx_word' id='word_1_178' title='bbox 1958 2681 2060 2737; x_wconf 85' lang='lat' dir='ltr'><strong>Do-</strong></span> 
     </span>
    </p>
   </div>
   <div class='ocr_carea' id='block_1_26' title="bbox 489 2778 2059 2853">
    <p class='ocr_par' dir='ltr' id='par_1_26' title="bbox 489 2778 2059 2853">
     <span class='ocr_line' id='line_1_26' title="bbox 489 2778 2059 2853; baseline -0.011 -9"><span class='ocrx_word' id='word_1_179' title='bbox 489 2790 670 2844; x_wconf 88' lang='lat' dir='ltr'><strong>minus</strong></span> <span class='ocrx_word' id='word_1_180' title='bbox 703 2787 863 2851; x_wconf 84' lang='lat' dir='ltr'><strong>dixit,</strong></span> <span class='ocrx_word' id='word_1_181' title='bbox 899 2799 1007 2840; x_wconf 87' lang='lat' dir='ltr'><strong>non</strong></span> <span class='ocrx_word' id='word_1_182' title='bbox 1040 2781 1423 2853; x_wconf 83' lang='lat' dir='ltr'><strong>magnitudine</strong></span> <span class='ocrx_word' id='word_1_183' title='bbox 1445 2780 1653 2849; x_wconf 88' lang='lat' dir='ltr'><strong>aliqua,</strong></span> <span class='ocrx_word' id='word_1_184' title='bbox 1688 2778 1770 2832; x_wconf 89' lang='lat' dir='ltr'><strong>vel</strong></span> <span class='ocrx_word' id='word_1_185' title='bbox 1789 2786 2059 2845; x_wconf 87' lang='lat' dir='ltr'><strong>tempore,</strong></span> 
     </span>
    </p>
   </div>
   <div class='ocr_carea' id='block_1_27' title="bbox 488 2868 2064 2950">
    <p class='ocr_par' dir='ltr' id='par_1_27' title="bbox 488 2868 2064 2950">
     <span class='ocr_line' id='line_1_27' title="bbox 488 2868 2064 2950; baseline -0.01 -13"><span class='ocrx_word' id='word_1_186' title='bbox 488 2881 586 2937; x_wconf 76' lang='lat' dir='ltr'><strong>sed</strong></span> <span class='ocrx_word' id='word_1_187' title='bbox 619 2880 745 2950; x_wconf 78' lang='lat' dir='ltr'><strong>quia</strong></span> <span class='ocrx_word' id='word_1_188' title='bbox 774 2894 837 2934; x_wconf 83' lang='lat' dir='ltr'><strong>ex</strong></span> <span class='ocrx_word' id='word_1_189' title='bbox 879 2878 996 2949; x_wconf 90' lang='lat' dir='ltr'><strong>ipso</strong></span> <span class='ocrx_word' id='word_1_190' title='bbox 1032 2876 1192 2931; x_wconf 83' lang='lat' dir='ltr'><strong>Patre</strong></span> <span class='ocrx_word' id='word_1_191' title='bbox 1225 2884 1388 2929; x_wconf 84' lang='lat' dir='ltr'><strong>natus</strong></span> <span class='ocrx_word' id='word_1_192' title='bbox 1419 2880 1524 2928; x_wconf 86' lang='lat' dir='ltr'><strong>est.</strong></span> <span class='ocrx_word' id='word_1_193' title='bbox 1571 2890 1590 2923; x_wconf 74' lang='grc' dir='ltr'><strong>ι</strong></span> <span class='ocrx_word' id='word_1_194' title='bbox 1634 2870 1740 2925; x_wconf 91' lang='lat' dir='ltr'><strong>Sed</strong></span> <span class='ocrx_word' id='word_1_195' title='bbox 1779 2880 1834 2925; x_wconf 92' lang='lat' dir='ltr'><strong>et</strong></span> <span class='ocrx_word' id='word_1_196' title='bbox 1868 2868 2064 2922; x_wconf 88' lang='lat' dir='ltr'><strong>Dama-</strong></span> 
     </span>
    </p>
   </div>
   <div class='ocr_carea' id='block_1_28' title="bbox 486 2956 2064 3038">
    <p class='ocr_par' dir='ltr' id='par_1_28' title="bbox 486 2956 2064 3038">
     <span class='ocr_line' id='line_1_28' title="bbox 486 2956 2064 3038; baseline -0.012 -10"><span class='ocrx_word' id='word_1_197' title='bbox 486 2986 688 3028; x_wconf 76' lang='lat' dir='ltr'><strong>aeenus</strong></span> <span class='ocrx_word' id='word_1_198' title='bbox 717 2970 771 3024; x_wconf 94' lang='lat' dir='ltr'><strong>in</strong></span> <span class='ocrx_word' id='word_1_199' title='bbox 811 2968 1050 3038; x_wconf 87' lang='lat' dir='ltr'><strong>capitulo</strong></span> <span class='ocrx_word' id='word_1_200' title='bbox 1082 2967 1147 3021; x_wconf 91' lang='lat' dir='ltr'><strong>de</strong></span> <span class='ocrx_word' id='word_1_201' title='bbox 1186 2974 1373 3020; x_wconf 85' lang='lat' dir='ltr'><strong>sancta</strong></span> <span class='ocrx_word' id='word_1_202' title='bbox 1408 2962 1694 3026; x_wconf 90' lang='lat' dir='ltr'><strong>Trinitate,</strong></span> <span class='ocrx_word' id='word_1_203' title='bbox 1747 2960 1902 3028; x_wconf 84' lang='lat' dir='ltr'><strong>cujus</strong></span> <span class='ocrx_word' id='word_1_204' title='bbox 1960 2956 2064 3011; x_wconf 89' lang='lat' dir='ltr'><strong>iui-</strong></span> 
     </span>
    </p>
   </div>
   <div class='ocr_carea' id='block_1_29' title="bbox 486 3049 2061 3129">
    <p class='ocr_par' dir='ltr' id='par_1_29' title="bbox 486 3049 2061 3129">
     <span class='ocr_line' id='line_1_29' title="bbox 486 3049 2061 3129; baseline -0.01 -11"><span class='ocrx_word' id='word_1_205' title='bbox 486 3064 624 3118; x_wconf 83' lang='lat' dir='ltr'><strong>tium</strong></span> <span class='ocrx_word' id='word_1_206' title='bbox 650 3070 735 3118; x_wconf 88' lang='lat' dir='ltr'><strong>est</strong></span> <span class='ocrx_word' id='word_1_207' title='bbox 758 3080 771 3116; x_wconf 92' lang='lat'><strong>:</strong></span> <span class='ocrx_word' id='word_1_208' title='bbox 794 3060 1071 3117; x_wconf 75' lang='lat' dir='ltr'><strong>Credimus</strong></span> <span class='ocrx_word' id='word_1_209' title='bbox 1096 3058 1259 3129; x_wconf 82' lang='lat' dir='ltr'><strong>igitur</strong></span> <span class='ocrx_word' id='word_1_210' title='bbox 1281 3058 1334 3110; x_wconf 86' lang='lat' dir='ltr'><strong>in</strong></span> <span class='ocrx_word' id='word_1_211' title='bbox 1357 3071 1522 3109; x_wconf 83' lang='lat' dir='ltr'><strong>unum</strong></span> <span class='ocrx_word' id='word_1_212' title='bbox 1552 3054 1739 3113; x_wconf 82' lang='lat' dir='ltr'><strong>Deum.</strong></span> <span class='ocrx_word' id='word_1_213' title='bbox 1773 3049 2061 3119; x_wconf 83' lang='lat' dir='ltr'><strong>uuajorem</strong></span> 
     </span>
    </p>
   </div>
   <div class='ocr_carea' id='block_1_30' title="bbox 490 3141 2062 3217">
    <p class='ocr_par' dir='ltr' id='par_1_30' title="bbox 490 3141 2062 3217">
     <span class='ocr_line' id='line_1_30' title="bbox 490 3141 2062 3217; baseline -0.009 -8"><span class='ocrx_word' id='word_1_214' title='bbox 490 3153 705 3209; x_wconf 80' lang='lat' dir='ltr'><strong>Patrem</strong></span> <span class='ocrx_word' id='word_1_215' title='bbox 742 3150 903 3217; x_wconf 76' lang='lat' dir='ltr'><strong>Filio,</strong></span> <span class='ocrx_word' id='word_1_216' title='bbox 944 3165 1126 3205; x_wconf 69' lang='lat' dir='ltr'><strong>causae</strong></span> <span class='ocrx_word' id='word_1_217' title='bbox 1157 3146 1527 3211; x_wconf 58' lang='lat' dir='ltr'><strong>rationenait.</strong></span> <span class='ocrx_word' id='word_1_218' title='bbox 1560 3143 1617 3199; x_wconf 89' lang='lat' dir='ltr'><strong>Si</strong></span> <span class='ocrx_word' id='word_1_219' title='bbox 1668 3142 1832 3212; x_wconf 78' lang='lat' dir='ltr'><strong>igitur</strong></span> <span class='ocrx_word' id='word_1_220' title='bbox 1864 3150 1922 3196; x_wconf 92' lang='lat' dir='ltr'><strong>ut</strong></span> <span class='ocrx_word' id='word_1_221' title='bbox 1978 3141 2062 3195; x_wconf 90' lang='lat' dir='ltr'><strong>di-</strong></span> 
     </span>
    </p>
   </div>
   <div class='ocr_carea' id='block_1_31' title="bbox 438 3231 2068 3308">
    <p class='ocr_par' dir='ltr' id='par_1_31' title="bbox 438 3231 2068 3308">
     <span class='ocr_line' id='line_1_31' title="bbox 438 3231 2068 3308; baseline -0.01 -6"><span class='ocrx_word' id='word_1_222' title='bbox 438 3231 449 3251; x_wconf 75' lang='grc'><em>’</em></span> <span class='ocrx_word' id='word_1_223' title='bbox 490 3258 636 3302; x_wconf 83' lang='lat' dir='ltr'><strong>ctum</strong></span> <span class='ocrx_word' id='word_1_224' title='bbox 669 3255 774 3308; x_wconf 87' lang='lat' dir='ltr'><strong>est,</strong></span> <span class='ocrx_word' id='word_1_225' title='bbox 803 3242 962 3298; x_wconf 88' lang='lat' dir='ltr'><strong>Pater</strong></span> <span class='ocrx_word' id='word_1_226' title='bbox 994 3239 1133 3294; x_wconf 81' lang='lat' dir='ltr'><strong>Filio</strong></span> <span class='ocrx_word' id='word_1_227' title='bbox 1163 3255 1343 3295; x_wconf 80' lang='lat' dir='ltr'><strong>causa:</strong></span> <span class='ocrx_word' id='word_1_228' title='bbox 1370 3237 1582 3292; x_wconf 86' lang='lat' dir='ltr'><strong>ratione</strong></span> <span class='ocrx_word' id='word_1_229' title='bbox 1614 3236 1783 3305; x_wconf 83' lang='lat' dir='ltr'><strong>major</strong></span> <span class='ocrx_word' id='word_1_230' title='bbox 1809 3243 1911 3301; x_wconf 89' lang='lat' dir='ltr'><strong>cst,</strong></span> <span class='ocrx_word' id='word_1_231' title='bbox 1938 3249 2068 3289; x_wconf 87' lang='lat' dir='ltr'><strong>san-</strong></span> 
     </span>
    </p>
   </div>
   <div class='ocr_carea' id='block_1_32' title="bbox 489 3325 2064 3408">
    <p class='ocr_par' dir='ltr' id='par_1_32' title="bbox 489 3325 2064 3408">
     <span class='ocr_line' id='line_1_32' title="bbox 489 3325 2064 3408; baseline -0.01 -15"><span class='ocrx_word' id='word_1_232' title='bbox 489 3348 721 3408; x_wconf 83' lang='lat' dir='ltr'><strong>ctusque</strong></span> <span class='ocrx_word' id='word_1_233' title='bbox 758 3333 1091 3390; x_wconf 67' lang='lat' dir='ltr'><strong>Athanasius</strong></span> <span class='ocrx_word' id='word_1_234' title='bbox 1147 3331 1411 3400; x_wconf 67' lang='lat' dir='ltr'><strong>majorem</strong></span> <span class='ocrx_word' id='word_1_235' title='bbox 1438 3328 1642 3397; x_wconf 80' lang='lat' dir='ltr'><strong>Spiritu</strong></span> <span class='ocrx_word' id='word_1_236' title='bbox 1669 3326 1865 3380; x_wconf 76' lang='lat' dir='ltr'><strong>Filium</strong></span> <span class='ocrx_word' id='word_1_237' title='bbox 1902 3325 2064 3390; x_wconf 77' lang='lat' dir='ltr'><strong>dixit,</strong></span> 
     </span>
    </p>
   </div>
   <div class='ocr_carea' id='block_1_33' title="bbox 489 3417 2065 3499">
    <p class='ocr_par' dir='ltr' id='par_1_33' title="bbox 489 3417 2065 3499">
     <span class='ocr_line' id='line_1_33' title="bbox 489 3417 2065 3499; baseline -0.01 -14"><span class='ocrx_word' id='word_1_238' title='bbox 489 3438 708 3485; x_wconf 82' lang='lat' dir='ltr'><strong>constat</strong></span> <span class='ocrx_word' id='word_1_239' title='bbox 740 3426 1004 3499; x_wconf 79' lang='lat' dir='ltr'><strong>profecto.</strong></span> <span class='ocrx_word' id='word_1_240' title='bbox 1032 3424 1161 3479; x_wconf 83' lang='lat' dir='ltr'><strong>dum</strong></span> <span class='ocrx_word' id='word_1_241' title='bbox 1195 3423 1458 3489; x_wconf 78' lang='lat' dir='ltr'><strong>majorem</strong></span> <span class='ocrx_word' id='word_1_242' title='bbox 1489 3421 1641 3483; x_wconf 88' lang='lat' dir='ltr'><strong>dicit,</strong></span> <span class='ocrx_word' id='word_1_243' title='bbox 1668 3432 1889 3474; x_wconf 86' lang='lat' dir='ltr'><strong>causam</strong></span> <span class='ocrx_word' id='word_1_244' title='bbox 1915 3417 2065 3471; x_wconf 82' lang='lat' dir='ltr'><strong>illum</strong></span> 
     </span>
    </p>
   </div>
   <div class='ocr_carea' id='block_1_34' title="bbox 442 3507 2068 3588">
    <p class='ocr_par' dir='ltr' id='par_1_34' title="bbox 442 3507 2068 3588">
     <span class='ocr_line' id='line_1_34' title="bbox 442 3507 2068 3588; baseline -0.011 -9"><span class='ocrx_word' id='word_1_245' title='bbox 442 3507 449 3511; x_wconf 45' lang='grc'><em>”</em></span> <span class='ocrx_word' id='word_1_246' title='bbox 494 3538 622 3579; x_wconf 81' lang='lat' dir='ltr'><strong>esse</strong></span> <span class='ocrx_word' id='word_1_247' title='bbox 644 3521 817 3577; x_wconf 79' lang='lat' dir='ltr'><strong>sancti</strong></span> <span class='ocrx_word' id='word_1_248' title='bbox 853 3520 1091 3588; x_wconf 80' lang='lat' dir='ltr'><strong>Spiritus</strong></span> <span class='ocrx_word' id='word_1_249' title='bbox 1120 3516 1432 3584; x_wconf 73' lang='lat' dir='ltr'><strong>significare</strong></span> <span class='ocrx_word' id='word_1_250' title='bbox 1466 3513 1723 3568; x_wconf 83' lang='lat' dir='ltr'><strong>voluisse.</strong></span> <span class='ocrx_word' id='word_1_251' title='bbox 1755 3510 1852 3565; x_wconf 87' lang='lat' dir='ltr'><strong>Sin</strong></span> <span class='ocrx_word' id='word_1_252' title='bbox 1886 3517 2068 3565; x_wconf 90' lang='lat' dir='ltr'><strong>autem</strong></span> 
     </span>
    </p>
   </div>
   <div class='ocr_carea' id='block_1_35' title="bbox 489 3600 2070 3674">
    <p class='ocr_par' dir='ltr' id='par_1_35' title="bbox 489 3600 2070 3674">
     <span class='ocr_line' id='line_1_35' title="bbox 489 3600 2070 3674; baseline -0.013 -2"><span class='ocrx_word' id='word_1_253' title='bbox 489 3628 543 3673; x_wconf 88' lang='lat' dir='ltr'><strong>et</strong></span> <span class='ocrx_word' id='word_1_254' title='bbox 567 3614 730 3671; x_wconf 90' lang='lat' dir='ltr'><strong>Pater</strong></span> <span class='ocrx_word' id='word_1_255' title='bbox 767 3613 904 3668; x_wconf 86' lang='lat' dir='ltr'><strong>Filio</strong></span> <span class='ocrx_word' id='word_1_256' title='bbox 928 3610 1287 3666; x_wconf 85' lang='lat' dir='ltr'><strong>humanitatis</strong></span> <span class='ocrx_word' id='word_1_257' title='bbox 1334 3613 1631 3674; x_wconf 70' lang='lat' dir='ltr'><strong>assumpta:</strong></span> <span class='ocrx_word' id='word_1_258' title='bbox 1662 3603 1870 3657; x_wconf 77' lang='lat' dir='ltr'><strong>ratione</strong></span> <span class='ocrx_word' id='word_1_259' title='bbox 1898 3600 2070 3669; x_wconf 87' lang='lat' dir='ltr'><strong>major</strong></span> 
     </span>
    </p>
   </div>
   <div class='ocr_carea' id='block_1_36' title="bbox 490 3698 2069 3779">
    <p class='ocr_par' dir='ltr' id='par_1_36' title="bbox 490 3698 2069 3779">
     <span class='ocr_line' id='line_1_36' title="bbox 490 3698 2069 3779; baseline -0.011 -15"><span class='ocrx_word' id='word_1_260' title='bbox 490 3725 520 3764; x_wconf 90' lang='lat' dir='ltr'><strong>a</strong></span> <span class='ocrx_word' id='word_1_261' title='bbox 578 3708 904 3779; x_wconf 86' lang='lat' dir='ltr'><strong>quibusdam</strong></span> <span class='ocrx_word' id='word_1_262' title='bbox 961 3705 1141 3759; x_wconf 89' lang='lat' dir='ltr'><strong>dictus</strong></span> <span class='ocrx_word' id='word_1_263' title='bbox 1187 3711 1290 3766; x_wconf 88' lang='lat' dir='ltr'><strong>est,</strong></span> <span class='ocrx_word' id='word_1_264' title='bbox 1331 3698 1571 3769; x_wconf 89' lang='lat' dir='ltr'><strong>Spiritus</strong></span> <span class='ocrx_word' id='word_1_265' title='bbox 1629 3703 1848 3750; x_wconf 88' lang='lat' dir='ltr'><strong>sanctus</strong></span> <span class='ocrx_word' id='word_1_266' title='bbox 1921 3701 2069 3747; x_wconf 88' lang='lat' dir='ltr'><strong>certe</strong></span> 
     </span>
    </p>
   </div>
   <div class='ocr_carea' id='block_1_37' title="bbox 491 3781 2070 3859">
    <p class='ocr_par' dir='ltr' id='par_1_37' title="bbox 491 3781 2070 3859">
     <span class='ocr_line' id='line_1_37' title="bbox 491 3781 2070 3859; baseline -0.013 -3"><span class='ocrx_word' id='word_1_267' title='bbox 491 3802 805 3855; x_wconf 88' lang='lat' dir='ltr'><strong>incarnatus</strong></span> <span class='ocrx_word' id='word_1_268' title='bbox 833 3811 941 3851; x_wconf 87' lang='lat' dir='ltr'><strong>non</strong></span> <span class='ocrx_word' id='word_1_269' title='bbox 976 3803 1080 3859; x_wconf 89' lang='lat' dir='ltr'><strong>est,</strong></span> <span class='ocrx_word' id='word_1_270' title='bbox 1114 3800 1171 3845; x_wconf 91' lang='lat' dir='ltr'><strong>ut</strong></span> <span class='ocrx_word' id='word_1_271' title='bbox 1203 3791 1382 3845; x_wconf 90' lang='lat' dir='ltr'><strong>minor</strong></span> <span class='ocrx_word' id='word_1_272' title='bbox 1411 3787 1549 3842; x_wconf 88' lang='lat' dir='ltr'><strong>Filio</strong></span> <span class='ocrx_word' id='word_1_273' title='bbox 1594 3793 1859 3854; x_wconf 79' lang='lat' dir='ltr'><strong>susceptae</strong></span> <span class='ocrx_word' id='word_1_274' title='bbox 1885 3781 2070 3836; x_wconf 90' lang='lat' dir='ltr'><strong>carnis</strong></span> 
     </span>
    </p>
   </div>
   <div class='ocr_carea' id='block_1_38' title="bbox 488 3890 925 3961">
    <p class='ocr_par' dir='ltr' id='par_1_38' title="bbox 488 3890 925 3961">
     <span class='ocr_line' id='line_1_38' title="bbox 488 3890 925 3961; baseline -0.007 -15"><span class='ocrx_word' id='word_1_275' title='bbox 488 3890 663 3961; x_wconf 77' lang='lat' dir='ltr'><strong>gratia</strong></span> <span class='ocrx_word' id='word_1_276' title='bbox 689 3890 925 3946; x_wconf 83' lang='lat' dir='ltr'><strong>dicatur.</strong></span> 
     </span>
    </p>
   </div>
   <div class='ocr_carea' id='block_1_39' title="bbox 562 3967 2069 4047">
    <p class='ocr_par' dir='ltr' id='par_1_39' title="bbox 562 3967 2069 4047">
     <span class='ocr_line' id='line_1_39' title="bbox 562 3967 2069 4047; baseline -0.009 -12"><span class='ocrx_word' id='word_1_277' title='bbox 562 3980 677 4035; x_wconf 84' lang='lat' dir='ltr'><strong>Etsi</strong></span> <span class='ocrx_word' id='word_1_278' title='bbox 704 3982 851 4034; x_wconf 84' lang='lat' dir='ltr'><strong>enim</strong></span> <span class='ocrx_word' id='word_1_279' title='bbox 892 3994 1119 4047; x_wconf 79' lang='lat' dir='ltr'><strong>magnus</strong></span> <span class='ocrx_word' id='word_1_280' title='bbox 1151 3975 1384 4031; x_wconf 88' lang='lat' dir='ltr'><strong>Basilius</strong></span> <span class='ocrx_word' id='word_1_281' title='bbox 1433 3974 1486 4027; x_wconf 91' lang='lat' dir='ltr'><strong>in</strong></span> <span class='ocrx_word' id='word_1_282' title='bbox 1520 3969 1690 4025; x_wconf 75' lang='lat' dir='ltr'><strong>lib.|\&quot;</strong></span> <span class='ocrx_word' id='word_1_283' title='bbox 1728 3969 1923 4025; x_wconf 83' lang='lat' dir='ltr'><strong>Contra</strong></span> <span class='ocrx_word' id='word_1_284' title='bbox 1955 3967 2069 4022; x_wconf 85' lang='lat' dir='ltr'><strong>Eu-</strong></span> 
     </span>
    </p>
   </div>
   <div class='ocr_carea' id='block_1_40' title="bbox 491 4060 2064 4138">
    <p class='ocr_par' dir='ltr' id='par_1_40' title="bbox 491 4060 2064 4138">
     <span class='ocr_line' id='line_1_40' title="bbox 491 4060 2064 4138; baseline -0.007 -13"><span class='ocrx_word' id='word_1_285' title='bbox 491 4070 724 4125; x_wconf 73' lang='lat' dir='ltr'><strong>nontium</strong></span> <span class='ocrx_word' id='word_1_286' title='bbox 748 4069 891 4138; x_wconf 84' lang='lat' dir='ltr'><strong>quod</strong></span> <span class='ocrx_word' id='word_1_287' title='bbox 912 4069 1115 4124; x_wconf 83' lang='lat' dir='ltr'><strong>dicitur</strong></span> <span class='ocrx_word' id='word_1_288' title='bbox 1145 4067 1322 4137; x_wconf 86' lang='lat' dir='ltr'><strong>majus</strong></span> <span class='ocrx_word' id='word_1_289' title='bbox 1355 4065 1657 4123; x_wconf 89' lang='lat' dir='ltr'><strong>secundum</strong></span> <span class='ocrx_word' id='word_1_290' title='bbox 1687 4077 1914 4117; x_wconf 83' lang='lat' dir='ltr'><strong>causam</strong></span> <span class='ocrx_word' id='word_1_291' title='bbox 1945 4060 2064 4132; x_wconf 62' lang='grc'>(24)</span> 
     </span>
    </p>
   </div>
   <div class='ocr_carea' id='block_1_41' title="bbox 491 4157 2066 4229">
    <p class='ocr_par' dir='ltr' id='par_1_41' title="bbox 491 4157 2066 4229">
     <span class='ocr_line' id='line_1_41' title="bbox 491 4157 2066 4229; baseline -0.008 -10"><span class='ocrx_word' id='word_1_292' title='bbox 491 4166 547 4219; x_wconf 89' lang='lat' dir='ltr'><strong>in</strong></span> <span class='ocrx_word' id='word_1_293' title='bbox 580 4165 744 4220; x_wconf 85' lang='lat' dir='ltr'><strong>Patre</strong></span> <span class='ocrx_word' id='word_1_294' title='bbox 779 4179 1007 4220; x_wconf 86' lang='lat' dir='ltr'><strong>renuere</strong></span> <span class='ocrx_word' id='word_1_295' title='bbox 1032 4163 1281 4219; x_wconf 75' lang='lat' dir='ltr'><strong>videtur:</strong></span> <span class='ocrx_word' id='word_1_296' title='bbox 1313 4159 1627 4229; x_wconf 87' lang='lat' dir='ltr'><strong>bujusmodi</strong></span> <span class='ocrx_word' id='word_1_297' title='bbox 1685 4157 1795 4211; x_wconf 74' lang='lat' dir='ltr'><strong>iilic</strong></span> <span class='ocrx_word' id='word_1_298' title='bbox 1844 4171 2066 4211; x_wconf 87' lang='lat' dir='ltr'><strong>causam</strong></span> 
     </span>
    </p>
   </div>
   <div class='ocr_carea' id='block_1_42' title="bbox 491 4253 2071 4329">
    <p class='ocr_par' dir='ltr' id='par_1_42' title="bbox 491 4253 2071 4329">
     <span class='ocr_line' id='line_1_42' title="bbox 491 4253 2071 4329; baseline -0.006 -17"><span class='ocrx_word' id='word_1_299' title='bbox 491 4267 722 4313; x_wconf 83' lang='lat' dir='ltr'><strong>sanctus</strong></span> <span class='ocrx_word' id='word_1_300' title='bbox 779 4256 1079 4321; x_wconf 82' lang='lat' dir='ltr'><strong>interdicit,</strong></span> <span class='ocrx_word' id='word_1_301' title='bbox 1141 4269 1261 4325; x_wconf 72' lang='lat' dir='ltr'><strong>qua:</strong></span> <span class='ocrx_word' id='word_1_302' title='bbox 1322 4253 1622 4329; x_wconf 83' lang='lat' dir='ltr'><strong>secundum</strong></span> <span class='ocrx_word' id='word_1_303' title='bbox 1684 4261 1917 4318; x_wconf 86' lang='lat' dir='ltr'><strong>tempus,</strong></span> <span class='ocrx_word' id='word_1_304' title='bbox 1976 4258 2071 4303; x_wconf 88' lang='lat' dir='ltr'><strong>aut</strong></span> 
     </span>
    </p>
   </div>
   <div class='ocr_carea' id='block_1_43' title="bbox 493 4340 2069 4415">
    <p class='ocr_par' dir='ltr' id='par_1_43' title="bbox 493 4340 2069 4415">
     <span class='ocr_line' id='line_1_43' title="bbox 493 4340 2069 4415; baseline -0.004 -14"><span class='ocrx_word' id='word_1_305' title='bbox 493 4346 947 4415; x_wconf 80' lang='lat' dir='ltr'><strong>magnitudinem,</strong></span> <span class='ocrx_word' id='word_1_306' title='bbox 978 4355 1073 4400; x_wconf 90' lang='lat' dir='ltr'><strong>aut</strong></span> <span class='ocrx_word' id='word_1_307' title='bbox 1106 4345 1269 4399; x_wconf 91' lang='lat' dir='ltr'><strong>aliam</strong></span> <span class='ocrx_word' id='word_1_308' title='bbox 1302 4341 1608 4412; x_wconf 81' lang='lat' dir='ltr'><strong>quamlibet</strong></span> <span class='ocrx_word' id='word_1_309' title='bbox 1653 4340 1705 4393; x_wconf 93' lang='lat' dir='ltr'><strong>id</strong></span> <span class='ocrx_word' id='word_1_310' title='bbox 1756 4357 1928 4410; x_wconf 77' lang='lat' dir='ltr'><strong>genus</strong></span> <span class='ocrx_word' id='word_1_311' title='bbox 1981 4357 2069 4395; x_wconf 81' lang='lat' dir='ltr'><strong>ex-</strong></span> 
     </span>
    </p>
   </div>
   <div class='ocr_carea' id='block_1_44' title="bbox 493 4432 2070 4508">
    <p class='ocr_par' dir='ltr' id='par_1_44' title="bbox 493 4432 2070 4508">
     <span class='ocr_line' id='line_1_44' title="bbox 493 4432 2070 4508; baseline -0.006 -13"><span class='ocrx_word' id='word_1_312' title='bbox 493 4439 799 4495; x_wconf 84' lang='lat' dir='ltr'><strong>cellentiam</strong></span> <span class='ocrx_word' id='word_1_313' title='bbox 831 4438 1047 4492; x_wconf 90' lang='lat' dir='ltr'><strong>causale</strong></span> <span class='ocrx_word' id='word_1_314' title='bbox 1076 4436 1365 4507; x_wconf 65' lang='lat' dir='ltr'><strong>praecedat,</strong></span> <span class='ocrx_word' id='word_1_315' title='bbox 1418 4435 1600 4504; x_wconf 85' lang='lat' dir='ltr'><strong>sitque</strong></span> <span class='ocrx_word' id='word_1_316' title='bbox 1626 4432 1718 4487; x_wconf 87' lang='lat' dir='ltr'><strong>illo</strong></span> <span class='ocrx_word' id='word_1_317' title='bbox 1774 4435 2070 4508; x_wconf 66' lang='lat' dir='ltr'><strong>honorabi-</strong></span> 
     </span>
    </p>
   </div>
   <div class='ocr_carea' id='block_1_45' title="bbox 491 4524 2064 4597">
    <p class='ocr_par' dir='ltr' id='par_1_45' title="bbox 491 4524 2064 4597">
     <span class='ocr_line' id='line_1_45' title="bbox 491 4524 2064 4597; baseline -0.004 -11"><span class='ocrx_word' id='word_1_318' title='bbox 491 4532 617 4595; x_wconf 86' lang='lat' dir='ltr'><strong>lior,</strong></span> <span class='ocrx_word' id='word_1_319' title='bbox 640 4546 747 4585; x_wconf 87' lang='lat' dir='ltr'><strong>non</strong></span> <span class='ocrx_word' id='word_1_320' title='bbox 777 4539 954 4584; x_wconf 89' lang='lat' dir='ltr'><strong>tamen</strong></span> <span class='ocrx_word' id='word_1_321' title='bbox 978 4528 1195 4584; x_wconf 82' lang='lat' dir='ltr'><strong>Patrem</strong></span> <span class='ocrx_word' id='word_1_322' title='bbox 1227 4525 1350 4581; x_wconf 84' lang='lat' dir='ltr'><strong>Filii</strong></span> <span class='ocrx_word' id='word_1_323' title='bbox 1368 4540 1488 4582; x_wconf 88' lang='lat' dir='ltr'><strong>esse</strong></span> <span class='ocrx_word' id='word_1_324' title='bbox 1514 4524 1839 4595; x_wconf 82' lang='lat' dir='ltr'><strong>principium</strong></span> <span class='ocrx_word' id='word_1_325' title='bbox 1867 4536 2026 4597; x_wconf 85' lang='lat' dir='ltr'><strong>negat</strong></span> <span class='ocrx_word' id='word_1_326' title='bbox 2052 4543 2064 4590; x_wconf 91' lang='lat'><strong>;</strong></span> 
     </span>
    </p>
   </div>
   <div class='ocr_carea' id='block_1_46' title="bbox 2170 683 3738 753">
    <p class='ocr_par' dir='ltr' id='par_1_46' title="bbox 2170 683 3738 753">
     <span class='ocr_line' id='line_1_46' title="bbox 2170 683 3738 753; baseline 0.001 -15"><span class='ocrx_word' id='word_1_327' title='bbox 2170 683 2643 739; x_wconf 88' lang='lat' dir='ltr'><strong>consubstantiale</strong></span> <span class='ocrx_word' id='word_1_328' title='bbox 2681 697 2824 748; x_wconf 82' lang='lat' dir='ltr'><strong>esse,</strong></span> <span class='ocrx_word' id='word_1_329' title='bbox 2854 699 2923 738; x_wconf 78' lang='lat' dir='ltr'><strong>ex</strong></span> <span class='ocrx_word' id='word_1_330' title='bbox 2984 698 3095 752; x_wconf 88' lang='lat' dir='ltr'><strong>quo</strong></span> <span class='ocrx_word' id='word_1_331' title='bbox 3163 691 3269 746; x_wconf 87' lang='lat' dir='ltr'><strong>est,</strong></span> <span class='ocrx_word' id='word_1_332' title='bbox 3317 685 3566 753; x_wconf 76' lang='lat' dir='ltr'><strong>profecto</strong></span> <span class='ocrx_word' id='word_1_333' title='bbox 3632 701 3738 740; x_wconf 82' lang='lat' dir='ltr'><strong>non</strong></span> 
     </span>
    </p>
   </div>
   <div class='ocr_carea' id='block_1_47' title="bbox 2170 771 3740 845">
    <p class='ocr_par' dir='ltr' id='par_1_47' title="bbox 2170 771 3740 845">
     <span class='ocr_line' id='line_1_47' title="bbox 2170 771 3740 845; baseline -0.002 -16"><span class='ocrx_word' id='word_1_334' title='bbox 2170 775 2444 831; x_wconf 86' lang='lat' dir='ltr'><strong>recusabit</strong></span> <span class='ocrx_word' id='word_1_335' title='bbox 2471 775 2769 845; x_wconf 64' lang='lat' dir='ltr'><strong>praeclarus</strong></span> <span class='ocrx_word' id='word_1_336' title='bbox 2817 775 3009 830; x_wconf 78' lang='lat' dir='ltr'><strong>douor</strong></span> <span class='ocrx_word' id='word_1_337' title='bbox 3042 773 3258 829; x_wconf 84' lang='lat' dir='ltr'><strong>Patrem</strong></span> <span class='ocrx_word' id='word_1_338' title='bbox 3294 771 3436 829; x_wconf 78' lang='lat' dir='ltr'><strong>Filio</strong></span> <span class='ocrx_word' id='word_1_339' title='bbox 3478 776 3740 843; x_wconf 83' lang='lat' dir='ltr'><strong>majorem</strong></span> 
     </span>
    </p>
   </div>
   <div class='ocr_carea' id='block_1_48' title="bbox 2170 865 3741 935">
    <p class='ocr_par' dir='ltr' id='par_1_48' title="bbox 2170 865 3741 935">
     <span class='ocr_line' id='line_1_48' title="bbox 2170 865 3741 935; baseline -0.001 -15"><span class='ocrx_word' id='word_1_340' title='bbox 2170 880 2352 922; x_wconf 81' lang='lat' dir='ltr'><strong>causae</strong></span> <span class='ocrx_word' id='word_1_341' title='bbox 2389 867 2599 923; x_wconf 91' lang='lat' dir='ltr'><strong>ratione</strong></span> <span class='ocrx_word' id='word_1_342' title='bbox 2624 867 2830 930; x_wconf 85' lang='lat' dir='ltr'><strong>dicere,</strong></span> <span class='ocrx_word' id='word_1_343' title='bbox 2863 866 2928 920; x_wconf 91' lang='lat' dir='ltr'><strong>ad</strong></span> <span class='ocrx_word' id='word_1_344' title='bbox 2961 881 3058 921; x_wconf 90' lang='lat' dir='ltr'><strong>eos</strong></span> <span class='ocrx_word' id='word_1_345' title='bbox 3112 865 3441 935; x_wconf 73' lang='lat' dir='ltr'><strong>prmsertim,</strong></span> <span class='ocrx_word' id='word_1_346' title='bbox 3472 866 3567 935; x_wconf 86' lang='lat' dir='ltr'><strong>qui</strong></span> <span class='ocrx_word' id='word_1_347' title='bbox 3632 881 3741 919; x_wconf 87' lang='lat' dir='ltr'><strong>ma—</strong></span> 
     </span>
    </p>
   </div>
   <div class='ocr_carea' id='block_1_49' title="bbox 2169 955 3745 1029">
    <p class='ocr_par' dir='ltr' id='par_1_49' title="bbox 2169 955 3745 1029">
     <span class='ocr_line' id='line_1_49' title="bbox 2169 955 3745 1029; baseline -0.002 -18"><span class='ocrx_word' id='word_1_348' title='bbox 2169 957 2258 1025; x_wconf 88' lang='lat' dir='ltr'><strong>jus</strong></span> <span class='ocrx_word' id='word_1_349' title='bbox 2289 959 2433 1029; x_wconf 85' lang='lat' dir='ltr'><strong>quod</strong></span> <span class='ocrx_word' id='word_1_350' title='bbox 2456 958 2656 1014; x_wconf 91' lang='lat' dir='ltr'><strong>dicitur</strong></span> <span class='ocrx_word' id='word_1_351' title='bbox 2691 959 2777 1028; x_wconf 92' lang='lat' dir='ltr'><strong>pie</strong></span> <span class='ocrx_word' id='word_1_352' title='bbox 2829 958 3156 1027; x_wconf 85' lang='lat' dir='ltr'><strong>suscipiunt,</strong></span> <span class='ocrx_word' id='word_1_353' title='bbox 3247 972 3422 1025; x_wconf 87' lang='lat' dir='ltr'><strong>neque</strong></span> <span class='ocrx_word' id='word_1_354' title='bbox 3451 971 3517 1011; x_wconf 80' lang='lat' dir='ltr'><strong>ex</strong></span> <span class='ocrx_word' id='word_1_355' title='bbox 3571 955 3745 1009; x_wconf 81' lang='lat' dir='ltr'><strong>nomi-</strong></span> 
     </span>
    </p>
   </div>
   <div class='ocr_carea' id='block_1_50' title="bbox 2171 1043 3746 1117">
    <p class='ocr_par' dir='ltr' id='par_1_50' title="bbox 2171 1043 3746 1117">
     <span class='ocr_line' id='line_1_50' title="bbox 2171 1043 3746 1117; baseline -0.001 -17"><span class='ocrx_word' id='word_1_356' title='bbox 2171 1047 2336 1102; x_wconf 89' lang='lat' dir='ltr'><strong>nibus</strong></span> <span class='ocrx_word' id='word_1_357' title='bbox 2364 1046 2714 1117; x_wconf 68' lang='lat' dir='ltr'><strong>blasphemiae</strong></span> <span class='ocrx_word' id='word_1_358' title='bbox 2745 1049 3063 1102; x_wconf 81' lang='lat' dir='ltr'><strong>occasiones</strong></span> <span class='ocrx_word' id='word_1_359' title='bbox 3110 1054 3477 1116; x_wconf 88' lang='lat' dir='ltr'><strong>aucupantur.</strong></span> <span class='ocrx_word' id='word_1_360' title='bbox 3536 1043 3746 1099; x_wconf 88' lang='lat' dir='ltr'><strong>Idcirco</strong></span> 
     </span>
    </p>
   </div>
   <div class='ocr_carea' id='block_1_51' title="bbox 2167 1134 3746 1205">
    <p class='ocr_par' dir='ltr' id='par_1_51' title="bbox 2167 1134 3746 1205">
     <span class='ocr_line' id='line_1_51' title="bbox 2167 1134 3746 1205; baseline -0.001 -12"><span class='ocrx_word' id='word_1_361' title='bbox 2167 1147 2221 1193; x_wconf 88' lang='lat' dir='ltr'><strong>et</strong></span> <span class='ocrx_word' id='word_1_362' title='bbox 2257 1137 2318 1194; x_wconf 92' lang='lat' dir='ltr'><strong>D.</strong></span> <span class='ocrx_word' id='word_1_363' title='bbox 2374 1138 2731 1200; x_wconf 86' lang='lat' dir='ltr'><strong>Athanasius,</strong></span> <span class='ocrx_word' id='word_1_364' title='bbox 2803 1153 2927 1194; x_wconf 86' lang='lat' dir='ltr'><strong>cum</strong></span> <span class='ocrx_word' id='word_1_365' title='bbox 2996 1137 3225 1193; x_wconf 82' lang='lat' dir='ltr'><strong>dixisset</strong></span> <span class='ocrx_word' id='word_1_366' title='bbox 3278 1135 3472 1192; x_wconf 83' lang='lat' dir='ltr'><strong>Filium</strong></span> <span class='ocrx_word' id='word_1_367' title='bbox 3536 1134 3746 1205; x_wconf 85' lang='lat' dir='ltr'><strong>Spiritu</strong></span> 
     </span>
    </p>
   </div>
   <div class='ocr_carea' id='block_1_52' title="bbox 2171 1229 3745 1301">
    <p class='ocr_par' dir='ltr' id='par_1_52' title="bbox 2171 1229 3745 1301">
     <span class='ocr_line' id='line_1_52' title="bbox 2171 1229 3745 1301; baseline -0.003 -16"><span class='ocrx_word' id='word_1_368' title='bbox 2171 1231 2458 1301; x_wconf 85' lang='lat' dir='ltr'><strong>majorem,</strong></span> <span class='ocrx_word' id='word_1_369' title='bbox 2481 1229 2644 1285; x_wconf 89' lang='lat' dir='ltr'><strong>etiam</strong></span> <span class='ocrx_word' id='word_1_370' title='bbox 2670 1230 2924 1299; x_wconf 69' lang='lat' dir='ltr'><strong>a’qualcm</strong></span> <span class='ocrx_word' id='word_1_371' title='bbox 2955 1229 3179 1290; x_wconf 88' lang='lat' dir='ltr'><strong>addidit.</strong></span> <span class='ocrx_word' id='word_1_372' title='bbox 3209 1238 3268 1283; x_wconf 82' lang='lat' dir='ltr'><strong>ut</strong></span> <span class='ocrx_word' id='word_1_373' title='bbox 3291 1243 3505 1283; x_wconf 88' lang='lat' dir='ltr'><strong>omnem</strong></span> <span class='ocrx_word' id='word_1_374' title='bbox 3537 1230 3745 1283; x_wconf 90' lang='lat' dir='ltr'><strong>aditum</strong></span> 
     </span>
    </p>
   </div>
   <div class='ocr_carea' id='block_1_53' title="bbox 2168 1319 3748 1392">
    <p class='ocr_par' dir='ltr' id='par_1_53' title="bbox 2168 1319 3748 1392">
     <span class='ocr_line' id='line_1_53' title="bbox 2168 1319 3748 1392; baseline -0.001 -15"><span class='ocrx_word' id='word_1_375' title='bbox 2168 1322 2517 1392; x_wconf 69' lang='lat' dir='ltr'><strong>blasphemia:</strong></span> <span class='ocrx_word' id='word_1_376' title='bbox 2539 1325 2868 1379; x_wconf 80' lang='lat' dir='ltr'><strong>Obstrueret.</strong></span> <span class='ocrx_word' id='word_1_377' title='bbox 2899 1321 3164 1388; x_wconf 87' lang='lat' dir='ltr'><strong>Quoniam</strong></span> <span class='ocrx_word' id='word_1_378' title='bbox 3200 1321 3365 1391; x_wconf 77' lang='lat' dir='ltr'><strong>igitur</strong></span> <span class='ocrx_word' id='word_1_379' title='bbox 3391 1322 3562 1391; x_wconf 92' lang='lat' dir='ltr'><strong>major</strong></span> <span class='ocrx_word' id='word_1_380' title='bbox 3605 1319 3748 1376; x_wconf 88' lang='lat' dir='ltr'><strong>Filio</strong></span> 
     </span>
    </p>
   </div>
   <div class='ocr_carea' id='block_1_54' title="bbox 2168 1412 3747 1485">
    <p class='ocr_par' dir='ltr' id='par_1_54' title="bbox 2168 1412 3747 1485">
     <span class='ocr_line' id='line_1_54' title="bbox 2168 1412 3747 1485; baseline -0.001 -17"><span class='ocrx_word' id='word_1_381' title='bbox 2168 1415 2350 1480; x_wconf 88' lang='lat' dir='ltr'><strong>Pater,</strong></span> <span class='ocrx_word' id='word_1_382' title='bbox 2386 1414 2669 1485; x_wconf 78' lang='lat' dir='ltr'><strong>Filiusque</strong></span> <span class='ocrx_word' id='word_1_383' title='bbox 2708 1414 2917 1484; x_wconf 87' lang='lat' dir='ltr'><strong>Spiritu</strong></span> <span class='ocrx_word' id='word_1_384' title='bbox 2949 1428 3129 1468; x_wconf 74' lang='lat' dir='ltr'><strong>causa:</strong></span> <span class='ocrx_word' id='word_1_385' title='bbox 3178 1413 3391 1467; x_wconf 85' lang='lat' dir='ltr'><strong>ratione</strong></span> <span class='ocrx_word' id='word_1_386' title='bbox 3417 1412 3595 1467; x_wconf 87' lang='lat' dir='ltr'><strong>dictus</strong></span> <span class='ocrx_word' id='word_1_387' title='bbox 3634 1421 3747 1477; x_wconf 85' lang='lat' dir='ltr'><strong>cst,</strong></span> 
     </span>
    </p>
   </div>
   <div class='ocr_carea' id='block_1_55' title="bbox 2173 1503 3749 1578">
    <p class='ocr_par' dir='ltr' id='par_1_55' title="bbox 2173 1503 3749 1578">
     <span class='ocr_line' id='line_1_55' title="bbox 2173 1503 3749 1578; baseline -0.003 -15"><span class='ocrx_word' id='word_1_388' title='bbox 2173 1508 2345 1563; x_wconf 87' lang='lat' dir='ltr'><strong>Filius</strong></span> <span class='ocrx_word' id='word_1_389' title='bbox 2378 1524 2509 1578; x_wconf 82' lang='lat' dir='ltr'><strong>ergo</strong></span> <span class='ocrx_word' id='word_1_390' title='bbox 2541 1507 2784 1578; x_wconf 83' lang='lat' dir='ltr'><strong>Spiritus</strong></span> <span class='ocrx_word' id='word_1_391' title='bbox 2817 1508 2987 1562; x_wconf 88' lang='lat' dir='ltr'><strong>sancti</strong></span> <span class='ocrx_word' id='word_1_392' title='bbox 3020 1520 3185 1560; x_wconf 87' lang='lat' dir='ltr'><strong>causa</strong></span> <span class='ocrx_word' id='word_1_393' title='bbox 3210 1513 3313 1566; x_wconf 89' lang='lat' dir='ltr'><strong>est,</strong></span> <span class='ocrx_word' id='word_1_394' title='bbox 3367 1504 3471 1558; x_wconf 89' lang='lat' dir='ltr'><strong>etsi</strong></span> <span class='ocrx_word' id='word_1_395' title='bbox 3510 1503 3634 1558; x_wconf 83' lang='lat' dir='ltr'><strong>Filii</strong></span> <span class='ocrx_word' id='word_1_396' title='bbox 3685 1518 3749 1559; x_wconf 83' lang='lat' dir='ltr'><strong>ac</strong></span> 
     </span>
    </p>
   </div>
   <div class='ocr_carea' id='block_1_56' title="bbox 2166 1597 3752 1670">
    <p class='ocr_par' dir='ltr' id='par_1_56' title="bbox 2166 1597 3752 1670">
     <span class='ocr_line' id='line_1_56' title="bbox 2166 1597 3752 1670; baseline -0.004 -14"><span class='ocrx_word' id='word_1_397' title='bbox 2166 1602 2343 1656; x_wconf 79' lang='lat' dir='ltr'><strong>sancti</strong></span> <span class='ocrx_word' id='word_1_398' title='bbox 2382 1600 2622 1670; x_wconf 77' lang='lat' dir='ltr'><strong>Spiritus</strong></span> <span class='ocrx_word' id='word_1_399' title='bbox 2644 1599 2827 1653; x_wconf 86' lang='lat' dir='ltr'><strong>omnia</strong></span> <span class='ocrx_word' id='word_1_400' title='bbox 2864 1599 2929 1652; x_wconf 88' lang='lat' dir='ltr'><strong>ad</strong></span> <span class='ocrx_word' id='word_1_401' title='bbox 2967 1597 3181 1651; x_wconf 86' lang='lat' dir='ltr'><strong>Patrem</strong></span> <span class='ocrx_word' id='word_1_402' title='bbox 3246 1597 3503 1661; x_wconf 83' lang='lat' dir='ltr'><strong>retiuant,</strong></span> <span class='ocrx_word' id='word_1_403' title='bbox 3539 1610 3601 1650; x_wconf 78' lang='lat' dir='ltr'><strong>ex</strong></span> <span class='ocrx_word' id='word_1_404' title='bbox 3637 1610 3752 1665; x_wconf 89' lang='lat' dir='ltr'><strong>quo</strong></span> 
     </span>
    </p>
   </div>
   <div class='ocr_carea' id='block_1_57' title="bbox 2167 1691 3176 1758">
    <p class='ocr_par' dir='ltr' id='par_1_57' title="bbox 2167 1691 3176 1758">
     <span class='ocr_line' id='line_1_57' title="bbox 2167 1691 3176 1758; baseline -0.007 -11"><span class='ocrx_word' id='word_1_405' title='bbox 2167 1693 2278 1747; x_wconf 90' lang='lat' dir='ltr'><strong>illis</strong></span> <span class='ocrx_word' id='word_1_406' title='bbox 2313 1702 2366 1746; x_wconf 92' lang='lat' dir='ltr'><strong>ct</strong></span> <span class='ocrx_word' id='word_1_407' title='bbox 2388 1707 2529 1756; x_wconf 80' lang='lat' dir='ltr'><strong>esse,</strong></span> <span class='ocrx_word' id='word_1_408' title='bbox 2557 1699 2609 1746; x_wconf 89' lang='lat' dir='ltr'><strong>et</strong></span> <span class='ocrx_word' id='word_1_409' title='bbox 2641 1691 2877 1758; x_wconf 62' lang='lat' dir='ltr'><strong>atquales</strong></span> <span class='ocrx_word' id='word_1_410' title='bbox 2910 1697 3176 1755; x_wconf 80' lang='lat' dir='ltr'><strong>essc,cst.</strong></span> 
     </span>
    </p>
   </div>
   <div class='ocr_carea' id='block_1_58' title="bbox 2248 1778 3751 1855">
    <p class='ocr_par' dir='ltr' id='par_1_58' title="bbox 2248 1778 3751 1855">
     <span class='ocr_line' id='line_1_58' title="bbox 2248 1778 3751 1855; baseline -0.005 -17"><span class='ocrx_word' id='word_1_411' title='bbox 2248 1783 2481 1852; x_wconf 69' lang='lat' dir='ltr'><strong>Magnus</strong></span> <span class='ocrx_word' id='word_1_412' title='bbox 2531 1793 2791 1855; x_wconf 68' lang='lat' dir='ltr'><strong>praeterea</strong></span> <span class='ocrx_word' id='word_1_413' title='bbox 2843 1779 3079 1835; x_wconf 88' lang='lat' dir='ltr'><strong>Basilius</strong></span> <span class='ocrx_word' id='word_1_414' title='bbox 3129 1779 3182 1833; x_wconf 91' lang='lat' dir='ltr'><strong>in</strong></span> <span class='ocrx_word' id='word_1_415' title='bbox 3227 1779 3321 1833; x_wconf 82' lang='lat' dir='ltr'><strong>iib.</strong></span> <span class='ocrx_word' id='word_1_416' title='bbox 3375 1794 3433 1834; x_wconf 86' lang='grc' dir='ltr'><strong>ιιι</strong></span> <span class='ocrx_word' id='word_1_417' title='bbox 3478 1778 3751 1845; x_wconf 66' lang='grc' dir='ltr'><strong>Ωιιατιὶο-</strong></span> 
     </span>
    </p>
   </div>
   <div class='ocr_carea' id='block_1_59' title="bbox 2166 1870 3752 1948">
    <p class='ocr_par' dir='ltr' id='par_1_59' title="bbox 2166 1870 3752 1948">
     <span class='ocr_line' id='line_1_59' title="bbox 2166 1870 3752 1948; baseline -0.004 -17"><span class='ocrx_word' id='word_1_418' title='bbox 2166 1895 2291 1932; x_wconf 84' lang='lat' dir='ltr'><strong>num</strong></span> <span class='ocrx_word' id='word_1_419' title='bbox 2311 1876 2617 1948; x_wconf 73' lang='lat' dir='ltr'><strong>(25),cujus</strong></span> <span class='ocrx_word' id='word_1_420' title='bbox 2635 1876 2849 1930; x_wconf 89' lang='lat' dir='ltr'><strong>initium</strong></span> <span class='ocrx_word' id='word_1_421' title='bbox 2869 1885 2981 1929; x_wconf 88' lang='lat' dir='ltr'><strong>est:</strong></span> <span class='ocrx_word' id='word_1_422' title='bbox 3009 1873 3113 1928; x_wconf 77' lang='lat' dir='ltr'><strong>Via:</strong></span> <span class='ocrx_word' id='word_1_423' title='bbox 3131 1875 3345 1927; x_wconf 74' lang='lat' dir='ltr'><strong>tandem</strong></span> <span class='ocrx_word' id='word_1_424' title='bbox 3365 1872 3616 1925; x_wconf 79' lang='lat' dir='ltr'><strong>satiatus.</strong></span> <span class='ocrx_word' id='word_1_425' title='bbox 3641 1870 3752 1924; x_wconf 81' lang='lat' dir='ltr'><strong>Illic</strong></span> 
     </span>
    </p>
   </div>
   <div class='ocr_carea' id='block_1_60' title="bbox 2168 1961 3750 2041">
    <p class='ocr_par' dir='ltr' id='par_1_60' title="bbox 2168 1961 3750 2041">
     <span class='ocr_line' id='line_1_60' title="bbox 2168 1961 3750 2041; baseline -0.006 -17"><span class='ocrx_word' id='word_1_426' title='bbox 2168 1970 2313 2025; x_wconf 89' lang='lat' dir='ltr'><strong>enim</strong></span> <span class='ocrx_word' id='word_1_427' title='bbox 2350 1968 2618 2023; x_wconf 85' lang='lat' dir='ltr'><strong>Eunomio</strong></span> <span class='ocrx_word' id='word_1_428' title='bbox 2652 1966 2916 2041; x_wconf 82' lang='lat' dir='ltr'><strong>Spiritum</strong></span> <span class='ocrx_word' id='word_1_429' title='bbox 2945 1972 3198 2021; x_wconf 88' lang='lat' dir='ltr'><strong>sanctum</strong></span> <span class='ocrx_word' id='word_1_430' title='bbox 3267 1970 3461 2016; x_wconf 86' lang='lat' dir='ltr'><strong>natura</strong></span> <span class='ocrx_word' id='word_1_431' title='bbox 3523 1961 3750 2016; x_wconf 87' lang='lat' dir='ltr'><strong>tertium</strong></span> 
     </span>
    </p>
   </div>
   <div class='ocr_carea' id='block_1_61' title="bbox 2167 2050 3755 2126">
    <p class='ocr_par' dir='ltr' id='par_1_61' title="bbox 2167 2050 3755 2126">
     <span class='ocr_line' id='line_1_61' title="bbox 2167 2050 3755 2126; baseline -0.009 -12"><span class='ocrx_word' id='word_1_432' title='bbox 2167 2073 2291 2115; x_wconf 89' lang='lat' dir='ltr'><strong>esse</strong></span> <span class='ocrx_word' id='word_1_433' title='bbox 2334 2066 2638 2123; x_wconf 70' lang='lat' dir='ltr'><strong>asserente,</strong></span> <span class='ocrx_word' id='word_1_434' title='bbox 2707 2057 2823 2126; x_wconf 86' lang='lat' dir='ltr'><strong>ipse</strong></span> <span class='ocrx_word' id='word_1_435' title='bbox 2880 2053 3068 2109; x_wconf 88' lang='lat' dir='ltr'><strong>ordine</strong></span> <span class='ocrx_word' id='word_1_436' title='bbox 3120 2052 3345 2123; x_wconf 86' lang='lat' dir='ltr'><strong>quidem</strong></span> <span class='ocrx_word' id='word_1_437' title='bbox 3400 2050 3641 2114; x_wconf 88' lang='lat' dir='ltr'><strong>tertiunt,</strong></span> <span class='ocrx_word' id='word_1_438' title='bbox 3698 2054 3755 2102; x_wconf 82' lang='lat' dir='ltr'><strong>et</strong></span> 
     </span>
    </p>
   </div>
   <div class='ocr_carea' id='block_1_62' title="bbox 2168 2139 3754 2209">
    <p class='ocr_par' dir='ltr' id='par_1_62' title="bbox 2168 2139 3754 2209">
     <span class='ocr_line' id='line_1_62' title="bbox 2168 2139 3754 2209; baseline -0.007 -8"><span class='ocrx_word' id='word_1_439' title='bbox 2168 2149 2323 2209; x_wconf 84' lang='lat' dir='ltr'><strong>valde</strong></span> <span class='ocrx_word' id='word_1_440' title='bbox 2353 2147 2660 2204; x_wconf 82' lang='lat' dir='ltr'><strong>conﬁtetur.</strong></span> <span class='ocrx_word' id='word_1_441' title='bbox 2709 2147 2881 2201; x_wconf 79' lang='lat' dir='ltr'><strong>instat</strong></span> <span class='ocrx_word' id='word_1_442' title='bbox 2934 2155 3116 2199; x_wconf 88' lang='lat' dir='ltr'><strong>autem</strong></span> <span class='ocrx_word' id='word_1_443' title='bbox 3165 2142 3363 2198; x_wconf 81' lang='lat' dir='ltr'><strong>acriter</strong></span> <span class='ocrx_word' id='word_1_444' title='bbox 3409 2153 3596 2195; x_wconf 70' lang='lat' dir='ltr'><strong>contra</strong></span> <span class='ocrx_word' id='word_1_445' title='bbox 3672 2139 3754 2203; x_wconf 92' lang='lat' dir='ltr'><strong>id,</strong></span> 
     </span>
    </p>
   </div>
   <div class='ocr_carea' id='block_1_63' title="bbox 2166 2231 3757 2312">
    <p class='ocr_par' dir='ltr' id='par_1_63' title="bbox 2166 2231 3757 2312">
     <span class='ocr_line' id='line_1_63' title="bbox 2166 2231 3757 2312; baseline -0.007 -17"><span class='ocrx_word' id='word_1_446' title='bbox 2166 2241 2313 2312; x_wconf 83' lang='lat' dir='ltr'><strong>quod</strong></span> <span class='ocrx_word' id='word_1_447' title='bbox 2358 2250 2551 2295; x_wconf 87' lang='lat' dir='ltr'><strong>natura</strong></span> <span class='ocrx_word' id='word_1_448' title='bbox 2617 2238 2814 2293; x_wconf 89' lang='lat' dir='ltr'><strong>tertius</strong></span> <span class='ocrx_word' id='word_1_449' title='bbox 2875 2235 3177 2299; x_wconf 84' lang='lat' dir='ltr'><strong>dicebatur,</strong></span> <span class='ocrx_word' id='word_1_450' title='bbox 3239 2245 3293 2288; x_wconf 91' lang='lat' dir='ltr'><strong>et</strong></span> <span class='ocrx_word' id='word_1_451' title='bbox 3322 2233 3516 2290; x_wconf 87' lang='lat' dir='ltr'><strong>addit:</strong></span> <span class='ocrx_word' id='word_1_452' title='bbox 3570 2250 3587 2281; x_wconf 78' lang='grc' dir='ltr'><strong>ι</strong></span> <span class='ocrx_word' id='word_1_453' title='bbox 3616 2231 3757 2296; x_wconf 75' lang='lat' dir='ltr'><strong>Qua:</strong></span> 
     </span>
    </p>
   </div>
   <div class='ocr_carea' id='block_1_64' title="bbox 2168 2326 3757 2401">
    <p class='ocr_par' dir='ltr' id='par_1_64' title="bbox 2168 2326 3757 2401">
     <span class='ocr_line' id='line_1_64' title="bbox 2168 2326 3757 2401; baseline -0.006 -13"><span class='ocrx_word' id='word_1_454' title='bbox 2168 2335 2311 2389; x_wconf 90' lang='lat' dir='ltr'><strong>enim</strong></span> <span class='ocrx_word' id='word_1_455' title='bbox 2338 2340 2495 2401; x_wconf 85' lang='lat' dir='ltr'><strong>urget</strong></span> <span class='ocrx_word' id='word_1_456' title='bbox 2562 2330 2882 2386; x_wconf 90' lang='lat' dir='ltr'><strong>necessitas.</strong></span> <span class='ocrx_word' id='word_1_457' title='bbox 2941 2326 3385 2398; x_wconf 80' lang='lat' dir='ltr'><strong>quandoquidem</strong></span> <span class='ocrx_word' id='word_1_458' title='bbox 3446 2326 3641 2378; x_wconf 86' lang='lat' dir='ltr'><strong>ordine</strong></span> <span class='ocrx_word' id='word_1_459' title='bbox 3690 2339 3757 2378; x_wconf 89' lang='lat' dir='ltr'><strong>ac</strong></span> 
     </span>
    </p>
   </div>
   <div class='ocr_carea' id='block_1_65' title="bbox 2168 2416 3757 2497">
    <p class='ocr_par' dir='ltr' id='par_1_65' title="bbox 2168 2416 3757 2497">
     <span class='ocr_line' id='line_1_65' title="bbox 2168 2416 3757 2497; baseline -0.009 -17"><span class='ocrx_word' id='word_1_460' title='bbox 2168 2426 2426 2497; x_wconf 79' lang='lat' dir='ltr'><strong>dignitate</strong></span> <span class='ocrx_word' id='word_1_461' title='bbox 2457 2424 2650 2479; x_wconf 89' lang='lat' dir='ltr'><strong>tertius</strong></span> <span class='ocrx_word' id='word_1_462' title='bbox 2676 2432 2758 2478; x_wconf 89' lang='lat' dir='ltr'><strong>est</strong></span> <span class='ocrx_word' id='word_1_463' title='bbox 2778 2421 3037 2491; x_wconf 87' lang='lat' dir='ltr'><strong>Spiritus,</strong></span> <span class='ocrx_word' id='word_1_464' title='bbox 3067 2428 3260 2473; x_wconf 89' lang='lat' dir='ltr'><strong>natura</strong></span> <span class='ocrx_word' id='word_1_465' title='bbox 3286 2431 3505 2486; x_wconf 86' lang='lat' dir='ltr'><strong>quoque</strong></span> <span class='ocrx_word' id='word_1_466' title='bbox 3529 2416 3757 2471; x_wconf 87' lang='lat' dir='ltr'><strong>tertium</strong></span> 
     </span>
    </p>
   </div>
   <div class='ocr_carea' id='block_1_66' title="bbox 2169 2506 3759 2585">
    <p class='ocr_par' dir='ltr' id='par_1_66' title="bbox 2169 2506 3759 2585">
     <span class='ocr_line' id='line_1_66' title="bbox 2169 2506 3759 2585; baseline -0.007 -15"><span class='ocrx_word' id='word_1_467' title='bbox 2169 2515 2372 2572; x_wconf 77' lang='lat' dir='ltr'><strong>fateri?</strong></span> <span class='ocrx_word' id='word_1_468' title='bbox 2400 2515 2666 2585; x_wconf 81' lang='lat' dir='ltr'><strong>Dignitate</strong></span> <span class='ocrx_word' id='word_1_469' title='bbox 2721 2513 2865 2568; x_wconf 89' lang='lat' dir='ltr'><strong>enim</strong></span> <span class='ocrx_word' id='word_1_470' title='bbox 2918 2509 3214 2566; x_wconf 89' lang='lat' dir='ltr'><strong>secundum</strong></span> <span class='ocrx_word' id='word_1_471' title='bbox 3267 2523 3295 2562; x_wconf 86' lang='lat' dir='ltr'><strong>a</strong></span> <span class='ocrx_word' id='word_1_472' title='bbox 3328 2507 3492 2573; x_wconf 79' lang='lat' dir='ltr'><strong>Filio,</strong></span> <span class='ocrx_word' id='word_1_473' title='bbox 3531 2521 3655 2560; x_wconf 88' lang='lat' dir='ltr'><strong>cum</strong></span> <span class='ocrx_word' id='word_1_474' title='bbox 3686 2506 3759 2559; x_wconf 77' lang='lat' dir='ltr'><strong>ab</strong></span> 
     </span>
    </p>
   </div>
   <div class='ocr_carea' id='block_1_67' title="bbox 2170 2597 3760 2679">
    <p class='ocr_par' dir='ltr' id='par_1_67' title="bbox 2170 2597 3760 2679">
     <span class='ocr_line' id='line_1_67' title="bbox 2170 2597 3760 2679; baseline -0.008 -17"><span class='ocrx_word' id='word_1_475' title='bbox 2170 2609 2288 2679; x_wconf 89' lang='lat' dir='ltr'><strong>ipso</strong></span> <span class='ocrx_word' id='word_1_476' title='bbox 2322 2623 2444 2663; x_wconf 88' lang='lat' dir='ltr'><strong>esse</strong></span> <span class='ocrx_word' id='word_1_477' title='bbox 2481 2606 2697 2669; x_wconf 88' lang='lat' dir='ltr'><strong>habeat,</strong></span> <span class='ocrx_word' id='word_1_478' title='bbox 2722 2613 2777 2660; x_wconf 88' lang='lat' dir='ltr'><strong>et</strong></span> <span class='ocrx_word' id='word_1_479' title='bbox 2810 2604 2877 2658; x_wconf 89' lang='lat' dir='ltr'><strong>ab</strong></span> <span class='ocrx_word' id='word_1_480' title='bbox 2930 2604 3047 2673; x_wconf 90' lang='lat' dir='ltr'><strong>ipso</strong></span> <span class='ocrx_word' id='word_1_481' title='bbox 3074 2600 3328 2669; x_wconf 87' lang='lat' dir='ltr'><strong>accipiat,</strong></span> <span class='ocrx_word' id='word_1_482' title='bbox 3354 2607 3408 2653; x_wconf 92' lang='lat' dir='ltr'><strong>et</strong></span> <span class='ocrx_word' id='word_1_483' title='bbox 3462 2597 3760 2671; x_wconf 64' lang='lat' dir='ltr'><strong>annuntiet</strong></span> 
     </span>
    </p>
   </div>
   <div class='ocr_carea' id='block_1_68' title="bbox 2169 2691 3757 2768">
    <p class='ocr_par' dir='ltr' id='par_1_68' title="bbox 2169 2691 3757 2768">
     <span class='ocr_line' id='line_1_68' title="bbox 2169 2691 3757 2768; baseline -0.007 -14"><span class='ocrx_word' id='word_1_484' title='bbox 2169 2700 2350 2763; x_wconf 90' lang='lat' dir='ltr'><strong>nobis,</strong></span> <span class='ocrx_word' id='word_1_485' title='bbox 2397 2708 2555 2768; x_wconf 86' lang='lat' dir='ltr'><strong>atque</strong></span> <span class='ocrx_word' id='word_1_486' title='bbox 2585 2697 2809 2752; x_wconf 92' lang='lat' dir='ltr'><strong>omnino</strong></span> <span class='ocrx_word' id='word_1_487' title='bbox 2831 2711 2896 2751; x_wconf 83' lang='lat' dir='ltr'><strong>ex</strong></span> <span class='ocrx_word' id='word_1_488' title='bbox 2948 2695 3036 2749; x_wconf 89' lang='lat' dir='ltr'><strong>illa</strong></span> <span class='ocrx_word' id='word_1_489' title='bbox 3068 2708 3235 2748; x_wconf 90' lang='lat' dir='ltr'><strong>causa</strong></span> <span class='ocrx_word' id='word_1_490' title='bbox 3282 2691 3542 2762; x_wconf 88' lang='lat' dir='ltr'><strong>pendeat,</strong></span> <span class='ocrx_word' id='word_1_491' title='bbox 3575 2691 3757 2760; x_wconf 86' lang='lat' dir='ltr'><strong>pieta-</strong></span> 
     </span>
    </p>
   </div>
   <div class='ocr_carea' id='block_1_69' title="bbox 2173 2782 3760 2850">
    <p class='ocr_par' dir='ltr' id='par_1_69' title="bbox 2173 2782 3760 2850">
     <span class='ocr_line' id='line_1_69' title="bbox 2173 2782 3760 2850; baseline -0.006 -6"><span class='ocrx_word' id='word_1_492' title='bbox 2173 2791 2241 2845; x_wconf 79' lang='lat' dir='ltr'><strong>tis</strong></span> <span class='ocrx_word' id='word_1_493' title='bbox 2271 2791 2410 2844; x_wconf 88' lang='lat' dir='ltr'><strong>ratio</strong></span> <span class='ocrx_word' id='word_1_494' title='bbox 2439 2787 2807 2844; x_wconf 89' lang='lat' dir='ltr'><strong>commendat.</strong></span> <span class='ocrx_word' id='word_1_495' title='bbox 2837 2785 3044 2841; x_wconf 79' lang='lat' dir='ltr'><strong>Natura</strong></span> <span class='ocrx_word' id='word_1_496' title='bbox 3070 2794 3251 2838; x_wconf 89' lang='lat' dir='ltr'><strong>autem</strong></span> <span class='ocrx_word' id='word_1_497' title='bbox 3297 2782 3541 2847; x_wconf 84' lang='lat' dir='ltr'><strong>tertium,</strong></span> <span class='ocrx_word' id='word_1_498' title='bbox 3571 2794 3760 2850; x_wconf 85' lang='lat' dir='ltr'><strong>neque</strong></span> 
     </span>
    </p>
   </div>
   <div class='ocr_carea' id='block_1_70' title="bbox 2170 2872 3760 2943">
    <p class='ocr_par' dir='ltr' id='par_1_70' title="bbox 2170 2872 3760 2943">
     <span class='ocr_line' id='line_1_70' title="bbox 2170 2872 3760 2943; baseline -0.009 -4"><span class='ocrx_word' id='word_1_499' title='bbox 2170 2898 2239 2939; x_wconf 81' lang='lat' dir='ltr'><strong>ex</strong></span> <span class='ocrx_word' id='word_1_500' title='bbox 2270 2881 2441 2938; x_wconf 89' lang='lat' dir='ltr'><strong>sacris</strong></span> <span class='ocrx_word' id='word_1_501' title='bbox 2462 2879 2681 2936; x_wconf 65' lang='lat' dir='ltr'><strong>Litteris</strong></span> <span class='ocrx_word' id='word_1_502' title='bbox 2718 2877 3035 2943; x_wconf 88' lang='lat' dir='ltr'><strong>didicimus,</strong></span> <span class='ocrx_word' id='word_1_503' title='bbox 3066 2889 3243 2943; x_wconf 88' lang='lat' dir='ltr'><strong>neque</strong></span> <span class='ocrx_word' id='word_1_504' title='bbox 3268 2888 3333 2928; x_wconf 81' lang='lat' dir='ltr'><strong>ex</strong></span> <span class='ocrx_word' id='word_1_505' title='bbox 3363 2874 3444 2929; x_wconf 89' lang='lat' dir='ltr'><strong>his</strong></span> <span class='ocrx_word' id='word_1_506' title='bbox 3463 2887 3584 2943; x_wconf 67' lang='lat' dir='ltr'><strong>qua:</strong></span> <span class='ocrx_word' id='word_1_507' title='bbox 3607 2872 3760 2926; x_wconf 80' lang='lat' dir='ltr'><strong>dicta</strong></span> 
     </span>
    </p>
   </div>
   <div class='ocr_carea' id='block_1_71' title="bbox 2174 2964 3761 3041">
    <p class='ocr_par' dir='ltr' id='par_1_71' title="bbox 2174 2964 3761 3041">
     <span class='ocr_line' id='line_1_71' title="bbox 2174 2964 3761 3041; baseline -0.007 -9"><span class='ocrx_word' id='word_1_508' title='bbox 2174 2985 2322 3041; x_wconf 90' lang='lat' dir='ltr'><strong>sunt,</strong></span> <span class='ocrx_word' id='word_1_509' title='bbox 2396 2974 2692 3031; x_wconf 77' lang='lat' dir='ltr'><strong>secundum</strong></span> <span class='ocrx_word' id='word_1_510' title='bbox 2772 2972 3041 3028; x_wconf 85' lang='lat' dir='ltr'><strong>rationem</strong></span> <span class='ocrx_word' id='word_1_511' title='bbox 3110 2967 3511 3037; x_wconf 73' lang='lat' dir='ltr'><strong>consequentiae</strong></span> <span class='ocrx_word' id='word_1_512' title='bbox 3568 2964 3761 3037; x_wconf 75' lang='lat' dir='ltr'><strong>colligi</strong></span> 
     </span>
    </p>
   </div>
   <div class='ocr_carea' id='block_1_72' title="bbox 2173 3076 2401 3136">
    <p class='ocr_par' dir='ltr' id='par_1_72' title="bbox 2173 3076 2401 3136">
     <span class='ocr_line' id='line_1_72' title="bbox 2173 3076 2401 3136; baseline -0.018 -15"><span class='ocrx_word' id='word_1_513' title='bbox 2173 3076 2368 3136; x_wconf 90' lang='lat' dir='ltr'><strong>potest.</strong></span> <span class='ocrx_word' id='word_1_514' title='bbox 2383 3084 2401 3117; x_wconf 72' lang='grc' dir='ltr'><strong>ι</strong></span> 
     </span>
    </p>
   </div>
   <div class='ocr_carea' id='block_1_73' title="bbox 2243 3151 3759 3228">
    <p class='ocr_par' dir='ltr' id='par_1_73' title="bbox 2243 3151 3759 3228">
     <span class='ocr_line' id='line_1_73' title="bbox 2243 3151 3759 3228; baseline -0.007 -16"><span class='ocrx_word' id='word_1_515' title='bbox 2243 3157 2342 3212; x_wconf 90' lang='lat' dir='ltr'><strong>Hic</strong></span> <span class='ocrx_word' id='word_1_516' title='bbox 2363 3155 2703 3228; x_wconf 81' lang='lat' dir='ltr'><strong>apertissime</strong></span> <span class='ocrx_word' id='word_1_517' title='bbox 2765 3168 3014 3210; x_wconf 89' lang='lat' dir='ltr'><strong>summus</strong></span> <span class='ocrx_word' id='word_1_518' title='bbox 3065 3152 3150 3207; x_wconf 90' lang='lat' dir='ltr'><strong>vir</strong></span> <span class='ocrx_word' id='word_1_519' title='bbox 3196 3151 3457 3221; x_wconf 90' lang='lat' dir='ltr'><strong>Spiritum</strong></span> <span class='ocrx_word' id='word_1_520' title='bbox 3494 3157 3759 3204; x_wconf 89' lang='lat' dir='ltr'><strong>sanctum</strong></span> 
     </span>
    </p>
   </div>
   <div class='ocr_carea' id='block_1_74' title="bbox 2172 3238 3789 3315">
    <p class='ocr_par' dir='ltr' id='par_1_74' title="bbox 2172 3238 3789 3315">
     <span class='ocr_line' id='line_1_74' title="bbox 2172 3238 3789 3315; baseline -0.008 -8"><span class='ocrx_word' id='word_1_521' title='bbox 2172 3267 2236 3307; x_wconf 81' lang='lat' dir='ltr'><strong>ex</strong></span> <span class='ocrx_word' id='word_1_522' title='bbox 2290 3265 2453 3305; x_wconf 88' lang='lat' dir='ltr'><strong>causa</strong></span> <span class='ocrx_word' id='word_1_523' title='bbox 2504 3247 2623 3301; x_wconf 81' lang='lat' dir='ltr'><strong>Filii</strong></span> <span class='ocrx_word' id='word_1_524' title='bbox 2688 3246 2944 3315; x_wconf 78' lang='lat' dir='ltr'><strong>pendere,</strong></span> <span class='ocrx_word' id='word_1_525' title='bbox 3003 3260 3067 3300; x_wconf 83' lang='lat' dir='ltr'><strong>ex</strong></span> <span class='ocrx_word' id='word_1_526' title='bbox 3132 3245 3358 3313; x_wconf 87' lang='lat' dir='ltr'><strong>ipsoque</strong></span> <span class='ocrx_word' id='word_1_527' title='bbox 3420 3238 3789 3311; x_wconf 52' lang='lat' dir='ltr'><strong>suspensum”</strong></span> 
     </span>
    </p>
   </div>
   <div class='ocr_carea' id='block_1_75' title="bbox 2172 3334 3761 3411">
    <p class='ocr_par' dir='ltr' id='par_1_75' title="bbox 2172 3334 3761 3411">
     <span class='ocr_line' id='line_1_75' title="bbox 2172 3334 3761 3411; baseline -0.008 -12"><span class='ocrx_word' id='word_1_528' title='bbox 2172 3357 2310 3408; x_wconf 85' lang='lat' dir='ltr'><strong>esse,</strong></span> <span class='ocrx_word' id='word_1_529' title='bbox 2347 3352 2509 3411; x_wconf 84' lang='lat' dir='ltr'><strong>atque</strong></span> <span class='ocrx_word' id='word_1_530' title='bbox 2540 3340 2608 3394; x_wconf 92' lang='lat' dir='ltr'><strong>ab</strong></span> <span class='ocrx_word' id='word_1_531' title='bbox 2636 3342 2760 3407; x_wconf 84' lang='lat' dir='ltr'><strong>ipso</strong></span> <span class='ocrx_word' id='word_1_532' title='bbox 2818 3338 3066 3407; x_wconf 87' lang='lat' dir='ltr'><strong>accipere</strong></span> <span class='ocrx_word' id='word_1_533' title='bbox 3124 3346 3177 3390; x_wconf 89' lang='lat' dir='ltr'><strong>et</strong></span> <span class='ocrx_word' id='word_1_534' title='bbox 3236 3351 3357 3391; x_wconf 87' lang='lat' dir='ltr'><strong>esse</strong></span> <span class='ocrx_word' id='word_1_535' title='bbox 3414 3334 3638 3396; x_wconf 86' lang='lat' dir='ltr'><strong>habere,</strong></span> <span class='ocrx_word' id='word_1_536' title='bbox 3697 3342 3761 3388; x_wconf 84' lang='lat' dir='ltr'><strong>ut</strong></span> 
     </span>
    </p>
   </div>
   <div class='ocr_carea' id='block_1_76' title="bbox 2171 3423 3759 3506">
    <p class='ocr_par' dir='ltr' id='par_1_76' title="bbox 2171 3423 3759 3506">
     <span class='ocr_line' id='line_1_76' title="bbox 2171 3423 3759 3506; baseline -0.009 -16"><span class='ocrx_word' id='word_1_537' title='bbox 2171 3437 2319 3506; x_wconf 85' lang='lat' dir='ltr'><strong>pium</strong></span> <span class='ocrx_word' id='word_1_538' title='bbox 2347 3445 2399 3489; x_wconf 86' lang='lat' dir='ltr'><strong>et</strong></span> <span class='ocrx_word' id='word_1_539' title='bbox 2448 3432 2677 3487; x_wconf 85' lang='lat' dir='ltr'><strong>maxime</strong></span> <span class='ocrx_word' id='word_1_540' title='bbox 2733 3430 3043 3499; x_wconf 77' lang='lat' dir='ltr'><strong>religiosum</strong></span> <span class='ocrx_word' id='word_1_541' title='bbox 3094 3426 3308 3497; x_wconf 86' lang='lat' dir='ltr'><strong>probat.</strong></span> <span class='ocrx_word' id='word_1_542' title='bbox 3371 3423 3485 3479; x_wconf 78' lang='lat' dir='ltr'><strong>Hoc</strong></span> <span class='ocrx_word' id='word_1_543' title='bbox 3543 3433 3759 3484; x_wconf 84' lang='lat' dir='ltr'><strong>autem,</strong></span> 
     </span>
    </p>
   </div>
   <div class='ocr_carea' id='block_1_77' title="bbox 2171 3516 3763 3597">
    <p class='ocr_par' dir='ltr' id='par_1_77' title="bbox 2171 3516 3763 3597">
     <span class='ocr_line' id='line_1_77' title="bbox 2171 3516 3763 3597; baseline -0.009 -14"><span class='ocrx_word' id='word_1_544' title='bbox 2171 3527 2373 3597; x_wconf 85' lang='lat' dir='ltr'><strong>siquis</strong></span> <span class='ocrx_word' id='word_1_545' title='bbox 2401 3541 2508 3581; x_wconf 89' lang='lat' dir='ltr'><strong>non</strong></span> <span class='ocrx_word' id='word_1_546' title='bbox 2572 3537 2693 3577; x_wconf 88' lang='lat' dir='ltr'><strong>esse</strong></span> <span class='ocrx_word' id='word_1_547' title='bbox 2752 3519 2935 3575; x_wconf 81' lang='lat' dir='ltr'><strong>Basilii</strong></span> <span class='ocrx_word' id='word_1_548' title='bbox 2985 3519 3299 3582; x_wconf 87' lang='lat' dir='ltr'><strong>contendat,</strong></span> <span class='ocrx_word' id='word_1_549' title='bbox 3363 3516 3763 3586; x_wconf 84' lang='lat' dir='ltr'><strong>adjectumquc</strong></span> 
     </span>
    </p>
   </div>
   <div class='ocr_carea' id='block_1_78' title="bbox 2171 3609 3763 3690">
    <p class='ocr_par' dir='ltr' id='par_1_78' title="bbox 2171 3609 3763 3690">
     <span class='ocr_line' id='line_1_78' title="bbox 2171 3609 3763 3690; baseline -0.008 -16"><span class='ocrx_word' id='word_1_550' title='bbox 2171 3618 2576 3690; x_wconf 79' lang='lat' dir='ltr'><strong>exempiaribus</strong></span> <span class='ocrx_word' id='word_1_551' title='bbox 2636 3615 2803 3677; x_wconf 87' lang='lat' dir='ltr'><strong>dicat,</strong></span> <span class='ocrx_word' id='word_1_552' title='bbox 2888 3615 3105 3681; x_wconf 78' lang='lat' dir='ltr'><strong>penitus</strong></span> <span class='ocrx_word' id='word_1_553' title='bbox 3154 3611 3369 3667; x_wconf 88' lang='lat' dir='ltr'><strong>delirat.</strong></span> <span class='ocrx_word' id='word_1_554' title='bbox 3423 3609 3635 3679; x_wconf 84' lang='lat' dir='ltr'><strong>Quippe</strong></span> <span class='ocrx_word' id='word_1_555' title='bbox 3702 3610 3763 3667; x_wconf 82' lang='lat' dir='ltr'><strong>in</strong></span> 
     </span>
    </p>
   </div>
   <div class='ocr_carea' id='block_1_79' title="bbox 2173 3700 3760 3770">
    <p class='ocr_par' dir='ltr' id='par_1_79' title="bbox 2173 3700 3760 3770">
     <span class='ocr_line' id='line_1_79' title="bbox 2173 3700 3760 3770; baseline -0.005 -7"><span class='ocrx_word' id='word_1_556' title='bbox 2173 3707 2561 3765; x_wconf 75' lang='lat' dir='ltr'><strong>vetustissimis</strong></span> <span class='ocrx_word' id='word_1_557' title='bbox 2622 3705 2905 3759; x_wconf 81' lang='lat' dir='ltr'><strong>codicibus</strong></span> <span class='ocrx_word' id='word_1_558' title='bbox 2975 3706 3047 3756; x_wconf 90' lang='lat' dir='ltr'><strong>ita</strong></span> <span class='ocrx_word' id='word_1_559' title='bbox 3134 3701 3398 3770; x_wconf 68' lang='lat' dir='ltr'><strong>seriptum</strong></span> <span class='ocrx_word' id='word_1_560' title='bbox 3452 3700 3760 3755; x_wconf 82' lang='lat' dir='ltr'><strong>invenitur.</strong></span> 
     </span>
    </p>
   </div>
   <div class='ocr_carea' id='block_1_80' title="bbox 2174 3793 3763 3869">
    <p class='ocr_par' dir='ltr' id='par_1_80' title="bbox 2174 3793 3763 3869">
     <span class='ocr_line' id='line_1_80' title="bbox 2174 3793 3763 3869; baseline -0.003 -18"><span class='ocrx_word' id='word_1_561' title='bbox 2174 3801 2323 3867; x_wconf 83' lang='lat' dir='ltr'><strong>Quos</strong></span> <span class='ocrx_word' id='word_1_562' title='bbox 2349 3798 2568 3869; x_wconf 63' lang='lat' dir='ltr'><strong>quidem</strong></span> <span class='ocrx_word' id='word_1_563' title='bbox 2599 3797 2815 3851; x_wconf 82' lang='lat' dir='ltr'><strong>codices</strong></span> <span class='ocrx_word' id='word_1_564' title='bbox 2846 3809 2941 3864; x_wconf 87' lang='lat' dir='ltr'><strong>pro</strong></span> <span class='ocrx_word' id='word_1_565' title='bbox 2965 3793 3290 3864; x_wconf 88' lang='lat' dir='ltr'><strong>antiquitate</strong></span> <span class='ocrx_word' id='word_1_566' title='bbox 3316 3809 3435 3857; x_wconf 87' lang='lat' dir='ltr'><strong>sua,</strong></span> <span class='ocrx_word' id='word_1_567' title='bbox 3459 3802 3763 3860; x_wconf 76' lang='lat' dir='ltr'><strong>antequam</strong></span> 
     </span>
    </p>
   </div>
   <div class='ocr_carea' id='block_1_81' title="bbox 2174 3886 3765 3956">
    <p class='ocr_par' dir='ltr' id='par_1_81' title="bbox 2174 3886 3765 3956">
     <span class='ocr_line' id='line_1_81' title="bbox 2174 3886 3765 3956; baseline -0.006 -9"><span class='ocrx_word' id='word_1_568' title='bbox 2174 3891 2411 3947; x_wconf 83' lang='lat' dir='ltr'><strong>schisma</strong></span> <span class='ocrx_word' id='word_1_569' title='bbox 2458 3886 2713 3953; x_wconf 73' lang='lat' dir='ltr'><strong>oiiretur,</strong></span> <span class='ocrx_word' id='word_1_570' title='bbox 2763 3887 3106 3956; x_wconf 88' lang='lat' dir='ltr'><strong>conscriptos</strong></span> <span class='ocrx_word' id='word_1_571' title='bbox 3155 3899 3296 3946; x_wconf 86' lang='lat' dir='ltr'><strong>esse,</strong></span> <span class='ocrx_word' id='word_1_572' title='bbox 3345 3886 3528 3939; x_wconf 76' lang='lat' dir='ltr'><strong>nullus</strong></span> <span class='ocrx_word' id='word_1_573' title='bbox 3577 3886 3765 3938; x_wconf 81' lang='lat' dir='ltr'><strong>ambi-</strong></span> 
     </span>
    </p>
   </div>
   <div class='ocr_carea' id='block_1_82' title="bbox 2173 3976 3763 4052">
    <p class='ocr_par' dir='ltr' id='par_1_82' title="bbox 2173 3976 3763 4052">
     <span class='ocr_line' id='line_1_82' title="bbox 2173 3976 3763 4052; baseline -0.004 -15"><span class='ocrx_word' id='word_1_574' title='bbox 2173 3997 2303 4052; x_wconf 66' lang='lat' dir='ltr'><strong>geze</strong></span> <span class='ocrx_word' id='word_1_575' title='bbox 2338 3980 2562 4037; x_wconf 87' lang='lat' dir='ltr'><strong>omnino</strong></span> <span class='ocrx_word' id='word_1_576' title='bbox 2593 3980 2802 4050; x_wconf 83' lang='lat' dir='ltr'><strong>possit:</strong></span> <span class='ocrx_word' id='word_1_577' title='bbox 2861 3992 3093 4047; x_wconf 82' lang='lat' dir='ltr'><strong>quorum</strong></span> <span class='ocrx_word' id='word_1_578' title='bbox 3158 3976 3451 4030; x_wconf 86' lang='lat' dir='ltr'><strong>oblitterati</strong></span> <span class='ocrx_word' id='word_1_579' title='bbox 3503 3976 3763 4031; x_wconf 86' lang='lat' dir='ltr'><strong>nonnulli</strong></span> 
     </span>
    </p>
   </div>
   <div class='ocr_carea' id='block_1_83' title="bbox 2174 4068 3764 4142">
    <p class='ocr_par' dir='ltr' id='par_1_83' title="bbox 2174 4068 3764 4142">
     <span class='ocr_line' id='line_1_83' title="bbox 2174 4068 3764 4142; baseline -0.003 -12"><span class='ocrx_word' id='word_1_580' title='bbox 2174 4083 2503 4130; x_wconf 71' lang='lat' dir='ltr'><strong>CCtlllliillll&#39;:</strong></span> <span class='ocrx_word' id='word_1_581' title='bbox 2530 4071 2856 4142; x_wconf 83' lang='lat' dir='ltr'><strong>quibusdam</strong></span> <span class='ocrx_word' id='word_1_582' title='bbox 2884 4069 2987 4124; x_wconf 90' lang='lat' dir='ltr'><strong>hoc</strong></span> <span class='ocrx_word' id='word_1_583' title='bbox 3016 4068 3163 4123; x_wconf 85' lang='lat' dir='ltr'><strong>illius</strong></span> <span class='ocrx_word' id='word_1_584' title='bbox 3192 4068 3296 4125; x_wconf 84' lang='lat' dir='ltr'><strong>viri</strong></span> <span class='ocrx_word' id='word_1_585' title='bbox 3354 4068 3559 4122; x_wconf 88' lang='lat' dir='ltr'><strong>dictum</strong></span> <span class='ocrx_word' id='word_1_586' title='bbox 3592 4070 3764 4137; x_wconf 83' lang='lat' dir='ltr'><strong>quasi</strong></span> 
     </span>
    </p>
   </div>
   <div class='ocr_carea' id='block_1_84' title="bbox 2152 4160 3767 4235">
    <p class='ocr_par' dir='ltr' id='par_1_84' title="bbox 2152 4160 3767 4235">
     <span class='ocr_line' id='line_1_84' title="bbox 2152 4160 3767 4235; baseline -0.003 -13"><span class='ocrx_word' id='word_1_587' title='bbox 2152 4168 2540 4222; x_wconf 79' lang='lat' dir='ltr'><strong>&#39;adulteratum</strong></span> <span class='ocrx_word' id='word_1_588' title='bbox 2571 4163 2863 4233; x_wconf 80' lang='lat' dir='ltr'><strong>suscipere.</strong></span> <span class='ocrx_word' id='word_1_589' title='bbox 2886 4161 3219 4235; x_wconf 89' lang='lat' dir='ltr'><strong>nolentibus,</strong></span> <span class='ocrx_word' id='word_1_590' title='bbox 3273 4174 3335 4215; x_wconf 91' lang='lat' dir='ltr'><strong>ac</strong></span> <span class='ocrx_word' id='word_1_591' title='bbox 3366 4160 3516 4215; x_wconf 83' lang='lat' dir='ltr'><strong>ferro</strong></span> <span class='ocrx_word' id='word_1_592' title='bbox 3559 4169 3767 4217; x_wconf 88' lang='lat' dir='ltr'><strong>contra</strong></span> 
     </span>
    </p>
   </div>
   <div class='ocr_carea' id='block_1_85' title="bbox 2176 4252 3097 4325">
    <p class='ocr_par' dir='ltr' id='par_1_85' title="bbox 2176 4252 3097 4325">
     <span class='ocr_line' id='line_1_85' title="bbox 2176 4252 3097 4325; baseline -0.011 -11"><span class='ocrx_word' id='word_1_593' title='bbox 2176 4267 2354 4314; x_wconf 89' lang='lat' dir='ltr'><strong>mutos</strong></span> <span class='ocrx_word' id='word_1_594' title='bbox 2382 4257 2565 4325; x_wconf 87' lang='lat' dir='ltr'><strong>apices</strong></span> <span class='ocrx_word' id='word_1_595' title='bbox 2598 4255 2761 4323; x_wconf 91' lang='lat' dir='ltr'><strong>impie</strong></span> <span class='ocrx_word' id='word_1_596' title='bbox 2797 4252 3097 4307; x_wconf 84' lang='lat' dir='ltr'><strong>utentibus.</strong></span> 
     </span>
    </p>
   </div>
   <div class='ocr_carea' id='block_1_86' title="bbox 2242 4328 3771 4414">
    <p class='ocr_par' dir='ltr' id='par_1_86' title="bbox 2242 4328 3771 4414">
     <span class='ocr_line' id='line_1_86' title="bbox 2242 4328 3771 4414; baseline -0.005 -8"><span class='ocrx_word' id='word_1_597' title='bbox 2242 4352 2507 4407; x_wconf 71' lang='lat' dir='ltr'><strong>Caeterum</strong></span> <span class='ocrx_word' id='word_1_598' title='bbox 2534 4356 2818 4401; x_wconf 79' lang='lat' dir='ltr'><strong>contextus</strong></span> <span class='ocrx_word' id='word_1_599' title='bbox 2876 4328 2995 4414; x_wconf 79' lang='lat' dir='ltr'><strong>ipse</strong></span> <span class='ocrx_word' id='word_1_600' title='bbox 3013 4344 3320 4408; x_wconf 86' lang='lat' dir='ltr'><strong>verborum,</strong></span> <span class='ocrx_word' id='word_1_601' title='bbox 3370 4343 3598 4414; x_wconf 87' lang='lat' dir='ltr'><strong>ipsaque</strong></span> <span class='ocrx_word' id='word_1_602' title='bbox 3620 4343 3771 4399; x_wconf 88' lang='lat' dir='ltr'><strong>allo-</strong></span> 
     </span>
    </p>
   </div>
   <div class='ocr_carea' id='block_1_87' title="bbox 2172 4436 3771 4512">
    <p class='ocr_par' dir='ltr' id='par_1_87' title="bbox 2172 4436 3771 4512">
     <span class='ocr_line' id='line_1_87' title="bbox 2172 4436 3771 4512; baseline -0.008 -9"><span class='ocrx_word' id='word_1_603' title='bbox 2172 4447 2342 4510; x_wconf 88' lang='lat' dir='ltr'><strong>cutio,</strong></span> <span class='ocrx_word' id='word_1_604' title='bbox 2372 4443 2475 4499; x_wconf 87' lang='lat' dir='ltr'><strong>sibi</strong></span> <span class='ocrx_word' id='word_1_605' title='bbox 2529 4442 2631 4512; x_wconf 92' lang='lat' dir='ltr'><strong>ipsi</strong></span> <span class='ocrx_word' id='word_1_606' title='bbox 2682 4453 2740 4495; x_wconf 89' lang='lat' dir='ltr'><strong>et</strong></span> <span class='ocrx_word' id='word_1_607' title='bbox 2784 4438 3020 4493; x_wconf 88' lang='lat' dir='ltr'><strong>auditori</strong></span> <span class='ocrx_word' id='word_1_608' title='bbox 3071 4437 3316 4506; x_wconf 77' lang='lat' dir='ltr'><strong>ecugruit</strong></span> <span class='ocrx_word' id='word_1_609' title='bbox 3375 4436 3623 4489; x_wconf 77' lang='lat' dir='ltr'><strong>miriﬁce.</strong></span> <span class='ocrx_word' id='word_1_610' title='bbox 3681 4436 3771 4491; x_wconf 78' lang='lat' dir='ltr'><strong>Ex</strong></span> 
     </span>
    </p>
   </div>
   <div class='ocr_carea' id='block_1_88' title="bbox 2176 4527 3769 4610">
    <p class='ocr_par' dir='ltr' id='par_1_88' title="bbox 2176 4527 3769 4610">
     <span class='ocr_line' id='line_1_88' title="bbox 2176 4527 3769 4610; baseline -0.006 -18"><span class='ocrx_word' id='word_1_611' title='bbox 2176 4540 2309 4610; x_wconf 88' lang='lat' dir='ltr'><strong>ipsis</strong></span> <span class='ocrx_word' id='word_1_612' title='bbox 2361 4550 2582 4607; x_wconf 83' lang='lat' dir='ltr'><strong>quoque</strong></span> <span class='ocrx_word' id='word_1_613' title='bbox 2627 4533 2745 4587; x_wconf 88' lang='lat' dir='ltr'><strong>istis</strong></span> <span class='ocrx_word' id='word_1_614' title='bbox 2797 4529 2972 4585; x_wconf 88' lang='lat' dir='ltr'><strong>sancti</strong></span> <span class='ocrx_word' id='word_1_615' title='bbox 3026 4528 3254 4582; x_wconf 79' lang='lat' dir='ltr'><strong>intentio</strong></span> <span class='ocrx_word' id='word_1_616' title='bbox 3314 4527 3451 4582; x_wconf 86' lang='lat' dir='ltr'><strong>satis</strong></span> <span class='ocrx_word' id='word_1_617' title='bbox 3504 4542 3624 4596; x_wconf 68' lang='lat' dir='ltr'><strong>quae</strong></span> <span class='ocrx_word' id='word_1_618' title='bbox 3686 4529 3769 4582; x_wconf 85' lang='lat' dir='ltr'><strong>sit</strong></span> 
     </span>
    </p>
   </div>
   <div class='ocr_carea' id='block_1_89' title="bbox 494 4617 2065 4701">
    <p class='ocr_par' dir='ltr' id='par_1_89' title="bbox 494 4619 2065 4693">
     <span class='ocr_line' id='line_1_89' title="bbox 494 4619 2065 4693; baseline -0.006 -12"><span class='ocrx_word' id='word_1_619' title='bbox 494 4632 823 4693; x_wconf 86' lang='lat' dir='ltr'><strong>constatque</strong></span> <span class='ocrx_word' id='word_1_620' title='bbox 848 4621 1002 4676; x_wconf 81' lang='lat' dir='ltr'><strong>illum</strong></span> <span class='ocrx_word' id='word_1_621' title='bbox 1036 4621 1090 4674; x_wconf 92' lang='lat' dir='ltr'><strong>in</strong></span> <span class='ocrx_word' id='word_1_622' title='bbox 1154 4620 1329 4690; x_wconf 88' lang='lat' dir='ltr'><strong>primo</strong></span> <span class='ocrx_word' id='word_1_623' title='bbox 1376 4619 1639 4676; x_wconf 71' lang='lat' dir='ltr'><strong>adversus</strong></span> <span class='ocrx_word' id='word_1_624' title='bbox 1718 4621 2065 4687; x_wconf 82' lang='lat' dir='ltr'><strong>Eunomium,</strong></span> 
     </span>
    </p>
   </div>
   <div class='ocr_carea' id='block_1_90' title="bbox 2170 4617 3766 4701">
    <p class='ocr_par' dir='ltr' id='par_1_90' title="bbox 2175 4620 3766 4701">
     <span class='ocr_line' id='line_1_90' title="bbox 2175 4620 3766 4701; baseline -0.008 -15"><span class='ocrx_word' id='word_1_625' title='bbox 2175 4638 2413 4701; x_wconf 85' lang='lat' dir='ltr'><strong>apparet.</strong></span> <span class='ocrx_word' id='word_1_626' title='bbox 2449 4627 2539 4680; x_wconf 84' lang='lat' dir='ltr'><strong>Ait</strong></span> <span class='ocrx_word' id='word_1_627' title='bbox 2564 4626 2707 4678; x_wconf 75' lang='lat' dir='ltr'><strong>enim</strong></span> <span class='ocrx_word' id='word_1_628' title='bbox 2740 4639 2860 4677; x_wconf 89' lang='lat' dir='ltr'><strong>eum</strong></span> <span class='ocrx_word' id='word_1_629' title='bbox 2899 4636 2927 4674; x_wconf 88' lang='lat' dir='ltr'><strong>a</strong></span> <span class='ocrx_word' id='word_1_630' title='bbox 2961 4621 3099 4674; x_wconf 83' lang='lat' dir='ltr'><strong>Filio</strong></span> <span class='ocrx_word' id='word_1_631' title='bbox 3122 4620 3450 4683; x_wconf 85' lang='lat' dir='ltr'><strong>secundum,</strong></span> <span class='ocrx_word' id='word_1_632' title='bbox 3510 4620 3614 4673; x_wconf 86' lang='lat' dir='ltr'><strong>huc</strong></span> <span class='ocrx_word' id='word_1_633' title='bbox 3644 4627 3766 4686; x_wconf 82' lang='lat' dir='ltr'><strong>est,</strong></span> 
     </span>
    </p>
   </div>
   <div class='ocr_carea' id='block_1_91' title="bbox 493 4713 2067 4787">
    <p class='ocr_par' dir='ltr' id='par_1_91' title="bbox 493 4713 2067 4787">
     <span class='ocr_line' id='line_1_91' title="bbox 493 4713 2067 4787; baseline 0 -17"><span class='ocrx_word' id='word_1_634' title='bbox 493 4717 639 4787; x_wconf 86' lang='lat' dir='ltr'><strong>quod</strong></span> <span class='ocrx_word' id='word_1_635' title='bbox 669 4715 846 4784; x_wconf 75' lang='lat' dir='ltr'><strong>majus</strong></span> <span class='ocrx_word' id='word_1_636' title='bbox 883 4717 937 4769; x_wconf 90' lang='lat' dir='ltr'><strong>in</strong></span> <span class='ocrx_word' id='word_1_637' title='bbox 996 4713 1158 4769; x_wconf 87' lang='lat' dir='ltr'><strong>Patre</strong></span> <span class='ocrx_word' id='word_1_638' title='bbox 1209 4720 1506 4770; x_wconf 87' lang='lat' dir='ltr'><strong>secundum</strong></span> <span class='ocrx_word' id='word_1_639' title='bbox 1567 4731 1785 4771; x_wconf 66' lang='lat' dir='ltr'><strong>causam</strong></span> <span class='ocrx_word' id='word_1_640' title='bbox 1846 4715 2067 4779; x_wconf 87' lang='lat' dir='ltr'><strong>dicitur,</strong></span> 
     </span>
    </p>
   </div>
   <div class='ocr_carea' id='block_1_92' title="bbox 492 4806 2069 4879">
    <p class='ocr_par' dir='ltr' id='par_1_92' title="bbox 492 4806 2069 4879">
     <span class='ocr_line' id='line_1_92' title="bbox 492 4806 2069 4879; baseline -0.001 -14"><span class='ocrx_word' id='word_1_641' title='bbox 492 4810 639 4866; x_wconf 84' lang='lat' dir='ltr'><strong>sicut</strong></span> <span class='ocrx_word' id='word_1_642' title='bbox 672 4808 724 4862; x_wconf 89' lang='lat' dir='ltr'><strong>in</strong></span> <span class='ocrx_word' id='word_1_643' title='bbox 758 4814 951 4862; x_wconf 83' lang='lat' dir='ltr'><strong>sancta</strong></span> <span class='ocrx_word' id='word_1_644' title='bbox 1015 4806 1282 4861; x_wconf 84' lang='lat' dir='ltr'><strong>&#39;l&#39;rinitate</strong></span> <span class='ocrx_word' id='word_1_645' title='bbox 1334 4822 1496 4863; x_wconf 81' lang='lat' dir='ltr'><strong>causa</strong></span> <span class='ocrx_word' id='word_1_646' title='bbox 1559 4808 1908 4879; x_wconf 80' lang='lat' dir='ltr'><strong>intelligenda</strong></span> <span class='ocrx_word' id='word_1_647' title='bbox 1965 4817 2069 4873; x_wconf 84' lang='lat' dir='ltr'><strong>est,</strong></span> 
     </span>
    </p>
   </div>
   <div class='ocr_carea' id='block_1_93' title="bbox 494 4898 1543 4967">
    <p class='ocr_par' dir='ltr' id='par_1_93' title="bbox 494 4898 1543 4967">
     <span class='ocr_line' id='line_1_93' title="bbox 494 4898 1543 4967; baseline -0.003 -12"><span class='ocrx_word' id='word_1_648' title='bbox 494 4900 723 4956; x_wconf 89' lang='lat' dir='ltr'><strong>omnino</strong></span> <span class='ocrx_word' id='word_1_649' title='bbox 758 4898 1034 4967; x_wconf 87' lang='lat' dir='ltr'><strong>suscipere</strong></span> <span class='ocrx_word' id='word_1_650' title='bbox 1067 4907 1230 4967; x_wconf 86' lang='lat' dir='ltr'><strong>atque</strong></span> <span class='ocrx_word' id='word_1_651' title='bbox 1267 4900 1543 4954; x_wconf 85' lang='lat' dir='ltr'><strong>conliteri.</strong></span> 
     </span>
    </p>
   </div>
   <div class='ocr_carea' id='block_1_94' title="bbox 565 4991 2067 5062">
    <p class='ocr_par' dir='ltr' id='par_1_94' title="bbox 565 4991 2067 5062">
     <span class='ocr_line' id='line_1_94' title="bbox 565 4991 2067 5062; baseline -0.003 -16"><span class='ocrx_word' id='word_1_652' title='bbox 565 4994 657 5046; x_wconf 86' lang='lat' dir='ltr'><strong>Ait</strong></span> <span class='ocrx_word' id='word_1_653' title='bbox 688 4998 867 5046; x_wconf 84' lang='lat' dir='ltr'><strong>autem</strong></span> <span class='ocrx_word' id='word_1_654' title='bbox 891 5001 946 5046; x_wconf 85' lang='lat' dir='ltr'><strong>ct</strong></span> <span class='ocrx_word' id='word_1_655' title='bbox 977 4993 1261 5061; x_wconf 83' lang='lat' dir='ltr'><strong>theologus</strong></span> <span class='ocrx_word' id='word_1_656' title='bbox 1288 4991 1603 5062; x_wconf 79' lang='lat' dir='ltr'><strong>Gregorius,</strong></span> <span class='ocrx_word' id='word_1_657' title='bbox 1646 5011 1665 5042; x_wconf 73' lang='grc' dir='ltr'><strong>ι</strong></span> <span class='ocrx_word' id='word_1_658' title='bbox 1696 4992 1826 5047; x_wconf 73' lang='lat' dir='ltr'><strong>Volo</strong></span> <span class='ocrx_word' id='word_1_659' title='bbox 1853 4991 2067 5046; x_wconf 81' lang='lat' dir='ltr'><strong>Patrem</strong></span> 
     </span>
    </p>
   </div>
   <div class='ocr_carea' id='block_1_95' title="bbox 493 5084 2069 5153">
    <p class='ocr_par' dir='ltr' id='par_1_95' title="bbox 493 5084 2069 5153">
     <span class='ocr_line' id='line_1_95' title="bbox 493 5084 2069 5153; baseline -0.001 -14"><span class='ocrx_word' id='word_1_660' title='bbox 493 5084 994 5152; x_wconf 68' lang='lat' dir='ltr'><strong>majorem‘dicere,</strong></span> <span class='ocrx_word' id='word_1_661' title='bbox 1057 5098 1122 5138; x_wconf 76' lang='lat' dir='ltr'><strong>es</strong></span> <span class='ocrx_word' id='word_1_662' title='bbox 1188 5098 1297 5151; x_wconf 90' lang='lat' dir='ltr'><strong>quo</strong></span> <span class='ocrx_word' id='word_1_663' title='bbox 1345 5097 1402 5137; x_wconf 89' lang='lat' dir='ltr'><strong>et</strong></span> <span class='ocrx_word' id='word_1_664' title='bbox 1449 5085 1774 5153; x_wconf 82' lang='lat' dir='ltr'><strong>aequalibus,</strong></span> <span class='ocrx_word' id='word_1_665' title='bbox 1836 5095 1896 5138; x_wconf 91' lang='lat' dir='ltr'><strong>ut</strong></span> <span class='ocrx_word' id='word_1_666' title='bbox 1958 5086 2069 5138; x_wconf 91' lang='lat' dir='ltr'><strong>sint</strong></span> 
     </span>
    </p>
   </div>
   <div class='ocr_carea' id='block_1_96' title="bbox 492 5174 2068 5245">
    <p class='ocr_par' dir='ltr' id='par_1_96' title="bbox 492 5174 2068 5245">
     <span class='ocr_line' id='line_1_96' title="bbox 492 5174 2068 5245; baseline 0.001 -15"><span class='ocrx_word' id='word_1_667' title='bbox 492 5174 746 5245; x_wconf 75' lang='lat' dir='ltr'><strong>:equaiia,</strong></span> <span class='ocrx_word' id='word_1_668' title='bbox 782 5174 1069 5244; x_wconf 85' lang='lat' dir='ltr'><strong>ipsumque</strong></span> <span class='ocrx_word' id='word_1_669' title='bbox 1134 5190 1256 5229; x_wconf 89' lang='lat' dir='ltr'><strong>esse</strong></span> <span class='ocrx_word' id='word_1_670' title='bbox 1318 5185 1422 5230; x_wconf 81' lang='lat' dir='ltr'><strong>est.</strong></span> <span class='ocrx_word' id='word_1_671' title='bbox 1489 5174 1614 5230; x_wconf 65' lang='lat' dir='ltr'><strong>llaec</strong></span> <span class='ocrx_word' id='word_1_672' title='bbox 1669 5176 1812 5230; x_wconf 88' lang='lat' dir='ltr'><strong>enim</strong></span> <span class='ocrx_word' id='word_1_673' title='bbox 1877 5190 2068 5232; x_wconf 87' lang='lat' dir='ltr'><strong>omnes</strong></span> 
     </span>
    </p>
   </div>
   <div class='ocr_carea' id='block_1_97' title="bbox 492 5265 2069 5335">
    <p class='ocr_par' dir='ltr' id='par_1_97' title="bbox 492 5265 2069 5335">
     <span class='ocr_line' id='line_1_97' title="bbox 492 5265 2069 5335; baseline -0.002 -13"><span class='ocrx_word' id='word_1_674' title='bbox 492 5267 704 5323; x_wconf 86' lang='lat' dir='ltr'><strong>dabunt</strong></span> <span class='ocrx_word' id='word_1_675' title='bbox 769 5280 1087 5335; x_wconf 81' lang='lat' dir='ltr'><strong>vereorque,</strong></span> <span class='ocrx_word' id='word_1_676' title='bbox 1148 5281 1215 5320; x_wconf 89' lang='lat' dir='ltr'><strong>ne</strong></span> <span class='ocrx_word' id='word_1_677' title='bbox 1251 5265 1576 5335; x_wconf 80' lang='lat' dir='ltr'><strong>principium</strong></span> <span class='ocrx_word' id='word_1_678' title='bbox 1612 5265 1880 5318; x_wconf 85' lang='lat' dir='ltr'><strong>minorum</strong></span> <span class='ocrx_word' id='word_1_679' title='bbox 1923 5280 2069 5333; x_wconf 84' lang='lat' dir='ltr'><strong>prtu-</strong></span> 
     </span>
    </p>
   </div>
   <div class='ocr_carea' id='block_1_98' title="bbox 495 5356 2067 5430">
    <p class='ocr_par' dir='ltr' id='par_1_98' title="bbox 495 5356 2067 5430">
     <span class='ocr_line' id='line_1_98' title="bbox 495 5356 2067 5430; baseline -0.004 -14"><span class='ocrx_word' id='word_1_680' title='bbox 495 5359 699 5430; x_wconf 88' lang='lat' dir='ltr'><strong>cipiutn</strong></span> <span class='ocrx_word' id='word_1_681' title='bbox 727 5357 956 5424; x_wconf 74' lang='lat' dir='ltr'><strong>iaciam,</strong></span> <span class='ocrx_word' id='word_1_682' title='bbox 996 5368 1158 5428; x_wconf 86' lang='lat' dir='ltr'><strong>atque</strong></span> <span class='ocrx_word' id='word_1_683' title='bbox 1187 5359 1288 5412; x_wconf 87' lang='lat' dir='ltr'><strong>hac</strong></span> <span class='ocrx_word' id='word_1_684' title='bbox 1316 5358 1482 5412; x_wconf 83' lang='lat' dir='ltr'><strong>veluti</strong></span> <span class='ocrx_word' id='word_1_685' title='bbox 1521 5356 1820 5411; x_wconf 70' lang='lat' dir='ltr'><strong>IlOﬂOliﬁ&#39;a</strong></span> <span class='ocrx_word' id='word_1_686' title='bbox 1875 5358 2067 5424; x_wconf 40' lang='lat' dir='ltr'><strong>prmia:</strong></span> 
     </span>
    </p>
   </div>
   <div class='ocr_carea' id='block_1_99' title="bbox 494 5449 1595 5523">
    <p class='ocr_par' dir='ltr' id='par_1_99' title="bbox 494 5449 1595 5523">
     <span class='ocr_line' id='line_1_99' title="bbox 494 5449 1595 5523; baseline -0.009 -14"><span class='ocrx_word' id='word_1_687' title='bbox 494 5454 663 5519; x_wconf 87' lang='lat' dir='ltr'><strong>tione,</strong></span> <span class='ocrx_word' id='word_1_688' title='bbox 697 5452 879 5523; x_wconf 90' lang='lat' dir='ltr'><strong>ipsum</strong></span> <span class='ocrx_word' id='word_1_689' title='bbox 912 5451 1259 5506; x_wconf 71' lang='lat' dir='ltr'><strong>contumeliis</strong></span> <span class='ocrx_word' id='word_1_690' title='bbox 1294 5449 1543 5503; x_wconf 75' lang='lat' dir='ltr'><strong>alliciant.</strong></span> <span class='ocrx_word' id='word_1_691' title='bbox 1577 5467 1595 5499; x_wconf 73' lang='grc' dir='ltr'><strong>ι</strong></span> 
     </span>
    </p>
   </div>
   <div class='ocr_carea' id='block_1_100' title="bbox 565 5587 1088 5653">
    <p class='ocr_par' dir='ltr' id='par_1_100' title="bbox 565 5587 1088 5653">
     <span class='ocr_line' id='line_1_100' title="bbox 565 5587 1088 5653; baseline -0.01 -9"><span class='ocrx_word' id='word_1_692' title='bbox 565 5591 615 5622; x_wconf 77' lang='grc'><strong>’⁸</strong></span> <span class='ocrx_word' id='word_1_693' title='bbox 649 5589 810 5645; x_wconf 82' lang='lat' dir='ltr'><strong>.Ioan.</strong></span> <span class='ocrx_word' id='word_1_694' title='bbox 846 5604 959 5653; x_wconf 75' lang='lat' dir='ltr'><strong>xw,</strong></span> <span class='ocrx_word' id='word_1_695' title='bbox 1003 5587 1088 5640; x_wconf 78' lang='lat' dir='ltr'><strong>i3.</strong></span> 
     </span>
    </p>
   </div>
   <div class='ocr_carea' id='block_1_101' title="bbox 569 5728 981 5798">
    <p class='ocr_par' dir='ltr' id='par_1_101' title="bbox 569 5728 981 5798">
     <span class='ocr_line' id='line_1_101' title="bbox 569 5728 981 5798; baseline -0.005 -15"><span class='ocrx_word' id='word_1_696' title='bbox 569 5730 681 5798; x_wconf 71' lang='lat'><strong>(9.5)</strong></span> <span class='ocrx_word' id='word_1_697' title='bbox 721 5728 981 5783; x_wconf 86' lang='lat' dir='ltr'><strong>Basilius.</strong></span> 
     </span>
    </p>
   </div>
   <div class='ocr_carea' id='block_1_102' title="bbox 567 5788 2063 5869">
    <p class='ocr_par' dir='ltr' id='par_1_102' title="bbox 567 5788 2063 5869">
     <span class='ocr_line' id='line_1_102' title="bbox 567 5788 2063 5869; baseline -0.004 -18"><span class='ocrx_word' id='word_1_698' title='bbox 567 5788 677 5869; x_wconf 65' lang='lat'><strong>(24$</strong></span> <span class='ocrx_word' id='word_1_699' title='bbox 734 5798 997 5852; x_wconf 83' lang='lat' dir='ltr'><strong>Absoluta</strong></span> <span class='ocrx_word' id='word_1_700' title='bbox 1034 5807 1141 5869; x_wconf 84' lang='lat' dir='ltr'><strong>non</strong></span> <span class='ocrx_word' id='word_1_701' title='bbox 1202 5794 1339 5869; x_wconf 80' lang='lat' dir='ltr'><strong>bene</strong></span> <span class='ocrx_word' id='word_1_702' title='bbox 1383 5788 1816 5869; x_wconf 33' lang='lat' dir='ltr'><strong>sonam-dicere</strong></span> <span class='ocrx_word' id='word_1_703' title='bbox 1847 5791 2063 5869; x_wconf 73' lang='lat' dir='ltr'><strong>Patrem</strong></span> 
     </span>
    </p>
   </div>
   <div class='ocr_carea' id='block_1_103' title="bbox 495 5859 2059 5936">
    <p class='ocr_par' dir='ltr' id='par_1_103' title="bbox 495 5859 2059 5936">
     <span class='ocr_line' id='line_1_103' title="bbox 495 5859 2059 5936; baseline -0.005 -12"><span class='ocrx_word' id='word_1_704' title='bbox 495 5859 637 5925; x_wconf 75' lang='lat' dir='ltr'><strong>Filio</strong></span> <span class='ocrx_word' id='word_1_705' title='bbox 669 5870 930 5936; x_wconf 80' lang='lat' dir='ltr'><strong>majorem</strong></span> <span class='ocrx_word' id='word_1_706' title='bbox 969 5866 1180 5918; x_wconf 87' lang='lat' dir='ltr'><strong>ratione</strong></span> <span class='ocrx_word' id='word_1_707' title='bbox 1221 5859 1499 5936; x_wconf 70' lang='lat' dir='ltr'><strong>principii,</strong></span> <span class='ocrx_word' id='word_1_708' title='bbox 1532 5859 1757 5936; x_wconf 10' lang='lat' dir='ltr'><strong>quiarnil</strong></span> <span class='ocrx_word' id='word_1_709' title='bbox 1795 5861 1971 5936; x_wconf 74' lang='lat' dir='ltr'><strong>majus</strong></span> <span class='ocrx_word' id='word_1_710' title='bbox 2008 5862 2059 5916; x_wconf 92' lang='lat' dir='ltr'><strong>in</strong></span> 
     </span>
    </p>
   </div>
   <div class='ocr_carea' id='block_1_104' title="bbox 497 5928 2056 5998">
    <p class='ocr_par' dir='ltr' id='par_1_104' title="bbox 497 5928 2056 5998">
     <span class='ocr_line' id='line_1_104' title="bbox 497 5928 2056 5998; baseline -0.004 -5"><span class='ocrx_word' id='word_1_711' title='bbox 497 5928 842 5993; x_wconf 63' lang='lat' dir='ltr'><strong>sacrosancta</strong></span> <span class='ocrx_word' id='word_1_712' title='bbox 866 5935 1153 5998; x_wconf 80' lang='lat' dir='ltr'><strong>Trinitatc,</strong></span> <span class='ocrx_word' id='word_1_713' title='bbox 1181 5928 1234 5985; x_wconf 86' lang='lat' dir='ltr'><strong>ui</strong></span> <span class='ocrx_word' id='word_1_714' title='bbox 1266 5931 1426 5985; x_wconf 64' lang='lat' dir='ltr'><strong>habet</strong></span> <span class='ocrx_word' id='word_1_715' title='bbox 1454 5928 1767 5998; x_wconf 73' lang='lat' dir='ltr'><strong>Symbolum</strong></span> <span class='ocrx_word' id='word_1_716' title='bbox 1802 5932 1857 5985; x_wconf 71' lang='grc' dir='ltr'><strong>ὃ.</strong></span> <span class='ocrx_word' id='word_1_717' title='bbox 1886 5928 2056 5986; x_wconf 73' lang='lat' dir='ltr'><strong>Atha-</strong></span> 
     </span>
    </p>
   </div>
   <div class='ocr_carea' id='block_1_105' title="bbox 2168 4710 3769 4780">
    <p class='ocr_par' dir='ltr' id='par_1_105' title="bbox 2168 4710 3769 4780">
     <span class='ocr_line' id='line_1_105' title="bbox 2168 4710 3769 4780; baseline -0.007 -2"><span class='ocrx_word' id='word_1_718' title='bbox 2168 4739 2197 4778; x_wconf 88' lang='lat' dir='ltr'><strong>a</strong></span> <span class='ocrx_word' id='word_1_719' title='bbox 2228 4723 2382 4777; x_wconf 90' lang='lat' dir='ltr'><strong>Patre</strong></span> <span class='ocrx_word' id='word_1_720' title='bbox 2407 4718 2621 4773; x_wconf 88' lang='lat' dir='ltr'><strong>tertium</strong></span> <span class='ocrx_word' id='word_1_721' title='bbox 2641 4714 2848 4769; x_wconf 88' lang='lat' dir='ltr'><strong>ordinis</strong></span> <span class='ocrx_word' id='word_1_722' title='bbox 2873 4713 3080 4766; x_wconf 84' lang='lat' dir='ltr'><strong>ratione</strong></span> <span class='ocrx_word' id='word_1_723' title='bbox 3099 4725 3246 4775; x_wconf 88' lang='lat' dir='ltr'><strong>esse,</strong></span> <span class='ocrx_word' id='word_1_724' title='bbox 3281 4712 3425 4780; x_wconf 89' lang='lat' dir='ltr'><strong>quod</strong></span> <span class='ocrx_word' id='word_1_725' title='bbox 3456 4710 3559 4780; x_wconf 90' lang='lat' dir='ltr'><strong>ipsi</strong></span> <span class='ocrx_word' id='word_1_726' title='bbox 3588 4711 3769 4766; x_wconf 83' lang='lat' dir='ltr'><strong>etiam</strong></span> 
     </span>
    </p>
   </div>
   <div class='ocr_carea' id='block_1_106' title="bbox 2168 4800 3768 4878">
    <p class='ocr_par' dir='ltr' id='par_1_106' title="bbox 2168 4800 3768 4878">
     <span class='ocr_line' id='line_1_106' title="bbox 2168 4800 3768 4878; baseline -0.007 -11"><span class='ocrx_word' id='word_1_727' title='bbox 2168 4827 2232 4867; x_wconf 78' lang='lat' dir='ltr'><strong>ex</strong></span> <span class='ocrx_word' id='word_1_728' title='bbox 2268 4807 2540 4878; x_wconf 68' lang='lat' dir='ltr'><strong>praedictis</strong></span> <span class='ocrx_word' id='word_1_729' title='bbox 2574 4803 2865 4857; x_wconf 78' lang='lat' dir='ltr'><strong>asseritur.</strong></span> <span class='ocrx_word' id='word_1_730' title='bbox 2912 4800 3026 4854; x_wconf 89' lang='lat' dir='ltr'><strong>lloc</strong></span> <span class='ocrx_word' id='word_1_731' title='bbox 3055 4802 3217 4870; x_wconf 78' lang='lat' dir='ltr'><strong>igitur</strong></span> <span class='ocrx_word' id='word_1_732' title='bbox 3251 4800 3304 4854; x_wconf 91' lang='lat' dir='ltr'><strong>in</strong></span> <span class='ocrx_word' id='word_1_733' title='bbox 3363 4800 3486 4854; x_wconf 87' lang='lat' dir='ltr'><strong>loco</strong></span> <span class='ocrx_word' id='word_1_734' title='bbox 3531 4814 3768 4857; x_wconf 85' lang='lat' dir='ltr'><strong>causam</strong></span> 
     </span>
    </p>
   </div>
   <div class='ocr_carea' id='block_1_107' title="bbox 2171 4891 3770 4974">
    <p class='ocr_par' dir='ltr' id='par_1_107' title="bbox 2171 4891 3770 4974">
     <span class='ocr_line' id='line_1_107' title="bbox 2171 4891 3770 4974; baseline -0.009 -16"><span class='ocrx_word' id='word_1_735' title='bbox 2171 4901 2443 4974; x_wconf 76' lang='lat' dir='ltr'><strong>apposuit,</strong></span> <span class='ocrx_word' id='word_1_736' title='bbox 2477 4914 2577 4953; x_wconf 90' lang='lat' dir='ltr'><strong>cur</strong></span> <span class='ocrx_word' id='word_1_737' title='bbox 2603 4894 2843 4966; x_wconf 85' lang='lat' dir='ltr'><strong>Spiritus</strong></span> <span class='ocrx_word' id='word_1_738' title='bbox 2904 4910 2932 4947; x_wconf 91' lang='lat' dir='ltr'><strong>a</strong></span> <span class='ocrx_word' id='word_1_739' title='bbox 2969 4893 3106 4947; x_wconf 79' lang='lat' dir='ltr'><strong>Filio</strong></span> <span class='ocrx_word' id='word_1_740' title='bbox 3160 4892 3436 4951; x_wconf 75' lang='lat' dir='ltr'><strong>secundus</strong></span> <span class='ocrx_word' id='word_1_741' title='bbox 3479 4891 3572 4957; x_wconf 88' lang='lat' dir='ltr'><strong>sit,</strong></span> <span class='ocrx_word' id='word_1_742' title='bbox 3607 4893 3770 4960; x_wconf 87' lang='lat' dir='ltr'><strong>quod</strong></span> 
     </span>
    </p>
   </div>
   <div class='ocr_carea' id='block_1_108' title="bbox 2178 4965 3835 5048">
    <p class='ocr_par' dir='ltr' id='par_1_108' title="bbox 2178 4965 3835 5048">
     <span class='ocr_line' id='line_1_108' title="bbox 2178 4965 3835 5048; baseline -0.004 -1"><span class='ocrx_word' id='word_1_743' title='bbox 2178 4996 2390 5048; x_wconf 85' lang='lat' dir='ltr'><strong>scilicet</strong></span> <span class='ocrx_word' id='word_1_744' title='bbox 2413 4991 2480 5045; x_wconf 89' lang='lat' dir='ltr'><strong>ab</strong></span> <span class='ocrx_word' id='word_1_745' title='bbox 2509 4989 2603 5044; x_wconf 89' lang='lat' dir='ltr'><strong>illo</strong></span> <span class='ocrx_word' id='word_1_746' title='bbox 2650 4965 2772 5041; x_wconf 79' lang='lat' dir='ltr'><strong>csse</strong></span> <span class='ocrx_word' id='word_1_747' title='bbox 2798 4987 3012 5040; x_wconf 76' lang='lat' dir='ltr'><strong>habeat.</strong></span> <span class='ocrx_word' id='word_1_748' title='bbox 3040 4983 3151 5039; x_wconf 86' lang='lat' dir='ltr'><strong>Hoc</strong></span> <span class='ocrx_word' id='word_1_749' title='bbox 3188 4984 3333 5037; x_wconf 82' lang='lat' dir='ltr'><strong>enim</strong></span> <span class='ocrx_word' id='word_1_750' title='bbox 3360 4983 3771 5040; x_wconf 85' lang='lat' dir='ltr'><strong>enuntiationis</strong></span> <span class='ocrx_word' id='word_1_751' title='bbox 3816 4965 3835 4981; x_wconf 62' lang='grc'><em>’</em></span> 
     </span>
    </p>
   </div>
   <div class='ocr_carea' id='block_1_109' title="bbox 2177 5075 3767 5156">
    <p class='ocr_par' dir='ltr' id='par_1_109' title="bbox 2177 5075 3767 5156">
     <span class='ocr_line' id='line_1_109' title="bbox 2177 5075 3767 5156; baseline -0.008 -15"><span class='ocrx_word' id='word_1_752' title='bbox 2177 5085 2387 5156; x_wconf 86' lang='lat' dir='ltr'><strong>species</strong></span> <span class='ocrx_word' id='word_1_753' title='bbox 2415 5082 2613 5151; x_wconf 73' lang='lat' dir='ltr'><strong>exigit,</strong></span> <span class='ocrx_word' id='word_1_754' title='bbox 2647 5079 2807 5134; x_wconf 92' lang='lat' dir='ltr'><strong>sicuti</strong></span> <span class='ocrx_word' id='word_1_755' title='bbox 2850 5090 3001 5140; x_wconf 86' lang='lat' dir='ltr'><strong>cum,</strong></span> <span class='ocrx_word' id='word_1_756' title='bbox 3048 5075 3197 5129; x_wconf 87' lang='lat' dir='ltr'><strong>verbi</strong></span> <span class='ocrx_word' id='word_1_757' title='bbox 3250 5075 3448 5144; x_wconf 80' lang='lat' dir='ltr'><strong>gratia,</strong></span> <span class='ocrx_word' id='word_1_758' title='bbox 3478 5075 3722 5129; x_wconf 86' lang='lat' dir='ltr'><strong>dicimus</strong></span> <span class='ocrx_word' id='word_1_759' title='bbox 3747 5090 3767 5129; x_wconf 92' lang='lat'><strong>:</strong></span> 
     </span>
    </p>
   </div>
   <div class='ocr_carea' id='block_1_110' title="bbox 2179 5166 3766 5232">
    <p class='ocr_par' dir='ltr' id='par_1_110' title="bbox 2179 5166 3766 5232">
     <span class='ocr_line' id='line_1_110' title="bbox 2179 5166 3766 5232; baseline -0.005 -3"><span class='ocrx_word' id='word_1_760' title='bbox 2179 5175 2278 5229; x_wconf 87' lang='lat' dir='ltr'><strong>llic</strong></span> <span class='ocrx_word' id='word_1_761' title='bbox 2316 5172 2633 5229; x_wconf 79' lang='lat' dir='ltr'><strong>rationalem</strong></span> <span class='ocrx_word' id='word_1_762' title='bbox 2669 5169 2878 5224; x_wconf 86' lang='lat' dir='ltr'><strong>habens</strong></span> <span class='ocrx_word' id='word_1_763' title='bbox 2929 5176 3199 5232; x_wconf 88' lang='lat' dir='ltr'><strong>naturam,</strong></span> <span class='ocrx_word' id='word_1_764' title='bbox 3229 5166 3409 5228; x_wconf 87' lang='lat' dir='ltr'><strong>discit,</strong></span> <span class='ocrx_word' id='word_1_765' title='bbox 3444 5166 3582 5219; x_wconf 88' lang='lat' dir='ltr'><strong>idem</strong></span> <span class='ocrx_word' id='word_1_766' title='bbox 3605 5167 3766 5221; x_wconf 86' lang='lat' dir='ltr'><strong>enim</strong></span> 
     </span>
    </p>
   </div>
   <div class='ocr_carea' id='block_1_111' title="bbox 2176 5258 3765 5332">
    <p class='ocr_par' dir='ltr' id='par_1_111' title="bbox 2176 5258 3765 5332">
     <span class='ocr_line' id='line_1_111' title="bbox 2176 5258 3765 5332; baseline -0.006 -10"><span class='ocrx_word' id='word_1_767' title='bbox 2176 5277 2281 5332; x_wconf 90' lang='lat' dir='ltr'><strong>est,</strong></span> <span class='ocrx_word' id='word_1_768' title='bbox 2339 5280 2402 5319; x_wconf 87' lang='lat' dir='ltr'><strong>ac</strong></span> <span class='ocrx_word' id='word_1_769' title='bbox 2450 5267 2497 5319; x_wconf 93' lang='lat' dir='ltr'><strong>si</strong></span> <span class='ocrx_word' id='word_1_770' title='bbox 2553 5263 2871 5318; x_wconf 88' lang='lat' dir='ltr'><strong>diceretur:</strong></span> <span class='ocrx_word' id='word_1_771' title='bbox 2930 5259 3070 5324; x_wconf 81' lang='lat' dir='ltr'><strong>Quia</strong></span> <span class='ocrx_word' id='word_1_772' title='bbox 3119 5258 3436 5312; x_wconf 82' lang='lat' dir='ltr'><strong>rationalem</strong></span> <span class='ocrx_word' id='word_1_773' title='bbox 3495 5268 3765 5313; x_wconf 75' lang='lat' dir='ltr'><strong>naturam</strong></span> 
     </span>
    </p>
   </div>
   <div class='ocr_carea' id='block_1_112' title="bbox 2176 5350 3767 5429">
    <p class='ocr_par' dir='ltr' id='par_1_112' title="bbox 2176 5350 3767 5429">
     <span class='ocr_line' id='line_1_112' title="bbox 2176 5350 3767 5429; baseline -0.006 -15"><span class='ocrx_word' id='word_1_774' title='bbox 2176 5360 2359 5425; x_wconf 82' lang='lat' dir='ltr'><strong>habet,</strong></span> <span class='ocrx_word' id='word_1_775' title='bbox 2390 5357 2594 5412; x_wconf 84' lang='lat' dir='ltr'><strong>idcirco</strong></span> <span class='ocrx_word' id='word_1_776' title='bbox 2623 5353 2808 5429; x_wconf 89' lang='lat' dir='ltr'><strong>discit.</strong></span> <span class='ocrx_word' id='word_1_777' title='bbox 2863 5350 3081 5406; x_wconf 85' lang='lat' dir='ltr'><strong>Discere</strong></span> <span class='ocrx_word' id='word_1_778' title='bbox 3131 5352 3330 5419; x_wconf 76' lang='lat' dir='ltr'><strong>Quippe</strong></span> <span class='ocrx_word' id='word_1_779' title='bbox 3383 5351 3598 5404; x_wconf 80' lang='lat' dir='ltr'><strong>causale</strong></span> <span class='ocrx_word' id='word_1_780' title='bbox 3628 5361 3767 5420; x_wconf 87' lang='lat' dir='ltr'><strong>est;</strong></span> 
     </span>
    </p>
   </div>
   <div class='ocr_carea' id='block_1_113' title="bbox 2178 5442 3767 5512">
    <p class='ocr_par' dir='ltr' id='par_1_113' title="bbox 2178 5442 3767 5512">
     <span class='ocr_line' id='line_1_113' title="bbox 2178 5442 3767 5512; baseline -0.004 -8"><span class='ocrx_word' id='word_1_781' title='bbox 2178 5449 2737 5504; x_wconf 69' lang='lat' dir='ltr'><strong>rationalem~autem</strong></span> <span class='ocrx_word' id='word_1_782' title='bbox 2793 5454 3064 5506; x_wconf 86' lang='lat' dir='ltr'><strong>naturam,</strong></span> <span class='ocrx_word' id='word_1_783' title='bbox 3136 5443 3280 5511; x_wconf 88' lang='lat' dir='ltr'><strong>quod</strong></span> <span class='ocrx_word' id='word_1_784' title='bbox 3316 5442 3536 5507; x_wconf 84' lang='lat' dir='ltr'><strong>dicitur,</strong></span> <span class='ocrx_word' id='word_1_785' title='bbox 3593 5453 3767 5512; x_wconf 76' lang='lat' dir='ltr'><strong>quasi</strong></span> 
     </span>
    </p>
   </div>
   <div class='ocr_carea' id='block_1_114' title="bbox 2175 5720 3768 5844">
    <p class='ocr_par' dir='ltr' id='par_1_114' title="bbox 2175 5720 3768 5844">
     <span class='ocr_line' id='line_1_114' title="bbox 2175 5720 3768 5844; baseline 0.001 -69"><span class='ocrx_word' id='word_1_786' title='bbox 2175 5723 2336 5844; x_wconf 55' lang='lat' dir='ltr'><strong>upsii.</strong></span> <span class='ocrx_word' id='word_1_787' title='bbox 2383 5722 2579 5777; x_wconf 84' lang='lat' dir='ltr'><strong>Caleca</strong></span> <span class='ocrx_word' id='word_1_788' title='bbox 2612 5730 2791 5775; x_wconf 82' lang='lat' dir='ltr'><strong>tamen</strong></span> <span class='ocrx_word' id='word_1_789' title='bbox 2829 5726 3063 5793; x_wconf 83' lang='lat' dir='ltr'><strong>tuentem</strong></span> <span class='ocrx_word' id='word_1_790' title='bbox 3103 5735 3257 5774; x_wconf 86' lang='lat' dir='ltr'><strong>suam</strong></span> <span class='ocrx_word' id='word_1_791' title='bbox 3298 5721 3432 5776; x_wconf 86' lang='lat' dir='ltr'><strong>satis</strong></span> <span class='ocrx_word' id='word_1_792' title='bbox 3468 5720 3607 5776; x_wconf 85' lang='lat' dir='ltr'><strong>bene</strong></span> <span class='ocrx_word' id='word_1_793' title='bbox 3647 5735 3727 5776; x_wconf 80' lang='lat' dir='ltr'><strong>ex</strong></span> <span class='ocrx_word' id='word_1_794' title='bbox 3752 5753 3768 5764; x_wconf 83' lang='lat'><strong>-</strong></span> 
     </span>
     <span class='ocr_line' id='line_1_115' title="bbox 2175 5803 2363 5844; baseline 0 0"><span class='ocrx_word' id='word_1_795' title='bbox 2175 5808 2206 5844; x_wconf 81' lang='grc' dir='ltr'>ο</span> <span class='ocrx_word' id='word_1_796' title='bbox 2237 5803 2363 5844; x_wconf 84' lang='lat' dir='ltr'><strong>tcat.</strong></span> 
     </span>
    </p>
   </div>
   <div class='ocr_carea' id='block_1_115' title="bbox 2174 5803 3216 5929">
    <p class='ocr_par' dir='ltr' id='par_1_115' title="bbox 2174 5803 3216 5929">
     <span class='ocr_line' id='line_1_116' title="bbox 2214 5803 2363 5845; baseline 0.007 -1"><span class='ocrx_word' id='word_1_797' title='bbox 2214 5803 2363 5845; x_wconf 84' lang='lat' dir='ltr'><strong>ttcat.</strong></span> 
     </span>
     <span class='ocr_line' id='line_1_117' title="bbox 2174 5808 3216 5929; baseline 0 -16"><span class='ocrx_word' id='word_1_798' title='bbox 2174 5808 2206 5861; x_wconf 64' lang='grc' dir='ltr'>ρ</span> <span class='ocrx_word' id='word_1_799' title='bbox 2243 5862 2357 5929; x_wconf 76' lang='lat'><strong>(‘25)</strong></span> <span class='ocrx_word' id='word_1_800' title='bbox 2430 5860 2489 5914; x_wconf 83' lang='lat'><strong>[..</strong></span> <span class='ocrx_word' id='word_1_801' title='bbox 2535 5876 2589 5912; x_wconf 90' lang='grc' dir='ltr'><strong>ιιι</strong></span> <span class='ocrx_word' id='word_1_802' title='bbox 2645 5866 2831 5912; x_wconf 77' lang='lat' dir='ltr'><strong>contra</strong></span> <span class='ocrx_word' id='word_1_803' title='bbox 2868 5857 3216 5913; x_wconf 82' lang='lat' dir='ltr'><strong>Eunomium.</strong></span> 
     </span>
    </p>
   </div>
   <div class='ocr_carea' id='block_1_116' title="bbox 2168 5929 2996 5991">
    <p class='ocr_par' dir='ltr' id='par_1_116' title="bbox 2168 5929 2996 5991">
     <span class='ocr_line' id='line_1_118' title="bbox 2168 5929 2996 5991; baseline -0.001 -6"><span class='ocrx_word' id='word_1_804' title='bbox 2168 5948 2296 5985; x_wconf 79' lang='lat' dir='ltr'><strong>llilitl</strong></span> <span class='ocrx_word' id='word_1_805' title='bbox 2333 5932 2368 5988; x_wconf 92' lang='grc' dir='ltr'><strong>Ι.</strong></span> <span class='ocrx_word' id='word_1_806' title='bbox 2407 5947 2443 5984; x_wconf 87' lang='grc' dir='ltr'><strong>ιι</strong></span> <span class='ocrx_word' id='word_1_807' title='bbox 2467 5932 2538 5984; x_wconf 81' lang='lat' dir='ltr'><strong>De</strong></span> <span class='ocrx_word' id='word_1_808' title='bbox 2567 5929 2792 5991; x_wconf 64' lang='lat' dir='ltr'><strong>Christo,</strong></span> <span class='ocrx_word' id='word_1_809' title='bbox 2822 5944 2872 5985; x_wconf 77' lang='grc' dir='ltr'><strong>ρ.</strong></span> <span class='ocrx_word' id='word_1_810' title='bbox 2904 5929 2996 5984; x_wconf 65' lang='lat'><strong>“25.</strong></span> 
     </span>
    </p>
   </div>
   <div class='ocr_carea' id='block_1_117' title="bbox 3283 5858 3763 5914">
    <p class='ocr_par' dir='ltr' id='par_1_117' title="bbox 3283 5858 3763 5914">
     <span class='ocr_line' id='line_1_119' title="bbox 3283 5858 3763 5914; baseline 0.004 -2"><span class='ocrx_word' id='word_1_811' title='bbox 3283 5858 3410 5913; x_wconf 80' lang='lat' dir='ltr'><strong>Vide</strong></span> <span class='ocrx_word' id='word_1_812' title='bbox 3463 5858 3763 5914; x_wconf 68' lang='lat' dir='ltr'><strong>Bruanni-</strong></span> 
     </span>
    </p>
   </div>
  </div>
