4106 6446
386 425 456 486 at
1510 428 1918 489 aovuusus
1957 424 2272 491 Gnaeos
2311 433 2458 495 LIB.
2494 435 2543 497 ι.
3588 418 3659 489 ς(

381 557 481 612 pro
513 555 673 595 causa
703 541 962 595 sumitur.
995 540 1271 607 Nusquam
1305 543 1451 597 enim
1487 554 1591 608 est,
1628 544 1717 598 ubi
1767 542 1958 611 hujus-
2000 550 2041 602 Α
2072 561 2137 601 ac
2171 549 2433 616 dignitate
2460 550 2739 606 secundus
2769 565 2796 603 a
2832 549 2993 606 Patre
3021 534 3122 612 est,
3162 551 3427 621 quoniam
3467 551 3537 604 ab
3569 550 3665 603 illo

383 633 526 686 modi
596 633 991 687 ennutiationis
1053 635 1262 702 species
1323 651 1432 688 non
1489 631 1711 690 causam
1796 645 1961 703 atque

384 723 596 778 causale
642 724 934 793 signiticet,
974 736 1231 779 ezrterum
1283 728 1368 780 ve!
1429 728 1586 796 quasi
1642 728 1961 797 praeteriens

384 816 625 884 ponitur,
681 815 763 869 vel
814 817 942 881 quia
987 825 1184 886 pra-ter
1235 817 1339 871 hoc
1393 830 1479 874 est
1508 826 1561 874 et
1604 821 1725 874 hoc.
1759 817 1958 874 Verum

385 906 442 961 in
475 918 659 960 saneta
694 906 989 971 Triuitate,
1025 924 1147 961 eum
1205 909 1350 963 nulla
1386 910 1693 966 differentia
1717 911 1825 965 alia
1853 912 1958 966 nisi

385 999 499 1054 sola
526 998 825 1052 seetmdnm
875 1015 1097 1053 causam
1142 1002 1333 1055 relatio
1374 1002 1715 1070 inspiciatur.
1742 1017 1964 1074 propter

386 1104 652 1143 summam
679 1089 1088 1160 simplicitatem
1114 1109 1129 1145 :
1153 1093 1577 1163 praeteriensque
1595 1096 1738 1164 quod
1762 1095 1965 1150 dicitur
2010 1086 2015 1089 ⁷

387 1190 442 1234 et
476 1196 552 1241 re.
585 1193 639 1235 et
664 1183 832 1236 rerbo
860 1183 986 1237 inde
1043 1185 1268 1239 emniuo
1319 1184 1601 1241 auferetur
1648 1188 1962 1258 hujusmodi

389 1272 774 1327 enuntiationis
827 1275 1057 1343 species.

461 1359 595 1417 llinc
633 1378 877 1427 causam,
908 1365 1045 1419 inde
1074 1382 1294 1422 cattsale
1344 1370 1587 1423 secundo
1634 1370 1792 1426 nobis
1846 1370 1997 1424 loco'

389 1469 419 1507 a
501 1470 659 1507 causa
709 1458 1049 1511 commendat
1083 1458 1219 1528 (26).
1275 1461 1530 1514 Secundo
1620 1464 1764 1516 enim
1850 1479 1968 1517 loco

390 1557 510 1597 esse
537 1554 754 1612 propter
827 1563 1143 1616 processmn
1217 1550 1529 1606 divinarum
1591 1567 1954 1621 personarum

391 1634 445 1688 in
471 1646 652 1691 sancta
678 1637 941 1693 Trinitate
970 1657 998 1694 a
1072 1643 1337 1712 theologis
1401 1647 1685 1700 asseritur.
1729 1645 1970 1716 Spiritus

390 1726 559 1779 sancti
588 1735 767 1781 autem
792 1744 856 1782 ex
889 1729 1048 1783 Patre
1102 1746 1194 1799 per
1224 1729 1412 1787 Filium
1438 1750 1753 1803 processum
1814 1736 1971 1790 theo-

390 1815 527 1885 logia
563 1819 726 1872 tradit
750 1838 763 1874 :
790 1837 885 1888 per
904 1837 1064 1891 quem
1111 1822 1318 1877 scilicet
1350 1832 1404 1879 et
1453 1827 1732 1881 secundus
1757 1843 1784 1879 a
1809 1826 1968 1888 Filio,

392 1919 444 1962 et
472 1927 501 1964 a
530 1910 683 1967 Patre
708 1915 901 1969 tertius
940 1915 1157 1969 dicitur.
1215 1915 1528 1988 ﬂorumque
1558 1935 1721 1973 causa
1759 1933 1841 1974 cst
1896 1936 1962 1974 ex
1996 1907 2041 1964 Β

391 1998 548 2055 Patre
581 2016 670 2070 per
703 2001 897 2057 Filium
932 2019 1237 2073 processus.
1291 2004 1504 2076 Ubique
1537 2017 1718 2063 autem
1749 2009 1967 2063 causale

391 2106 552 2147 causa
578 2093 765 2149 saltem
787 2097 1119 2166 cogitatione
1154 2099 1435 2166 priecedit.
1468 2100 1646 2170 Atque
1682 2101 1771 2155 ubi
1836 2117 1969 2156 cau-

392 2184 504 2237 sale
530 2194 635 2245 est,
673 2199 891 2240 causam
920 2203 1138 2257 quoque
1162 2206 1285 2244 esse
1326 2192 1640 2247 necessario
1671 2194 1920 2263 sequitur
1949 2211 1965 2259 ;

392 2288 554 2328 causa
612 2276 845 2343 sublata,
898 2283 1114 2335 rausaie
1156 2298 1373 2350 quoque
1432 2285 1686 2353 protinus
1741 2286 1967 2341 tollitur.

400 2365 632 2423 Sanctus
658 2385 786 2439 ergo
811 2372 912 2431 vir,
952 2373 1044 2441 qui
1099 2375 1314 2428 tertium
1368 2391 1397 2429 a
1463 2376 1624 2430 Patre
1680 2380 1973 2434 conﬁtetur

400 2456 693 2527 Spiritum;
726 2470 891 2531 atque
924 2482 953 2517 a
985 2464 1120 2519 Filio
1170 2467 1494 2542 secundum,
1523 2466 1673 2531 juxta
1711 2486 1972 2538 persona-

398 2552 498 2605 lem
546 2554 813 2618 ordinem,
876 2558 1079 2626 quique
1135 2560 1349 2615 ordinis
1424 2563 1589 2631 hujus
1643 2564 1971 2618 insolentem

395 2645 706 2708 ueritatem,
750 2648 872 2704 ﬁdei
917 2651 1684 2719 abnegationemarbitratur.
1723 2666 1776 2709 et
1826 2670 1974 2723 quote-

397 2752 503 2806 que
531 2738 636 2793 alia
660 2741 924 2808 praedixit,
959 2758 1065 2810 qua
1116 2744 1331 2799 ratione
1363 2746 1581 2801 causale
1630 2762 1857 2816 ponens,
1919 2757 1976 2802 ut

396 2831 567 2900 pium,
596 2833 789 2888 deinde
826 2849 854 2889 a
908 2834 1048 2889 Filio
1077 2852 1199 2892 esse
1225 2838 1424 2891 nabere
1453 2839 1818 2909 subjungeus,
1853 2856 1972 2896 ea'n

396 2939 515 2993 qua:
531 2931 897 2995 consequitur.
924 2943 1163 2988 causam.
1189 2933 1342 2998 quasi
1368 2932 1601 2986 alienant
1649 2934 1979 3001 denegabit?

469 3040 622 3097 Nam.
681 3058 724 3095 St
790 3059 1088 3098 serunouen
1158 3061 1297 3110 esse,
1374 3047 1592 3101 causale
1657 3056 1759 3110 est,
1813 3048 1979 3118 huius

398 3141 596 3185 autem.
633 3132 776 3201 quod
799 3135 1157 3189 esse'habeat
1194 3152 1222 3190 a
1257 3134 1413 3202 Filio,
1447 3146 1501 3191 et
1549 3139 1692 3206 quod
1730 3143 1977 3198 absolute

399 3239 496 3291 per
524 3222 715 3278 Filium
750 3225 1021 3293 procedat,
1053 3243 1217 3282 causa
1259 3229 1567 3299 subjicitur,
1595 3234 1814 3287 causale
1840 3250 1969 3289 vero
1998 3250 2038 3307 ε

399 3332 674 3386 nunquam
706 3319 821 3373 sine
850 3333 1012 3373 causa
1046 3330 1149 3383 ρει,
1191 3322 1468 3389 quomodo
1520 3339 1629 3378 non
1661 3330 1971 3381 necessario

400 3422 521 3460 cum
561 3407 765 3461 causali
813 3424 975 3462 causa
1008 3424 1230 3480 quoque
1274 3413 1670 3482 consequitur?
1726 3414 1886 3481 Nam,
1925 3417 1970 3472 si

400 3513 575 3566 neque
610 3501 878 3555 secundus
921 3516 949 3556 a
972 3499 1111 3557 Filio
1131 3514 1236 3569 est,
1272 3518 1450 3573 neque
1483 3520 1513 3559 a
1560 3502 1722 3562 Patre
1752 3511 1969 3569 tertius.

402 3602 514 3642 nea
544 3587 682 3643 Filio
716 3590 930 3659 quidem
963 3606 1085 3647 esse
1117 3592 1354 3648 habebit.
1396 3593 1667 3661 Quoniam
1730 3611 1861 3651 vero
1919 3606 1974 3652 et

403 3682 490 3737 hic
535 3691 583 3737 et
619 3682 866 3752 plurimis
906 3685 1027 3739 aliis
1059 3685 1109 3738 in
1133 3686 1291 3748 locis,
1329 3686 1505 3756 ipsum
1567 3697 1622 3742 et
1653 3689 1960 3744 secundum

400 3789 523 3829 esse
573 3784 624 3830 et
647 3775 867 3829 tertium
892 3784 1115 3859 sanctus
1164 3776 1249 3830 vir
1278 3779 1450 3846 ponit,
1501 3793 1565 3835 ac
1590 3795 1660 3834 ne
1690 3780 1792 3848 ipsi
1847 3786 1972 3851 qui-

400 3870 520 3923 dem
551 3869 1003 3933 contradicentes,
1029 3870 1173 3940 quod
1227 3871 1437 3926 dicitur
1488 3875 1766 3929 secundus
1825 3892 1970 3944 esse,

402 3978 525 4016 cum
552 3962 761 4017 caeteris
797 3977 907 4017 non
954 3963 1157 4029 delent,
1215 3979 1445 4021 necesse
1510 3976 1595 4021 est
1643 3977 1701 4020 ut
1751 3984 1973 4023 causam

402 4072 637 4127 quoque,
666 4056 1068 4111 cur-secundus
1093 4055 1185 4119 sit,
1216 4072 1339 4127 quae
1381 4058 1626 4128 proferto
1684 4071 1790 4126 est,
1826 4063 1973 4131 quod

401 4154 495 4206 ille
523 4166 641 4207 esse
667 4151 827 4206 habet
846 4164 911 4206 ex
946 4147 1124 4220 Filio,
1160 4152 1481 4222 magistrum
1539 4152 1788 4223 posuisse
1840 4154 1976 4209 fale-

406 4248 583 4296 antur.

475 4336 666 4402 Atque,
690 4335 830 4390 sicut
857 4335 972 4405 ipse
1003 4335 1057 4389 in
1088 4334 1294 4389 eisdem
1341 4333 1456 4389 ait:
1493 4352 1511 4386 ‹
1577 4333 1752 4389 Sicuti
1804 4335 1976 4392 Filius

406 4425 592 4482 ordine
616 4426 847 4501 quidem
883 4426 1160 4481 secundus
1189 4440 1218 4501 a
1259 4423 1419 4480 Patre
1451 4434 1556 4488 est,
1608 4427 1872 4495 quoniam
1907 4428 1977 4482 ab

406 4520 519 4584 ipso
548 4526 650 4582 est,
687 4527 739 4572 et
776 4517 1057 4588 dignitate,
1110 4500 1370 4585 quhniam
1430 4516 1647 4571 initium
1684 4527 1739 4571 et
1806 4533 1974 4573 causa

408 4611 531 4671 sibi,
564 4617 622 4665 ut
655 4618 816 4670 esset.
872 4610 1033 4665 Pater
1083 4618 1200 4673 est;
1261 4617 1316 4663 et
1370 4608 1564 4663 ordine
1613 4609 1852 4677 quidem,
1914 4625 1978 4664 ac

407 4702 687 4772 dignitate,
713 4701 1009 4756 secundum
1037 4715 1159 4755 esse
1182 4715 1210 4754 a
1236 4698 1397 4754 Patre
1422 4699 1646 4765 Filium,
1674 4709 1733 4754 ut
1759 4702 1980 4757 causalc

407 4794 585 4861 posuit
609 4809 626 4858 ;
655 4805 876 4847 causam
909 4806 1056 4855 vero,
1084 4792 1224 4861 quod
1255 4806 1284 4846 a
1313 4792 1472 4846 Patre
1494 4806 1663 4857 esset,
1693 4794 1979 4864 ipsumque

411 4885 624 4938 initium
662 4883 883 4938 haberet
931 4893 986 4937 et
1018 4898 1242 4937 causam
1271 4900 1287 4950 ;
1313 4899 1491 4953 neque
1544 4887 1818 4941 secundus
1869 4888 1979 4943 ullo

411 4977 573 5030 modo
602 4984 768 5035 esset,
797 4976 899 5029 nisi
958 4990 1079 5029 esse
1139 4975 1364 5029 haberet
1396 4990 1423 5029 a
1490 4975 1690 5040 Patre;
1750 4977 1974 5046 parilem

411 5065 632 5118 modum
661 5070 716 5119 et
770 5064 824 5117 in
860 5072 1044 5117 sancto
1098 5050 1307 5133 Spiritu
1366 5065 1537 5133 ponit.
1600 5063 1784 5133 Neque
1833 5068 1977 5121 enim

409 5164 556 5212 esset
580 5156 855 5213 secundus
884 5171 915 5210 a
949 5156 1107 5221 Filio,
1141 5156 1242 5210 hoc
1294 5164 1402 5219 est.
1436 5172 1467 5211 a
1524 5155 1687 5211 Patre
1762 5159 1978 5225 tertius,

413 5248 519 5303 nisi
556 5247 625 5303 ab
679 5246 773 5302 illo
827 5247 1050 5301 haberet
1102 5261 1247 5301 esse.
1307 5247 1493 5315 itaque
1550 5249 1636 5301 vel
1681 5251 1980 5305 secundum

417 5343 569 5397 illum
596 5355 718 5396 esse
751 5341 962 5403 ordine,
997 5355 1057 5395 ac
1103 5340 1321 5394 tertium
1358 5356 1465 5394 una
1522 5340 1790 5410 denegem
1814 5381 1830 5407 ,
1892 5352 1987 5397 aut

421 5436 521 5489 hoc
551 5433 859 5489 necessario
891 5435 1316 5500 consentientes,
1357 5443 1411 5488 et
1456 5434 1603 5502 quod
1633 5451 1754 5489 esse
1785 5436 1979 5490 habeat

418 5546 485 5582 ex
516 5527 654 5583 Filio
685 5542 794 5582 una
864 5526 1024 5579 fateri
1087 5514 1532 5596 compelluntur:
1579 5526 1781 5595 Nempe
1836 5527 1982 5580 enim

417 5621 463 5674 si
508 5634 572 5674 ex
602 5619 761 5674 Patre
784 5617 903 5673 solo
932 5617 1193 5688 Spiritum
1245 5626 1495 5674 sanetum
1534 5633 1658 5673 esse
1720 5619 1981 5674 credidis-

416 5711 668 5782 seuquid
681 5710 1190 5782 probibebatdicerc
1210 5728 1223 5765 :
1245 5710 1381 5778 Quia
1400 5711 1542 5768 sicut
1564 5708 1736 5767 Filius
1784 5711 1976 5768 ordine

491 5894 602 5965 (26)
643 5897 895 5952 Uasilius.

2067 656 2187 695 esse
2242 643 2436 696 habet:
2497 643 2568 697 ita
2609 651 2663 698 et
2741 652 2968 699 sanctus
3025 643 3270 713 Spiritus
3328 644 3523 698 ordine
3589 658 3655 696 ac

2068 732 2334 802 dignitate
2360 736 2633 789 secundus
2667 735 2853 790 itidem
2882 751 2912 790 a
2955 735 3114 791 Patre
3173 746 3278 790 est.
3336 734 3450 790 Hoc
3505 735 3654 791 enim

2069 825 2172 880 sibi
2210 833 2266 880 et
2315 828 2547 881 multum
2608 828 2828 896 quidem
2883 828 2950 883 ad
3007 828 3349 899 propositum
3407 827 3701 883 conferre,

2073 927 2306 986 poterat,
2340 934 2463 972 cum
2494 920 2643 974 illum
2704 921 2945 991 ejusdem
3000 936 3125 975 eum
3168 921 3327 976 Patre
3385 921 3665 980 essentia).

2071 1007 2354 1078 Deumque
2380 1026 2573 1065 verum
2602 1026 2723 1066 esse
2757 1013 3148 1067 commendare
3173 1012 3514 1066 inStitueret.

2139 1099 2272 1154 Nam
2305 1100 2373 1155 de
2401 1101 2561 1158 Patre
2586 1105 2801 1172 quidem
2837 1086 3018 1159 nullus
3054 1119 3297 1173 unquam
3360 1102 3651 1157 lueretico-

2073 1208 2190 1246 rum
2230 1193 2354 1255 fuit.
2382 1194 2517 1264 quin
2560 1203 2823 1249 tutel-num
2858 1197 3142 1264 Deumque
3182 1209 3368 1250 verum
3401 1193 3658 1249 senserit.

2073 1284 2272 1340 Contra
2314 1293 2495 1339 autem
2528 1285 2595 1341 de
2620 1285 2758 1340 Filio
2785 1288 3004 1355 plurimi
3031 1301 3408 1357 saepenumero
3472 1299 3664 1342 sense-

2078 1386 2224 1432 runt.
2265 1377 2461 1433 Verum
2486 1379 2589 1431 hoc
2621 1378 2713 1432 ille
2772 1394 2881 1433 non
2940 1378 3102 1448 dixit,
3161 1394 3288 1433 cum
3349 1378 3663 1432 dixinarum

2075 1484 2431 1538 perSonarum
2471 1468 2536 1522 ad
2588 1468 2821 1524 invirem
2884 1469 3134 1524 ordinem
3197 1484 3666 1537 proerssnumqne

2077 1559 2442 1616 diﬂ‘erentiam
2499 1562 2670 1629 probe
2719 1572 2929 1627 nosset;
2967 1561 3078 1614 imo
3144 1561 3427 1615 interdixit
3474 1560 3661 1618 etiam.

2079 1662 2137 1707 ut
2167 1669 2235 1707 ex
2270 1653 2355 1708 his
2384 1668 2504 1731 qua:
2547 1653 2658 1724 jam
2723 1653 2863 1708 dicta
2903 1662 3048 1710 sunt.
3092 1652 3376 1707 evidenter
3416 1667 3476 1705 os
3504 1654 3660 1706 cudi.

2079 1752 2186 1797 tur.

2149 1835 2308 1891 Certe
2331 1847 2536 1902 autem,
2568 1836 2613 1890 si
2678 1838 2893 1890 tertium
2933 1851 2962 1889 a
3024 1820 3181 1890 Patre
3223 1849 3344 1890 esse
3399 1833 3664 1901 Spiritum

2071 1937 2322 1986 sanctum
2352 1937 2519 1998 atque
2555 1943 2585 1982 a
2614 1926 2753 1981 Filio
2789 1927 3122 1991 secundum,
3184 1935 3241 1981 et
3265 1940 3297 1980 a
3347 1918 3668 1979 doctoribus

2071 2020 2304 2084 caeteris,
2336 2028 2389 2072 et
2419 2033 2449 2073 a
2492 2032 2692 2088 magno
2744 2018 2939 2072 Basilio
2969 2017 3322 2088 accepimus:
3369 2017 3421 2071 id
3479 2025 3697 2079 autem.

2070 2126 2350 2181 nunquam
2383 2111 2457 2165 ita
2488 2117 2655 2176 esset,
2693 2109 2796 2164 nisi
2836 2110 3033 2163 tertius
3081 2116 3229 2163 esset
3258 2125 3323 2163 ex
3357 2108 3536 2178 primo
3569 2123 3668 2175 per

2072 2204 2333 2267 medium,
2364 2203 2466 2257 hoc
2496 2212 2598 2265 est,
2630 2218 2693 2256 ex
2728 2202 2887 2256 Patre
2936 2217 3032 2269 per
3062 2201 3261 2255 Filium
3296 2202 3615 2269 procederet
3646 2215 3665 2254 :
3719 2256 3726 2265 ,

2073 2295 2346 2365 quomodo
2373 2295 2446 2360 id,
2485 2296 2628 2364 quod
2676 2294 3064 2363 pra-misimus,
3095 2308 3204 2348 non
3231 2294 3382 2347 omni
3437 2292 3666 2348 veritate

2077 2388 2341 2444 fulcitur?
2372 2387 2622 2443 videlicet
2689 2396 2913 2456 propter
2953 2385 3337 2439 substantialis
3370 2378 3665 2454 proceSSIt-i

2076 2494 2431 2551 personarum
2469 2480 2535 2532 ad
2567 2478 2801 2532 invicem
2863 2493 3122 2547 apparere
3173 2476 3463 2531 ordinem?
3519 2478 3668 2541 Quo—

2078 2573 2241 2628 modo
2272 2573 2401 2627 item
2437 2587 2547 2627 non
2582 2571 2725 2625 ident
2754 2578 2859 2627 cst.
2899 2580 2951 2625 et
2981 2586 3076 2635 per
3118 2570 3312 2625 Filium
3348 2568 3662 2638 procedere,

2077 2667 2224 2735 quod
2251 2665 2471 2726 dicitur,
2492 2673 2547 2720 et
2577 2680 2606 2719 a
2644 2663 2785 2718 Filio
2817 2679 2940 2719 esse
2977 2664 3198 2727 habere,
3220 2663 3376 2734 juxta
3409 2671 3661 2717 sanetum

2078 2759 2362 2823 Basiliam,
2388 2756 2535 2826 quod
2582 2749 2747 2810 ctizim
2795 2771 3013 2811 causam
3066 2768 3189 2811 esse
3244 2755 3449 2824 posuit,
3518 2748 3578 2809 ut
3632 2769 3663 2808 a

2080 2848 2217 2904 Filio
2243 2848 2521 2904 secundus
2554 2847 2670 2904 sit?
3260 2854 3265 2858 ’

2150 2942 2439 3009 Quomodo
2461 2951 2642 2995 autem
2685 2949 2738 2995 et
2766 2954 2888 2996 esse
2941 2948 2999 2996 et
3030 2939 3326 3008 procedere
3352 2954 3462 2993 non
3515 2939 3659 2994 idem

2080 3036 2433 3102 intelligatur,
2492 3032 2786 3102 siquidem,
2812 3032 2957 3102 quod
2985 3046 3206 3088 causam
3259 3047 3381 3088 esse
3425 3042 3659 3095 constat,

2083 3137 2143 3182 ut
2174 3143 2203 3181 a
2238 3125 2375 3181 Filio
2417 3126 2655 3197 Spiritus
2688 3125 2964 3181 secundus
2999 3126 3090 3203 sit,
3143 3126 3287 3194 quod
3322 3139 3417 3192 per
3462 3114 3663 3178 Filium

2078 3221 2290 3277 scilicet
2322 3218 2696 3290 procedit.pro
2767 3218 2871 3272 hoc
2934 3219 3027 3273 ille
3089 3233 3277 3272 euma
3338 3215 3482 3271 ῐ⁴“ι1ἰο
3539 3232 3665 3273 esse

2079 3316 2280 3370 habere
2310 3314 2494 3368 dicere
2539 3312 2776 3367 maluit?
2803 3310 3091 3379 Quomodo
3120 3314 3248 3366 item
3303 3327 3401 3381 per
3440 3309 3664 3373 Filium,

2076 3418 2178 3463 cta
2203 3407 2339 3461 Filio
2359 3405 2705 3475 aequabiliter
2747 3421 2961 3475 ponens
2998 3422 3100 3458 non
3135 3416 3319 3472 aperte
3369 3402 3693 3474 signiﬁcatu

2075 3515 2162 3576 ex,
2193 3507 2247 3555 et
2279 3516 2393 3568 per,
2430 3499 2769 3552 tantumiem
2824 3498 2880 3550 in
2934 3498 3146 3557 Adit’inis
3207 3497 3425 3551 valere?
3476 3495 3664 3566 Neque

2076 3592 2221 3647 cnim
2279 3591 2549 3661 quispiam
2626 3588 2692 3643 ad
2743 3598 2952 3642 tantum
3018 3588 3218 3643 furoris
3300 3598 3355 3641 et
3409 3590 3665 3642 amentia:

2076 3691 2478 3751 prorumperet.
2531 3689 2591 3735 ut
2634 3682 2686 3734 in
2736 3680 2841 3733 hoc
2869 3682 3007 3744 loco,
3062 3683 3098 3733 ῖι
3143 3690 3195 3733 et
3228 3697 3312 3744 ear,
3360 3681 3662 3748 particulas

2078 3775 2146 3830 ab
2182 3775 2414 3830 invicem
2439 3773 2862 3846 significationis
2904 3771 3119 3824 ratione
3172 3771 3432 3824 dirimere
3486 3780 3665 3825 tenta-

2078 3876 2182 3920 I’Pt.

2084 3951 2089 3955 ’
2155 3958 2229 4011 Ex
2263 3957 2348 4010 his
2381 3957 2567 4026 igitur,
2607 3955 2752 4025 quod
2787 3954 2987 4009 dicitur
3016 3966 3046 4008 a
3081 3952 3218 4007 Filio
3266 3968 3386 4008 csse
3436 3953 3663 4020 habere,

2079 4061 2295 4108 constat
2325 4051 2499 4105 sancti
2526 4048 2627 4103 viri
2681 4057 2887 4103 textum
2930 4063 3076 4103 esse.
3145 4046 3288 4113 Quin
3326 4047 3539 4102 imo'et
3587 4063 3653 4104 ex

2081 4143 2188 4206 his,
2232 4158 2351 4211 qttze
2377 4140 2807 4196 calumniatores
2837 4140 3095 4210 improbi.
3153 4141 3207 4193 in
3264 4139 3366 4195 hac
3422 4139 3662 4195 clausula

2081 4244 2271 4291 contra
2301 4234 2547 4304 magistri
2585 4233 2766 4294 fidem,
2805 4243 2858 4287 et
2904 4232 3186 4287 veritatem
3215 4231 3445 4299 addunt,
3476 4235 3667 4287 mani-

2084 4329 2218 4383 festc
2257 4327 2477 4397 quidem
2507 4326 2681 4381 sancti
2729 4340 2927 4381 sensus
2978 4327 3179 4390 elucet,
3243 4325 3348 4395 ipsi
3410 4341 3537 4379 vero
3570 4341 3667 4395 per

2081 4420 2266 4475 omnia
2306 4418 2662 4487 malignitatis
2712 4425 3043 4489 arguuntur.
3096 4428 3156 4471 ut
3210 4417 3530 4472 eorumdem
3594 4419 3667 4472 sit

2080 4529 2181 4585 pro
2210 4513 2506 4575 voluntate,
2546 4521 2602 4567 et
2648 4511 2827 4567 delere
2856 4522 2911 4567 et
2959 4510 3217 4582 adjicere.

2009 4590 2053 4645 Ῑ)
2152 4601 2286 4656 Nam
2321 4609 2520 4673 praeter
2552 4602 2628 4664 id,
2661 4602 2806 4671 quod
2864 4601 2919 4654 in
2970 4596 3356 4653 vetustissimis
3384 4597 3667 4667 exempta.

2080 4696 2232 4750 ribus
2284 4695 2627 4750 inferendam
2683 4694 2853 4766 [forte
2922 4687 3352 4759 intolerandam]
3410 4692 3667 4757 protinus

2081 4788 2474 4855 malignitatem
2531 4795 2586 4841 et
2656 4785 2928 4856 positione
2988 4792 3043 4836 et
3105 4783 3276 4835 forma
3355 4784 3662 4837 litterarum

2080 4880 2427 4950 postmodum
2458 4878 2724 4946 adjectum
2758 4892 2899 4940 esse,
2931 4874 3217 4939 manifeste
3273 4885 3520 4945 apparet,
3589 4879 3667 4931 ait

2081 4975 2133 5027 iu
2172 4971 2636 5041 subsequentibus
2673 4978 2925 5025 sanctus:
2966 4989 2982 5021 ι
3011 4968 3077 5024 Ut
3116 4970 3261 5024 enim
3327 4970 3497 5026 Filius
3572 4988 3664 5025 ον-
3739 5042 3743 5047 ἢ

2083 5063 2210 5116 dine
2234 5062 2453 5131 quidem
2483 5060 2763 5115 secundus
2816 5075 2845 5113 a
2901 5058 3063 5114 Patre
3109 5073 3211 5126 est,
3272 5062 3532 5130 quoniam
3596 5062 3667 5116 ab

2085 5153 2206 5223 ipso
2234 5164 2337 5215 est,
2366 5162 2422 5207 et
2454 5152 2739 5221 dignitate,
2770 5150 3279 5218 quoniaminitium
3320 5151 3394 5203 illi
3424 5160 3477 5205 et
3499 5166 3669 5205 causa

2086 5244 2423 5301 utsitl’ater
2456 5254 2558 5309 est,
2629 5255 2684 5299 et
2724 5246 2850 5314 quia
2920 5259 3018 5314 per
3059 5243 3237 5312 ipsum
3300 5259 3557 5300 accessus
3617 5254 3672 5296 et

2084 5341 2341 5394 adductio
2372 5340 2437 5393 ad
2496 5337 2666 5392 Deum
2720 5346 2772 5392 et
2830 5337 3046 5392 Patrem
3104 5337 3261 5391 nobis
3303 5348 3404 5403 est,
3475 5344 3670 5389 natura

2095 5448 2225 5488 vero
2262 5448 2369 5486 non
2397 5432 2507 5501 jam
2532 5430 2830 5494 secundus,
2877 5428 3133 5484 divinitas
3155 5431 3300 5484 enim
3337 5430 3388 5483 in
3437 5437 3669 5495 utroque

2089 5537 2235 5577 una:
2272 5524 2345 5576 ita
2375 5520 2633 5575 videlicet
2680 5532 2735 5573 et
2773 5518 3012 5588 Spiritus
3070 5527 3315 5582 sanctus,
3372 5518 3470 5572 etsi
3530 5515 3671 5570 Filio

2087 5615 2338 5669 concedit
2361 5614 2576 5678 ordine,
2607 5623 2664 5669 et
2692 5612 2958 5681 dignitate
2989 5626 3096 5664 non
3121 5610 3231 5680 jam
3272 5618 3451 5664 tamen
3505 5610 3665 5679 quasi

2085 5710 2520 5763 alicrmnaturac
2542 5705 2840 5761 essisteus.
2875 5721 2893 5754 ι
2958 5701 3058 5758 Ubi
3116 5701 3376 5771 ergoait:
3414 5719 3432 5753 ς
3501 5702 3566 5757 Et
3625 5700 3673 5756 si
