4106 6446
449 413 521 477 55
1674 419 2040 480 MANUELI!

2145 421 2415 480 IALECIE
3635 415 3710 480 56

444 530 699 588 concedit
747 527 888 584 Filio
911 528 1106 586 ordine
1150 529 1555 600 autdignitate,
1591 549 1609 581 ι
1663 531 2023 585 addiderunt:
2057 534 2100 590 Α
2201 533 2437 590 Sanctus
2463 534 2594 588 item
2619 531 2952 586 Athanasius
2975 527 3355 584 Antiochcnus
3382 525 3717 597 patriarcha!

451 642 471 673 ο
497 621 761 686 Omnino,
795 627 848 674 et
879 618 1269 674 concedemus.
1299 637 1318 670 ι
1348 617 1448 674 Ubi
1489 633 1621 674 vero
1651 619 1728 674 ait
1755 636 1771 675 :
1813 618 2036 675 «Tradit

449 714 668 781 pietatis
688 711 824 766 ratio
841 710 893 764 ⁸1»
932 709 1033 780 ipsi
1055 724 1178 764 eum
1202 709 1501 778 adiectione
1534 709 1718 781 legunt
1739 720 1792 763 et
1812 711 2034 764 dicunt:

466 824 484 856 ι
514 803 701 858 Tradit
736 803 968 858 fortasse
992 800 1206 872 pietatis
1258 800 1450 868 ratio,»
1480 810 1540 856 ut
1567 816 1662 871 per
1705 802 1819 856 haec
1845 799 2039 855 tertius

462 908 584 948 esse
610 891 754 962 quod
777 892 976 946 dicitur
1019 891 1232 951 ordine,
1254 899 1306 944 et
1329 889 1616 959 dignitate,
1637 889 1863 945 omnino
1886 892 2039 946 aufe-

454 993 600 1048 rant,
623 981 1030 1050 secundumque
1052 994 1174 1036 esse
1219 994 1249 1032 a
1303 977 1439 1034 Filio
1483 980 1789 1035 nullatenus
1841 994 2039 1036 conce-

452 1077 608 1130 dant.
635 1073 920 1141 Quomodo
937 1087 1067 1144 ergo
1091 1073 1230 1129 ratio
1243 1073 1464 1144 pietatis
1492 1087 1616 1127 cum
1646 1074 1716 1129 sit
1735 1073 2035 1129 secundum

453 1180 578 1222 esse
610 1181 639 1220 a
681 1165 817 1220 Filio
849 1164 1138 1236 Spiritum,
1167 1165 1218 1220 id
1271 1165 1423 1235 quod
1477 1163 1679 1218 dicitur
1734 1162 2037 1218 concedere

453 1257 613 1325 Filio,
651 1257 952 1314 secundum
979 1271 1109 1313 vero
1136 1274 1165 1311 a
1189 1256 1351 1324 Filio,
1387 1256 1606 1312 tertium
1633 1271 1664 1311 a
1699 1255 1857 1312 Patre
1913 1271 2038 1313 esse

453 1358 558 1413 est,
588 1363 751 1419 quem
780 1348 1026 1402 ordinem
1055 1346 1319 1402 Dominus
1374 1347 1428 1400 in
1461 1347 1719 1402 salutaris
1741 1345 2033 1401 traditione

455 1440 800 1511 baptismatis
833 1437 1080 1503 tradidit,
1109 1447 1168 1493 ut
1190 1447 1245 1493 et
1276 1439 1365 1493 hic
1390 1446 1447 1493 et
1479 1439 1609 1494 alibi
1651 1441 1735 1493 vir
1765 1440 1868 1494 iste
1920 1439 2036 1493 exi-

456 1534 600 1588 mius
638 1532 801 1598 dixit,
829 1532 968 1585 hanc
995 1545 1117 1587 esse
1147 1530 1412 1586 rationem
1439 1531 1656 1602 pietatis
1690 1543 2034 1594 asseverans,

454 1624 650 1679 deinde
679 1623 846 1677 veluti
873 1621 1289 1677 cunctabundus
1347 1629 1403 1676 et
1456 1620 1736 1680 iactitans.
1767 1619 2034 1689 fortassis,

457 1713 698 1784 adjecit?
752 1713 1061 1781 Quomodo,
1120 1714 1368 1780 inquam.
1430 1712 1524 1781 qui
1609 1711 1816 1767 ordinis
1872 1711 2034 1766 istam

458 1807 782 1864 insolentem
846 1807 1167 1871 novitatem,
1226 1805 1639 1874 abnegationem
1701 1803 1828 1857 Iidei
1909 1817 2037 1858 esse

2142 625 2197 678 in
2224 625 2362 680 libro
2390 623 2465 679 De
2507 625 2660 680 rectis
2692 621 2942 677 Ecclesia:
2993 619 3328 692 dogmatibus
3351 661 3366 684 ,
3401 638 3420 670 ι
3459 617 3721 688 Spiritus,

2142 718 2240 782 ait,
2275 723 2521 782 sanctus,
2554 715 2796 785 Spiritus
2825 712 3079 770 veritatis
3126 721 3232 767 est.
3287 709 3390 765 Hic
3437 718 3623 764 autem
3685 725 3722 764 a

2139 808 2299 865 Patre
2329 807 2552 880 quidem
2577 806 2842 879 procedit,
2881 821 2909 858 a
2934 803 3074 858 Filio
3099 811 3282 857 autem
3341 800 3562 863 accipit.
3586 817 3607 850 ι

2211 902 2441 974 Magnus
2471 902 2598 958 item
2629 899 2862 956 Basilius
2893 897 2949 952 in
2981 895 3228 968 .Regulis
3269 893 3338 950 ad
3397 895 3722 957 monachos,

2139 995 2520 1067 scrmone,qui
2547 991 2757 1063 incipit,
2780 990 2876 1045 Dei
2896 988 3293 1043 clementissimi
3315 985 3520 1056 gratia,
3543 1001 3564 1035 ι
3593 985 3723 1037 Cre-

2139 1087 2346 1149 dimus,
2406 1083 2605 1154 inquit,
2656 1094 2828 1135 unum
2883 1077 3063 1134 solum
3143 1073 3408 1144 Spiritum
3465 1080 3719 1128 sanctum

2140 1175 2495 1247 paracletum,
2522 1171 2788 1243 Spiritum
2828 1175 3101 1232 sanctum,
3160 1166 3215 1220 in
3251 1180 3362 1234 quo
3389 1164 3590 1235 signati
3628 1179 3723 1219 su-

2140 1278 2283 1328 mus,
2318 1262 2372 1316 in
2404 1266 2652 1315 nostram
2717 1257 3170 1324 redemptionem,
3195 1251 3456 1322 Spiritum
3516 1250 3720 1304 verita-

2140 1357 2230 1419 tis,
2261 1353 2524 1423 Spiritum
2549 1348 2886 1420 adoptionis,
2941 1345 2994 1401 in
3020 1359 3130 1415 quo
3200 1344 3502 1399 clamamus
3569 1340 3720 1395 Abba

2139 1447 2326 1512 Pater,
2349 1444 2440 1514 qui
2471 1442 2687 1507 dividit,
2722 1449 2779 1496 et
2803 1451 3064 1509 cperatur
3091 1435 3296 1493 Christi
3348 1449 3576 1488 munera
3605 1435 3721 1487 sino

2138 1539 2280 1610 gulis
2309 1538 2378 1594 ad
2407 1535 2722 1600 utilitatem,
2758 1541 2919 1604 prout
2950 1530 3087 1594 vult,
3135 1530 3360 1592 docens,
3415 1534 3582 1594 atque
3623 1525 3723 1578 ad-

2139 1645 2390 1696 monens,
2415 1640 2471 1685 et
2503 1641 2804 1700 suggerens
2823 1635 3164 1696 quaecunque
3190 1618 3427 1674 audierit
3460 1633 3490 1671 a
3518 1615 3714 1671 Filio.»

2139 1725 2365 1780 Constat
2393 1722 2582 1793 igitur,
2612 1720 2742 1791 quia
2771 1717 2916 1789 quod
2953 1715 3155 1771 dicitur
3181 1726 3197 1768 :
3231 1711 3317 1766 Ex
3337 1725 3450 1765 meo
3473 1710 3719 1778 accipiet,

2139 1819 2195 1874 in
2229 1816 2387 1882 Filio,
2419 1815 2671 1870 doctores
2702 1811 2877 1868 sancti
2936 1815 3325 1878 susceperunt.

457 1899 724 1962 definivit,
757 1899 894 1954 nihil
919 1897 1138 1953 diderre
1184 1912 1463 1961 asserens,
1499 1897 1614 1950 sive
1648 1899 1793 1950 hunc
1849 1904 2040 1950 utcun-

2213 1906 2485 1966 Cmterum
2520 1905 2575 1960 in
2613 1902 2884 1960 creaturis
2909 1899 3151 1971 quidem,
3187 1911 3312 1969 qua:
3339 1911 3369 1952 a
3399 1894 3510 1951 Deo
3573 1893 3724 1948 acci-

458 2006 568 2062 que
599 1990 872 2061 quispiam
905 1991 1180 2053 immutet,
1207 1990 1324 2044 sive
1347 1987 1412 2042 ad
1443 1997 1750 2042 creaturam
1779 1985 2040 2056 Spiritum

459 2092 710 2140 sanctum
741 2083 993 2146 deducat,
1023 2096 1229 2150 eosque
1288 2079 1580 2150 fugiendos
1619 2087 1889 2142 statuens,
1921 2078 2040 2146 qui

457 2192 578 2233 eam
614 2176 1088 2246 consequentiam,
1120 2189 1283 2243 quam
1310 2171 1532 2226 tradidit
1561 2171 1721 2226 nobis
1751 2169 2038 2230 Dominus.

459 2271 775 2331 immutant,
804 2277 864 2321 ut
896 2266 990 2337 qui
1029 2275 1214 2337 aperte
1266 2273 1583 2336 Oppugnent
1639 2264 1920 2333 pietatem,
1952 2276 2041 2316 or-

461 2362 609 2419 dinis
663 2361 1004 2418 Dominicam
1035 2359 1384 2414 traditionem
1417 2358 1664 2428 pietatem
1719 2354 2038 2424 appellans;

454 2455 505 2510 is
535 2462 758 2524 repente
789 2460 996 2507 mutata
1043 2449 1334 2512 sententia,
1395 2448 1522 2510 ista,
1576 2445 1733 2516 quasi
1796 2444 2040 2514 improbe

457 2545 601 2600 dicta
633 2542 911 2596 confutet:
941 2539 1030 2594 «Si
1061 2541 1292 2594 omnino
1343 2537 1448 2592 ista
1505 2546 1560 2592 et
1612 2537 2034 2600 concede-mus,»

459 2634 771 2707 inquiens?
822 2635 895 2688 At
951 2633 1003 2687 id
1059 2631 1241 2704 magni
1298 2630 1483 2685 Basilii
1549 2627 1828 2700 sapientiae
1877 2633 2043 2696 atque

461 2726 765 2798 prudentia!
798 2724 1026 2780 minime
1054 2725 1300 2778 omnium
1337 2721 1614 2777 convenit.

533 2818 641 2874 Sed
680 2818 826 2872 enim
860 2829 1004 2870 nova
1033 2815 1185 2870 illum
1219 2815 1308 2869 hic
1355 2823 1409 2868 et
1459 2812 1672 2868 insueta
1699 2823 1854 2873 voce,
1880 2822 2039 2863 usum

459 2927 570 2966 non
601 2925 748 2976 esse,
763 2909 856 2965 sed
877 2907 1221 2964 occasionem
1245 2921 1310 2960 ex
1345 2905 1522 2962 sacris
1553 2903 1783 2959 Litteris
1805 2901 2040 2970 cepisse,

462 3005 588 3060 inde
626 3010 845 3056 constat
875 2999 1019 3070 quod
1075 2997 1142 3053 de
1174 2998 1357 3066 seipse
1415 2993 1681 3050 Dominus
1741 2993 1851 3048 ait:
1904 2989 2042 3056 Quia

459 3111 552 3166 ego
581 3093 760 3163 loquor
781 3093 862 3157 ¹⁹;
892 3101 968 3156 et,
1015 3089 1149 3156 ραω
1186 3088 1368 3142 audiui
1390 3105 1424 3142 ιι
1463 3087 1624 3141 Patre
1665 3101 1798 3150 utea,
1829 3096 2041 3136 annun-

2144 2014 2274 2072 pere
2294 1999 2576 2062 dicuntur,
2606 1995 2866 2067 quoniam
2886 2008 2980 2062 per
3003 1989 3510 2062 participationem,
3555 1994 3724 2055 atque

2145 2093 2537 2164 temporaliter,
2575 2097 2636 2146 ut
2665 2088 2923 2144 meliores
2953 2085 3206 2146 evadant,
3234 2080 3516 2151 quodlibet
3568 2090 3727 2131 acce-

2143 2187 2342 2256 perint,
2367 2185 2625 2239 dicuntur
2650 2180 2932 2250 accipere'.
2967 2179 3071 2232 hoc
3103 2176 3157 2229 in
3189 2175 3272 2229 eis
3335 2172 3517 2226 minus
3548 2168 3729 2222 fuisse

2141 2278 2436 2349 signiﬁcat,
2472 2275 2617 2347 quod
2647 2279 2996 2341 acceperunt.
3055 2268 3381 2335 Quanquam
3413 2272 3466 2316 et
3517 2263 3726 2327 imper-

2143 2347 2468 2425 fectioribus
2531 2364 2868 2426 mortalium,
2906 2354 3126 2430 quando
3163 2371 3228 2410 ex
3291 2351 3606 2423 imperfecto
3655 2347 3728 2402 ad

2140 2455 2442 2526 perfectum
2494 2451 2812 2522 proﬁciunt,
2887 2447 3022 2500 nihil
3092 2443 3364 2515 prohibet,
3415 2448 3728 2509 postquam

2142 2547 2255 2602 nati
2284 2561 2397 2602 esse
2427 2544 2770 2615 acceperint,
2802 2543 2915 2597 imo
2973 2548 3028 2595 et
3080 2535 3452 2592 necessarium
3508 2542 3614 2598 est,
3667 2541 3732 2588 ut

2141 2642 2396 2697 dicantur
2423 2647 2478 2694 et
2503 2637 2693 2693 audire
2721 2645 2776 2693 et
2811 2635 3060 2705 accipere
3114 2631 3392 2702 peritiam,
3464 2627 3581 2685 sive
3635 2641 3734 2682 ar-

2144 2736 2276 2792 tem,
2302 2733 2359 2782 et
2386 2737 2619 2796 queque
2650 2732 2873 2791 accepta
2924 2717 3184 2789 perﬁcere
3233 2723 3479 2784 possunt.

2211 2819 2460 2878 Porroin
2504 2824 2696 2874 sancta
2748 2813 3042 2879 Trinitate,
3107 2825 3231 2867 cum
3287 2819 3345 2864 et
3397 2805 3620 2862 materia
3671 2813 3732 2860 et.

2141 2911 2324 2968 omnis
2357 2907 2574 2965 aﬂ‘ectio
2634 2903 2948 2976 imperfecta
2999 2903 3066 2958 ab
3108 2917 3171 2957 ea
3233 2900 3450 2970 penitus
3496 2907 3732 2952 remotae

2142 3002 2253 3059 sint
2275 3016 2370 3073 per
2390 3013 2660 3056 summam
2709 2997 2831 3067 ejus
2882 2992 3288 3064 simplicitatem
3333 2998 3496 3058 atque
3547 2982 3734 3054 perie-

2142 3096 2403 3160 ctionem,
2445 3093 2687 3162 ineptum
2721 3089 2946 3144 omnino
2989 3088 3094 3150 est,
3134 3091 3350 3154 putare,
3399 3079 3481 3135 vel
3521 3077 3730 3132 Filium

465 3186 591 3240 ⁸ίαυί
619 3185 762 3239 "abii
783 3184 854 3237 "-
887 3185 957 3237 Αῑ
988 3183 1055 3237 de
1113 3193 1306 3236 53mm
1353 3179 1561 3251 SPiri“l
1589 3196 1604 3232 ³
1661 3175 1784 3241 me:
1840 3176 2040 3272 inquit}
2070 3211 2114 3272 α
2147 3199 2336 3246 natum
2372 3191 2525 3259 prius
2563 3185 2850 3255 ignorasse
2883 3180 3062 3236 Patris
3112 3177 3470 3236 voluntatem,
3495 3186 3734 3242 eamque

463 3293 546 3332 me
583 3276 921 3348 glorificabit,
951 3275 1077 3341 quia
1105 3290 1168 3329 ex
1197 3288 1306 3326 meo
1351 3273 1590 3342 accipiet,
1611 3279 1660 3324 et
1708 3265 2042 3322 annuntiabit

463 3369 610 3424 vobis
643 3369 709 3422 ³¹.

535 3461 706 3515 Porro
734 3459 994 3515 Ecclesiae
1025 3459 1298 3527 magistri,
1348 3459 1450 3512 ista
1485 3467 1542 3510 ut
1572 3459 1921 3524 acceperant,
1972 3449 2046 3503 ita

467 3560 791 3618 posuerunt.
832 3549 1081 3628 Denique
1111 3561 1337 3605 sanctus
1369 3546 1706 3602 Athanasius
1761 3544 1815 3598 in
1871 3540 2044 3610 Epist.

463 3644 530 3696 al
565 3641 920 3712 Serapionem
950 3642 1021 3696 ita
1049 3641 1161 3696 ait:
1195 3659 1214 3692 ε
1258 3641 1322 3694 Et
1375 3637 1549 3694 Filius
1579 3636 1803 3707 quidem
1832 3651 1846 3688 :
1889 3631 2043 3698 Qum,

467 3737 656 3806 Inquit,
689 3733 870 3788 audivi
889 3751 922 3787 a
953 3732 1117 3788 Patre
1143 3732 1402 3797 meo,hac
1433 3731 1622 3799 loguor
1650 3729 1706 3781 in
1730 3725 1926 3780 mundo
1966 3723 2009 3755 ³¹
2028 3764 2043 3780 .

453 3829 704 3900 Spiritus
744 3839 928 3883 autem
982 3843 1048 3882 ex
1111 3825 1249 3881 Filio
1302 3825 1549 3894 accipit:
1599 3820 1683 3877 Ex
1737 3835 1850 3874 meo
1904 3819 2045 3873 enim

466 3923 663 3990 inquit,
693 3921 913 3989 accipiet
951 3927 1001 3972 et
1036 3916 1375 3971 annuntiabit
1399 3913 1567 3969 vobis.

2147 3290 2357 3353 postea,
2397 3277 2559 3332 Patre
2595 3275 2866 3336 tradente,
2915 3269 3195 3333 didicisse,
3256 3264 3414 3336 quasi
3477 3271 3769 3342 postulo--

2148 3375 2277 3430 dum
2308 3372 2558 3429 essentia:
2587 3384 2699 3424 suae
2755 3365 2981 3420 scientia
3027 3362 3280 3432 adjecta;
3324 3359 3407 3413 vel
3456 3355 3730 3426 Spiritum

2147 3471 2422 3525 sanctum,
2463 3459 2638 3516 Patris
2667 3473 2731 3512 ac
2753 3455 2872 3510 Filii
2903 3453 3136 3510 scicntia
3177 3459 3365 3522 postea
3401 3446 3733 3517 indiguisse,

2147 3555 2303 3626 quasi
2331 3553 2532 3610 sensim
2588 3566 2654 3605 ac
2683 3548 2945 3619 paulatim
2991 3545 3057 3600 ad
3094 3543 3482 3616 perfectionem
3540 3552 3735 3594 evase-

2149 3649 2239 3703 rit.

2219 3738 2275 3792 Si
2305 3745 2483 3791 autem
2517 3734 2610 3789 Dei
2657 3732 2877 3803 quidem
2931 3727 3166 3783 Verbum
3232 3724 3410 3778 Patris
3457 3720 3732 3791 sapientia

2147 3838 2253 3893 est,
2287 3829 2395 3882 imo
2431 3841 2574 3880 unus
2640 3838 2765 3877 cum
2809 3820 2970 3875 Patre
3035 3820 3173 3874 Deus
3231 3825 3336 3880 est,
3395 3822 3734 3880 sanctusque

2151 3922 2388 3994 Spiritus
2419 3918 2700 3988 sapientiai
2722 3915 2959 3985 Spiritus
2992 3927 3116 3967 cum
3170 3911 3262 3974 sit,
3295 3907 3428 3961 nihil
3481 3917 3729 3973 unquam

535 4011 686 4066 idem
750 4011 806 4064 in
865 4012 1026 4064 tertio
1093 4018 1282 4064 contra
1315 4007 1593 4061 Arianos:
1632 4002 1782 4060 «Non
1807 4003 2048 4075 Spiritus
2141 4015 2218 4070 λι)
2250 4014 2356 4068 atio
2385 4013 2572 4065 audire
2594 4025 2733 4080 opus
2767 4007 2972 4072 habet;
3011 4004 3123 4058 hanc
3143 4002 3288 4057 enim
3319 4000 3387 4066 ab
3444 3999 3534 4052 illa
3595 3996 3732 4051 sub.

469 4102 708 4158 Verbum
749 4101 1031 4172 coniungit
1067 4099 1212 4154 Patri
1243 4115 1258 4163 ;
1287 4097 1382 4152 sed
1411 4097 1518 4151 hoc
1545 4096 1786 4165 Spiritus
1835 4110 1867 4150 a
1908 4093 2048 4150 Filio

465 4194 648 4264 potius
673 4192 891 4262 accipit.
923 4209 948 4244 ι
978 4190 1056 4244 Ac
1080 4203 1298 4244 rursum
1325 4203 1339 4239 :
1378 4186 1648 4255 «Quaeque
1677 4186 1837 4241 habet
1876 4183 2050 4254 Spiri-

468 4295 654 4351 tus,ea
681 4299 712 4340 a
733 4285 911 4339 Verbo
933 4291 1152 4352 accepta
1177 4279 1391 4336 habet.»

537 4377 736 4432 Beatus
767 4377 896 4431 item
951 4377 1214 4446 Cyrillus,
1283 4388 1409 4429 cum
1478 4373 1609 4428 illud
1667 4370 2045 4440 evangelicum

465 4478 800 4541 exponeret:
837 4467 938 4522 Ille
968 4484 1049 4522 me
1093 4467 1436 4538 giariﬁcabit,
1477 4466 1648 4520 «Illud
1671 4479 1824 4533 ergo,
1847 4462 2046 4531 inquit,

2150 4105 2352 4163 stantia
2378 4118 2604 4174 prorsus
2624 4102 2799 4156 aliena
2823 4107 2974 4160 sunt.
3003 4095 3371 4163 discretioque
3393 4093 3445 4145 in
3475 4087 3732 4160 personis

2149 4200 2349 4254 divinis
2379 4199 2490 4252 sola
2520 4211 2699 4250 causae
2732 4193 3077 4260 causalisque
3132 4189 3345 4244 ratione
3398 4185 3579 4239 locum
3633 4181 3735 4235 ha-

2151 4292 2241 4347 bet
2267 4307 2281 4353 ;
2312 4291 2502 4360 liquet,
2529 4287 2768 4352 Patrem,
2811 4301 2937 4343 eum
2991 4285 3112 4339 sine
3169 4296 3338 4336 causa
3365 4280 3458 4338 sit.
3518 4275 3732 4330 idcirco

2153 4385 2221 4438 ab
2242 4382 2350 4437 alio
2373 4396 2548 4449 neque
2579 4381 2839 4446 accipere
2864 4392 3040 4446 neque
3076 4375 3265 4430 audire
3297 4391 3310 4429 :
3349 4371 3546 4426 Filium
3572 4382 3727 4433 vero,

2153 4493 2282 4533 cum
2314 4491 2420 4530 non
2446 4490 2475 4529 a
2507 4475 2690 4542 seipse
2725 4473 2816 4538 sit,
2847 4471 2940 4526 sed
2995 4469 3208 4524 initium
3240 4465 3457 4524 habeat.
3489 4461 3731 4523 Patrem,

468 4561 844 4632 irrel‘ragabiie
893 4560 1118 4615 omnino
1186 4559 1314 4624 erit,
1368 4559 1628 4628 omnique
1677 4555 1966 4612 maledicto
1997 4561 2048 4608 et
2080 4572 2127 4634 ι)
2153 4583 2260 4622 non
2294 4583 2324 4622 ε
2355 4567 2556 4637 διείρεο,
2579 4565 2673 4619 sed
2707 4580 2736 4618 ο
2765 4564 2949 4625 pure,
2977 4573 3031 4615 οι
3059 4559 3206 4630 loqui
3251 4565 3307 4612 ει
3361 4556 3554 4611 audire
3577 4552 3730 4618 diri;

467 4656 820 4712 accusatione
844 4652 1240 4724 uacabit,qued
1270 4651 1338 4706 ab
1358 4651 1647 4722 Unigenito
1666 4650 1902 4722 Spiritus
1929 4650 2050 4718 ejus

469 4749 721 4816 accipere
747 4746 952 4814 aliquid
1006 4745 1294 4800 asseritur.
1327 4743 1486 4811 Nam,
1539 4758 1661 4798 cum
1717 4757 1812 4808 per
1868 4742 2045 4807 ipsum

470 4833 791 4890 naturaliter
851 4834 1097 4903 prodeat,
1174 4836 1329 4905 quasi
1385 4850 1547 4890 suum
1604 4833 1882 4904 proprium
1921 4846 2044 4885 cum

471 4927 752 4989 omnibus,
780 4943 900 4997 quae
935 4925 1171 4997 perfecte
1205 4929 1388 4992 habet,
1413 4944 1534 4999 quae
1560 4929 1678 4996 ejus
1711 4937 1861 4989 sunt,
1899 4925 2046 4980 acci-

471 5035 600 5091 pere
631 5019 886 5075 dicitur.»

541 5110 684 5164 idem
727 5125 890 5179 super
920 5111 1050 5164 iliud
1085 5126 1096 5162 :
1136 5108 1328 5164 Omnia
1365 5127 1482 5181 qua;
1529 5113 1680 5166 habet
1715 5110 1897 5176 Pater,
1935 5125 2048 5164 mea

469 5198 682 5265 sunt”,
725 5217 744 5250 ‹
778 5200 884 5255 Sed
919 5200 1158 5269 Spiritus
1210 5201 1310 5255 iste
1377 5202 1650 5270 proprius,
1712 5201 1914 5270 inquit,
1967 5209 2054 5255 est

469 5294 633 5346 etiam
681 5290 991 5362 Unigeniti;
1022 5291 1508 5348 consubstantiaiis
1569 5292 1718 5348 enim
1747 5292 1895 5348 Patri
1945 5301 2046 5348 est.

472 5384 740 5450 Quoniam
763 5384 950 5455 igitur,
967 5385 1164 5455 inquit,
1191 5386 1371 5441 inesse
1396 5385 1505 5442 Deo
1522 5397 1577 5442 et
1600 5387 1746 5442 Patri
1777 5388 2044 5450 cernitur,

471 5477 659 5547 bisqui
687 5477 833 5549 digni
859 5477 1067 5543 sunt,in
1096 5477 1298 5548 Spiritu
1325 5493 1422 5534 suo
1454 5481 2042 5551 revelari,eillecreque

469 5570 634 5624 etiam
666 5585 758 5638 per
819 5572 1021 5641 ipsum,
1060 5587 1183 5641 quae
1218 5573 1465 5633 voluerit,
1504 5574 1573 5629 ob
1608 5577 1746 5630 hane
1819 5591 2049 5631 causam

472 5659 630 5726 dixit,
657 5660 796 5726 Quia
819 5664 880 5717 de
923 5679 1033 5717 meo
1090 5665 1328 5732 accipiet,
1371 5675 1419 5718 et
1455 5669 1788 5722 anmmtiabit
1824 5671 1986 5724 vobis.
2019 5689 2037 5720 ι

550 5829 772 5890 "Joan.
816 5851 927 5902 xxv,
964 5835 1052 5890 iO.
1165 5839 1208 5870 ³ο
1244 5838 1400 5895 toan.
1431 5857 1521 5904 xv,
1562 5844 1648 5899 iii.

1762 5847 1802 5878 “
1849 5845 2002 5902 Joan.
2037 5861 2147 5914 xvi,
2185 5847 2274 5904 Η.

2150 4658 2351 4728 quippe
2396 4672 2520 4710 cum
2553 4655 2679 4708 inde
2708 4663 2763 4707 et
2791 4653 3088 4707 essentiam
3135 4664 3265 4716 una,
3304 4658 3357 4702 et
3401 4643 3730 4713 sapientiam

2152 4751 2399 4805 traxerit.
2449 4749 2708 4803 Sanctum
2731 4760 2856 4801 vero
2919 4743 3183 4814 Spiritum
3233 4757 3359 4796 cum
3401 4753 3432 4792 a
3475 4736 3616 4792 Filio
3672 4743 3732 4789 et

2151 4843 2365 4907 audire,
2393 4851 2445 4896 et
2469 4839 2719 4907 accipere
2775 4839 3022 4903 dicatur,
3097 4840 3317 4889 constat
3374 4829 3640 4901 proiecto,
3696 4842 3728 4882 a

2151 4951 2261 5005 quo
2291 4935 2509 5003 accipit,
2550 4933 2676 4987 inde
2698 4934 2862 4987 etiam
2901 4928 3196 4984 essentiam
3251 4924 3490 4980 traxisse
3532 4935 3729 4992 proce-

2151 5031 2351 5085 dendo.

2222 5121 2346 5176 Sive
2381 5119 2543 5190 igitur
2569 5133 2675 5174 non
2705 5119 2906 5189 accipit
2941 5131 2978 5173 a.
3009 5115 3150 5171 Filio
3183 5113 3420 5182 Spiritus
3441 5150 3458 5176 ,
3485 5117 3544 5164 et
3573 5105 3730 5163 Scri-

2152 5221 2364 5283 pturam
2427 5227 2530 5267 una
2582 5223 2746 5280 atque
2795 5212 3083 5266 doctorum
3135 5221 3295 5263 voces
3355 5203 3646 5261 eradetuus
3709 5217 3725 5255 :

2154 5321 2332 5376 neque
2378 5305 2491 5375 jam
2521 5320 2585 5362 ex
2623 5307 2741 5377 ipse
2782 5303 3127 5368 naturaliter,
3161 5311 3326 5370 atque
3363 5295 3731 5354 essentialiter

2153 5397 2448 5466 procedere
2476 5396 2731 5463 dicetur;
2799 5397 2918 5451 sive
2944 5409 3010 5448 ex
3072 5393 3193 5462 ipso
3255 5389 3479 5458 accipit,
3520 5401 3578 5442 ut
3611 5387 3730 5455 ipse

2153 5489 2324 5544 Filius
2376 5491 2548 5555 dixit;
2591 5493 2662 5544 ita
2695 5489 2840 5544 enim
2895 5487 2948 5542 id
3025 5487 3230 5540 dictum
3292 5483 3468 5539 sancti
3537 5481 3729 5534 Patres

2151 5592 2520 5652 acceperunt;
2552 5597 2672 5651 qua
2717 5590 2898 5636 autem
2933 5579 3154 5648 accipit,
3185 5587 3242 5631 et
3275 5575 3477 5641 habet;
3528 5574 3730 5644 quippe

2154 5673 2305 5742 juxta
2323 5672 2604 5727 Athanasii
2634 5670 2982 5738 sententiam,
3020 5687 3038 5721 α
3069 5668 3310 5737 Qua-que
3335 5668 3518 5730 habet,
3539 5681 3568 5720 a
3589 5663 3728 5719 Filio

2368 5846 2424 5882 ’³³
2462 5844 2620 5903 Joan.
2659 5862 2776 5913 vui,
2809 5845 2899 5903 ‘26.
2983 5848 3030 5880 ³³
3061 5845 3218 5901 Joan.
3256 5861 3368 5912 xvt,
3408 5845 3494 5901 15.
