4106 6438
332 381 399 444 £7

1441 397 1852 460 ADVEI‘SUS
1889 397 2208 464 GRXECOS
2248 406 2394 470 LIB.
2442 408 2490 470 I.

317 511 536 574 accepta
578 505 770 572 habet;
805 525 825 559 ι
859 523 981 578 qua:
1033 517 1215 566 autem
1246 512 1432 600 habet,
1462 515 1627 586 hujus
1646 515 1885 574 essentia
1911 514 2073 576 Atra
2124 537 2184 577 se
2231 534 2389 580 erant
2443 526 2820 595 abstulerunt,
2888 539 2947 585 et
3009 531 3303 603 magistros
3363 545 3584 593 nostros

316 606 421 663 est,
456 607 618 669 atque
686 608 836 656 totus
892 602 1007 672 ipse
1063 590 1358 660 essentiam
1421 622 1550 664 vere
1591 608 1894 678 procedens

319 689 505 755 habet,
542 690 683 746 sicut
713 700 770 747 et
819 692 992 749 Filius
1030 694 1170 752 hanc
1201 697 1364 753 habet
1395 713 1628 755 nascens
1658 717 1672 755 :
1704 713 1896 756 neces-

315 781 462 834 sario
502 795 532 834 a
575 778 719 836 Filio
751 784 1048 854 accipiens,
1103 786 1266 842 etiam
1303 789 1372 843 ab
1401 789 1523 860 ipso
1549 790 1714 846 habet
1746 805 1890 848 esse.

383 871 463 926 Ac
487 871 644 926 sicuti
667 873 824 928 divus
851 875 1274 947 Chrysostomus
1290 879 1496 936 dictum
1515 883 1890 952 evangelicum

313 977 590 1031 exponens
615 980 630 1018 :
657 963 822 1019 Omne
833 967 1090 1035 judicium
1109 969 1249 1024 dedit
1268 971 1412 1026 Filio
1431 971 1514 1028 ’δε
1543 993 1562 1024 ι
1593 973 1890 1042 Quoniam,

315 1052 511 1122 inquit,
537 1054 684 1123 quod
709 1056 807 1123 ait,
842 1058 985 1112 dedit
1009 1061 1190 1127 vitam,
1229 1072 1283 1117 et
1327 1065 1476 1134 quod
1508 1065 1673 1131 dixit,
1727 1066 1891 1136 judi-

313 1147 451 1199 cium
484 1148 649 1213 dedit.
714 1150 858 1206 idem
897 1162 982 1208 est
1030 1169 1096 1209 ac
1125 1156 1169 1211 si
1221 1156 1367 1212 dicat
1399 1174 1414 1213 :
1445 1158 1694 1216 Judicem
1736 1162 1887 1217 illum

315 1239 520 1303 genuit.
555 1258 572 1290 ι
616 1241 814 1295 Eodem
876 1243 1034 1299 modo
1098 1247 1330 1314 scilicet,
1393 1250 1630 1320 etquod
1691 1251 1892 1308 dicitur

316 1329 528 1395 audire,
567 1340 620 1386 et
642 1334 916 1403 accipere,
947 1337 1247 1392 secundum
1280 1339 1596 1398 diderentes
1629 1359 1890 1414 persona-

317 1437 436 1474 rum
464 1438 772 1492 processus,
805 1426 856 1481 id
890 1429 1237 1484 commendat
1267 1446 1394 1486 eum
1432 1433 1631 1490 habere
1666 1451 1787 1491 esse
1819 1435 1889 1490 ab

315 1528 455 1575 eo.a
496 1531 604 1582 quo
665 1517 884 1588 accipit.
939 1519 1074 1574 Nam
1130 1522 1178 1576 si
1233 1525 1375 1592 quod
1435 1526 1654 1588 dicitur,
1703 1526 1884 1593 Dedit,

217 1659 221 1662 ,
309 1603 460 1672 juxta
491 1606 931 1676 Chrysostomum
955 1625 1103 1676 eum,
1127 1627 1191 1666 ex
1217 1628 1380 1670 causa
1411 1631 1531 1671 esse
1587 1618 1885 1687 significat,

317 1697 480 1750 etiam
541 1700 786 1769 accipere
842 1703 987 1771 quod
1047 1705 1271 1769 dicitur,
1332 1707 1475 1761 idem
1531 1708 1884 1779 signiﬁcabit.

315 1789 468 1852 Quod
532 1791 671 1843 enim
737 1793 828 1844 dat
881 1808 1084 1858 causa,
1149 1795 1201 1849 id
1259 1804 1315 1850 et
1372 1799 1594 1853 causale
1659 1800 1880 1870 accipit.

317 1876 473 1932 Unde
498 1889 550 1932 et
589 1881 744 1936 divus
784 1883 1136 1948 Athanasius.
1183 1886 1248 1939 ad
1298 1887 1650 1956 Serapionem
1682 1905 1697 1942 :
1725 1861 1883 1945 Acci-
1914 1861 1958 1916 Β

315 1971 419 2036 piet
455 1984 551 2038 pro
590 1985 674 2034 eo,
716 1974 859 2042 quod
891 1985 995 2040 cst,
1021 1978 1296 2047 suscipiet,
1356 1979 1611 2050 exposuit
1639 1981 1831 2038 dicens
1865 2001 1880 2038 :

321 2077 341 2112 ι
378 2062 538 2130 Atqui
566 2066 609 2120 si
645 2065 762 2120 Filii
787 2068 1022 2137 Spiritus
1053 2080 1160 2136 est,
1212 2081 1267 2128 et
1298 2087 1329 2128 a
1365 2073 1505 2128 Filio
1532 2075 1716 2130 omnia
1751 2091 1884 2131 sus-

316 2155 446 2224 cipit
472 2156 724 2226 Spiritus,
754 2172 812 2216 ut
845 2162 958 2232 ipse
985 2165 1192 2220 scilicet
1250 2166 1514 2224 Dominus
1577 2169 1675 2223 ait.
1713 2188 1732 2222 ι
1777 2168 1882 2225 Ubi

317 2262 445 2304 vero
473 2251 574 2303 hoc
603 2251 676 2304 ait
708 2252 1004 2309 Dominus?
1032 2255 1149 2311 Illic
1189 2256 1429 2327 profecto
1456 2259 1547 2314 ubi
1576 2261 1716 2314 dixit
1750 2279 1764 2315 :
1791 2259 1880 2316 Ea;

318 2355 428 2393 meo
458 2341 695 2411 accipiet.
745 2343 932 2415 Itaque
961 2347 1008 2401 si
1039 2347 1185 2418 quod
1214 2363 1244 2402 a
1267 2348 1426 2406 Patre
1467 2353 1724 2423 accipere
1750 2353 1886 2409 dici-

321 2446 412 2491 tur
434 2436 622 2504 Filius,
652 2440 720 2495 ab
746 2457 813 2496 eo
844 2444 992 2498 nasci
1023 2451 1128 2511 est,
1167 2453 1224 2500 et
1258 2446 1404 2516 quod
1439 2463 1470 2504 a
1505 2447 1648 2503 Filio
1704 2451 1886 2506 susci-

318 2543 446 2599 pere
475 2529 704 2601 Spiritus
759 2534 980 2601 dicitur,
1034 2538 1138 2593 hoc
1176 2548 1259 2595 est
1297 2555 1328 2594 a
1363 2539 1522 2596 Patre
1557 2555 1653 2611 per
1683 2541 1880 2598 Filium

318 2624 629 2691 procedere,
658 2635 712 2681 et
766 2628 1021 2697 quoniam
1089 2631 1212 2702 ejus
1242 2632 1388 2701 quod
1443 2635 1772 2690 annuntiare
1829 2645 1887 2691 et

320 2729 611 2784 suggerere
669 2718 894 2785 dicitur,
948 2723 1200 2794 accipere
1237 2740 1403 2781 causa
1471 2736 1577 2793 est,
1634 2727 1886 2798 accipere

319 2819 499 2862 autem
571 2818 624 2864 et
667 2813 857 2868 audire
885 2829 916 2869 a
947 2814 1090 2872 Filio
1119 2817 1304 2885 habet,
1352 2821 1665 2877 necessario
1693 2822 1885 2878 audire

320 2907 376 2953 et
408 2900 654 2971 accipere
703 2905 846 2960 idem
896 2907 949 2961 in
978 2907 1186 2966 divinis
1223 2910 1392 2967 rebus
1432 2921 1519 2968 est
1555 2935 1566 2969 :
1596 2928 1662 2968 ac
1683 2929 1886 2984 magno

315 3002 588 3049 asserente
629 2995 949 3066 Athanasio,
998 3015 1336 3074 quacunque
1406 3003 1572 3060 habet
1611 3004 1882 3075 Spiritus,

315 3099 346 3139 a
386 3084 526 3140 Filio
549 3099 766 3158 accepta
823 3091 1018 3158 habet;
1050 3109 1143 3164 per
1189 3095 1242 3150 id
1270 3110 1422 3167 ergo,
1453 3099 1599 3169 quod
1649 3098 1804 3166 audit
1847 3111 1881 3153 a

315 3175 455 3233 Filio
501 3187 557 3234 et
584 3181 798 3252 accipit,
835 3190 978 3240 totus
1020 3203 1085 3240 ex
1123 3195 1238 3243 toto
1265 3202 1389 3245 esse
1440 3188 1879 3247 demonstratur.
1909 3224 1955 3284 ο

317 3272 384 3326 Et
423 3273 554 3343 quia
588 3289 695 3330 non
753 3275 900 3332 aliud
935 3287 1019 3334 est
1076 3279 1258 3348 Pater,
1287 3282 1434 3339 aliud
1467 3291 1640 3340 totum
1690 3284 1883 3352 Filius,

317 3362 410 3416 sed
440 3378 604 3417 unum
636 3372 717 3420 est
746 3373 919 3420 totum
944 3366 1128 3436 Pater,
1154 3381 1208 3426 et
1228 3370 1438 3441 Filius;
1486 3386 1595 3429 una
1619 3373 1764 3430 enim
1799 3385 1883 3432 est

317 3456 547 3510 essentia
577 3465 632 3512 et
685 3455 862 3512 Patris
898 3469 954 3514 et
1003 3460 1149 3527 Filii,
1190 3465 1347 3533 quasi
1378 3466 1448 3520 ab
1487 3480 1597 3521 uno
1644 3467 1885 3538 Spiritus

318 3553 534 3621 accipit,
564 3563 774 3610 servata
798 3568 1011 3624 semper
1040 3558 1346 3616 differentia
1385 3563 1664 3632 gignentis
1688 3575 1742 3619 et
1789 3580 1884 3636 ge-

320 3645 438 3698 niti.
476 3644 740 3712 Quocirca
766 3651 930 3705 etiam
962 3667 991 3706 a
1023 3651 1162 3708 Filio
1193 3655 1395 3712 habere
1419 3671 1541 3712 esse
1561 3657 1785 3729 dicitur,
1819 3673 1885 3713 ac

317 3752 412 3807 per
442 3737 634 3792 Filium
660 3742 973 3808 procedere.

387 3829 443 3885 Si
491 3831 651 3901 igitur
693 3834 848 3903 juxta
911 3837 1214 3896 Salvatoris
1263 3842 1591 3896 sententiam
1651 3843 1721 3898 ab
1765 3843 1887 3911 ipso

318 3923 552 3991 Spiritus
581 3927 731 3981 audit
779 3937 832 3982 et
862 3931 1088 4001 accipit,
1117 3947 1282 4002 porro
1335 3936 1405 3990 ah
1430 3936 1547 4006 ipso
1606 3937 1792 3991 audire
1831 3947 1885 3992 et

315 4019 557 4088 accipere
587 4023 727 4090 quod
755 4023 972 4092 dicitur,
1020 4025 1088 4080 ab
1133 4040 1196 4081 eo
1236 4039 1358 4083 esse
1420 4029 1628 4085 habere
1674 4030 1878 4101 signiﬁ-

318 4116 425 4171 cat,
463 4111 760 4167 secundum
795 4129 1114 4171 communes
1140 4119 1452 4175 sanctiones
1479 4121 1625 4184 fidei,
1659 4131 1884 4176 sancto-

316 4214 547 4270 rumque
576 4202 794 4259 Patrum
825 4208 1208 4276 expositiones.
1241 4209 1358 4275 Qua
1391 4213 1603 4268 ratione
1654 4228 1885 4284 magnus

320 4287 572 4357 Basilius,
601 4308 748 4357 eum,
808 4295 903 4364 qui
936 4312 1055 4352 esse
1088 4304 1158 4353 ab
1202 4299 1298 4354 illo
1324 4301 1506 4368 habet,
1543 4311 1597 4358 ct
1655 4305 1725 4359 ab
1764 4303 1886 4374 ipso

320 4385 538 4454 accipit,
563 4397 616 4440 et
639 4389 929 4442 annuntiat
959 4391 1137 4458 nobis,
1169 4402 1231 4445 ac
1265 4394 1481 4461 penitus
1500 4410 1568 4449 ex
1601 4394 1690 4449 illa
1717 4410 1884 4451 causa

321 4477 538 4545 pendet,
583 4481 738 4549 quasi
773 4481 1008 4536 alienum
1072 4483 1400 4554 denegabit?
1428 4485 1560 4540 lllud
1620 4488 1766 4542 enim
1818 4503 1882 4542 ex

1999 615 2211 684 injuriis
2250 618 2708 690 contumeliisque
2770 621 3089 686 affecerunt,
3140 627 3336 693 partim
3379 629 3583 683 adden-

1994 705 2088 771 do,
2123 708 2320 778 partim
2367 710 2701 767 detrahendo
2753 713 2968 769 illorum
3014 715 3177 772 dictis
3236 725 3403 789 atque
3453 735 3582 776 sen-

1995 799 2204 855 tentiis.
3332 856 3338 860 .

2065 890 2160 955 At,
2211 891 2258 945 si
2317 891 2466 948 dicat
2523 893 2819 964 quispiam,
2883 894 3144 950 Basiliam
3203 906 3457 953 sanctum
3518 900 3574 954 in

1993 983 2184 1040 eodem
2237 993 2429 1040 contra
2471 986 2798 1041 Eunomium
2846 1001 3032 1056 opere,
3068 1000 3254 1058 aperte
3288 989 3574 1046 Trinitatis

1991 1077 2260 1142 ordinem,
2312 1077 2648 1148 tertiumque
2695 1095 2726 1135 a
2787 1082 2945 1137 Patre
3001 1080 3265 1152 Spiritum
3319 1095 3569 1140 sanctum

1991 1167 2293 1237 denegare;
2347 1181 2476 1224 cum
2529 1170 2707 1240 ipsum
2746 1169 3076 1227 Eunomium
3109 1188 3345 1243 arguens
3391 1176 3568 1230 dixit:

1996 1275 2016 1310 ι
2059 1257 2294 1324 Quinam
2347 1269 2479 1312 vero
2530 1260 2731 1324 sancti,
2781 1269 2836 1315 et
2897 1261 2952 1314 in
3006 1263 3210 1332 quibus
3244 1263 3397 1318 libris
3455 1266 3575 1334 ejus

1990 1350 2258 1404 doctrinae
2313 1359 2564 1405 auctores
2614 1350 2840 1416 fuerint,
2890 1351 3077 1406 dicere
3127 1369 3238 1406 non
3293 1362 3489 1422 potest,
3549 1373 3567 1406 ι

1991 1443 2108 1513 ipse
2144 1444 2450 1499 Eunomius
2490 1444 2734 1510 scilicet;
2777 1445 2892 1512 ipse
2925 1445 3071 1498 enim
3107 1444 3175 1498 de
3221 1457 3414 1500 sancto
3447 1433 3573 1515 Spi-

1989 1536 2100 1592 ritu
2139 1535 2373 1599 dicehat,
2419 1536 2586 1606 quod.
2628 1552 2751 1592 cum
2799 1553 2829 1592 a
2881 1539 3087 1594 sanctis
3123 1539 3339 1593 tertium
3392 1540 3570 1607 ipsum

1988 1645 2132 1693 esse,
2169 1638 2225 1684 et
2273 1629 2466 1684 ordine
2513 1638 2567 1683 ct
2609 1629 2896 1701 dignitate,
2977 1631 3300 1705 accepisset,
3355 1635 3570 1686 tertium

1987 1723 2153 1778 etiam
2183 1730 2379 1777 natura
2408 1737 2530 1778 esse
2562 1723 2835 1778 crederet.
2867 1723 2922 1776 Si
2952 1723 3076 1792 quis
3107 1724 3271 1792 igitur
3297 1725 3400 1778 hoc
3432 1725 3571 1778 infc-

1988 1822 2111 1876 rat,
2157 1820 2376 1866 constat
2411 1812 2631 1882 quidem
2681 1827 2745 1866 ex
2792 1811 2879 1866 his
2913 1829 3035 1882 qua:
3080 1813 3226 1866 dicta
3268 1823 3418 1875 sunt,
3456 1830 3571 1865 ma-
3662 1849 3670 1857 .

1988 1917 2154 1972 gnum
2183 1903 2447 1957 Basilium
2485 1904 2732 1958 ordinem
2785 1903 2840 1957 in
2870 1913 3058 1959 sancta
3092 1903 3363 1959 Trinitate
3393 1905 3568 1960 conli-

1989 1995 2111 2060 tcri,
2151 1996 2483 2065 tertiumque
2533 2011 2564 2051 a
2619 1996 2778 2052 Patre
2820 2013 2944 2053 esse
2977 1997 3240 2066 Spiritum
3289 2007 3562 2052 sanctum.

1988 2087 2087 2143 llic
2121 2103 2253 2145 vero
2286 2089 2612 2144 Eunomim
2658 2091 2961 2157 insimulat,
2993 2092 3078 2146 vel
3121 2092 3250 2161 quia
3296 2092 3435 2146 ordo
3468 2092 3574 2146 iste

1986 2183 2220 2239 necdum
2281 2183 2355 2238 ita
2391 2182 2571 2238 fuerat
2599 2200 2628 2238 a
2660 2184 2865 2239 sanctis
2897 2185 3229 2249 declaratus,
3267 2193 3322 2239 ct
3356 2182 3570 2253 simpli-

1985 2276 2144 2340 citer,
2174 2289 2325 2330 more
2359 2291 2478 2342 suo,
2523 2276 2871 2331 mentientem
2912 2290 3008 2345 pcr
3046 2277 3184 2339 haec,
3220 2275 3422 2340 arguit,
3459 2291 3567 2328 non

1987 2367 2314 2428 habentem,
2357 2368 2502 2422 unde
2563 2364 2614 2420 ld
2661 2376 2840 2434 posset
2892 2379 3142 2419 asserere
3200 2363 3568 2418 manifestius.

1985 2458 2102 2514 lmo
2147 2458 2380 2514 necdum
2413 2458 2465 2513 id
2515 2458 2590 2514 ita
2639 2465 2826 2526 aperte
2877 2455 3112 2526 positum
3157 2455 3357 2519 fuerat,
3393 2467 3570 2523 neque

1987 2553 2053 2609 de
2081 2554 2184 2610 hac
2209 2554 2426 2609 ratione
2451 2553 2664 2608 ordinis
2715 2551 2990 2621 quispiam
3017 2549 3260 2618 priorum
3289 2549 3360 2602 ita
3393 2547 3570 2602 disse-

1986 2654 2195 2701 ruerat.
2229 2646 2370 2701 Ante
2416 2643 2564 2700 enim
2597 2659 2661 2698 ea
2698 2653 2939 2711 tempora
2990 2641 3193 2710 quibus
3235 2639 3568 2694 Athanasius

1987 2738 2335 2808 Basiliusgue
2372 2736 2702 2800 ﬂoruerunt,
2735 2746 2786 2790 et
2831 2734 3034 2805 quique
3064 2748 3159 2804 per
3190 2747 3311 2788 eam
3353 2740 3565 2785 a'tatem

1985 2831 2211 2887 fuerunt.
2255 2829 2517 2887 Ecclesia:
2563 2827 2842 2899 magistri,
2892 2827 3076 2900 nullos
3127 2825 3302 2882 luisse
3353 2825 3569 2896 publice

1986 2925 2244 2980 doctores
2286 2923 2565 2994 legimus:
2617 2921 2735 2977 sive
2775 2919 2923 2990 quod
2967 2919 3140 2989 magis
3165 2918 3468 2989 proprium,
3502 2931 3590 2972 ac.

1987 3027 2178 3068 verum
2217 3021 2322 3080 est,
2359 3012 2518 3082 quasi
2562 3011 2919 3081 derogantetn
2969 3009 3197 3074 sanctis,
3244 3019 3409 3078 atque
3463 3008 3566 3078 ipsi

1987 3104 2204 3160 veritati
2247 3102 2552 3158 calumnias
2589 3109 2916 3164 struentem,
2965 3112 3090 3155 cum
3132 3113 3228 3154 eos
3277 3098 3568 3152 tradidisse

1986 3204 2216 3260 asserat,
2259 3193 2522 3263 Spiritum
2559 3201 2808 3248 sanctum
2853 3192 3075 3245 tertium
3115 3205 3239 3245 esse
3267 3199 3323 3244 et
3352 3188 3566 3246 ordine.

1984 3297 2040 3343 et
2097 3285 2383 3357 dignitate,
2436 3285 2705 3355 quosdam
2760 3282 2971 3339 scilicet
3011 3280 3333 3336 substantiae
3362 3280 3568 3350 gradus

1983 3376 2398 3447 distinguendo;
2441 3386 2604 3446 atque
2659 3374 2785 3430 ideo
2832 3389 2890 3428 se
2928 3373 3245 3437 credidisse,
3287 3371 3435 3424 illum
3469 3387 3569 3426 na-

1984 3480 2106 3524 tura
2139 3482 2356 3538 quoque
2384 3481 2506 3522 esse
2538 3465 2796 3528 tertium;
2829 3463 3066 3518 Basilius
3108 3463 3278 3527 enim,
3323 3463 3464 3530 quod
3497 3476 3562 3515 ex

1985 3561 2260 3632 prazdictis
2290 3568 2457 3631 patet,
2487 3557 2680 3612 ordine
2702 3555 2923 3626 quidem
2949 3570 3013 3609 ac
3033 3553 3312 3623 dignitate,
3341 3552 3563 3606 tertium

1985 3631 2166 3723 lateri,
2197 3662 2255 3708 ιιι
2281 3631 2454 3723 pium,
2485 3651 2861 3720 amplectitur;
2889 3649 3109 3703 tertium
3147 3662 3275 3700 vero
3303 3655 3357 3699 et
3386 3644 3568 3712 digni-

1985 3757 2097 3804 tate
2147 3758 2200 3802 et
2227 3747 2426 3802 ordine
2452 3743 2754 3801 Secundum
2786 3751 3060 3802 naturam,
3086 3752 3356 3807 nusquam
3389 3743 3569 3789 susci-

1985 3857 2112 3913 pere
2141 3840 2492 3911 perspicitur.

2060 3933 2337 4001 Duplicem
2387 3931 2533 3986 enim
2586 3927 2794 3983 ordinis
2827 3925 3064 3996 speciem
3097 3922 3148 3977 in
3187 3918 3567 3990 superioribus

1986 4025 2209 4082 tradidit
2231 4063 2247 4089 ,
2280 4025 2509 4079 alteram
2538 4038 2601 4076 ex
2636 4021 2719 4075 his
2745 4019 3006 4090 probans,
3032 4015 3282 4077 alteram,
3314 4019 3371 4066 ut
3401 4025 3567 4078 supra

1985 4118 2321 4174 declaratum
2353 4123 2456 4176 est,
2492 4112 2838 4182 improbans.
2891 4109 3025 4163 Nam
3061 4122 3090 4161 a
3114 4108 3324 4160 lrersus
3356 4102 3408 4155 id
3444 4101 3568 4170 qni-

1985 4212 2130 4274 dem,
2185 4208 2328 4278 quod
2381 4207 2576 4262 tertius
2617 4204 2809 4258 ordine
2864 4210 2920 4256 et.
2973 4200 3242 4269 dignitate
3320 4195 3565 4250 dicitur:

1982 4302 2136 4373 juxta
2179 4312 2341 4370 quem
2390 4295 2641 4353 ordinem
2704 4290 3068 4347 essentiarum
3132 4282 3472 4348 diﬂercntize,
3512 4289 3568 4334 ct

1986 4390 2140 4461 prius
2187 4404 2252 4444 ac
2285 4387 2578 4456 posterius.
2606 4392 2661 4439 ct
2705 4380 3082 4436 liouorahilius
3124 4374 3310 4431 inferri
3340 4373 3565 4428 videba-

1991 4495 2102 4546 tur.
2130 4491 2239 4537 tota
2273 4481 2459 4550 vigilat
2491 4474 2834 4532 intentione?
2864 4473 2944 4527 Ad
2994 4471 3046 4526 id
3094 4484 3243 4533 vrro,
3282 4465 3427 4537 quod
3453 4475 3568 4519 tcr-

318 4572 486 4626 sacris
511 4569 724 4628 Litteris
751 4576 986 4644 accepit;
1015 4575 1122 4632 hoc
1146 4586 1328 4632 autem
1359 4578 1517 4649 quasi
1537 4593 1886 4651 consequens
1915 4567 1960 4622 Ῑ)
1991 4577 2100 4630 litis
2147 4574 2340 4628 ordine
2379 4580 2436 4627 et
2489 4570 2752 4640 dignitate
2801 4565 3023 4628 ἀίείιυτ»
3065 4560 3370 4617 secundum
3404 4570 3575 4651 (luem

319 4673 376 4718 et
423 4665 776 4733 aequivalens,
825 4668 1025 4736 posuit,
1064 4669 1228 4724 veluti
1282 4672 1690 4727 conclusionem
1732 4675 1886 4728 initia

324 4758 630 4812 necessario
668 4769 1008 4826 sequentem.
1047 4761 1186 4827 Quis
1213 4774 1394 4818 autem
1420 4766 1587 4832 dicat,
1623 4780 1762 4820 nova
1815 4767 1884 4821 il-

318 4847 453 4913 lum,
485 4858 540 4902 et
567 4853 866 4918 asperiore,
895 4863 1060 4922 atque
1107 4853 1320 4909 insueta
1363 4871 1525 4910 usum
1572 4869 1724 4921 voce,
1757 4873 1880 4912 cum

322 4939 436 5009 ipsa
473 4956 626 4996 saera
646 4930 884 5012 eloquia,
909 4952 965 5000 et
995 4944 1157 5002 divus
1186 4945 1303 5015 ipse
1349 4946 1510 5000 Pater
1539 4961 1662 5002 cum
1695 4947 1890 5004 docto-

319 5032 472 5088 ribus
499 5031 747 5103 reliquis,
772 5035 1016 5106 lldesque
1057 5045 1226 5108 atque
1255 5039 1440 5093 omnia
1465 5038 1682 5108 penitus
1714 5041 1890 5097 recla-

321 5133 468 5180 ment
483 5123 508 5178 ‘l

391 5215 468 5270 Es
522 5216 720 5285 quibus
776 5233 906 5274 sane
946 5220 1297 5278 manifestum
1332 5233 1442 5289 est,
1491 5223 1697 5280 dictum
1731 5225 1888 5292 illud,

321 5304 464 5360 sicut
490 5320 651 5376 supra
684 5309 992 5378 expositum
1022 5320 1127 5380 est,
1158 5312 1338 5384 magni
1373 5313 1546 5383 patris
1577 5329 1699 5371 esse
1725 5314 1888 5372 llas?-

322 5397 404 5463 lii,
431 5412 495 5452 ex
525 5414 630 5468 quo
653 5400 755 5454 sibi
783 5400 884 5470 ipsi
933 5412 988 5457 et
1012 5403 1328 5461 doctoribus
1356 5406 1570 5461 caeteris
1595 5417 1886 5465 consonet.

319 5487 381 5545 In
423 5490 616 5558 quibus
663 5503 843 5548 autem
874 5497 1279 5566 exemplaribus
1325 5515 1438 5554 non
1464 5500 1539 5555 ita
1585 5501 1886 5571 invenitur,

318 5592 494 5638 astum
546 5597 664 5639 esse
719 5594 919 5654 apertae
981 5589 1351 5659 malignitatis,
1413 5607 1604 5648 eorum
1652 5593 1884 5662 scilicet,

320 5673 415 5745 qui
448 5675 657 5731 tuenda:
680 5677 956 5747 opinionis
995 5694 1105 5736 sua:
1129 5696 1316 5751 causa,
1338 5697 1460 5754 quae
1489 5684 1724 5741 maxime
1751 5700 1884 5743 con-

395 5855 443 5885 “
475 5854 623 5911 lean.
675 5871 729 5922 ν,
761 5857 858 5911 22.

1989 4665 2239 4721 ordinem
2290 4677 2455 4718 causa
2534 4669 2590 4714 et
2633 4657 2876 4722 causale,
2925 4652 3163 4716 initium,
3209 4657 3266 4701 et
3302 4645 3448 4715 quod
3499 4659 3570 4696 ex

1991 4759 2149 4813 initio
2193 4765 2296 4821 est,
2340 4765 2394 4810 et
2427 4753 2613 4816 simul,
2643 4758 2697 4804 et
2739 4745 3087 4804 coaeternitas
3127 4738 3573 4809 conspiciuntur,

1989 4852 2133 4907 sicut
2183 4847 2316 4922 igni,
2349 4847 2415 4901 ad
2462 4847 2659 4902 lucem.
2697 4855 2820 4910 quae
2845 4854 2912 4893 ex
2951 4837 3070 4906 ipso
3106 4841 3309 4898 manat,
3344 4839 3570 4885 natura.

1990 4943 2111 4998 liter
2135 4938 2416 5004 convenit,
2448 4945 2510 5001 ut
2553 4937 2668 5004 ipse
2701 4930 2866 4996 dicit;
2908 4929 3012 4994 vel,
3047 4928 3188 4982 sicut
3222 4926 3335 4989 lux,
3373 4931 3430 4976 et
3476 4936 3565 4975 ra~

1987 5036 2131 5100 dius,
2155 5044 2210 5089 et
2247 5030 2329 5086 sol
2357 5029 2424 5084 ad
2459 5043 2519 5083 se
2559 5025 2791 5080 invicem
2832 5021 3065 5086 habent;
3113 5017 3180 5072 ad
3217 5017 3358 5070 hunc
3400 5013 3566 5084 igitur

1987 5129 2234 5185 ordinem
2303 5134 2644 5193 nequaquam
2673 5116 2994 5182 reluctatur,
3035 5111 3140 5166 nisi
3175 5110 3298 5180 quis
3326 5123 3450 5164 cum
3479 5106 3566 5163 sui

1988 5221 2218 5278 oblitum
2252 5225 2424 5288 putet,
2454 5229 2516 5270 ac
2545 5211 2785 5282 seipsum
2814 5209 3122 5263 destruere.

2059 5313 2234 5368 Simul
2257 5319 2312 5367 et
2342 5309 2448 5364 hoc
2477 5323 2542 5362 ex
2570 5303 2948 5375 superioribus
2973 5310 3222 5369 apparet,
3248 5312 3342 5352 eos
3371 5296 3464 5366 qui
3490 5293 3570 5347 ita

1991 5413 2304 5478 exponunt,
2351 5402 2496 5474 quod
2559 5399 2768 5454 dictum
2825 5405 2962 5451 est:
3013 5391 3099 5485 Ea:
3150 5408 3264 5445 meo
3318 5385 3564 5485 accipiet,

1993 5515 2095 5573 pro
2137 5515 2225 5562 eo,
2269 5495 2414 5566 quod
2457 5501 2560 5560 est,
2594 5490 2678 5546 Ex
2708 5492 2873 5544 Patre
2916 5482 3052 5552 meo,
3082 5499 3191 5538 non
3239 5490 3383 5535 recte
3425 5481 3580 5530 arbi-

1991 5593 2146 5651 trari.
2179 5573 2388 5645 Summi
2417 5588 2560 5642 enim
2584 5586 2825 5646 Patrum,
2853 5580 2978 5644 hoc,
3002 5587 3060 5633 ut
3090 5589 3255 5645 supra
3287 5582 3566 5626 ostensum

1991 5693 2100 5752 est,
2126 5683 2179 5739 in
2218 5680 2356 5738 Filio
2397 5685 2742 5750 acceperunt,
2782 5671 2940 5744 quasi
2979 5670 3271 5734 diceretur,
3309 5661 3390 5718 lix
3428 5677 3572 5726 tneo,

2217 5979 2250 5990 Α

2252 5989 2303 6007 \

3515 417 3587 481 58

3619 5191 3630 5220 l
