4106 6446
528 425 600 491 5?
831 440 839 444 ’
1784 422 2187 485 MANUELIS
2227 425 2535 486 (τηερε
3717 420 3788 484 00

527 552 593 593 ea:
622 553 737 591 mea
766 553 843 603 re,
879 537 981 592 hoc
1021 545 1127 601 est,
1168 543 1339 591 totum
1374 550 1439 589 ex
1474 543 1582 588 tota
1623 547 1739 586 utea
1772 531 2108 603 plenitudine
2140 537 2181 592 Α
2214 530 2426 599 misque
2453 533 2739 586 doctorum
2775 530 2824 583 id
2873 528 3126 584 videtur:
3173 545 3277 583 non
3305 528 3449 591 ideo,
3483 525 3575 597 qui
3621 526 3786 593 hunc,

527 628 785 698 accipiet.

600 716 869 771 Praeterea
909 717 957 771 si
985 726 1133 772 esset
1160 716 1275 771 haec
1320 729 1447 769 vera
1488 711 1862 781 intelligentia,
1900 724 2107 779 nequa-

530 820 694 874 quam
726 806 847 860 sine
889 804 1260 860 additamento
1293 804 1589 859 diceretur.
1623 800 1914 871 Nunquam
1957 801 2105 855 enim

528 896 842 965 possessiva
869 896 1197 964 pronomina
1225 894 1538 957 masculini,
1562 893 1646 947 vel
1675 890 1918 945 feminini
1940 903 2105 958 gene-

530 985 631 1048 ris,
661 985 781 1039 sine
813 985 1027 1039 articuli
1062 984 1373 1054 adjectioue
1397 984 1602 1039 erca:
1638 982 1838 1053 linguae
1862 981 2107 1049 proprie-

532 1087 644 1131 tate
672 1074 1046 1144 proferuntur.
1076 1074 1319 1128 Dicimus
1354 1074 1498 1127 enim
1525 1074 1553 1127 ὁ
1609 1072 1742 1141 ἐμὸς
1772 1069 1978 1139 πατὴρ.
2008 1070 2106 1122 καὶ

532 1168 566 1235 ἠ
592 1166 699 1236 ἐμὴ
724 1165 891 1232 οἰκία,
922 1167 956 1235 ἡ
986 1166 1159 1229 πόλις,
1180 1166 1197 1218 i
1221 1168 1256 1227 l,
1297 1174 1400 1226 est,
1420 1162 1523 1217 Hic
1551 1178 1692 1216 metu
1711 1161 1891 1226 Pater,
1914 1171 1969 1215 et
1995 1160 2106 1213 lucc

535 1276 650 1313 mea
676 1260 888 1324 domus,
915 1267 1011 1313 aut
1043 1259 1250 1313 ciuitas.
1284 1258 1358 1311 Ita
1391 1257 1591 1326 quippe
1621 1255 1841 1317 Griecaz,
1877 1261 1937 1308 ut
1969 1252 2109 1306 dixi-

532 1366 679 1414 mus,
742 1351 941 1418 lingua:
989 1350 1350 1413 consuetudo,
1409 1363 1516 1417 qua
1585 1348 1686 1401 hoc
1752 1344 2104 1416 Evangelium

531 1432 796 1510 scriptum
828 1451 930 1505 est,
964 1439 1209 1510 proferre
1234 1439 1526 1494 consuevit
1561 1455 1579 1495 :
1616 1439 1753 1492 alias
1776 1437 1921 1491 enim
1952 1435 2107 1489 vitio-

532 1548 594 1587 sa
639 1543 786 1587 esset
838 1531 1231 1601 pronuntiatio.
1275 1530 1412 1585 Cum
1465 1545 1589 1584 vero
1638 1530 1757 1583 sine
1804 1526 2107 1594 adiectione

533 1625 755 1686 dicitur,
790 1633 1045 1691 neutrum
1085 1640 1232 1687 esse,
1267 1636 1321 1677 et
1363 1638 1475 1677 rem
1503 1621 1817 1692 signiﬁcare
1851 1617 2107 1686 intelligi-

534 1728 641 1770 tur.
704 1715 949 1784 Exempli
986 1731 1148 1770 causa
1181 1734 1192 1769 :
1227 1715 1295 1768 Ei
1322 1731 1375 1767 τι
1410 1714 1503 1767 καὶ
1536 1711 1736 1780 τούμόν
1790 1711 1907 1761 ἐστι
1958 1707 2110 1775 παρὰ

537 1808 641 1873 σοὶ,
671 1807 723 1862 id
751 1816 872 1862 est:
905 1806 965 1862 Si
1002 1807 1127 1874 quid
1158 1823 1329 1860 meum
1364 1814 1441 1860 est
1475 1804 1615 1871 apud
1648 1814 1718 1864 te,
1751 1801 1895 1871 quod
1926 1814 2021 1868 per
2050 1813 2109 1851 se

539 1912 652 1951 rem
694 1897 921 1967 intelligi
966 1898 1082 1953 dat.
1115 1898 1193 1953 Ad
1243 1901 1356 1951 hare
1390 1907 1571 1950 autem
1603 1912 1616 1948 :
1650 1891 1735 1947 Ea:
1761 1907 1871 1946 meo
1898 1890 2111 1958 accipit,

536 1988 651 2043 sive
683 1989 934 2058 Accipiet,
978 1989 1336 2058 praecedentia
1380 1986 1747 2042 commendat.
1791 1985 1881 2037 Ait
1921 1983 2063 2037 enirn
2095 1997 2113 2034 :

539 2077 752 2139 Omnia,
783 2096 900 2148 qua:
929 2079 1083 2133 habet
1112 2078 1294 2146 Pater,
1321 2093 1438 2132 mea
1472 2086 1614 2131 sunt.
1648 2074 1776 2129 Ideo
1801 2074 1915 2127 dixi
1946 2075 2113 2135 vobis,

535 2168 663 2238 quia
706 2184 770 2222 ea:
800 2185 910 2222 meo
943 2170 1160 2237 accipit.
1198 2169 1253 2223 Si
1290 2169 1434 2224 enim
1472 2166 1710 2237 Spiritus
1739 2182 1770 2221 a
1803 2165 1942 2219 Filio
1972 2180 2019 2218 at
2040 2165 2117 2218 ci-

536 2259 632 2325 pit,
672 2258 848 2314 Patris
879 2269 1060 2313 autent
1096 2262 1277 2314 omnia
1342 2268 1397 2313 ct
1431 2257 1570 2312 Filio
1604 2254 1921 2311 communia
1958 2262 2115 2318 sunt;

535 2348 884 2404 manifestum
906 2362 988 2405 est
1009 2367 1074 2406 ex
1110 2351 1215 2415 his,
1243 2349 1513 2405 insinuari
1543 2348 1763 2414 Filium,
1795 2362 1962 2402 unum
1990 2360 2113 2400 cum

534 2440 696 2496 Patre
751 2442 918 2496 Deum
942 2456 1096 2509 esse;
1128 2442 1392 2511 Spiritum
1428 2451 1609 2496 autem
1634 2455 1820 2495 verum
1852 2440 2019 2492 Deum
2050 2454 2117 2491 ex

537 2532 715 2587 Patris
770 2544 825 2587 et
861 2533 984 2588 Filii
1031 2535 1270 2590 essentia
1301 2534 1651 2590 denuntiari:
1688 2548 1811 2602 qua
1844 2547 1978 2588 sane
2024 2546 2118 2584 su-

536 2625 690 2692 perni
725 2624 928 2694 eloquii
962 2626 1044 2679 vis
1075 2634 1179 2681 est.

606 2713 780 2771 Porro
810 2716 1034 2772 dicere:
1082 2735 1103 2771 ι
1133 2718 1353 2783 Omnia,
1394 2732 1518 2788 qua:
1563 2716 1726 2771 habet
1772 2716 1955 2780 Pater,
1995 2731 2118 2772 mea

538 2814 700 2866 sunt:
733 2806 855 2860 ideo
887 2807 1042 2863 dixi:
1075 2810 1306 2887 quiaOex
1333 2824 1457 2863 meo
1488 2808 1649 2864 Patre
1684 2806 1936 2877 accipiet,
1970 2827 1987 2859 ι
2025 2817 2122 2862 aut

537 2897 674 2953 nihil
705 2898 998 2969 signiﬁcat,
1029 2909 1123 2955 aut
1156 2900 1294 2955 nihil
1324 2903 1391 2954 ad
1429 2901 1769 2969 propositum
1804 2899 1933 2963 sibi,
1958 2899 2120 2968 quip-

541 3006 610 3059 pe
655 2999 908 3061 suscepta
957 2992 1025 3047 ad
1078 3000 1415 3047 structuram
1463 3006 1656 3055 causa,
1711 2992 1848 3046 nihil
1892 2992 1962 3047 de
1998 2991 2119 3071 Filii

538 3083 806 3153 dignitate
848 3085 1151 3151 concludit,
1181 3086 1288 3142 nisi
1335 3086 1391 3139 in
1437 3098 1703 3156 quantum
1748 3085 1953 3141 dictum
1995 3094 2119 3140 est:

2213 632 2274 675 ut
2313 622 2483 676 Deum
2529 621 2671 675 mitti
2705 620 2926 684 dixerit,
2964 620 3229 674 continuo
3264 620 3615 690 blasphemus
3648 622 3785 675 erit:

2213 728 2233 762 ι
2257 711 2455 766 Missus
2480 711 2626 765 enim
2653 719 2758 776 est,
2776 710 2850 765 ait
2875 710 3160 779 theologus
3177 710 3493 780 Gregorius,
3517 711 3610 765 sed
3634 710 3791 779 quasi

2213 802 2399 868 homo,
2432 802 2517 856 sin
2555 810 2739 856 autem
2781 801 2943 855 etiam
2993 810 3074 855 ut-
3102 799 3266 864 Deus,
3297 801 3430 868 quid
3485 802 3625 857 hoc?
3652 818 3674 854 ι
3727 801 3793 855 Et

2214 897 2316 949 hoc
2349 894 2612 964 profecto,
2638 894 2794 964 quasi
2828 908 3037 958 verum,
3067 892 3424 963 approbarit?

2282 987 2469 1058 Neque
2523 1002 2754 1057 magnus
2808 984 3041 1040 Basilius
3086 1000 3207 1040 cum
3264 985 3527 1049 dixisset,
3589 983 3787 1039 Filium

2210 1080 2400 1135 Ordine
2468 1093 2532 1133 ac
2575 1077 2838 1147 dignitate
2887 1092 2917 1131 a
2966 1075 3125 1130 Patre
3155 1075 3457 1130 secundum
3488 1090 3626 1139 esse,
3662 1075 3792 1143 quia

2213 1171 2429 1223 initium
2485 1177 2536 1222 et
2566 1180 2733 1223 causa
2767 1167 2863 1227 illi.
2904 1175 2963 1219 ut
2992 1176 3158 1229 esset,
3190 1166 3350 1220 Pater
3381 1164 3502 1228 fuit,
3530 1165 3793 1221 continuo

2206 1263 2444 1332 seipsum
2491 1260 2775 1322 destruxit,
2830 1258 3131 1328 adjiciens:
3180 1276 3198 1309 ι
3238 1256 3300 1311 Et
3375 1257 3631 1326 quoniam
3698 1273 3797 1324 per

2211 1353 2390 1422 ipsum
2434 1366 2687 1405 accessus
2728 1361 2783 1405 et
2833 1350 3084 1404 adductio
3129 1349 3194 1401 ad
3233 1349 3400 1403 Deum
3470 1356 3525 1402 et
3570 1349 3788 1402 Patrem

2214 1446 2372 1498 nobis
2403 1456 2503 1499 est.
2543 1467 2561 1494 ι
2601 1440 2906 1511 Utrumque
2930 1443 3073 1494 enim
3110 1456 3297 1495 verum
3325 1449 3426 1504 est,
3453 1440 3498 1493 si
3536 1440 3659 1509 quis
3686 1441 3795 1494 ista

2214 1536 2550 1605 distinguere
2601 1536 2748 1596 velit,
2801 1546 2855 1588 et
2904 1533 3057 1603 juxta
3108 1533 3314 1586 variam
3377 1532 3791 1602 intelligentiam

2216 1630 2488 1696 accipere.

2290 1718 2366 1773 ha
2397 1727 2451 1773 et
2491 1717 2917 1788 Chrysottomus
2951 1717 3154 1773 dixisse
3219 1717 3497 1786 putandus
3532 1726 3632 1781 est,
3668 1732 3797 1771 cum

2219 1809 2456 1862 haeretici
2493 1823 2560 1862 ex
2594 1823 2679 1872 eo,
2714 1808 2861 1877 quod
2912 1808 3113 1863 dicitur
3162 1809 3425 1877 Spiritum
3476 1822 3721 1863 sanctum
3770 1827 3798 1861 a

2149 1872 2191 1927 Β
2220 1893 2359 1947 Filio
2391 1894 2666 1963 accipere,
2704 1872 2944 1964 Spiritus
2977 1872 3337 1950 substantiam
3378 1897 3493 1951 veli;
3515 1907 3571 1951 ut
3613 1898 3804 1951 immi-

2220 2000 2433 2040 nuere:
2467 1997 2693 2042 sanctus
2738 1986 2955 2041 illorum
2990 2002 3086 2041 ora
3127 1989 3408 2041 obstruere
3439 1988 3644 2054 volens,
3696 1991 3809 2043 hoc

2218 2077 2270 2130 in
2306 2079 2427 2133 loco
2462 2079 2711 2147 accipere
2739 2079 2884 2150 quod
2918 2080 3137 2145 dicitur,
3184 2081 3481 2134 secundum
3522 2081 3802 2135 hominum

2217 2174 2460 2237 accepit;
2515 2170 2606 2224 ubi
2664 2179 2846 2224 autem
2880 2171 3145 2225 adversus
3177 2171 3298 2225 illos
3354 2172 3402 2225 ei
3450 2186 3627 2241 pugna
3686 2188 3804 2227 non

2221 2269 2358 2324 irat,
2400 2262 2650 2316 traditam
2691 2264 3087 2332 expositionem
3128 2278 3250 2317 cum
3296 2264 3523 2333 reliquis
3553 2264 3805 2319 roborat.

2222 2351 2417 2406 Dicens
2445 2352 2590 2407 enim
2616 2352 2669 2406 in
2690 2351 2918 2407 Joannis
2946 2351 3237 2423 Evangelia
3264 2370 3278 2406 :
3302 2352 3385 2406 Ex
3420 2370 3533 2407 meo
3553 2356 3805 2424 accipiet,

2221 2445 2325 2498 hoc
2353 2452 2459 2506 est,
2489 2459 2555 2497 ex
2602 2459 2721 2498 mea
2764 2446 3015 2507 scientia,
3047 2446 3291 2499 ostendit
3318 2460 3375 2500 se
3403 2445 3549 2516 quod
3573 2447 3807 2512 dicitur,

2217 2549 2281 2589 ex
2323 2548 2445 2589 meo
2491 2534 2744 2604 accipiet,
2778 2536 2862 2589 vel
2896 2536 3121 2605 accipit,
3151 2552 3216 2590 ex
3240 2534 3403 2601 Filio,
3440 2537 3804 2595 intellexisse.

2222 2624 2338 2695 Ipse
2371 2626 2574 2696 quippe
2603 2636 2687 2681 est
2731 2624 2826 2681 Dei
2881 2628 3170 2697 sapientia,
3203 2644 3381 2699 neque
3425 2638 3508 2684 est
3538 2629 3684 2685 aliud
3712 2648 3809 2687 es-

2221 2718 2395 2772 sentia
2425 2718 2568 2786 ejus,
2601 2728 2802 2788 praeter
2840 2719 3127 2774 scientiam
3160 2721 3352 2790 ipsius.
3387 2720 3559 2775 Aliter
3600 2724 3810 2794 quippe

2220 2809 2560 2877 compositus
2589 2811 2715 2876 erit,
2743 2825 2867 2865 cum
2900 2812 2954 2865 in
2981 2811 3088 2867 alio
3114 2813 3374 2878 essentia,
3407 2815 3459 2868 in
3491 2815 3598 2870 alio
3628 2818 3815 2871 scion-

2194 2900 2295 2973 _tia
2328 2900 2674 2969 inspiciatur.
2715 2902 2780 2955 Et
2820 2903 3058 2956 essentia
3103 2905 3320 2972 quidem
3369 2919 3555 2961 carere
3601 2904 3810 2962 intelli-

2221 2992 2422 3061 gentia,
2466 2995 2690 3049 seientia
2724 3010 2853 3049 vero
2882 2995 3001 3049 sine
3027 2996 3332 3051 substantia
3376 3013 3501 3052 esse
3526 2998 3811 3055 credetur.

2224 3084 2513 3151 Enimvero
2552 3087 2686 3151 dare
2745 3096 2803 3142 et
2846 3088 3093 3158 accipere
3121 3092 3266 3159 quod
3307 3090 3529 3157 dicitur,
3582 3107 3813 3148 causam

539 3173 756 3240 Omnia,
800 3191 917 3246 qua:
972 3176 1127 3231 habet
1179 3176 1346 3231 Pater
1393 3194 1511 3232 mea
1556 3186 1702 3244 sunt,
1754 3177 1901 3246 quod
1953 3175 2117 3230 etiam
2149 3214 2194 3275 ο
2223 3180 2556 3249 causaleque
2600 3180 2818 3250 signare
2848 3183 3191 3237 monstravit.
3238 3181 3352 3236 Hoc
3377 3191 3557 3237 autem
3590 3188 3816 3254 exposi-

538 3268 659 3322 siue
710 3282 794 3333 eo,
831 3270 976 3339 quod
1027 3271 1297 3340 sequitur,
1332 3271 1510 3327 solum
1557 3285 1653 3340 per
1688 3285 1745 3324 se
1782 3270 1961 3340 ipsum
2009 3270 2117 3325 dici

539 3367 777 3428 poterat.

609 3453 900 3517 Caeterum,
935 3455 981 3510 si
1014 3454 1141 3525 quis
1173 3454 1356 3510 divum
1388 3454 1838 3526 Chrysostomum
1874 3454 2116 3525 objiciat,

536 3545 592 3597 iu
617 3544 854 3613 quodam
884 3561 1138 3601 sermone
1164 3561 1267 3601 suo
1298 3546 1351 3601 id
1380 3556 1767 3615 exponentem.
1799 3546 1948 3614 quod
1980 3545 2118 3600 dici-

544 3642 688 3689 tur:
742 3633 827 3688 Ea:
877 3640 992 3690 meo
1046 3638 1270 3707 accipiet
1310 3654 1329 3694 :
1378 3639 1631 3695 vidtlicet
1676 3654 1742 3694 ea:
1773 3654 1888 3694 mea
1937 3655 2118 3705 carne,

541 3735 707 3797 atque
748 3742 820 3782 ea:
855 3745 969 3784 meo
1011 3745 1249 3799 corpore,
1296 3730 1460 3785 veluti
1506 3746 1570 3786 ex
1613 3731 1851 3785 cisterna
1884 3731 2118 3801 quadam

540 3818 667 3873 inde
687 3818 971 3873 hauriens.
997 3819 1283 3890 Impletura
1314 3820 1462 3876 enim
1496 3820 1670 3876 fuisse
1702 3819 1889 3876 Jesum
1922 3836 2123 3876 secun-

537 3912 670 3965 dum
696 3910 974 3966 hominem
1004 3912 1263 3967 omnibus
1293 3912 1485 3983 gratiis
1511 3912 1771 3983 Spiritus,
1802 3913 1872 3969 ab
1897 3914 1990 3968 illo
2017 3914 2118 3991 sibi

537 4002 721 4057 insitis
762 4014 816 4057 et
846 4003 903 4057 in
932 4018 992 4058 se
1019 4005 1337 4069 reconditis,
1364 4014 1528 4075 atque
1555 4004 1637 4061 ita
1679 4006 1898 4062 caeteris
1937 4007 2125 4061 distri-

544 4095 750 4159 huisse,
788 4106 845 4151 ut
886 4096 1106 4151 interim
1152 4097 1351 4153 summi
1397 4098 1561 4167 hujus
1606 4098 1706 4153 viri
1759 4099 1930 4154 fuisse
1976 4100 2122 4154 hunc

541 4203 850 4244 sermonem
875 4189 1273 4253 concedamus;
1308 4191 1463 4247 valde
1497 4192 1645 4246 enim
1684 4201 1975 4261 suspectus
2012 4203 2117 4260 est,

542 4296 609 4335 eo
635 4282 781 4352 quod
826 4282 1051 4351 reliquis
1085 4285 1428 4341 sermonibus
1474 4285 1621 4340 illius
1656 4287 1878 4341 minime
1926 4287 2122 4342 similis

543 4374 644 4440 sit,
684 4388 862 4443 neque
892 4389 1078 4441 sensu,
1115 4391 1290 4445 neque
1323 4363 1539 4431 dicendi
1592 4377 1778 4431 modo.
1816 4375 1940 4432 Erat
1974 4378 2121 4431 ettim

544 4465 718 4536 magis
749 4466 1026 4536 proprium
1059 4468 1238 4522 dicere
1270 4468 1537 4538 Spiritum
1587 4484 1652 4523 ex
1685 4471 1866 4538 seipso
1897 4472 1995 4524 ista
2027 4485 2119 4524 ac-

2230 3272 2455 3355 tionem,
2480 3286 2645 3341 quam
2676 3272 3051 3341 prtediximus,
3090 3273 3333 3328 roborat.

2297 3361 2770 3427 Quemadmodum
2806 3364 2969 3433 igitur
3019 3365 3127 3428 his,
3171 3364 3264 3434 qui
3314 3380 3493 3438 majus
3539 3364 3594 3421 in
3641 3366 3812 3424 Patre

2228 3453 2315 3523 pie
2339 3469 2520 3510 causa:
2551 3456 2763 3510 ratione
2792 3456 3120 3525 suscipiunt,
3149 3456 3335 3512 dicere
3368 3457 3419 3511 id
3449 3472 3670 3527 quoque
3698 3474 3813 3515 non

2228 3545 2330 3601 nisi
2366 3545 2513 3615 pium
2541 3556 2648 3611 est,
2674 3546 2831 3615 juxta
2870 3556 3189 3602 sanctorum
3220 3548 3433 3603 scilicet
3456 3548 3765 3605 doctrinam
3794 3568 3813 3607 :

2229 3636 2300 3690 ita
2326 3646 2379 3692 et
2402 3638 2454 3691 in
2476 3635 2618 3692 Filio
2640 3635 2932 3692 dicendum
2956 3637 3253 3691 secundum
3279 3637 3637 3692 Athanasium
3660 3640 3811 3709 quod

2227 3726 2436 3783 scilicet
2467 3727 2674 3797 Spiritu
2707 3728 2779 3783 sit
2810 3727 3017 3796 major:
3052 3728 3126 3781 ita
3152 3742 3282 3797 ergo
3306 3727 3443 3782 nihil
3472 3728 3811 3798 prohibebit,

2227 3821 2392 3876 etiam
2442 3819 2616 3890 ipsius
2663 3820 3040 3892 Chrysostomi
3090 3820 3341 3874 traditam
3385 3822 3812 3919 expositionem,

2230 3928 2432 3979 veram,
2475 3927 2541 3966 ac
2585 3912 2951 3967 necessariam
2999 3911 3361 3967 existimare:
3398 3911 3637 3967 maxime
3684 3929 3814 3969 cum

2230 4005 2392 4060 hodie
2445 4004 2593 4059 nulla
2652 4018 2754 4059 nos
2816 4004 3203 4059 hatreticorum
3259 4003 3620 4059 contradictio
3687 4020 3816 4076 per-

2231 4096 2431 4150 turbet.

2300 4185 2358 4240 Si
2407 4186 2573 4256 igitur
2626 4201 2805 4256 neque
2841 4186 3165 4243 doctoribus
3194 4187 3440 4259 reliquis,
3481 4205 3655 4262 neque
3703 4195 3812 4250 sibi

2232 4279 2330 4349 ipsi
2363 4262 2673 4334 contrarius
2702 4288 2806 4346 est,
2840 4280 3116 4350 quomodo
3149 4281 3468 4350 praedictam
3503 4284 3813 4351 expositio-

2230 4385 2353 4426 nem
2394 4370 2472 4425 illi
2507 4370 2833 4425 contrariam
2865 4369 3148 4436 dicemus;
3208 4372 3252 4425 si
3295 4385 3347 4426 et
3385 4372 3478 4427 illo
3507 4374 3667 4428 modo
3701 4377 3814 4431 alia

2230 4464 2445 4519 ratione
2479 4462 2587 4517 dici
2622 4470 2823 4531 potest,
2865 4461 3013 4515 nulla
3044 4464 3346 4531 praesertim
3379 4466 3817 4524 contradictione

540 4560 744 4629 eipere,
790 4575 916 4614 cum
968 4560 1084 4631 ipsc
1130 4563 1304 4631 magis
1353 4562 1661 4633 hujusmodi
1719 4578 2007 4615 munerum
2050 4562 2122 4616 sit
2157 4572 2196 4626 υ
2228 4557 2582 4629 perurgente?
2618 4557 2814 4627 Colligi
2861 4567 3042 4611 autem
3075 4568 3129 4611 et
3166 4557 3269 4613 hoc
3304 4575 3370 4613 ex
3414 4562 3686 4629 praedictis
3718 4579 3817 4633 po-

542 4652 686 4716 fons,
719 4651 1122 4720 quamDomiui
1152 4669 1351 4722 corpus
1384 4654 1440 4707 in
1469 4662 1734 4723 quantum
1763 4669 2000 4722 corpus:
2032 4671 2124 4707 ex-

542 4745 896 4813 pressiusque
928 4744 1206 4799 diceretur
1257 4755 1312 4801 et
1354 4748 1560 4806 verius,
1598 4746 1795 4800 Filium
1837 4762 1865 4800 a
1914 4746 2119 4815 Spiritu

540 4836 807 4906 accipere,
835 4847 885 4890 et
911 4837 1041 4892 dare
1065 4838 1246 4902 nobis,
1275 4852 1397 4891 cum
1429 4847 1484 4893 ct
1514 4839 1633 4907 ipse
1665 4838 1766 4892 ista
1797 4841 1887 4892 det
1914 4858 1927 4892 :
1959 4849 2123 4908 atque

541 4944 608 4981 eo
664 4930 870 4998 magis,
943 4945 1049 4998 quo
1092 4940 1147 4983 et
1203 4928 1320 4999 ipse
1377 4928 1642 4999 Spiritum
1697 4931 1817 4995 dat,
1871 4945 1977 4983 non
2036 4932 2124 4984 ille

541 5017 768 5078 Filium.

616 5115 799 5169 Posito
822 5126 1026 5177 tamen.
1057 5116 1201 5171 hunc
1229 5129 1536 5169 sermonem
1574 5130 1693 5168 esse
1724 5115 2115 5185 Chrysostonti,

540 5205 632 5258 hic
666 5205 767 5258 ista
810 5203 1151 5267 docebimus,
1192 5221 1372 5273 neque
1420 5205 1800 5275 superioribus
1848 5208 2119 5261 contraria

538 5312 686 5360 esse.
719 5313 896 5366 neque
937 5297 1196 5350 traditam
1228 5313 1258 5350 a
1291 5299 1500 5351 sanctis
1535 5296 1792 5351 Patribus
1823 5299 2121 5367 expositio-

540 5407 689 5456 nem,
713 5389 817 5445 hoc
854 5391 1051 5458 posito,
1084 5399 1301 5443 nutare.
1337 5386 1525 5458 Neque
1557 5388 1658 5442 ista
1690 5387 1793 5442 sibi
1825 5387 1961 5443 adeo
1991 5404 2123 5442 con-

542 5484 729 5547 truria,
780 5492 840 5536 ut
901 5497 1012 5536 uno
1069 5482 1268 5552 posito,
1329 5481 1597 5547 reliquum
1649 5480 1973 5535 inconstans
2027 5483 2123 5537 sit.

538 5573 727 5645 Neque
776 5575 946 5639 enim,
970 5575 1093 5632 etsi.
1128 5582 1188 5629 ut
1224 5572 1411 5636 homo,
1445 5570 1612 5627 Filius
1662 5572 1915 5635 mittitur,
1946 5573 2119 5641 pluri-

612 5713 725 5785 (9.7)
767 5713 892 5785 llaec
922 5729 1041 5779 qua:
1090 5729 1155 5768 ue
1192 5712 1399 5785 majore
1427 5720 1479 5767 ct
1509 5713 1719 5768 minore
1750 5714 1838 5767 hic
1869 5722 1922 5768 el
1953 5728 2116 5784 supra

544 5783 743 5852 mcpius
775 5784 1003 5837 Calecas
1036 5786 1249 5851 repetit,
1285 5783 1370 5846 pie
1400 5792 1454 5837 et
1480 5785 1766 5838 commode
1796 5783 2114 5851 accipienda

542 5863 697 5916 sunt,
757 5862 815 5905 ut
870 5860 923 5903 et
974 5853 1059 5906 illa
1098 5856 1160 5909 dc
1217 5852 1554 5923 prioritate:
1612 5870 1735 5909 natu
1797 5855 2118 5924 simpliciter

2226 4661 2349 4715 test,
2381 4652 2508 4720 quia
2538 4650 2718 4719 majus
2749 4649 2885 4719 (27),
2913 4650 3057 4718 quod
3085 4647 3223 4703 Filio
3251 4653 3552 4706 secundmn
3583 4668 3813 4710 causam

2223 4744 2554 4798 Athanasius
2591 4741 2836 4802 reddidit,
2862 4741 2968 4796 hoc
2998 4756 3120 4809 mag
3143 4757 3250 4796 nus
3275 4741 3514 4799 Basilius
3551 4745 3603 4799 in
3640 4746 3817 4814 Spiri-

2227 4847 2280 4891 tu
2317 4836 2517 4904 posuit,
2557 4848 2806 4887 asserens
2834 4832 2984 4886 illum
3014 4830 3153 4887 Filio
3179 4834 3482 4888 concedere
3530 4846 3582 4889 et
3619 4838 3816 4892 ordine

2225 4937 2278 4982 et
2303 4926 2583 4995 dignitate.
2602 4924 2738 4978 Nam
2775 4924 2820 4978 si
2856 4922 3096 4991 Spiritus
3121 4924 3373 4979 concedit
3400 4923 3558 4991 Filio,
3583 4936 3637 4981 et
3668 4931 3812 4983 ordi-

2228 5035 2293 5072 ne
2343 5026 2399 5072 et
2424 5018 2706 5087 dignitate,
2733 5025 2943 5070 constat
2982 5015 3184 5070 Filium
3219 5018 3480 5088 majorem
3512 5035 3635 5074 esse
3664 5022 3817 5075 ordi-

2230 5128 2297 5165 ne
2350 5126 2411 5166 ac
2436 5110 2720 5182 dignitate.
2748 5107 2860 5162 Hoc
2885 5117 3063 5163 autem
3087 5111 3249 5163 etiam
3280 5113 3344 5163 ad
3368 5111 3812 5179 Amphilochium

2229 5203 2495 5265 scribens,
2552 5200 2812 5257 indicavit
2877 5200 3069 5256 dicens
3114 5217 3130 5255 :
3185 5201 3334 5255 Sicut
3385 5217 3517 5271 ergo
3578 5203 3817 5273 Spiritus

2228 5305 2471 5357 sanctus,
2499 5295 2616 5363 ejus
2675 5308 2742 5348 ex
2774 5308 2883 5362 quo
2916 5292 3186 5362 processit
3216 5293 3648 5361 magnitudinem
3677 5296 3817 5348 insi-

2232 5396 2387 5447 nuat,
2425 5385 2544 5439 Filii
2594 5386 2827 5448 scilicet,
2860 5385 2925 5438 de
2958 5384 3077 5453 ipso
3118 5385 3264 5437 enim
3314 5386 3415 5437 sibi
3449 5402 3629 5440 sermo
3657 5398 3813 5451 erat;

2232 5485 2331 5539 etsi
2365 5483 2530 5553 igitur
2563 5496 2686 5534 eum
2723 5478 2865 5533 Filio
2897 5478 3198 5533 concedere
3251 5477 3407 5540 dixit,
3437 5492 3599 5531 unam
3631 5488 3811 5531 tamen

2232 5576 2522 5643 utriusque
2570 5581 2827 5626 naturam
2877 5570 3186 5634 conﬁtetur,
3227 5568 3484 5637 quoniam
3539 5569 3711 5624 deltas
3759 5570 3814 5622 iu

2230 5713 2363 5768 nihil
2393 5713 2569 5784 majus
2600 5719 2691 5767 aut
2728 5711 2906 5767 minus
2935 5721 3011 5764 est
3045 5709 3096 5761 iu
3128 5706 3207 5761 $3
3281 5702 3567 5756 Tt‘itti'alis
3610 5713 3813 5773 mystc-

2229 5801 2331 5839 ΗΟ.
