4106 6440
328 440 392 507 6i
1450 434 1855 499 ADVERSUS
1890 436 1931 497 G

2032 436 2208 498 ECOS
2259 436 2409 499 LIB.
2454 437 2540 501 ΙΙ.
3300 442 3320 461 ⁸
3532 431 3609 496 6?.

331 567 557 626 utroque
584 566 716 609 una.
744 555 821 609 At:
857 553 1019 610 veluti
1046 566 1170 610 cum
1203 557 1371 611 Pater
1392 555 1532 611 Filio
1558 556 1753 624 major,
1779 569 1909 608 can-
1939 559 1983 615 Α
2012 554 2200 616 etiam,
2224 555 2370 625 quod
2392 555 2617 619 dicitur,
2641 554 2709 609 ab
2735 569 2800 609 eo
2829 568 2954 610 esse
2987 553 3208 619 habere,
3237 553 3607 608 substantiam

334 663 410 704 sa:
445 646 657 703 ratione
700 647 942 703 dicitur:
979 663 1087 703 non
1133 648 1485 717 ideoftamcn
1535 648 1710 704 Filius
1752 648 1916 703 Patre

337 742 512 794 minor
546 749 649 795 est.
678 740 782 805 Ita,
809 749 862 796 et
894 756 1017 795 cum
1045 740 1217 798 Filius
1265 743 1441 811 major
1474 743 1683 813 Spiritu
1720 753 1913 797 sancto

336 842 640 899 asseratur,
670 849 780 888 non
812 841 992 889 tamen
1020 832 1160 889 Filio
1190 835 1373 890 minor
1404 833 1647 905 Spiritus
1686 843 1914 889 sanctus

338 925 680 995 intelligitur.
720 924 837 980 Una
873 927 1074 996 quippe
1115 927 1280 982 trium
1328 927 1570 982 essentia
1609 937 1714 981 est.
1742 927 1917 982 Porro

343 1032 471 1071 cum
537 1017 847 1088 huiusmodi
915 1020 1213 1074 secundum
1269 1019 1615 1090 personalem
1666 1018 1911 1073 ordinem

341 1108 616 1173 dicuntur,
663 1109 778 1164 sola
833 1123 1000 1166 causa
1077 1121 1241 1181 atque
1289 1110 1499 1165 causali
1554 1123 1911 1179 personarum

342 1201 600 1255 discretio
631 1201 896 1257 redditur.
923 1199 1069 1255 Nihil
1101 1203 1245 1257 enim
1292 1202 1438 1255 aliud
1485 1201 1804 1262 concedere,
1833 1199 1917 1253 vel

344 1293 642 1349 secundum
691 1309 816 1349 esse
853 1295 1149 1364 signiﬁcat.
1183 1295 1289 1349 nisi
1326 1294 1487 1349 aliam
1534 1302 1662 1348 ante
1692 1307 1751 1348 se
1795 1305 1919 1347 esse

343 1401 652 1455 personam,
702 1400 822 1456 quae
879 1395 1007 1440 ante
1080 1394 1264 1441 mente
1337 1384 1697 1455 concipiatur,
1750 1400 1916 1455 quam

345 1478 484 1548 ipse.

412 1614 604 1681 Porro,
640 1615 731 1686 qui
760 1614 833 1670 ita
867 1615 1051 1672 Basilii
1090 1616 1291 1672 dictum
1333 1617 1630 1688 accipiunt,
1666 1630 1726 1672 ut
1769 1619 1918 1688 quod

347 1705 435 1760 ille
460 1708 537 1762 ait
565 1706 826 1776 Spiritum
861 1722 887 1760 a
922 1707 1060 1763 Filio
1090 1723 1214 1765 esse
1259 1709 1485 1775 habere,
1513 1710 1581 1764 ab
1615 1709 1734 1780 ipso
1776 1709 1922 1775 dari,

347 1798 546 1852 habere
594 1797 901 1868 signiﬁcare
934 1806 1145 1870 putent,
1190 1813 1311 1854 esse
1356 1813 1455 1867 pro
1500 1813 1589 1864 co,
1639 1799 1784 1868 quod
1837 1808 1923 1854 est

350 1889 490 1955 dari,
530 1890 901 1959 accipientes:
942 1901 1128 1946 contra
1176 1892 1401 1945 omnino
1444 1891 1712 1957 sentiunt,
1761 1907 1926 1962 quam
1957 1893 2003 1952 Β

349 1999 409 2039 se
444 1984 601 2038 habet
627 1984 866 2040 doctoris
900 1985 1147 2039 intentio.
1181 1984 1275 2039 llle
1301 1985 1449 2041 enim
1475 1984 1926 2041 consubstantia-

349 2074 452 2129 lem
497 2075 640 2130 Patri
677 2074 870 2130 Filium
906 2089 1028 2129 cum
1072 2074 1427 2139 ostendisset,
1457 2077 1620 2131 etiam
1658 2075 1925 2147 Spiritum

351 2176 601 2221 sanctum
656 2166 1177 2222 consubstantialem
1233 2166 1392 2234 Filio,
1449 2182 1514 2222 ac
1579 2182 1676 2237 per
1726 2167 1926 2237 ipsum,

352 2258 501 2313 Patri
557 2258 884 2314 concludere
932 2258 1189 2316 intendit.
1229 2259 1500 2315 Craterum
1532 2260 1650 2314 dari
1694 2275 1723 2314 a
1766 2259 1927 2325 Filio,

353 2352 683 2408 contrarium
711 2353 1007 2416 concludit,
1035 2353 1138 2407 nisi
1170 2354 1315 2424 quod
1344 2354 1507 2409 datur
1537 2369 1630 2423 per
1654 2369 1802 2417 eum,
1835 2369 1930 2423 per

353 2459 514 2514 quem
542 2443 701 2499 datur
728 2442 1072 2511 naturaliter,
1118 2454 1170 2501 et
1212 2446 1583 2502 essentialiter
1634 2446 1931 2513 procedere

358 2545 818 2604 prmsupponatur,
853 2536 1070 2605 quando
1095 2538 1257 2591 etiam
1290 2539 1431 2606 dari,
1468 2540 1521 2592 in
1560 2536 1763 2594 divinis
1787 2537 1928 2594 idem

356 2636 460 2692 est,
509 2627 650 2698 quod
709 2629 1027 2697 procedere.
1090 2630 1358 2697 Quoniam
1410 2633 1576 2703 igitur
1630 2633 1931 2690 Eunomius

355 2721 683 2775 creationem
711 2720 835 2776 Filii
864 2720 1127 2792 Spiritum
1148 2735 1398 2781 sanctum
1431 2742 1555 2782 esse
1584 2727 1934 2798 blasphema-

356 2811 468 2875 bat,
502 2811 616 2866 dari
662 2822 842 2867 autem
893 2814 1070 2868 solum
1119 2816 1263 2885 quod
1311 2817 1534 2883 dicitur,
1572 2820 1638 2873 ad
1684 2820 1823 2875 hanc
1858 2818 1932 2873 illi

353 2904 747 2974 blasphemiam
798 2908 1214 2977 cpitulabatur:
1267 2921 1494 2966 sanctus
1542 2911 1783 2982 profecto
1828 2914 1933 2982 vir,

354 3006 520 3067 atque
561 2999 928 3065 doctissimus,
961 3016 1247 3069 nunquam
1285 3004 1423 3057 adeo
1469 3003 1704 3059 imbecill
1730 3012 1830 3067 ter,
1871 3019 1936 3060 ac

356 3106 457 3163 pro
488 3092 721 3147 inimicis
748 3094 910 3149 etiam
936 3094 1172 3164 egisset;
1208 3094 1318 3150 imo
1349 3097 1394 3151 si
1425 3097 1654 3152 omnino
1683 3097 1935 3166 putavis-

355 3194 460 3251 set,
507 3184 817 3255 bujusmodi
864 3186 1261 3255 expositionem
1307 3202 1371 3241 ex
1417 3188 1600 3243 verbis
1648 3189 1764 3243 suis
1811 3188 1931 3259 capi

356 3292 539 3346 posse,
570 3278 653 3331 vel
694 3278 745 3331 id
789 3295 1071 3348 nunquam
1122 3280 1337 3348 penitus
1366 3280 1613 3345 dixisset,
1665 3287 1759 3334 aut
1804 3295 1926 3335 cum

358 3366 662 3437 adjectione
692 3383 755 3422 ac
785 3367 1169 3438 praelinitione,
1195 3368 1349 3437 juxta
1383 3370 1667 3425 doctorum
1706 3386 1933 3426 consue-

361 3459 600 3514 tudinem
633 3459 892 3527 dixisset;
930 3470 1094 3532 atqne
1120 3461 1365 3527 omnino,
1398 3468 1460 3518 ut
1494 3462 1599 3517 fuit
1628 3463 1934 3534 diligentis-

361 3553 555 3617 simus,
600 3552 652 3607 in
701 3554 803 3609 hac
849 3569 907 3608 re
939 3555 994 3609 in
1052 3555 1245 3625 primis
1297 3555 1591 3610 maximam
1640 3556 1937 3626 diligentias

362 3660 551 3700 curam
578 3646 877 3715 habuisset,
903 3662 973 3703 ne
1001 3656 1189 3704 contra
1216 3663 1378 3719 quam
1409 3647 1942 3718 proposuisset,elll-

361 3747 530 3792 ceret.
1756 3756 1764 3763 ‘

433 3875 509 3929 Ex
553 3890 663 3946 quo
715 3876 843 3931 item
896 3886 1131 3945 constat,
1164 3877 1370 3935 idcirco
1415 3878 1527 3935 dici
1556 3894 1586 3933 a
1634 3876 1772 3934 Filio
1824 3878 1939 3936 dari

365 3965 632 4036 Spiritum
680 3976 954 4035 sanctum,
1007 3971 1268 4040 quoniam
1309 3971 1375 4026 ab
1410 3971 1532 4041 ipso
1583 3983 1705 4026 esse
1755 3969 1937 4026 habet.

363 4059 512 4115 Alias
562 4060 705 4116 enim
749 4063 988 4118 ministri
1037 4052 1593 4136 l‘ungereturioﬂicio,
1632 4065 1777 4134 quod
1817 4080 1935 4127 non

368 4166 461 4223 per
492 4151 671 4222 ipsum
705 4155 1024 4211 naturaliter
1057 4158 1399 4228 procederet,
1435 4157 1705 4227 praebens.
1741 4155 1939 4226 Liquet

381 4359 1267 4393 mw
1282 4368 1687 4376 Ἣ.
1706 4369 1900 4377 ἠ-ς---ν-

2024 646 2259 717 Spiritus
2285 661 2383 716 per
2408 646 2602 701 Filium
2633 646 2964 717 signiﬁcare.

2095 741 2380 803 Praeterea,
2417 756 2646 812 magnus
2674 741 2787 810 ipse
2817 738 3075 803 Basilius,
3112 737 3165 793 in
3202 737 3300 794 lib.
3337 753 3388 790 tv
3442 736 3609 803 Quat-

2019 837 2271 902 s'ionum,
2312 835 2390 888 ait
2421 849 2436 887 :
2480 852 2498 885 ο
2539 832 2727 902 Neque
2755 831 2902 886 enim
2936 831 3120 885 minus
3146 829 3354 899 aliquid
3380 842 3606 907 eramus

2025 930 2264 983 habituri
2316 929 2383 983 ad
2432 928 2863 997 agnoscendum,
2906 924 3054 994 quod
3092 922 3330 993 Spiritus
3372 937 3440 977 ex
3497 919 3605 973 Ι)ι·‹›

2023 1022 2124 1087 sit,
2158 1020 2422 1089 Spiritum
2449 1018 2561 1072 oris
2590 1016 2709 1086 ejus
2735 1017 2913 1086 ipsum
2948 1029 3068 1071 esse
3099 1013 3412 1077 audientes;
3451 1030 3468 1062 ι
3510 1008 3606 1065 sed

2026 1114 2129 1169 hoc
2161 1111 2407 1167 sullicere
2459 1119 2672 1180 poterat
2711 1124 2806 1178 per
2841 1124 2901 1166 se
2931 1107 2997 1162 ad
3048 1105 3427 1167 indicandum,
3479 1103 3611 1158 stib-

2024 1208 2282 1263 stantiam
2318 1203 2439 1275 ejus
2498 1220 2566 1258 ex
2599 1202 2711 1258 Deo
2741 1218 2881 1258 esse.
2923 1201 2981 1256 Si
3025 1201 3190 1271 igitur
3240 1199 3505 1267 Spiritum
3539 1211 3604 1250 ex

2030 1302 2139 1357 Deo
2165 1316 2305 1366 esse,
2339 1301 2479 1355 idem
2528 1309 2632 1365 est,
2662 1302 2809 1369 quod
2858 1298 3124 1369 Spiritum
3161 1297 3274 1350 oris
3307 1294 3427 1364 ejus
3465 1293 3609 1355 dici;

2027 1409 2090 1449 os
2117 1398 2312 1447 tantem
2359 1391 2540 1446 Patris
2594 1391 2767 1447 Filius
2803 1406 2834 1445 a
2869 1390 3148 1461 magistris
3182 1388 3444 1444 Ecclesiae
3473 1386 3612 1439 dici-

2029 1498 2152 1547 tur:
2186 1486 2329 1541 idem
2378 1500 2511 1555 ergo
2539 1498 2644 1549 est,
2680 1481 2946 1553 Spiritum
2988 1498 3051 1536 ex
3087 1481 3193 1536 Deo
3228 1494 3371 1547 esse,
3405 1478 3610 1539 dicere,

2026 1592 2083 1637 et
2113 1582 2287 1651 ipsum
2316 1577 2441 1631 Filii
2472 1576 2736 1648 Spiritum
2772 1577 2972 1632 dicere?
3012 1575 3077 1628 At
3103 1572 3236 1627 illud
3283 1570 3457 1625 sancti
3489 1568 3614 1638 Spi-

2030 1675 2168 1727 ritus
2199 1688 2266 1726 ex
2294 1671 2403 1725 Deo
2438 1670 2805 1726 substantiam
2840 1667 3134 1739 signiﬁcat.
3162 1665 3352 1734 Itaque
3378 1674 3432 1718 et
3462 1663 3609 1732 quod

2030 1763 2152 1819 Filii
2188 1762 2423 1833 Spiritus
2453 1763 2677 1827 dicitur,
2720 1761 2971 1815 eamdem
3008 1759 3195 1813 itidem
3245 1755 3613 1812 substantiam

2035 1855 2272 1926 Spiritus
2305 1864 2359 1909 et
2389 1870 2484 1924 per
2513 1854 2712 1909 Filium
2762 1865 2814 1911 et
2840 1869 2869 1908 a
2901 1851 3038 1906 Filio
3064 1852 3331 1918 designat.
3354 1848 3616 1903 Suilii-ere

2031 1948 2215 2015 itaque
2239 1947 2316 2001 ait
2344 1958 2397 2003 et
2436 1949 2539 2003 hoc
2564 1947 2631 2002 ad
2671 1946 3057 2001 insinuandam
3094 1941 3457 1999 substantiam
3488 1938 3615 2008 Spi-

2030 2041 2191 2095 ritus.
2226 2038 2621 2097 Undeconstat
2650 2039 2834 2102 etiam,
2859 2040 2986 2106 quia
3017 2053 3122 2091 non
3149 2036 3286 2091 alias
3316 2034 3438 2088 Filii
3473 2035 3623 2086 dicc-

2033 2141 2181 2187 retur
2207 2131 2466 2201 Spiritus,
2504 2132 2612 2186 nisi
2660 2147 2755 2201 per
2783 2131 2988 2200 ipsum,
3018 2140 3070 2184 et
3101 2145 3164 2183 ex
3213 2127 3330 2199 ipso
3362 2128 3621 2181 substan-

2034 2225 2162 2279 tiam
2193 2224 2436 2278 haberet.

2105 2315 2377 2381 Quoniam
2421 2313 2586 2384 igitur
2634 2313 2686 2368 in
2745 2311 2878 2375 Deo,
2915 2321 2969 2366 et
3023 2311 3274 2377 materia,
3312 2317 3367 2377 et
3418 2317 3617 2363 cuncta

2028 2406 2153 2477 'qnze
2190 2414 2320 2461 sunt
2352 2422 2416 2461 ex
2448 2405 2699 2472 materia,
2749 2406 2966 2475 penitus
3016 2394 3195 2459 locum
3230 2417 3338 2456 non
3376 2402 3611 2461 habent,

2000 2510 2087 2561 ,et
2136 2514 2313 2567 neque
2356 2498 2657 2553 secundum
2694 2498 3074 2553 excellentiam
3114 2506 3277 2565 atque
3309 2494 3618 2557 defectum,

2035 2605 2211 2660 neque
2261 2599 2320 2643 ut
2374 2590 2671 2659 possessio,
2704 2589 2819 2644 sive
2860 2588 3088 2651 factura,
3142 2587 3259 2641 sive
3310 2601 3459 2655 pars,
3506 2584 3622 2638 sive

2031 2681 2342 2734 membrum
2367 2719 2382 2740 .
2421 2694 2598 2749 neque
2641 2679 3054 2749 quomodolibet
3101 2678 3259 2732 aliter
3287 2686 3466 2747 potest
3517 2676 3622 2729 hoc

2036 2770 2222 2842 hujus,
2270 2781 2362 2825 aut
2418 2770 2583 2839 hujus
2628 2769 2757 2836 diei,
2798 2769 3099 2824 secundum
3156 2766 3467 2839 hujusmodi
3499 2780 3622 2835 pro-

2036 2867 2319 2935 prietatem
2343 2881 2358 2931 ;
2386 2870 2602 2917 constat
2645 2860 2910 2931 profecto,
2944 2861 3073 2930 ςιιά
3120 2874 3244 2915 eum
3294 2860 3399 2913 hoc
3435 2859 3621 2928 hujus,

2035 2966 2130 3011 aut
2162 2956 2328 3023 hujus
2381 2972 2408 3009 a
2467 2954 2734 3024 theologis
2772 2953 2995 3017 dicitur,
3060 2966 3221 3007 talISﬁ
3269 2950 3622 3013 insinuatur;

2037 3049 2198 3104 aliter
2230 3047 2375 3102 enim
2410 3062 2533 3102 esse
2561 3046 2821 3117 possibile
2852 3063 2958 3101 non
2986 3055 3091 3100 est.

2113 3142 2187 3195 Ex
2221 3157 2330 3211 quo
2361 3151 2413 3195 et
2440 3140 2568 3194 illud
2602 3156 2706 3194 uua
2757 3141 3094 3204 insinuatur,
3130 3136 3395 3206 Spiritum
3430 3135 3493 3187 ad
3539 3133 3626 3188 Fi-

1960 3254 2004 3315 c
2036 3236 2171 3290 lium
2207 3234 2439 3291 relative
2479 3235 2609 3300 dici,
2638 3235 2683 3290 si
2717 3236 2830 3289 hare
2877 3232 2944 3286 ad
3002 3231 3235 3286 invicem
3289 3228 3622 3291 discerni-tv,

2039 3328 2342 3383 secundum
2375 3342 2555 3383 causre
2609 3327 2961 3396 causalisque
2992 3324 3312 3379 relationem
3348 3320 3578 3373 velimus
3606 3338 3621 3374 :

2041 3418 2313 3488 siquidem
2359 3419 2516 3490 juxta
2570 3418 2892 3487 Gregorium
2946 3416 3301 3486 Nyssenum:
3358 3435 3375 3466 ι
3427 3414 3482 3468 lu
3524 3416 3627 3467 hoc

2041 3510 2244 3574 solmn,
2274 3509 2504 3564 alterum
2551 3509 2620 3564 ab
2671 3510 2842 3563 altero
2873 3507 3137 3577 diSIingui
3169 3505 3627 3574 deprehendimus

2040 3603 2187 3672 quod
2232 3602 2321 3657 ille
2365 3618 2556 3665 causa,
2590 3602 2692 3656 iste
2733 3617 2799 3657 ex
2833 3616 2998 3657 causa
3041 3602 3130 3655 sit.
3167 3619 3185 3652 ι
3224 3597 3379 3664 Quod
3439 3610 3632 3651 rursus

2038 3694 2113 3749 ita
2147 3695 2353 3760 divisit,
2390 3705 2450 3750 ιιι
2496 3695 2663 3750 alium
2718 3695 2923 3749 diceret
2978 3706 3101 3747 esse
3157 3692 3513 3747 continenter
3564 3706 3628 3744 ex

2040 3787 2250 3856 primo;
2283 3786 2452 3839 alium
2508 3801 2604 3855 per
2651 3801 2799 3848 cum,
2849 3785 2943 3853 qui
2991 3785 3337 3838 continenter
3383 3790 3527 3835 esset
3561 3795 3630 3836 ex

2043 3876 2241 3947 primo,
2291 3892 2535 3931 manare.
2571 3875 2678 3931 Sed
2731 3877 2844 3945 jam
2901 3876 3025 3930 libri
3085 3874 3249 3943 hujus
3300 3872 3631 3928 continenda

2042 3969 2338 4038 longitudo
2367 3979 2473 4033 est,
2511 3980 2563 4023 ut
2596 3967 2661 4023 ad
2692 3985 2753 4023 ca
2790 3985 2911 4034 quae
2939 3978 3167 4029 restant,
3206 3968 3427 4023 lectoris
3457 3968 3634 4022 inten-

2046 4062 2124 4116 tio
2171 4060 2390 4116 interim
2421 4077 2449 4115 a
2484 4062 2674 4117 labore
2721 4071 2997 4132 reparata,
3025 4060 3262 4116 alacrior
3310 4070 3477 4129 atque
3510 4058 3634 4129 vigi~

2046 4153 2250 4209 lautior
2272 4163 2544 4226 assurgat.

1420 4541 1779 4655 LIBER
1836 4604 1839 4607 -
1907 4567 2566 4705 SECUNDUS.

897 4764 1072 4840 Jesu,
1110 4766 1292 4830 nobis
1324 4768 1507 4849 praei,
1544 4775 1601 4829 et
1630 4767 1765 4831 dum
1803 4777 1955 4832 esto.
1997 4773 2080 4833 Te
2131 4772 2294 4835 enim
2346 4773 2524 4849 duce,
2556 4793 2683 4835 non
2717 4773 3091 4836 errabimus.

432 5059 491 5116 in
522 5064 695 5122 sacris
731 5065 949 5127 Litteris
996 5071 1233 5141 Spiritus
1279 5089 1504 5136 sanctus
1544 5080 1635 5136 Dei
1676 5084 1930 5152 spiracu-
1968 5087 2012 5143 Ι)
2044 5099 2109 5138 ex
2142 5098 2239 5139 ore
2269 5084 2517 5152 prodeat.
2557 5102 2575 5135 ι
2609 5084 2872 5151 Idemque
2910 5083 2965 5138 in
3005 5083 3144 5138 libro
3172 5084 3238 5139 ad
3271 5082 3625 5154 Serapionem

365 5149 476 5205 lum
504 5154 703 5212 dicitur
736 5176 752 5214 :
792 5161 1156 5232 Spiraculum,
1208 5171 1377 5234 enim,
1415 5172 1813 5241 omnipotentis,
1866 5177 1945 5231 ait

368 5240 560 5300 beatus
584 5244 710 5313 Job,
736 5253 914 5307 edocet
941 5272 1020 5310 ine
1039 5257 1076 5311 ⁸.
1100 5257 1143 5312 Α
1170 5261 1431 5330 spirando
1453 5240 1596 5318 enim
1628 5275 1941 5336 utrumque,

367 5344 424 5387 ct
470 5339 680 5403 spiritus
737 5345 968 5411 scilicet,
1028 5359 1083 5404 et
1139 5353 1469 5417 spiraculum
1526 5355 1939 5414 denominatur.

368 5422 503 5481 Nam
551 5439 606 5484 et
640 5447 869 5505 magnus
891 5437 1246 5506 Athanasius,
1289 5443 1344 5497 in
1377 5445 1519 5498 libro
1555 5445 1647 5513 qui
1680 5445 1939 5503 inscribi-

368 5527 504 5575 tur:
554 5520 900 5593 Repreltensio
948 5531 1311 5590 simulationis
1366 5534 1566 5591 Meletii
1622 5552 1670 5593 et
1728 5538 1942 5595 Eusebii

369 5609 551 5667 dixit:
590 5634 609 5667 ι
649 5615 767 5671 Non
822 5622 1099 5680 nativitati
1153 5629 1329 5683 sancti
1370 5628 1610 5698 Spiritus
1658 5634 1939 5700 processio

372 5703 726 5775 assimiiatur,
771 5713 866 5768 sed
892 5714 1199 5785 spiraeulo,
1237 5723 1380 5793 quod
1416 5724 1750 5792 Spitaculum
1781 5726 1942 5796 quasi

486 5895 504 5925 ’
546 5892 645 5948 Joh
676 5910 874 5961 χχχιιι,
916 5898 962 5952 i.

2051 5175 2133 5230 De
2167 5174 2374 5240 Spiritu
2399 5187 2630 5230 sancto:
2671 5195 2690 5227 ι
2732 5174 2969 5245 Spiritus
2994 5175 3117 5240 iste,
3154 5176 3351 5246 inquit,
3384 5180 3634 5245 spiracu-

2049 5266 2163 5320 lum
2192 5266 2317 5322 Filii
2353 5278 2458 5324 εει.
2492 5285 2511 5319 ι
2552 5266 2609 5321 Si
2643 5267 2808 5339 igitur
2839 5266 3078 5335 Spiritus
3111 5266 3336 5337 quidem
3377 5267 3629 5330 Filiicst,

2050 5371 2103 5418 et
2137 5362 2337 5417 dicitur
2359 5360 2598 5430 Spiritus
2620 5400 2634 5425 ,
2693 5360 3031 5430 spiraculum
3063 5371 3274 5427 autem,
3304 5370 3360 5415 et
3392 5358 3632 5428 Spiritus

2020 5455 2196 5509 iidem
2229 5462 2336 5521 est;
2376 5453 2718 5523 spiraculum
2774 5466 2902 5505 vere
2938 5451 3202 5522 spirantis
3233 5461 3347 5517 est;
3398 5451 3633 5505 manife-

2050 5556 2194 5600 stum
2244 5552 2349 5609 est,
2379 5542 2641 5611 Spiritum
2676 5551 2928 5597 sanctum
2980 5544 3046 5594 ad
3081 5539 3305 5604 Filium,
3357 5541 3515 5610 quasi
3555 5540 3624 5595 ad

2048 5614 2407 5703 inspirantem
2446 5631 2660 5685 referri.
2690 5627 2824 5684 Nam
2850 5629 2895 5683 si
2933 5627 3270 5698 spiraculum
3294 5627 3468 5699 ipsius
3496 5634 3583 5683 est
3607 5665 3624 5693 ,

2052 5732 2290 5791 constat,
2329 5723 2456 5793 quia
2492 5721 2561 5777 ab
2598 5738 2665 5778 co
2699 5722 3026 5794 inspiratur,
3065 5720 3293 5792 ipseque
3345 5720 3631 5793 inspirans
