4106 6452
504 387 576 449 63
1764 393 2160 455 MANUELIS
2191 397 2506 460 CALECIE
3686 419 3759 481 tu

505 508 610 552 est.
653 497 1001 568 Spiraculum
1053 498 1274 570 quippe,
1323 508 1382 554 ut
1423 499 1695 574 diximus,
1739 517 1769 558 a
1820 503 2305 574 spirarrdersse
2361 511 2567 566 audiet.
2627 515 2747 582 Ipsa
2805 515 2971 585 igitur
3027 531 3258 586 persona
3322 521 3583 590 Spiritus,
3643 531 3757 584 sive

507 589 918 644 denominatum
949 600 1054 646 est.

578 681 844 747 Quoniam
877 697 1004 736 vero
1054 683 1385 752 spiraculum
1437 685 1528 741 Dei
1588 686 1790 742 dicitur
1841 687 2082 756 Spiritus

509 781 755 834 sanctus,
811 789 951 828 unus
999 785 1178 828 autem
1235 775 1374 831 Deus
1423 787 1506 832 est
1551 777 1714 832 Pater
1775 788 1830 834 et
1863 777 2077 846 Filius;

507 863 706 932 quippe
737 864 863 917 dum
899 879 1005 919 una
1029 867 1268 920 essentia
1304 867 1398 934 sit,
1424 880 1636 924 servata
1673 870 1850 925 solum
1887 887 2080 942 perso-

507 954 616 1007 nali
647 953 976 1019 diii‘erentia,
1012 970 1117 1025 qua
1149 957 1293 1012 alius
1326 959 1522 1029 gignit,
1559 972 1613 1014 et
1644 961 1788 1016 alius
1813 961 2080 1033 gignitur,
2108 961 2115 967 ’

510 1053 766 1114 totusque
797 1061 861 1100 ex
887 1053 1000 1101 toto
1031 1047 1272 1117 Spiritus
1306 1061 1532 1105 sanctus
1560 1052 1830 1106 asseritur
1857 1070 1872 1107 :
1901 1069 2082 1125 neque

507 1137 654 1190 aliud
705 1145 791 1190 est
841 1145 991 1194 totus
1033 1137 1220 1204 Pater,
1261 1141 1409 1196 aliud
1460 1151 1608 1198 totus
1654 1143 1849 1209 Filius,
1905 1161 2083 1218 neque

505 1227 811 1292 dissonum,
857 1238 1075 1284 constat
1109 1232 1237 1300 quia
1285 1233 1444 1288 Pater
1508 1244 1562 1289 et
1608 1235 1782 1292 Filius
1811 1253 1954 1294 unus
1999 1249 2084 1295 est

507 1319 722 1387 spirans
753 1330 1004 1375 sanctum
1033 1320 1324 1392 Spiritum,
1357 1340 1592 1394 quorum
1627 1328 1720 1382 ille
1739 1329 2078 1398 spiraculum

505 1420 612 1464 est.
649 1409 804 1466 Unde
829 1421 884 1466 et
913 1416 1215 1483 productor
1258 1430 1356 1486 per
1391 1417 1628 1478 Verbum
1664 1421 1848 1476 dictus
1879 1433 1986 1478 est.

580 1500 817 1556 Sanctus
864 1518 1084 1574 quoque
1131 1505 1471 1574 Epiphanius
1520 1509 1576 1564 in
1627 1526 1692 1565 eo
1723 1510 1884 1577 libro,
1918 1527 2079 1582 quem

509 1588 788 1657 inscripsit
823 1589 1118 1646 Anc/raram
1149 1591 1543 1667 [Ancoratum],
1597 1600 1678 1652 sic
1726 1599 1801 1653 ait
1835 1616 1850 1653 :
1879 1619 1895 1651 ι
1923 1601 2084 1656 Pater

508 1689 627 1733 erat
672 1695 907 1752 semper,
962 1691 1014 1738 et
1065 1682 1236 1740 Filius
1295 1695 1415 1740 erat
1463 1703 1702 1758 semper.
1741 1701 1795 1746 et
1844 1691 2084 1758 Spiritus

509 1783 736 1826 sanctus
789 1787 1002 1842 semper
1035 1789 1099 1828 ex
1135 1772 1294 1829 Patre
1331 1777 1500 1846 spirat
1551 1787 1606 1833 et
1628 1778 1792 1836 Filio.
1823 1800 1841 1834 ι
1881 1782 2078 1837 Verum

508 1863 810 1932 enimvero,
844 1876 903 1920 ut
938 1882 1185 1938 germen,
1213 1878 1267 1924 ct
1296 1868 1468 1927 Filius
1501 1872 1642 1927 idem
1674 1885 1782 1941 est,
1810 1886 1865 1931 et
1900 1877 2075 1947 Spiri-
2110 1847 2153 1901 Β

510 1967 616 2023 tus,
651 1967 707 2012 et
753 1959 900 2028 quod
942 1960 1198 2029 spiratur.
1248 1965 1415 2035 Atqui
1464 1967 1759 2034 productor
1795 1983 1890 2036 per
1924 1984 1982 2024 se
2011 1969 2078 2026 ad

508 2051 838 2117 productum
873 2053 1112 2117 dicitur;
1145 2069 1279 2125 ergo
1324 2063 1378 2110 ct
1411 2056 1479 2111 ad
1530 2055 1796 2127 Spiritum
1839 2059 2075 2115 dicetur.

509 2144 717 2211 Itaque,
767 2143 928 2213 cnjus
963 2155 1046 2200 est
1077 2145 1316 2215 Spiritus
1349 2156 1402 2202 et
1455 2147 1526 2202 ab
1559 2165 1625 2204 eo
1666 2149 1994 2221 inspiratur,
2025 2162 2079 2208 et

505 2234 571 2286 ad
603 2235 754 2288 illum
800 2235 1032 2290 relative
1063 2237 1284 2294 dicitur.
1320 2239 1398 2294 Ex
1435 2241 1634 2310 quibus
1670 2243 1798 2298 item
1834 2255 2074 2311 constat,

507 2325 766 2394 quoniam
827 2325 1068 2398 Spiritus
1119 2330 1346 2386 relative
1399 2329 1518 2386 Filii
1579 2332 1821 2404 Spiritus
1853 2336 2082 2391 dicitur.

502 2419 772 2484 Quocirca
809 2430 860 2476 et
888 2421 993 2476 hoc
1023 2422 1090 2476 ad
1125 2422 1514 2479 insinuandam
1548 2425 1666 2495 ejIIs
1709 2429 2074 2483 substantiam

504 2512 774 2579 suﬂicere,
821 2528 1053 2582 magnus
1105 2514 1285 2584 inquit
1336 2513 1594 2571 Basilius.
1639 2516 1754 2572 Nisi
1801 2519 1947 2572 enim
2004 2520 2076 2574 ita

504 2614 673 2669 esset,
699 2619 820 2658 cum
852 2604 1121 2674 Spiritum
1149 2607 1410 2673 dicimus,
1437 2608 1492 2662 in
1533 2624 1695 2664 unam
1732 2619 1934 2665 sanctae
1957 2609 2081 2666 Tri-

507 2695 698 2750 nitatis
732 2711 1027 2766 personam
1077 2699 1340 2767 cogitatio
1366 2714 1477 2754 non
1525 2712 1854 2769 recurreret,
1887 2705 1978 2760 sed
2020 2706 2074 2760 in

507 2803 678 2841 mmm
712 2787 901 2842 Deum.
938 2787 1005 2844 Et
1037 2788 1181 2846 Deus
1207 2791 1352 2846 enim
1391 2791 1643 2848 absolute
1671 2793 1910 2864 Spiritus
1937 2797 2080 2853 dici-

506 2892 613 2947 tur,
647 2887 810 2949 atque
849 2881 921 2937 ita
970 2897 1146 2953 neque
1187 2883 1434 2940 Trinitas
1486 2896 1634 2942 esset
1700 2887 1863 2954 Deus,
1899 2905 2078 2962 neque

505 2989 606 3028 nos
636 2974 875 3043 propriis
920 2990 1042 3030 eam
1091 2975 1404 3032 nominibus
1445 2979 1856 3042 conﬁteremur.
1897 2998 2073 3052 neque

505 3067 559 3121 in
591 3066 977 3137 cogitationem
1017 3067 1181 3124 trium
1209 3083 1572 3140 personarum
1604 3071 2024 3130 adduceremur.

575 3179 879 3235 Attestatur
905 3189 1092 3236 autem
1143 3183 1227 3238 his
1263 3191 1319 3238 et
1352 3195 1575 3240 sanctus
1628 3186 1970 3254 Augustinus
2015 3187 2066 3240 in
2100 3170 2143 3230 ο

501 3270 642 3326 libro
667 3288 697 3325 v
729 3272 807 3326 De
856 3272 1146 3341 Trinitate,
1202 3273 1279 3329 ita
1335 3276 1526 3332 dicens
1558 3291 1574 3330 :
1616 3295 1634 3329 ‹
1673 3277 1906 3347 Spiritus
1939 3291 2070 3332 vero

503 3372 728 3437 sanctus
747 3363 1047 3417 secundum
1077 3363 1152 3427 id,
1184 3363 1331 3433 quod
1356 3365 1625 3435 scriptum
1651 3377 1736 3420 est
1756 3408 1772 3432 ,
1803 3367 2068 3436 quoniam

508 3452 647 3506 Deus
671 3451 908 3522 Spiritus
939 3464 1043 3515 est.
1069 3463 1246 3524 potest
1277 3455 1498 3524 quidem
1535 3457 1916 3512 universalitcr
1942 3457 2071 3520 dici,

503 3544 632 3610 quia
695 3553 748 3598 et
785 3543 942 3598 Pater
971 3545 1233 3614 Spiritus,
1285 3554 1340 3600 et
1375 3546 1544 3602 Filius
1587 3548 1848 3617 Spiritus.
1884 3547 2074 3616 itaque

503 3643 554 3686 et
609 3633 768 3688 Pater
813 3644 1062 3701 sanctus,
1115 3643 1170 3690 et
1220 3635 1396 3693 Filius
1441 3650 1688 3702 sanctus,
1739 3647 1792 3691 et
1837 3640 2074 3709 Spiritus

502 3734 747 3787 sanctus,
803 3729 1066 3796 quoniam
1121 3743 1268 3783 unus
1325 3727 1526 3784 Deus:
1583 3737 1639 3785 et
1686 3731 1872 3802 utique
1927 3730 2072 3787 Deus

499 3828 728 3873 sanctus
757 3828 860 3885 cst,
895 3829 949 3873 et
995 3819 1136 3874 Deus
1173 3820 1416 3889 Spiritus
1447 3829 1552 3888 est,
1596 3831 1651 3875 et
1686 3830 1867 3890 potest
1895 3823 2076 3892 appel-

501 3910 601 3964 lari
633 3909 898 3978 Trinitas,
945 3921 995 3967 et
1032 3911 1271 3982 Spiritus
1309 3920 1558 3968 sanctus.
1612 3913 1719 3968 Sed
1757 3921 1938 3969 tamen
1985 3916 2073 3971 ille

504 4000 743 4069 Spiritus
767 4012 990 4057 sanctus
1023 4004 1114 4072 qui
1151 4019 1263 4060 .non
1299 4004 1563 4070 Trinitas,
1593 4007 1685 4061 sed
1723 4006 1777 4061 in
1807 4007 2073 4065 Trinitate

505 4096 844 4164 intelligitur.
901 4096 952 4148 in
1009 4111 1097 4162 eo,
1149 4099 1292 4165 quod
1331 4098 1552 4168 proprie
1597 4099 1798 4154 dicitur
1830 4099 2070 4170 Spiritus

503 4195 748 4248 sanctus,
802 4185 1028 4240 relative
1081 4186 1301 4251 dicitur,
1365 4203 1489 4242 cum
1538 4189 1604 4244 ad
1653 4189 1867 4245 Patrem
1921 4199 1973 4244 et
2002 4192 2068 4246 ad

501 4276 698 4330 Filium
748 4277 1011 4344 refertur;
1066 4280 1194 4349 quia
1246 4277 1483 4350 Spiritus
1534 4290 1778 4350 sanctus,
1811 4292 1867 4349 et
1894 4282 2070 4339 Patris

501 4378 555 4422 et
578 4368 702 4422 Filii
735 4369 972 4438 Spiritus
1000 4381 1106 4426 est.
1145 4389 1163 4422 ι

569 4481 882 4552 Theologns
929 4485 1054 4539 item
1106 4484 1402 4556 Gregorius
1447 4487 1521 4542 ait
1566 4505 1580 4542 :

499 4575 566 4628 ad
613 4574 935 4629 alterutrum
976 4575 1193 4633 habitus
1234 4578 1645 4646 differentiam;
1696 4581 2064 4636 differentiam

497 4666 656 4720 etiam
689 4666 906 4721 illorum
949 4668 1368 4736 appellationem
1411 4671 1702 4737 ell'ecisse;
1737 4681 1796 4726 ut
1836 4671 2066 4735 scilicet,

497 4759 640 4813 alius
670 4759 892 4828 quidem
928 4760 1124 4830 Filius,
1161 4763 1302 4819 alius
1331 4763 1572 4835 Spiritus
1603 4775 1829 4821 sanctus
1859 4767 2068 4822 dicere-

497 4857 609 4904 tur.
650 4866 672 4904 ι

568 4960 676 5016 Sed
722 4972 775 5016 et
805 4963 1102 5033 Gregorius
1135 4963 1417 5036 Nyssenus
1459 4965 1537 5020 ait
1567 4982 1583 5020 :
1619 4983 1637 5017 ι
1672 4965 1847 5021 Filius
1887 4976 2065 5021 autem

496 5064 726 5111 sanctus
753 5054 997 5126 Spiritus
1029 5073 1212 5128 neque
1241 5068 1346 5123 est,
1398 5074 1574 5128 neque
1619 5059 1839 5121 dicitur,
1892 5076 2069 5128 neque

493 5149 837 5203 convertitur
912 5150 1131 5206 habitus
1199 5151 1310 5206 ista
1387 5153 1802 5221 consequentia.
1869 5171 1887 5204 ι
1963 5152 2066 5207 Ubi

470 5256 625 5295 vero
676 5240 901 5296 habitus
949 5254 1070 5311 est,
1137 5255 1193 5298 et
1252 5245 1577 5299 relationem
1645 5243 1891 5314 profectu
1944 5259 2067 5301 esse

489 5341 730 5387 constat.

565 5446 722 5512 Quod
755 5447 800 5502 si
833 5448 956 5517 quis
983 5450 1296 5514 contendat,
1329 5466 1393 5505 ac
1421 5452 1659 5520 Spiritus
1688 5472 1886 5513 nomen
1923 5459 2065 5514 inter

491 5553 579 5604 ea,
664 5555 783 5608 quae
837 5540 1115 5606 dicuntur,
1179 5544 1248 5595 ad
1311 5547 1536 5615 aliquid,
1585 5565 1786 5616 ponere
1838 5553 2064 5608 omnino

495 5635 726 5694 renuat,
763 5630 999 5698 primum
1033 5631 1276 5698 quidem,
1298 5644 1496 5700 praeter
1519 5651 1734 5692 onmem
1773 5642 2061 5707 rationem,

499 5721 829 5790 Patrumqne
865 5725 1162 5779 sententias
1197 5727 1400 5783 sentire
1449 5743 1506 5783 se
1549 5733 1801 5787 noverit.-
1862 5737 2060 5790 Deinde

503 5813 663 5866 nobis
696 5829 802 5868 non
830 5814 895 5868 de
923 5815 1164 5882 nomine,
1188 5819 1279 5874 sed
1307 5818 1372 5874 de
1399 5835 1456 5876 re
1487 5826 1722 5881 maxime
1753 5840 2059 5884 sermonem

2181 601 2534 667 productum,
2595 605 2710 660 sive
2765 607 3020 676 spiritus,
3077 611 3197 665 sive
3251 615 3576 680 procedens,
3640 619 3758 674 sive

2182 690 2391 759 aliquid
2448 694 2597 749 aliud
2665 696 2902 763 dicatur,
2955 699 3245 756 Trinitatis
3303 705 3464 758 tertia
3519 722 3756 772 persona

2182 781 2354 839 Patris
2380 795 2426 838 ct
2463 784 2582 839 Filii
2609 803 2730 842 esse
2753 789 2976 853 dicitur,
3014 801 3068 846 et
3096 793 3162 847 ad
3195 793 3410 850 Patrem
3469 808 3522 851 et
3551 799 3754 854 Filium

2183 872 2432 928 refertur.
2483 874 2542 929 In
2597 876 2798 931 divinis
2853 889 3036 934 autem
3095 886 3382 951 personis,
3441 890 3584 956 quod
3635 906 3760 946 esse

2181 964 2414 1033 alicujus
2443 967 2666 1032 dicitur,
2695 981 2783 1022 aut
2815 986 2882 1024 cx
2917 973 3011 1025 illo
3039 984 3144 1040 est,
3171 986 3268 1029 aut
3301 993 3467 1034 causa
3497 989 3582 1036 est
3611 983 3756 1051 ejus,

2180 1055 2341 1125 cujus
2369 1072 2492 1112 esse
2537 1059 2759 1114 dicitur.
2796 1059 2952 1116 Nulla
2987 1065 3134 1118 enim
3169 1067 3272 1120 alia
3306 1069 3418 1123 illic
3445 1072 3759 1130 ditl‘erentia

2181 1155 2286 1207 est,
2345 1156 2542 1215 praeter
2611 1150 2932 1206 relationem
2993 1169 3115 1222 qua:
3179 1160 3479 1214 secundum
3531 1177 3758 1218 causam

2181 1236 2398 1292 causalc
2467 1247 2570 1293 est.
2651 1239 2828 1295 Aliter
2903 1244 3051 1298 enim
3122 1259 3230 1301 non
3300 1257 3448 1303 esset
3514 1250 3763 1309 Trinitas

2182 1328 2350 1382 Deus.

2250 1443 2405 1508 Quod
2451 1453 2634 1498 autern
2677 1462 2707 1500 a
2751 1448 3080 1516 quibusdam
3131 1452 3389 1515 infertur.
3420 1463 3479 1509 ut
3523 1457 3762 1513 dicant:

2187 1552 2206 1584 ι
2245 1533 2382 1598 Quia
2434 1544 2489 1589 ct
2533 1536 2702 1606 janua
2760 1539 2960 1596 domus
3010 1544 3232 1607 dicitur,
3284 1557 3337 1600 et
3393 1547 3555 1616 Deus,
3614 1549 3763 1604 Dens

2183 1637 2390 1692 noster,
2424 1627 2517 1683 sed
2567 1646 2741 1700 neque
2761 1633 2936 1701 junua
2963 1651 3024 1688 ex
3061 1637 3254 1704 domo,
3284 1656 3463 1710 neque
3500 1658 3562 1695 ex
3599 1644 3764 1698 nobis

2182 1717 2346 1784 Deus,
2376 1721 2592 1788 penitus
2619 1723 2918 1778 absurdum
2960 1738 3013 1781 et
3043 1727 3252 1783 fmdum
3301 1741 3407 1785 est.
3448 1752 3466 1783 ι
3511 1732 3760 1787 Primum

2181 1811 2325 1865 enim
2374 1815 2426 1867 in
2469 1814 2674 1871 divinis
2725 1820 2973 1883 personis
3017 1820 3193 1874 solum
3253 1823 3492 1893 dignitas
3541 1828 3753 1881 servari

2186 1902 2410 1968 dicitur,
2453 1915 2532 1971 ut,
2579 1907 2725 1975 quod
2767 1908 3000 1978 alicujus
3039 1910 3261 1978 dicitur,
3307 1922 3403 1968 aut
3436 1929 3501 1969 ex
3537 1915 3630 1969 illo
3659 1917 3764 1981 sit,

2186 2003 2280 2048 aut
2319 2010 2486 2050 causa
2532 1997 2652 2067 ejus
2700 2013 2846 2064 esse,
2894 2001 3051 2070 cujus
3095 2003 3315 2067 dicitur,
3370 2005 3760 2076 intelligatur:

2184 2087 2630 2157 quandoquidem
2668 2089 2780 2145 illic
2814 2092 2960 2145 nulla
2992 2101 3074 2148 est
3101 2096 3205 2146 alia
3228 2094 3551 2150 dill‘erentia.
3573 2096 3766 2167 Neque

2182 2179 2326 2231 enim
2362 2187 2420 2233 ut
2469 2181 2797 2245 membrum,
2836 2192 2929 2236 aut
2961 2200 3111 2253 pars,
3163 2197 3254 2240 aut
3305 2187 3764 2258 instrumentum,

2180 2282 2272 2322 aur
2308 2272 2608 2338 possessio,
2641 2281 2736 2326 aut
2768 2276 3186 2343 quomodolibct
3215 2279 3394 2340 aliter,
3426 2293 3481 2334 ut
3511 2281 3566 2334 in
3599 2297 3763 2338 crea-

2181 2361 2322 2417 turis
2369 2362 2448 2426 fit,
2487 2365 2589 2418 hoc
2627 2364 2792 2434 hujus
2825 2367 3048 2421 dicitur.
3083 2370 3284 2424 Deinde
3310 2371 3508 2426 dicitur
3532 2375 3761 2445 quidem

2185 2453 2349 2516 Deus,
2394 2455 2535 2510 Deus
2590 2457 2884 2524 Abraham,
2917 2468 2970 2514 et
3021 2459 3197 2523 lsaac,
3233 2473 3289 2516 ct
3338 2463 3605 2531 omnium,
3657 2469 3764 2521 sed

2175 2545 2444 2616 iustorum
2492 2548 2731 2618 quidem,
2772 2559 2831 2603 ut
2885 2555 3095 2607 mansio
3156 2564 3208 2608 et
3251 2570 3394 2609 sors.
3451 2555 3764 2616 [hereditas

2179 2638 2323 2693 enim
2386 2650 2704 2694 sanctorum
2774 2643 2915 2697 Deus
2970 2653 3087 2709 est;
3151 2655 3530 2701 creaturarum
3596 2665 3760 2716 vero,

2178 2736 2616 2800 caeterorumque
2650 2732 2999 2802 simpliciter,
3027 2746 3085 2788 ut
3109 2745 3347 2804 creator,
3374 2746 3430 2790 et
3463 2737 3762 2808 Dominus,

2179 2833 2522 2890 suorumque
2546 2821 2950 2891 providentiam
2979 2841 3191 2894 gerens.

2244 2931 2324 2986 Ex
2353 2947 2463 3002 quo
2490 2931 2686 3004 liquet,
2717 2951 2786 2990 ne
2819 2937 2873 2990 in
2905 2937 3010 2994 hoc
3035 2940 3255 3010 quidem
3287 2941 3476 2998 deesse
3499 2946 3758 3002 ordinent

2173 3027 2478 3080 secundum
2511 3043 2572 3082 ea
2596 3044 2719 3095 qua:
2747 3031 3007 3086 dicuntur
3028 3033 3111 3086 Ad
3131 3034 3361 3103 aliquid.
3389 3037 3760 3095 Animadver-

2177 3117 2312 3174 titur.
2356 3117 2403 3174 is
2441 3119 2581 3175 ordo
2615 3123 2919 3178 secundum
2965 3124 3021 3180 id
3068 3128 3212 3196 quod
3261 3128 3472 3199 perficit
3504 3138 3559 3186 et
3597 3136 3754 3204 quod

2177 3211 2479 3281 perficitur,
2510 3214 2771 3285 quodque
2805 3218 2946 3286 regit
2975 3227 3030 3273 et
3060 3221 3205 3293 quod
3237 3221 3462 3291 regitur.
3513 3225 3759 3296 ideoque

2175 3317 2350 3372 neque
2382 3303 2626 3372 Spiritus
2657 3306 2956 3362 secundum
2989 3307 3330 3378 personalem
3357 3315 3750 3383 proprietatem

2174 3407 2354 3461 suam,
2407 3405 2676 3452 creatura:
2745 3397 2980 3467 Spiritus
3028 3403 3247 3478 dicitur,
3299 3404 3391 3458 sed
3445 3409 3750 3464 secundum

2174 3485 2318 3554 quod
2369 3485 2514 3540 Deus
2550 3505 2691 3544 unus
2727 3501 2810 3544 est
2853 3507 2976 3546 cum
3009 3492 3173 3548 Patre
3203 3504 3256 3550 et
3303 3495 3466 3562 Filio,
3494 3501 3748 3554 sanctiﬁ—

2173 3588 2330 3637 cans,
2386 3584 2552 3644 atque
2607 3577 2919 3645 inspirans,
2965 3591 3058 3635 aut
3109 3584 3268 3638 aliter
3314 3601 3409 3641 eos
3449 3589 3546 3654 qui
3598 3591 3748 3660 digni

2175 3675 2321 3729 sunt,
2353 3667 2604 3724 meliores
2638 3669 2896 3734 cﬂiciens,
2924 3683 3088 3741 atque
3118 3690 3213 3729 eos
3244 3669 3492 3734 visitans.

2246 3775 2535 3846 Prazterea,
2590 3783 2852 3850 quoniam
2905 3785 3201 3854 productor
3251 3804 3374 3842 cum
3431 3792 3503 3845 sit
3552 3807 3745 3848 eorum

2172 3886 2294 3937 qua:
2347 3871 2429 3924 Ad
2486 3875 2690 3945 aliquid
2742 3875 3026 3940 dicuntur,
3073 3879 3138 3933 ad
3197 3881 3484 3951 solumque
3533 3886 3750 3943 dicatur

2174 3961 2461 4032 Spiritum,
2524 3974 2742 4020 constat
2769 3977 2824 4020 et
2857 3966 3120 4036 Spiritum
3149 3985 3213 4024 ex
3251 3971 3338 4024 his
3374 3989 3494 4039 quae
3524 3974 3602 4027 Ad
3639 3976 3748 4029 ali-

2171 4057 2295 4124 quid
2326 4056 2587 4110 dicuntur
2628 4072 2771 4123 esse,
2805 4069 2968 4127 atque
3011 4059 3077 4113 ad
3112 4062 3287 4115 solum
3319 4064 3511 4117 referri
3545 4069 3752 4134 produ-

2172 4157 2401 4202 ctorcm.
2453 4147 2590 4202 Nam
2630 4142 2883 4217 siquid,
2927 4152 3231 4206 secundum
3289 4154 3436 4223 quod
3477 4156 3746 4225 ejusmodi

2171 4247 2277 4303 cst,
2311 4238 2378 4291 ad
2410 4238 2556 4292 aliud
2593 4239 2796 4308 aliqu-id
2829 4240 3050 4306 dicitur,
3089 4254 3325 4311 constat,
3357 4247 3484 4314 quia
3519 4259 3574 4302 et
3615 4249 3747 4304 illud

2170 4329 2238 4384 ad
2269 4331 2527 4398 primum,
2549 4331 2708 4399 quasi
2739 4331 2802 4384 ad
2829 4332 3034 4402 aliquid
3059 4333 3282 4390 dicitur.
3306 4334 3362 4390 Si
3389 4337 3532 4390 enim
3557 4338 3746 4403 homo,

2174 4423 2474 4477 secundum
2501 4424 2646 4491 quod
2687 4423 2973 4493 Dominus,
3016 4425 3081 4478 ad
3131 4426 3299 4480 alium
3341 4428 3576 4496 aliquem
3606 4429 3750 4483 dici-

1624 4506 1644 4541 ι
1684 4487 2062 4546 Emanationis

2176 4525 2275 4576 μιν.
2299 4523 2354 4568 ct
2377 4516 2472 4569 illc
2498 4524 2563 4568 ut
2587 4530 2782 4569 servus
2810 4516 2878 4568 ad
2911 4531 3035 4568 eum
3071 4515 3358 4580 referetur,
3381 4519 3527 4586 quod
3553 4535 3752 4577 servus

2169 4617 2227 4661 et
2276 4607 2535 4660 dominus
2579 4608 2644 4660 ad
2679 4607 3006 4661 alterutrum
3057 4622 3272 4676 semper
3317 4609 3543 4662 relativa
3597 4611 3744 4674 sint.

2172 4697 2274 4752 hoc
2325 4698 2505 4764 ipsum
2561 4706 2615 4751 et
2650 4697 2704 4751 in
2739 4700 3016 4764 omnibus,
3053 4714 3174 4769 quae
3215 4701 3372 4768 quasi
3411 4701 3492 4753 Ad
3541 4700 3750 4770 aliquid

2170 4804 2229 4844 se
2257 4790 2322 4844 ad
2356 4791 2588 4844 invicem
2620 4789 2840 4844 habent.
2861 4791 3032 4860 Cujus
3057 4806 3188 4860 ergo
3219 4791 3479 4861 Spiritus,
3509 4792 3749 4861 Spiritus

2170 4891 2276 4945 est,
2320 4883 2409 4937 ille
2441 4883 2742 4953 productor
2773 4893 2884 4947 est,
2922 4883 3272 4953 Spiritusque
3318 4885 3386 4938 ad
3427 4900 3552 4938 cum
3589 4889 3749 4951 cujus

2168 4983 2255 5029 est
2291 4972 2547 5042 Spiritus,
2579 4976 2735 5044 quasi
2782 4975 2846 5028 ad
2896 4975 3283 5044 productorem
3320 4975 3577 5031 refertur.
3622 4979 3747 5048 Spi-
3798 4987 3812 4998 '

2167 5070 2309 5124 ritus
2342 5077 2525 5122 autem
2555 5069 2679 5123 Filii
2709 5069 2950 5137 Spiritus
2981 5068 3220 5132 dicitur;
3255 5069 3424 5124 Filius
3459 5085 3589 5140 ergo
3616 5087 3745 5138 pro-
3837 5145 3850 5155 .

2169 5160 2366 5214 ductor
2399 5159 2575 5214 sancti
2615 5159 2856 5228 Spiritus
2885 5169 2988 5222 est,
3041 5170 3093 5215 et
3147 5161 3582 5242 spirans‘ipsum
3635 5174 3742 5216 est.

2169 5250 2406 5318 ideoque
2439 5264 2732 5317 processus
2757 5250 2910 5304 illius
2939 5251 3218 5320 spiraculo
3250 5253 3610 5315 assimilatur,
3635 5264 3686 5305 ct
3713 5267 3743 5305 a

2168 5343 2428 5412 spirando
2453 5343 2835 5397 denominatus
2867 5353 2970 5407 est,
3016 5351 3070 5396 et
3106 5344 3441 5412 spiraculum
3483 5343 3606 5397 Filii
3645 5359 3744 5413 ap-

2169 5436 2401 5504 pellatus
2436 5444 2539 5489 est.
2572 5436 2648 5490 Ac
2675 5436 2829 5506 juxta
2867 5443 3118 5489 sanctum
3155 5434 3541 5505 Epiphanium,
3575 5435 3746 5505 Spiri-

2171 5540 2255 5583 tus
2276 5544 2356 5587 .cx
2389 5529 2548 5582 Patre
2579 5527 2748 5595 spirat
2779 5536 2830 5581 et
2866 5527 3027 5582 Filio.

2237 5641 2502 5695 Praeterea
2540 5639 2774 5695 Basilius
2803 5640 2857 5694 in
2904 5640 3054 5695 libris
3089 5648 3283 5694 contra
3329 5639 3658 5694 Eunomium
3690 5650 3744 5692 et

2171 5733 2356 5787 Arium
2391 5748 2404 5785 :
2436 5751 2454 5783 ι
2484 5733 2741 5803 Spiritus,
2772 5733 2969 5802 inquit,
3003 5732 3068 5786 ad
3105 5731 3316 5787 Patrem
3353 5733 3740 5802 proprietatem

2172 5825 2435 5896 intelligo,
2455 5825 2580 5895 quia
2612 5825 2857 5896 procedit
2890 5843 2951 5881 ex
2983 5824 3167 5880 Patre.
3193 5824 3271 5880 Ad
3302 5823 3497 5880 Filium
3532 5833 3736 5888 autem,
