4106 6442
402 361 476 423 65
1493 352 1904 416 ADVERSUS
1941 351 2260 412 GRIECOS
2301 351 2446 414 LIB.
2497 353 2573 413 li.
3599 354 3669 414 66

411 474 668 545 quoniam
699 473 898 529 audio:
928 471 985 528 Si
1011 473 1128 543 quis
1166 470 1424 528 Soirituut
1457 463 1656 527 Christi
1688 487 1792 525 non
1811 468 1987 534 habet,
2022 475 2062 532 Α
2093 465 2567 521 consubstantialc
2625 466 2804 535 ipsum
2878 464 3256 536 principaliter
3311 465 3665 537 signiﬁcant.

413 570 496 622 hic
521 584 625 622 uou
651 577 725 620 est
763 566 876 635 ejus
903 567 946 619 '.
985 582 1004 616 ι

488 657 754 724 Quoniam
791 642 959 725 igitu'r
990 672 1095 712 non
1125 657 1298 728 magis
1322 657 1578 728 proprius
1601 655 1798 724 Patris,
1822 669 1986 726 quam

421 749 541 806 Filii
566 759 649 808 est
684 749 922 820 Spiritus
947 759 1187 813 sanctus,
1207 750 1334 819 quia
1364 759 1447 805 est
1466 749 1655 804 eadem
1683 747 1986 804 substantia

419 839 602 896 Patris
667 848 722 895 et
773 841 919 903 Filii,
969 838 1207 911 Spiritus
1255 850 1434 896 autem
1493 839 1884 910 proprietatem
1918 836 1986 892 ad

419 933 633 988 Patrem
691 933 773 988 vir
824 942 1048 990 sant-tus
1104 933 1379 1004 intelligit.
1439 932 1567 1004 quia
1623 932 1870 1003 procedit
1919 945 1987 986 ex

421 1026 600 1086 Patre.
631 1027 946 1082 necessario
994 1036 1048 1082 et
1093 1027 1160 1082 ad
1213 1025 1414 1080 Filium
1461 1025 1766 1096 praprietas
1795 1024 1986 1080 eadem

420 1117 628 1172 ratione
676 1118 1025 1188 intelligenda
1072 1127 1181 1174 est.
1212 1117 1403 1188 itaque
1433 1117 1580 1187 quod
1617 1118 1820 1174 dicitur
1862 1118 1990 1190 Spi-

419 1210 559 1265 ritus
598 1209 828 1274 Christi,
865 1220 920 1266 et
975 1211 1213 1280 Spiritus
1247 1209 1394 1277 Filii,
1433 1225 1499 1265 ex
1534 1226 1602 1266 eo
1641 1211 1816 1281 ipsum
1864 1227 1988 1266 esse

417 1303 798 1367 commendat;
853 1303 1091 1358 maxime
1124 1319 1246 1358 cum
1280 1305 1365 1362 vir
1410 1315 1634 1360 sanctus
1666 1304 1989 1374 praemiserit

419 1397 628 1462 dicens,
657 1395 722 1470 ad
755 1395 1150 1452 ostendendum
1180 1396 1329 1452 illius
1357 1396 1746 1462 substantiam,
1781 1413 1849 1452 ex
1875 1397 1988 1452 Deo

417 1503 558 1549 esse.
578 1485 628 1541 id
653 1487 919 1550 sufﬁcere,
940 1490 1086 1559 quod
1118 1490 1322 1546 dicitur
1346 1509 1360 1547 :
1382 1487 1617 1559 Spiritus
1639 1492 1748 1546 oris
1777 1490 1982 1547 illius'.

416 1579 521 1635 Sed
558 1590 614 1638 et
641 1580 694 1635 in
725 1581 977 1651 capitulis
1021 1598 1238 1652 quoque
1269 1584 1336 1638 ad
1387 1585 1832 1654 Amphilochium
1865 1584 1940 1638 ait
1968 1603 1982 1640 :

408 1691 446 1745 ,ι
481 1672 658 1742 Neque
695 1673 824 1728 hinc
858 1676 1032 1730 solum
1065 1685 1274 1731 natura:
1305 1678 1626 1731 communio
1653 1677 1983 1740 ostenditur,

418 1764 514 1819 scd
543 1765 668 1834 quia
716 1766 876 1820 etiam
910 1781 972 1820 ex
1011 1766 1120 1820 Deo
1144 1781 1268 1822 esse
1300 1767 1525 1832 dicitur,
1563 1782 1673 1822 non
1701 1769 1861 1838 quasi
1891 1783 1986 1838 per

413 1858 600 1912 omnia
643 1873 707 1912 ex
763 1857 873 1912 Deo
916 1859 1194 1929 prodiens,
1242 1859 1337 1914 sed
1387 1858 1543 1923 quasi
1598 1857 1835 1928 Spiritus
1871 1860 1984 1914 oris

415 1950 601 2012 illius;
631 1949 756 2004 hinc
785 1950 1002 2019 quidem
1043 1951 1319 2006 insinuata
1347 1951 1700 2022 proprietate,
1725 1952 1984 2008 substan-

413 2044 502 2097 tiae
524 2058 650 2098 vero
673 2043 835 2099 modo
862 2044 1119 2099 inelabili
1147 2054 1387 2100 servato.
1418 2047 1486 2101 Et
1512 2044 1753 2116 Spiritus
1779 2053 1986 2110 autem,

427 2137 624 2206 inquit,
657 2136 780 2192 Filii
813 2137 1037 2205 dicitur,
1076 2139 1232 2208 quasi
1279 2140 1533 2210 proprius
1566 2139 1642 2195 illi
1691 2153 1786 2209 per
1823 2146 1983 2193 natu-

415 2241 554 2284 ram.
596 2246 616 2280 υ

489 2319 561 2372 Ex
617 2319 700 2374 his
758 2327 940 2375 autem
996 2329 1234 2387 constat,
1290 2320 1418 2391 quia
1458 2336 1691 2391 magnus
1747 2318 1985 2376 Basilius

417 2413 796 2482 proprietatem
844 2413 901 2466 in
932 2411 1134 2468 divinis
1166 2415 1421 2484 personis
1448 2415 1634 2468 dicere
1666 2412 1801 2477 vult,
1839 2411 1985 2466 velut

415 2520 594 2560 causae
655 2506 1004 2576 causalisque
1047 2509 1411 2563 consortium.
1458 2507 1612 2574 Quod
1654 2506 1799 2561 enim
1831 2504 1983 2568 dicit,

421 2600 523 2653 tale
550 2607 624 2653 est
655 2617 668 2653 :
701 2597 836 2653 Cum
866 2598 1124 2656 audimus
1155 2600 1418 2672 Spiritum
1448 2610 1694 2656 sanctum
1725 2607 1778 2654 et
1810 2598 1988 2670 Spiri-

419 2701 534 2744 tum
584 2691 693 2744 oris
740 2690 856 2756 Dei,
909 2689 1262 2762 intelligimus
1312 2691 1490 2762 ipsum
1562 2691 1888 2746 naturaliter
1919 2704 1986 2744 ex

423 2783 530 2836 Deo
561 2798 698 2837 esse.
733 2781 844 2838 lloc
872 2792 954 2839 est
996 2784 1144 2838 enim
1180 2784 1524 2855 proprietas;
1570 2787 1794 2837 modum
1830 2795 1981 2848 vero,

418 2890 528 2944 quo
548 2891 612 2928 ex
643 2875 747 2929 Deo
768 2882 872 2937 est,
901 2875 1006 2929 hoc
1028 2885 1109 2929 est
1127 2875 1424 2944 procedere
1441 2875 1620 2944 ipsum
1644 2876 1981 2945 ignoramus.

419 2966 534 3022 Etsi
569 2967 714 3022 enim
747 2967 914 3022 alium
945 2967 1168 3036 quidem
1199 2966 1372 3038 gigtti,
1415 2967 1585 3021 alium
1617 2983 1750 3022 vero
1791 2981 1986 3037 proce-

413 3059 569 3124 dere,
617 3071 778 3131 atque
813 3060 981 3114 alium
1008 3061 1230 3131 quidem
1276 3061 1394 3115 sine
1437 3060 1616 3115 medio
1659 3076 1724 3115 ex
1767 3060 1981 3131 primo,

417 3152 584 3209 aliunt
613 3169 742 3210 vero
766 3168 864 3224 per
895 3169 1043 3221 cum,
1075 3153 1168 3224 qui
1203 3153 1323 3208 sine
1359 3152 1541 3208 medio
1569 3166 1637 3208 ex
1670 3152 1848 3224 primo
1875 3162 1982 3218 est,

419 3247 778 3301 substantiam
826 3247 1026 3302 habere
1065 3245 1372 3312 credimus,
1413 3245 1772 3301 nihilominus
1804 3253 1983 3300 tamen

418 3338 637 3392 modum
667 3339 1003 3415 ignoramus.
1051 3339 1168 3394 Hoc
1195 3354 1325 3411 ergo
1353 3338 1592 3412 cognito,
1637 3340 1766 3411 quia
1805 3349 1885 3393 cst
1915 3344 2006 3394 ex'

421 3430 528 3485 Deo
580 3432 926 3498 naturaliter,
978 3443 1378 3503 consequenter
1406 3433 1687 3504 quomodo
1734 3432 1806 3488 sit
1835 3447 1985 3502 qua-

416 3535 576 3577 l'lilll’.

489 3616 673 3684 Itaque
711 3617 1019 3686 proprietas
1055 3619 1170 3672 hate
1201 3616 1576 3688 principaliter
1607 3615 1830 3688 quidem
1857 3632 1987 3672 cau-

413 3727 533 3767 sam
594 3723 650 3768 et
697 3719 912 3768 causate
961 3715 1252 3784 signiﬁcat.
1303 3713 1528 3781 Deinde,
1568 3723 1984 3784 consequenter,

416 3805 884 3860 consubstantiale
915 3807 1106 3861 etiam.
1134 3809 1312 3877 Atque
1342 3806 1507 3877 hujus
1556 3806 1822 3862 indicium
1855 3817 1938 3860 est
1969 3823 1984 3862 :

417 3895 653 3964 primunt
715 3897 980 3965 quidem,
1052 3898 1182 3967 quia
1239 3895 1716 3952 consubstantiale
1776 3895 1986 3950 nullam

420 3989 623 4043 indicat
651 3988 1060 4044 discretionem.
1094 3990 1408 4059 Proprietas
1434 4002 1568 4044 vero
1617 3987 1987 4043 differentiam

419 4084 914 4152 diseretiunemque
962 4085 1333 4138 commendat.
1377 4081 1609 4149 Deinde,
1656 4081 1804 4151 quod
1853 4095 1990 4135 con-

421 4177 799 4231 substantialia
847 4178 1068 4248 quidem
1117 4176 1376 4244 invicem,
1406 4175 1706 4232 secundum
1742 4175 1986 4228 eamdem

419 4268 709 4322 verborum
750 4269 1038 4334 rationem,
1090 4268 1298 4338 absque
1349 4268 1458 4322 ulla
1513 4265 1822 4338 adiectione
1860 4280 1991 4320 con-

423 4370 742 4427 vertuntur;
778 4361 936 4417 Pater
961 4362 1163 4432 quippe
1192 4360 1678 4416 consubstantialis
1717 4369 1799 4415 est
1824 4358 1983 4422 Filio,

2089 557 2248 614 Nunc
2283 572 2418 613 vero
2445 557 2760 628 ltujusmodi
2787 558 3176 628 proprietatem
3201 557 3669 612 consubstantiale

2088 651 2364 722 sequitur.
2403 649 2556 706 Sicut
2579 659 2632 706 et
2663 650 2858 716 Filius,
2893 665 3091 705 nomen
3119 651 3420 706 secundum
3453 664 3514 705 se
3538 651 3666 718 qui-

2088 744 2211 798 dem
2272 759 2593 814 processum
2648 742 2882 812 alicujus
2933 758 3000 798 cx
3054 743 3244 814 aliquo
3279 741 3572 811 significat,
3608 743 3662 796 in

2087 837 2281 891 eadem
2334 837 2539 903 specie,
2577 844 2980 904 consequenter
3015 849 3146 889 vero
3193 833 3667 890 consubstantiale

2087 931 2279 986 etiam.
2309 929 2464 996 Quod
2501 929 2646 983 enitn
2684 929 2754 983 ita
2791 928 3078 997 processit,
3133 927 3455 982 necessario
3498 926 3663 980 etiam

2089 1023 2565 1079 consubstantiale
2623 1033 2728 1077 ett.
2768 1021 2885 1075 Non
2934 1021 3098 1091 igitur
3149 1019 3389 1089 Spiritus
3441 1028 3666 1074 sanctus

2089 1116 2348 1188 proprius
2404 1114 2529 1170 Filii
2580 1114 2880 1171 secundum
2930 1123 3182 1168 naturam
3219 1113 3514 1176 diceretur,
3560 1112 3665 1166 nisi

2090 1222 2187 1277 per
2217 1207 2397 1276 ipsum
2440 1206 2745 1276 procedens
2772 1204 3121 1266 naturaliter,
3153 1217 3246 1272 per
3284 1203 3463 1270 ipsum
3498 1199 3665 1255 etiam

2089 1299 2458 1355 substantiam
2494 1298 2736 1354 haberet.
2767 1294 2924 1363 Quod
2951 1297 3098 1350 enim
3126 1311 3190 1366 ex
3223 1295 3427 1363 aliquo,
3455 1302 3548 1346 aut
3575 1309 3670 1363 per

2087 1392 2312 1462 aliquod
2357 1391 2660 1447 secundum
2712 1390 3056 1458 atquivoeum
3095 1402 3411 1456 processum
3463 1387 3667 1455 prodit,

2087 1497 2306 1552 unaque
2339 1498 2407 1538 ex
2443 1482 2536 1536 illo
2569 1497 2695 1538 esse
2729 1488 3093 1542 monstratur,
3133 1494 3161 1531 a
3193 1492 3304 1548 quo
3337 1486 3390 1531 et
3425 1476 3671 1546 proprie-

2089 1586 2172 1631 tas
2198 1575 2434 1629 maxime
2453 1575 2654 1639 elucet,
2678 1582 2732 1627 et
2756 1571 3229 1628 consubstantiale
3245 1577 3666 1639 consequenter,

2085 1667 2448 1738 ejusdemque
2475 1667 2676 1737 speciei
2707 1665 3138 1720 demonstratur.

2161 1760 2373 1815 ideirco
2397 1774 2630 1830 magnus
2659 1771 2879 1828 quoque
2930 1755 3168 1810 Basilius
3197 1753 3326 1809 hinc
3362 1752 3668 1822 proprieta-

2093 1864 2200 1908 tem
2230 1851 2498 1906 insinuari
2530 1850 2692 1914 dixit,
2715 1849 2853 1918 quia
2875 1863 2940 1901 ex
2971 1845 3082 1899 Deo
3108 1859 3230 1899 esse
3267 1843 3483 1897 dicitur.
3510 1841 3666 1908 Quod

2092 1957 2272 2001 autem
2308 1960 2374 1999 ex
2421 1943 2534 1998 Deo
2571 1957 2692 1997 esse
2737 1941 2964 2004 dicitur,
3013 1954 3237 1993 causam
3270 1938 3528 2000 ostendit,
3559 1952 3666 2006 qua

2089 2039 2428 2107 praecedente
2455 2033 2932 2090 consubstantiale
2955 2032 3120 2086 etiam
3155 2031 3454 2086 secundum
3479 2027 3671 2096 hujus-

2091 2129 2237 2183 modi
2293 2127 2684 2198 proprietatem
2749 2124 2802 2178 in
2858 2124 3063 2178 divinis
3112 2124 3363 2193 personis
3395 2123 3667 2190 sequitur.

2086 2221 2358 2288 Quoniam
2385 2219 2555 2290 igitur
2577 2217 2816 2287 Spiritus
2840 2218 3064 2270 sanctus
3087 2214 3388 2269 secundum
3411 2223 3666 2269 naturam

2087 2313 2345 2385 proprius
2379 2323 2464 2366 est
2507 2309 2672 2376 Filio,
2705 2315 2923 2363 constat
2957 2307 3087 2377 quia
3120 2307 3188 2360 ad
3219 2307 3370 2359 illum
3397 2306 3561 2360 veluti
3597 2305 3665 2357 ad

2086 2418 2314 2462 causam
2364 2400 2621 2458 rel‘ertur.
2656 2400 2812 2456 Unde
2843 2398 3009 2454 etiam
3062 2397 3553 2453 consubstantialis
3585 2396 3668 2450 illi

2084 2505 2190 2554 εει.

2159 2613 2389 2684 Magnus
2420 2611 2548 2667 item
2568 2609 2803 2668 Basilius
2826 2608 2880 2663 in
2913 2605 3268 2676 Expositione
3294 2620 3443 2660 xuii
3473 2604 3668 2675 psalmi

2086 2707 2164 2762 ait
2224 2724 2238 2761 :
2321 2725 2340 2758 t
2383 2704 2539 2758 Sicut
2600 2701 2765 2772 igitur
2847 2709 3066 2754 creator
3127 2695 3362 2751 Verbum
3432 2694 3672 2750 ﬁrmavit

2083 2799 2255 2855 cmlos
2278 2837 2294 2862 ,
2332 2797 2404 2851 ita
2437 2804 2489 2850 et
2514 2792 2778 2865 Spiritus,
2805 2791 2897 2862 qui
2936 2806 3000 2844 ex
3032 2789 3143 2844 Deo
3172 2797 3275 2850 est.
3310 2787 3404 2858 qui
3442 2801 3474 2841 a
3503 2788 3668 2840 Patre

2083 2887 2353 2958 procedit,
2389 2886 2492 2939 hoc
2521 2891 2625 2947 est,
2672 2885 2767 2952 qtti
2818 2894 2884 2935 ex
2909 2887 3022 2934 ‘ore
3069 2879 3211 2948 ejus,
3245 2892 3314 2932 ne
3369 2876 3502 2948 quid
3539 2891 3664 2931 eunt

2081 2980 2418 3036 exteriorum
2469 2991 2616 3042 esse,
2661 2989 2840 3044 neque
2870 2981 3275 3035 creaturarum,
3320 2971 3609 3025 arbitreris
3649 2987 3664 3026 :

2089 3072 2184 3133 sed
2213 3080 2272 3127 ut
2302 3071 2448 3141 quod
2477 3085 2542 3124 ex
2575 3068 2688 3123 Deo
2713 3066 2916 3121 habeat
2942 3063 3337 3127 substantiam,
3369 3061 3668 3132 gloriﬁces.

2010 3140 2058 3206 θ
2091 3163 2296 3222 Omnes
2321 3140 2473 3217 enim
2507 3160 2562 3214 in
2597 3145 2661 3214 eo
2693 3157 2930 3213 virtutes
2958 3153 3122 3211 simul
3158 3152 3412 3209 contulit.
3446 3169 3466 3205 ι

2160 3255 2228 3312 Et
2256 3263 2380 3326 post
2409 3268 2582 3326 pauca
2613 3271 2628 3310 :
2662 3269 2681 3304 ι
2717 3249 2829 3306 lloc
2869 3248 3088 3320 quidem
3141 3247 3195 3301 in
3253 3246 3377 3302 loco
3426 3243 3668 3315 Spiritus

2089 3352 2204 3407 oris
2237 3350 2358 3419 ejus
2403 3346 2540 3413 dici,
2581 3353 2641 3401 ut
2685 3343 3026 3413 intelligatur
3067 3339 3340 3406 Salvator,
3379 3337 3670 3395 sanctissi-

2088 3457 2323 3513 musque
2382 3439 2502 3509 ejus
2565 3437 2823 3508 Spiritus.
2907 3431 3008 3488 Ubi
3083 3441 3265 3487 autent
3325 3429 3674 3485 invenietur?

2087 3533 2350 3604 Apostolo
2394 3531 2606 3587 scilicet
2654 3528 2870 3583 dicente
2915 3526 2984 3580 de
3026 3523 3166 3579 Filio
3201 3541 3218 3580 :
3254 3521 3454 3577 Ferens
3489 3522 3672 3575 omnia

2097 3624 2266 3680 Verbo
2313 3623 2523 3678 virtutis
2571 3638 2685 3676 sua:
2714 3619 2754 3674 ⁸.
2811 3617 3086 3673 Virtutem
3161 3625 3214 3671 et
3255 3616 3491 3671 Verbum
3544 3614 3668 3674 Filii

2087 3719 2354 3790 Spiritum
2409 3726 2662 3772 Sanctum
2715 3712 2918 3784 posuit.
2962 3730 2981 3763 ι
3038 3712 3118 3768 Ac
3176 3725 3443 3764 rursum:
3499 3709 3668 3774 Quem

2093 3813 2351 3867 Dominus
2387 3809 2545 3864 Iesus
2597 3808 2882 3875 interficiet
2920 3804 3129 3877 Spiritu
3174 3803 3281 3856 oris
3330 3803 3436 3868 sui,
3467 3811 3516 3855 et
3570 3802 3667 3856 de-

2087 3911 2256 3958 struet
2312 3899 2674 3954 illustratione
2718 3897 2972 3951 adventus
3021 3897 3102 3949 sui
3125 3895 3171 3949 ⁸.
3220 3892 3299 3947 Ex
3345 3909 3454 3964 quo
3497 3895 3664 3949 etiam

2088 4001 2327 4058 constat,
2355 3993 2584 4047 stultunt
2624 3998 2680 4044 et
2714 3989 3148 4042 irrationabilem
3194 3987 3362 4041 fuisse
3396 3999 3665 4058 quorum-

2038 4129 2057 4152 .
2089 4091 2214 4144 dam
2248 4085 2670 4156 malignitatem,
2695 4083 2789 4153 qui
2818 4097 2882 4136 ex
2911 4083 3014 4136 hoc
3033 4079 3275 4150 Apostoli
3303 4079 3452 4133 dicto
3483 4079 3668 4144 Iesus,

2088 4181 2433 4243 deleverunt,
2464 4192 2533 4232 ne
2569 4176 2636 4231 de
2662 4173 2801 4229 Filio
2839 4172 2931 4228 Dei
2978 4175 3079 4228 hoc
3111 4173 3464 4242 intelligatur.
3501 4170 3578 4224 Ex
3604 4187 3670 4226 co

2085 4286 2259 4338 enim,
2302 4267 2449 4340 quod
2505 4267 2712 4321 illatunt
2767 4273 2870 4330 est,
2905 4264 3286 4328 illustratione,
3332 4270 3664 4331 arguuntur.

2086 4363 2296 4419 Futura
2368 4360 2513 4416 enim
2581 4358 2851 4428 apparitio
2917 4355 3132 4437 Domini
3202 4354 3330 4409 Jesu
3399 4354 3666 4416 creditur,

422 4464 479 4506 et
531 4451 700 4508 Filius
757 4453 1242 4508 consubstantialis
1294 4464 1379 4508 cst
1429 4453 1598 4508 Patri.
1653 4451 1809 4519 Quod
1853 4466 1986 4506 sane

2091 4458 2366 4526 simulque
2412 4454 2466 4508 in
2500 4451 2895 4507 vetustissimis
2938 4449 3342 4519 exetnplaribns
3378 4447 3670 4517 integritas

422 4544 883 4599 consubstantiale
920 4544 1006 4599 hic
1048 4545 1212 4598 etiam
1253 4545 1640 4598 discretionem
1671 4557 1982 4614 praesuppo-

423 4636 523 4698 nit,
548 4649 607 4688 et
640 4635 954 4690 nominibus
979 4633 1160 4689 Patris
1217 4650 1279 4690 ac
1304 4635 1424 4690 Filii
1455 4637 1590 4691 satis
1617 4645 1988 4706 apparentem.

424 4725 644 4796 Pmpria
675 4742 803 4782 vero
833 4743 938 4782 non
992 4727 1335 4797 simpliciter,
1371 4727 1466 4784 sed
1499 4744 1620 4783 cum
1654 4728 1991 4798 adjectione;

425 4832 600 4886 neque
626 4817 767 4871 enim
808 4819 991 4872 dicere
1021 4833 1336 4884 possumus,
1369 4819 1528 4875 Pater
1558 4819 1811 4889 proprius
1853 4816 1994 4872 Filio

421 4917 476 4962 et
511 4908 680 4964 Filius
712 4909 963 4979 proprius
989 4908 1280 4979 Patri,jsed
1315 4911 1386 4964 ita
1411 4910 1631 4982 proprie
1658 4911 1947 4966 reddemus
1975 4927 1989 4964 :

333 5028 350 5041 -
426 4999 597 5056 Filius
657 5003 872 5070 quidem
939 5002 1192 5071 prOprius
1247 5013 1328 5057 est
1385 5002 1530 5056 Patri
1566 5002 1775 5066 Filius;
1833 5001 1992 5056 Pater

425 5105 606 5148 autem
657 5095 907 5164 pz-Oprius
958 5106 1042 5150 est
1077 5095 1219 5150 Filio
1257 5095 1442 5151 Pater.
1494 5096 1588 5149 Illo
1637 5096 1786 5150 enim
1833 5095 1994 5150 modo

426 5186 740 5253 indiscrete,
768 5198 823 5240 et
878 5188 995 5242 sine
1041 5187 1304 5244 relatione
1343 5189 1410 5243 ad
1452 5187 1682 5244 invicem
1715 5187 1990 5242 reddetur.

343 5289 350 5300 '
425 5278 518 5334 Sic
554 5288 734 5333 autem
769 5281 1155 5350 proprietatem
1187 5280 1304 5335 Filii
1340 5281 1407 5336 ad
1436 5279 1652 5335 Patrem
1689 5281 1991 5336 secundum

425 5387 586 5440 quam
617 5387 680 5426 ex
705 5371 799 5426 illo
832 5375 1066 5441 genitus,
1091 5373 1384 5444 Patrisque
1433 5375 1499 5429 ad
1544 5373 1769 5440 Filium,
1799 5387 1997 5429 secun-

423 5462 551 5516 dum
586 5478 745 5531 quam
779 5463 953 5532 ipsius
981 5461 1138 5518 Pater
1169 5475 1272 5532 est,
1305 5466 1602 5521 reddimus.

494 5555 788 5623 Oportebat
816 5555 983 5625 igitur
1012 5558 1260 5611 similiter
1303 5559 1544 5614 converti
1575 5558 1992 5628 proprietatem,

422 5645 565 5698 sicut
622 5646 1114 5702 eonsubstantiaie~
1148 5659 1234 5704 est
1281 5667 1294 5703 :
1365 5651 1630 5718 siquidem
1680 5652 1996 5719 "proprietas

535 5827 554 5856 '
589 5825 750 5879 Rem.
787 5842 903 5894 νιιι,
938 5829 990 5882 9.

2094 4549 2414 4621 apostolicae
2468 4543 2754 4609 sententiae
2810 4543 3136 4598 ostenditur.
3198 4539 3313 4593 iloc
3372 4547 3552 4594 tamen
3614 4537 3668 4592 itt

2089 4644 2214 4698 loco
2259 4649 2485 4696 sanctus
2519 4639 2600 4690 vir
2647 4651 2710 4690 os
2763 4633 2856 4687 Dei
2888 4631 3085 4687 Filium
3139 4646 3263 4688 esse
3313 4630 3421 4696 ait;
3456 4629 3672 4684 dixerat

2091 4734 2237 4788 enim
2299 4731 2553 4801 superius
2603 4727 2874 4797 Spiritum
2937 4739 3004 4779 ex
3067 4723 3159 4777 Dei
3213 4705 3308 4776 oi'e
3343 4735 3486 4785 esse,
3522 4723 3668 4792 quod

2090 4823 2236 4878 idem
2267 4819 2578 4893 signiﬁcare
2613 4817 2753 4870 dixit
2795 4833 2809 4868 :
2845 4813 2950 4879 Qui
2980 4830 3012 4867 a
3043 4812 3208 4867 Patre
3240 4811 3502 4880 procedit.

2167 4917 2404 4970 Sanctus
2448 4921 2629 4965 autent
2660 4907 2998 4963 Athanasius
3039 4906 3413 4962 Antiocltenus
3456 4904 3673 4974 episco-

2095 5023 2222 5078 pus,
2273 5008 2326 5060 in
2381 5021 2446 5058 eo
2509 5003 2668 5066 libro,
2722 5016 2882 5069 quem
2939 4999 3316 5073 praediximus,
3352 4993 3672 5078 «‘Verbnm,

2097 5075 2298 5169 inquit,
2357 5097 2474 5151 sine
2525 5094 2731 5164 Spiritu
2784 5109 2891 5146 non
2947 5102 3070 5160 est,
3121 5093 3270 5147 sicut
3324 5075 3503 5165 neque
3555 5094 3676 5147 sine

2103 5191 2279 5247 Verbo
2337 5205 2512 5245 mens.
2571 5187 2802 5242 Mentem
2864 5201 2992 5242 vero
3047 5199 3173 5240 esse
3234 5184 3450 5240 Patrem
3514 5185 3676 5243 Verbi

2098 5286 2358 5342 dicimus.
2389 5281 2561 5344 Mens,
2594 5280 2646 5333 in
2678 5293 2785 5350 qua
2818 5275 3077 5343 Verbum,
3115 5293 3240 5333 eum
3271 5293 3378 5348 qua
3415 5275 3676 5348 Spiritus,

2103 5387 2358 5436 sanetum
2398 5373 2661 5443 Spiritunt
2707 5371 2821 5426 oris
2853 5370 2942 5424 Dei
2973 5369 3186 5438 dicens,
3220 5386 3283 5426 os
3313 5369 3460 5424 enitn
3496 5367 3679 5420 Patris

2100 5465 2298 5520 Filius.
2335 5482 2356 5516 ι
3573 5528 3579 5534 _

2180 5556 2237 5612 Si
2273 5557 2438 5628 igitur
2505 5555 2741 5626 Spiritus
2770 5551 2990 5624 quidem
3038 5565 3102 5606 ex
3152 5565 3248 5605 ore
3297 5547 3388 5602 Dci
3421 5553 3530 5610 est,
3579 5545 3682 5598 hoc

2103 5659 2288 5705 autem
2337 5650 2480 5704 idctn
2531 5660 2636 5714 est,
2671 5645 2815 5717 quod
2872 5645 2960 5716 qui
3009 5660 3042 5697 a
3093 5642 3255 5696 Patre
3301 5640 3562 5710 procedit;
3619 5652 3684 5693 os

1109 5827 1296 5884 ενεει.
1341 5796 1612 5898 tumcf
1678 5829 1896 5887 ⁸11ε1›ι·.
1925 5849 1962 5899 ι,
1998 5833 2050 5887 5.
2130 5831 2220 5888 ιιιι
2255 5831 2447 5888 Thess.
2479 5847 2539 5896 ιι,
2575 5833 2625 5885 8.
