4106 6476
1909 282 1932 307 Q

483 359 560 421 67
1760 356 1919 416 MAN
1931 354 2154 417 UELIS
2187 354 2488 415 CALEC/E
3670 362 3748 423 (Β

486 478 673 526 autem
722 470 897 525 Patris
929 471 1101 525 Filius
1131 477 1209 525 est
1236 470 1345 535 ;'et
1375 470 1518 539 quod
1556 469 1756 524 dieitur
1795 485 1857 523 ex
1900 469 2059 523 Patre
2085 466 2135 526 Δ
2161 482 2222 520 es
2258 468 2403 530 ﬁliis,
2468 477 2526 521 ut
2578 467 2634 521 lit
2688 467 2739 521 in
2796 468 3135 534 hominibus,
3193 470 3394 526 habere
3449 474 3674 527 credita.
3715 491 3739 520 ο

495 564 810 630 procedere,
843 564 987 616 illius
1035 562 1398 618 substantiam
1445 561 1717 630 signiﬁcat
1751 578 1765 614 :
1818 575 1919 614 cur
1953 575 2062 612 non

492 654 550 708 id
579 670 822 723 quoque,
859 654 1004 723 quod
1040 654 1245 708 dicitur
1275 653 1394 706 Filii
1432 651 1693 720 Spiritus,
1731 660 1784 705 et
1824 649 2065 717 Spiritus

493 745 606 800 oris
640 745 782 813 ejus,
811 745 1181 799 iiulilTerenter
1206 744 1349 797 illius
1377 743 1736 797 substantiam
1767 741 2061 809 signiticet,

493 837 796 891 secundum
832 852 994 904 quam
1025 852 1087 889 ex
1124 834 1285 889 Patre
1326 851 1420 904 per
1467 833 1666 887 Filium
1707 830 1972 904 procedit,
2005 843 2069 884 ac

492 942 590 996 per
626 929 821 995 ipsum,
848 936 902 980 et
931 927 998 981 ab
1028 927 1144 994 ipso
1168 942 1289 982 esse
1325 926 1531 981 habet?

561 1019 790 1087 Magnus
845 1019 969 1073 item
1033 1018 1271 1073 Basilius
1311 1020 1366 1072 in
1427 1018 1518 1072 lib.
1568 1033 1619 1072 Iv
1655 1017 1855 1073 Contra
1891 1014 2070 1070 Euno-

494 1112 678 1175 mium,
710 1111 865 1180 quasi
901 1126 965 1163 ex
1003 1110 1284 1164 contrario
1327 1124 1640 1179 proponens
1672 1128 1686 1163 :
1721 1128 1738 1160 ι
1771 1108 1875 1163 Sed
1909 1108 2067 1175 dicis,

493 1202 669 1269 inquit
703 1221 716 1255 :
749 1200 804 1255 Si
847 1200 937 1255 Dei
978 1201 1199 1270 quidem
1254 1201 1434 1271 imago
1461 1199 1634 1253 Filius
1679 1208 1781 1261 est,
1825 1197 2066 1252 Verbum

492 1303 671 1345 autem
710 1290 831 1345 Filii
882 1290 1146 1360 Spiritus,
1191 1306 1286 1345 cur
1321 1305 1426 1344 non
1462 1290 1630 1346 Filius
1675 1288 1796 1345 Filii
1831 1289 2069 1356 Spiritus

490 1384 675 1438 dictus
698 1384 851 1439 est?»
886 1383 939 1436 iu
974 1385 1070 1438 has
1097 1383 1266 1450 igitur
1296 1383 1531 1452 ineptias
1550 1384 1726 1451 ipsum
1761 1382 2072 1450 impellente

494 1472 786 1539 Eunomio,
849 1475 955 1528 nisi
1005 1491 1070 1529 ex
1127 1474 1266 1528 Filio
1318 1486 1440 1529 esse
1494 1473 1756 1542 Spiritum
1812 1482 2065 1527 sanctum

493 1564 765 1630 crederet,
813 1564 1046 1621 Basilius
1081 1565 1341 1620 facillime
1373 1565 1448 1619 illi
1498 1564 1780 1619 obviasset
1832 1554 2066 1619 dieens':

496 1653 782 1720 Quomodo
814 1665 963 1710 esset
1006 1656 1247 1725 Spiritus
1277 1655 1449 1710 Filius
1480 1655 1624 1720 Filii,
1657 1656 1750 1724 qui
1787 1670 1895 1709 non
1927 1668 2068 1723 quo-

495 1746 795 1801 modulibet
821 1761 885 1800 ex
919 1745 1078 1811 Filio,
1111 1747 1227 1801 sive
1255 1762 1351 1816 per
1376 1745 1574 1801 Filium
1605 1745 1967 1817 procederet?
1992 1744 2067 1798 lta

496 1837 644 1890 enim
696 1853 755 1891 se
803 1839 1195 1892 eunti-eversis:
1261 1838 1427 1906 hujus
1476 1839 1729 1893 molestia
1783 1837 2063 1892 eximeret.

498 1924 700 1982 Verum
748 1929 799 1982 id
832 1929 1054 1998 quidem
1091 1944 1200 1983 non
1236 1930 1395 1990 dixit,
1441 1930 1537 1986 sed
1585 1930 1887 2000 subiiciens
1920 1927 2068 1999 quod

498 2027 882 2086 proposuerat,
915 2020 1080 2074 solvit
1108 2039 1121 2073 :
1162 2021 1303 2077 «Nos
1331 2029 1513 2076 autem
1546 2029 1603 2075 et
1640 2021 1717 2075 de—
1741 2022 1845 2076 hoc
1874 2020 1939 2074 ad
1971 2033 2071 2073 nos

499 2109 671 2179 ipsos,
711 2120 975 2178 quantum
1010 2111 1275 2180 possibile
1323 2121 1429 2175 est,
1484 2111 1896 2182 respondemus.
1933 2110 2068 2166 Nam

495 2206 563 2256 ad
622 2203 1161 2271 te-quidemetiam
1222 2204 1402 2259 facere
1459 2205 1594 2259 satis
1656 2211 1823 2270 esset,
1879 2202 2068 2258 eadem

498 2293 1022 2360 interrogatiuncula
1062 2294 1158 2348 tibi
1205 2295 1791 2364 quoqueimminente.
1832 2294 2071 2350 Dicimus

497 2385 682 2453 igitur,
746 2386 1005 2454 quoniam
1037 2386 1218 2440 dicere
1255 2384 1451 2440 Filium
1482 2402 1546 2440 ex
1574 2385 1733 2450 Filio,
1766 2385 2071 2441 divinitatis

495 2469 818 2528 Trinitatem
851 2476 902 2528 in
949 2477 1324 2545 suspicionem
1357 2476 1728 2530 multitudinis
1753 2475 2068 2541 adduceret,

497 2564 827 2619 audentibus
898 2566 1238 2621 hominibus.
1295 2566 1354 2619 in
1418 2546 1669 2636 promptu
1726 2565 1871 2620 enim
1931 2574 2070 2630 erat,

497 2657 767 2725 suspicari
796 2656 1056 2726 quoniam
1089 2657 1135 2712 si
1176 2655 1346 2712 Filius
1376 2672 1439 2710 ex
1468 2656 1607 2711 Filio
1637 2666 1801 2712 natus
1834 2665 1998 2722 esset,
2022 2667 2076 2713 et

496 2762 560 2801 ex
592 2763 657 2802 eo
698 2763 891 2803 rursus
927 2747 1090 2802 alium
1139 2751 1313 2815 nasci,
1347 2757 1511 2817 atque
1545 2762 1739 2803 rursus
1784 2748 1974 2813 alium,
2009 2761 2074 2801 ac

499 2840 754 2909 deinceps
786 2842 839 2895 in
876 2841 1281 2896 multitudinem
1329 2856 1596 2897 crescere.
1632 2841 1807 2909 Hujus
1843 2856 1972 2909 ergo
1996 2839 2073 2894 rei

500 2932 697 3000 gratia,
752 2948 815 2987 cx
874 2932 982 2985 lico
1034 2933 1252 3001 quidem
1302 2948 1424 2987 esse
1474 2932 1741 3003 Spiritum
1780 2932 2075 3001 Apostolus

502 3030 689 3090 aperte
726 3022 1042 3091 prtedicavit
1086 3022 1273 3077 dicens
1307 3039 1323 3075 :
1372 3022 1635 3088 Quoniam
1685 3022 1943 3087 Spiritum
1981 3022 2078 3077 Dei

2173 557 2310 611 Cum
2345 558 2575 615 dixiss't
2608 560 2774 629 igitur
2806 578 2819 614 :
2856 579 2874 610 ς
2911 559 3030 614 Non
3061 562 3204 639 ideo.
3238 565 3365 632 quia
3403 581 3506 617 non
3539 582 3605 619 ex
3637 565 3746 620 Deo

2175 666 2273 721 per
2305 650 2498 705 Filium
2537 654 2628 713 sit,
2671 671 2688 703 ι
2721 654 2979 717 ostendit,
3008 655 3134 724 quia
3168 670 3231 710 ex
3275 656 3380 711 Deo
3412 672 3506 727 per
3539 657 3739 712 Filium

2173 751 2275 803 est,
2320 740 2533 797 duabus
2593 741 2983 810 negationihus
3035 757 3315 811 pra-runa
3386 743 3749 799 afﬁrmatione

2175 843 2356 888 utens.
2406 834 2579 897 Quem
2641 835 2805 903 igitur
2851 849 2973 889 esse
3019 849 3115 903 per
3144 833 3340 889 Filium
3397 834 3556 899 dixit,
3596 836 3747 889 hunc

2178 927 2340 982 etiam
2377 942 2473 994 per
2510 925 2705 981 Filium
2757 942 2978 981 manare
3021 927 3301 991 iudicavit,
3342 942 3474 990 esse,
3513 940 3600 991 ac,
3639 943 3755 981 nta-

2179 1036 2309 1073 nare
2340 1020 2394 1072 in
2426 1020 2747 1080 substantia,
2790 1017 3167 1073 iiulilIerenter
3200 1032 3429 1087 ponens.

2248 1112 2381 1166 Nam
2408 1113 2477 1177 si,
2507 1124 2561 1165 ut
2586 1111 2805 1177 quidam
2831 1118 3044 1178 putant,
3076 1124 3312 1169 manare,
3358 1107 3754 1162 manifestatio-

2176 1221 2322 1267 nem,
2343 1219 2449 1274 qua
2480 1204 2681 1257 mundo
2714 1200 3100 1256 manilrstatns
3131 1207 3235 1262 est,
3268 1199 3466 1265 signat,
3490 1199 3751 1266 quoniam

2177 1298 2479 1352 secundum
2514 1296 2654 1348 hanc
2701 1293 2876 1355 magis
2902 1291 3098 1344 Filium
3140 1289 3378 1358 Spiritus
3405 1288 3750 1355 manifestat,

2176 1388 2278 1442 Ille
2305 1389 2469 1450 enim,
2520 1386 2718 1453 inquit,
2772 1399 2852 1437 me
2896 1381 3303 1450 clarificabit';
3357 1381 3461 1434 erit
3508 1395 3639 1449 ergo
3696 1392 3753 1434 et

2177 1480 2351 1535 Filius
2389 1478 2623 1531 Verbum
2684 1476 2856 1529 sancti
2917 1471 3175 1542 Spiritus.
3229 1472 3296 1526 At
3354 1473 3406 1525 id
3453 1472 3756 1539 Gregorius

2176 1569 2460 1640 Nyssenus
2500 1567 2722 1637 negavit
2757 1565 2946 1620 dicens
2984 1580 2999 1618 :
3044 1583 3065 1615 ι
3112 1562 3285 1617 Filius
3316 1574 3513 1617 autem
3531 1574 3758 1619 sanctus

2176 1662 2415 1731 Spiritus
2444 1674 2622 1729 neque
2650 1667 2757 1720 est,
2792 1671 2969 1725 neque
3005 1655 3229 1720 dicitur,
3260 1669 3442 1724 neque
3480 1657 3757 1709 converti-
3852 1694 3859 1697 -

2174 1758 2265 1802 tur
2291 1748 2508 1802 habitus
2540 1747 2643 1801 ista
2666 1743 3117 1814 consequentia.»
3140 1742 3343 1813 Nempe
3372 1751 3556 1798 autem
3586 1745 3755 1809 sitne,

2175 1841 2257 1893 vel
2287 1855 2395 1894 non
2436 1840 2506 1893 sit
2535 1837 2707 1892 Filius
2733 1834 2970 1907 Spiritus
3003 1836 3177 1890 sancti
3216 1835 3589 1890 manifestatio
3616 1836 3755 1889 nihil

2169 1938 2347 2000 potest
2389 1928 2709 1993 ostendere;
2758 1927 2864 1982 nisi
2924 1942 3162 1990 manare,
3198 1926 3557 1981 substantiam
3614 1926 3757 1980 sim-

2169 2022 2383 2092 pliciter
2413 2019 2705 2089 signiticet,
2730 2019 2875 2072 sicut
2897 2032 3022 2073 esse
3048 2017 3237 2080 etiam,
3264 2018 3563 2071 secundum
3585 2031 3755 2085 quam

2171 2111 2380 2167 scilicet
2434 2108 2800 2163 substantiam
2835 2120 2934 2175 per
2988 2103 3192 2159 Filium
3248 2118 3372 2160 esse
3402 2119 3432 2157 a
3482 2104 3756 2172 theol03is

2172 2200 2464 2255 asset-itur.
3406 2194 3409 2197 ’

2248 2293 2314 2347 Et
2350 2290 2435 2344 his
2468 2302 2598 2344 vero
2629 2286 2760 2342 illud
2788 2285 3078 2341 coniicitur
3099 2296 3190 2351 ,et
3213 2284 3475 2355 Spiritum
3494 2294 3754 2341 sanctum

2176 2398 2283 2437 non
2316 2396 2440 2437 esse
2488 2380 2711 2442 Filium,
2757 2377 2960 2447 quippe
3005 2376 3371 2431 emanationis
3414 2377 3753 2438 dili‘erentia,

2174 2472 2280 2527 hoc
2316 2480 2418 2534 est,
2466 2467 2664 2523 modus
2704 2468 2962 2522 diﬂ‘erens
3004 2481 3297 2536 processus
3345 2467 3568 2521 illorum
3616 2469 3756 2522 sult-

2174 2564 2410 2627 Stantia,
2464 2561 2767 2617 secundum
2821 2559 3136 2628 theologum
3188 2558 3554 2628 Gregorium,
3605 2560 3759 2612 hunc

2176 2656 2400 2720 Filium,
2434 2653 2586 2707 illum
2617 2651 2885 2721 Spiritum
2918 2659 3169 2705 sanctum
3193 2650 3453 2719 appellari
3479 2648 3624 2704 fet-it.
3652 2649 3759 2704 llic

2176 2748 2321 2802 enim
2355 2762 2421 2799 ex
2473 2746 2633 2801 Patre
2664 2745 2784 2799 sine
2812 2743 3017 2810 medio,
3055 2743 3143 2797 ille
3178 2752 3384 2809 autem,
3421 2757 3518 2812 per
3550 2741 3756 2797 Filium

2177 2854 2299 2896 esse
2329 2839 2664 2909 perhibetur.

2249 2930 2447 3000 Liquet
2473 2939 2656 2983 autem
2691 2939 2746 2985 et
2778 2929 2907 2995 hoc,
2934 2926 3080 2998 quod
3104 2942 3335 2994 magnus
3365 2927 3599 2983 Basilius
3622 2942 3755 2981 cum

2177 3026 2297 3094 jure
2332 3040 2433 3080 suo
2467 3022 2755 3079 confutare
2780 3021 2994 3092 objecta
3028 3021 3293 3078 valuisset
3320 3022 3510 3078 dicens
3542 3037 3557 3075 :
3596 3038 3615 3071 ε
3644 3018 3759 3087 Qui

499 3114 796 3180 accepimus
823 3115 867 3177 ⁸,
902 3129 1139 3182 eumque
1166 3131 1265 3193 per
1305 3113 1502 3168 Filiqu
1537 3130 1808 3179 nzanasse,
1838 3113 2067 3169 manile—
2092 3135 2137 3195 ο
2182 3118 2345 3189 igitur
2388 3133 2565 3186 neque
2597 3132 2661 3170 ex
2702 3114 2862 3181 Filio,
2911 3129 3089 3184 neque
3118 3130 3216 3184 per
3249 3114 3445 3169 Filium
3487 3114 3719 3170 subatan
3741 3146 3759 3157 -

497 3211 641 3254 stum
676 3198 799 3255 fecit
836 3200 1030 3266 Filius,
1065 3202 1326 3272 Spiritum
1383 3203 1558 3272 ipsum
1602 3204 1879 3272 appellans
1923 3203 2068 3258 sicut

498 3302 555 3345 et
597 3288 696 3345 Dei
758 3302 810 3345 et
843 3291 1048 3346 Christi
1095 3303 1326 3347 tuentem
1373 3290 1685 3357 nominans,
1721 3294 1864 3349 sicut
1893 3304 1946 3349 ct
1977 3294 2070 3349 Dei

500 3384 788 3453 Spiritum.
861 3386 981 3441 Filii
1053 3396 1237 3443 autem
1308 3387 1507 3444 Filium
1576 3389 1852 3460 appellare
1911 3398 2070 3444 caute

498 3477 808 3534 declinavit.
849 3496 867 3529 ι

569 3567 758 3638 Itaque
793 3584 1028 3639 magnus
1059 3568 1293 3625 Basilius
1316 3567 1440 3623 Filii
1469 3571 1686 3640 quidem
1711 3571 1905 3625 Filium
1947 3584 2068 3625 esse

501 3660 765 3730 Spiritum
798 3671 980 3731 negat,
1008 3677 1073 3716 ex
1116 3660 1280 3729 Filio,
1309 3672 1491 3716 autem
1549 3662 1665 3719 sive
1724 3678 1831 3732 pcr-
1868 3660 2065 3715 Filium

497 3752 715 3819 prodire
741 3761 1044 3807 asseverat.
1076 3744 1231 3818 Quod
1276 3765 1458 3808 autem
1499 3769 1721 3808 manare
1751 3753 2069 3809 naturaliter

494 3848 773 3911 procedere
812 3845 1108 3917 signiticet,
1145 3864 1209 3902 ex
1242 3861 1308 3901 eo
1340 3847 1557 3917 quidem
1591 3847 1935 3901 manifestum
1964 3858 2067 3910 est,

496 3937 640 4005 quod
683 3953 747 3990 eu
780 3939 945 3993 verbo
976 3940 1142 3994 etiam
1197 3940 1251 3992 in
1305 3940 1591 3994 nativitate
1651 3938 1773 3992 Filii
1830 3938 2068 4008 theologi

502 4036 753 4080 utuntur.
792 4026 1031 4083 Sanetus
1065 4029 1210 4082 enim
1243 4030 1500 4096 (Iyrillus,
1539 4030 1593 4083 in
1625 4029 1787 4092 libro,
1809 4045 1968 4099 quem
2001 4029 2069 4083 ad

496 4114 850 4171 Valerianum
882 4120 1202 4189 episcopum
1236 4120 1482 4188 si-ripsit,
1531 4139 1549 4171 ι
1577 4117 1836 4186 Sanctus,
1870 4108 2102 4191 inqttil,'

502 4224 597 4276 per
634 4218 883 4262 naturam
926 4224 1052 4264 cum
1108 4210 1200 4275 sit,
1258 4210 1717 4279 quemadmodum
1786 4219 1837 4265 et
1888 4210 2070 4275 Pater,

506 4299 552 4353 is
600 4302 693 4369 qui
751 4315 814 4353 ex
862 4315 927 4354 eo
980 4299 1222 4355 manavit
1258 4300 1574 4369 unigenitus
1607 4300 1780 4357 Filius
1811 4316 1843 4356 a
1893 4301 2073 4365 Patre,

504 4392 879 4447 sanetiiicatus
943 4392 1148 4447 dicitur
1224 4393 1526 4449 secundum
1607 4394 1752 4463 quod
1819 4396 2071 4465 apparuit

504 4484 688 4536 homo.
733 4500 752 4533 ι

566 4572 674 4629 Sed
707 4582 761 4629 et
797 4574 910 4644 ipse
940 4590 1162 4646 quoque
1196 4574 1430 4631 Basilius
1460 4577 1515 4630 in
1562 4577 1704 4631 libro
1740 4575 1811 4632 De
1866 4576 2076 4647 Spiritu

496 4674 714 4733 sancto,
783 4685 803 4717 ι
856 4666 1118 4738 Spiritus,
1178 4666 1377 4736 inquit,
1440 4667 1574 4720 nihil
1628 4668 1729 4722 sibi
1787 4670 2073 4737 quaesitum

499 4756 682 4822 habet,
715 4755 807 4812 sed
859 4768 1063 4812 aeterne
1094 4766 1289 4812 cuncta
1335 4758 1522 4823 habet,
1558 4766 1616 4812 ut
1666 4755 1904 4827 Spiritus
1954 4760 2070 4824 Dci,

499 4860 661 4920 atque
689 4865 752 4905 ex
809 4850 901 4904 illo
950 4865 1203 4905 manans.
1247 4870 1266 4903 ›
1330 4851 1571 4917 Manare,
1626 4853 1806 4921 posuit
1843 4869 1940 4924 pro
1977 4871 2067 4922 eo,

497 4941 644 5011 quod
680 4950 945 5006 cst,esse.
1012 4939 1162 4995 Patet
1223 4952 1404 4995 autem
1461 4958 1525 4997 ex
1585 4940 2083 5012 praecedentibus?

503 5053 524 5085 ι
559 5031 679 5087 Filii
732 5033 902 5093 enim,
943 5032 1142 5102 inquit,
1193 5031 1457 5101 Spiritum
1512 5034 1688 5102 ipsum
1742 5037 2064 5102 nominavit,

495 5123 956 5192 quemadmodum
993 5133 1047 5178 et
1081 5122 1197 5188 Dei,
1229 5124 1416 5178 eodem
1452 5126 1610 5180 modo
1652 5142 1772 5182 esse
1801 5128 2062 5199 Spiritum

495 5213 621 5268 Filii
655 5212 945 5284 Spiritum,
978 5230 1089 5285 quo
1118 5214 1283 5269 etiam
1322 5225 1406 5270 est
1434 5216 1524 5271 Dei
1553 5228 1606 5272 et
1636 5218 1835 5276 Patris.
1880 5240 1898 5272 ο

568 5307 709 5362 Idem
745 5322 934 5361 rursus
977 5307 1029 5360 in
1062 5308 1293 5373 eisdem,
1325 5310 1591 5379 capitulo,
1625 5314 1773 5381 quod
1814 5314 2069 5370 inscribi-

497 5409 584 5452 tur
637 5415 652 5451 :
712 5398 822 5451 Cur
870 5413 972 5452 non
1025 5412 1075 5454 et
1130 5398 1366 5469 Spiritus
1407 5400 1538 5455 Filii
1580 5400 1782 5465 Filius,
1836 5404 2062 5474 inquit:

502 5507 520 5540 ι
554 5489 672 5544 Non
709 5489 852 5553 ideo,
888 5493 1016 5560 quia
1074 5507 1180 5545 non
1215 5507 1278 5546 ex
1314 5491 1423 5547 Deo
1471 5508 1566 5563 per
1614 5491 1812 5546 Filium
1845 5496 1934 5559 sit,
1968 5504 2063 5549 seu

497 5596 567 5636 ne
595 5582 881 5638 Trinitatis
914 5582 1262 5639 existimetur
1310 5584 1519 5637 inlinita
1574 5585 1867 5639 multitudo
1923 5587 2064 5641 lilios

570 5758 590 5788 ⁶
619 5759 789 5829 πωπω,
818 5775 933 5826 vin,
967 5760 1049 5815 15.
1165 5762 1183 5792 ⁷
1213 5758 1370 5814 Joan.
1417 5773 1526 5823 xvi,
1568 5758 1652 5811 14.

2178 3211 2309 3263 tiam
2340 3208 2526 3274 habet,
2557 3206 2681 3262 Filii
2733 3205 2908 3261 Filius
2961 3205 3270 3261 existimari
3336 3206 3595 3274 credique
3639 3221 3757 3259 non

2179 3310 2395 3369 posset;
2437 3319 2455 3351 ι
2498 3299 2754 3368 quoniam
2779 3312 2844 3353 ea
2873 3297 3052 3366 potius
3085 3295 3354 3351 svntentia
3389 3310 3487 3349 sua
3518 3304 3655 3358 erat,
3684 3310 3757 3350 ex

2176 3392 2340 3447 Patre
2394 3407 2489 3461 per
2539 3391 2733 3445 Filium
2790 3399 2956 3459 atque
3029 3403 3059 3443 a
3115 3388 3250 3441 Filio
3306 3401 3430 3441 esse
3486 3387 3754 3455 Spiritum

2175 3495 2451 3551 sanctum,
2469 3486 2516 3538 ei
2549 3493 2602 3536 ut
2624 3482 2941 3537 certissima:
2961 3495 3024 3534 ac
3049 3478 3412 3533 voracissima:
3438 3479 3712 3547 acquievit
3740 3497 3756 3545 ;

2179 3580 2415 3633 maxime
2432 3593 2554 3631 cum
2573 3576 2792 3641 dixerit,
2815 3577 2886 3629 ita
2910 3589 3031 3629 esse
3047 3572 3170 3626 Filii
3193 3572 3457 3640 Spiritum
3473 3587 3756 3636 sanetum,

2179 3670 2399 3724 sicntet
2424 3666 2620 3721 Patris.
2660 3665 2828 3734 Atqui
2888 3663 3063 3719 Patris
3101 3674 3217 3728 est,
3256 3661 3554 3716 secundum
3605 3663 3755 3729 quod

2176 3781 2243 3820 cx
2261 3779 2326 3818 eo
2352 3772 2457 3819 est.
2495 3764 2561 3816 Et
2600 3759 2722 3814 Filii
2776 3760 2945 3829 igitur
2978 3758 3167 3814 eadem
3198 3759 3410 3812 ratione
3465 3766 3569 3821 est,
3611 3770 3757 3825 quo-

2178 3859 2326 3912 niam
2381 3856 2590 3910 scilicet
2649 3854 2718 3908 ah
2767 3853 2861 3907 illo
2922 3866 3044 3911 esse
3113 3852 3297 3917 habet,
3357 3865 3423 3906 ac
3482 3866 3578 3919 per
3625 3864 3754 3905 eum

2179 3948 2442 4018 procedit.
2924 4016 2927 4019 _

2252 4042 2397 4095 Idem
2456 4048 2716 4110 pra-terea
2770 4036 3044 4099 Basilius,
3105 4035 3372 4091 adversus
3426 4034 3757 4090 Eunomium

2113 4180 2120 4188 .
2180 4144 2453 4201 pugnans,
2473 4136 2805 4183 asserentein
2824 4142 2888 4181 ex
2909 4127 3024 4181 solo
3038 4125 3175 4179 Filio
3193 4124 3455 4194 Spiritum
3477 4134 3756 4190 sanctum,

2181 4237 2303 4277 esse
2328 4220 2485 4290 quasi
2504 4208 3012 4281 creaturam,sicuti
3038 4226 3091 4271 et
3116 4215 3312 4271 Filium
3338 4233 3404 4272 ex
3424 4217 3545 4271 solo
3571 4215 3757 4279 Patre,

2181 4322 2236 4367 et
2265 4312 2441 4381 ipsum
2476 4310 2632 4378 quasi
2678 4318 2985 4362 creaturam
3014 4324 3027 4361 :
3061 4297 3292 4375 arguere
3325 4307 3543 4376 quidem
3574 4306 3754 4372 illum,

2183 4403 2327 4472 quod
2351 4418 2457 4456 non
2484 4403 2551 4455 sit
2585 4418 2613 4453 a
2641 4399 2801 4464 Filio,
2826 4400 2970 4454 sicut
2995 4410 3247 4454 creatura
3283 4398 3499 4452 interim
3527 4398 3754 4465 omittit,

2104 4483 2148 4538 Ι)
2178 4497 2337 4551 tertio
2396 4494 2450 4549 id
2505 4508 2795 4548 reservans
2824 4494 3005 4547 libro:
3073 4511 3090 4543 ι
3131 4494 3202 4545 De
3234 4493 3355 4556 hoc,
3385 4493 3587 4563 inquit,
3627 4510 3755 4547 cum

2176 4588 2294 4655 plus
2335 4586 2432 4640 otii
2500 4585 2690 4647 fuerit,
2748 4585 3015 4639 dicemus.
3049 4603 3066 4634 ι
3116 4585 3274 4639 Circa
3348 4584 3510 4640 tinem
3568 4599 3754 4639 autem

2172 4678 2399 4733 sei-undi
2426 4678 2550 4732 libri
2581 4689 2772 4731 contra
2799 4677 3153 4743 Eunomium,
3188 4679 3240 4732 in
3267 4677 3419 4732 illum
3450 4679 3751 4733 invehens:

2177 4790 2195 4819 ι
2240 4770 2375 4823 Illud
2429 4778 2641 4834 autem,
2688 4769 2884 4838 inquit,
2930 4771 3017 4823 cui
3055 4786 3120 4824 ex
3155 4769 3412 4823 omnibus
3445 4770 3750 4825 obscurum

2169 4877 2291 4916 esse
2318 4862 2509 4930 possit,
2539 4861 3104 4927 nullameilieientiam
3128 4860 3248 4915 Filii
3280 4875 3311 4913 a
3344 4860 3503 4916 Patre
3524 4861 3709 4916 dirimi
3734 4879 3751 4918 :

2174 4951 2423 5019 nihilque
2453 4966 2577 5006 esse
2617 4951 2670 5004 in
2700 4951 2978 5016 omnibus,
3021 4952 3168 5020 quod
3204 4951 3334 5005 insit
3379 4949 3519 5005 Filio
3544 4953 3686 5021 quod
3720 4971 3751 5005 τι

2174 5043 2338 5097 Patre
2359 5041 2592 5094 alienum
2613 5043 2718 5097 sit?
2743 5041 2936 5096 Omnia
2966 5043 3134 5103 enim,
3152 5044 3249 5106 ait,
3283 5026 3423 5104 mea,
3464 5054 3556 5096 tua
3584 5052 3752 5110 sunt;

2173 5144 2220 5187 et
2262 5143 2374 5199 tua,
2395 5149 2515 5187 mea
2546 5145 2668 5189 sunt
2688 5134 2731 5186 ⁸.
2752 5132 3037 5205 Quomodo
3064 5135 3228 5205 igitur
3261 5134 3499 5203 Spiritus
3525 5151 3745 5192 causam

2173 5223 2276 5279 soli
2316 5223 2456 5278 Filio
2497 5225 2765 5296 assignat,
2821 5226 3106 5296 ipsiusque
3137 5236 3346 5282 naturas
3370 5230 3747 5298 prtedieatum,

2174 5314 2338 5384 hujus
2405 5315 2605 5385 accipit
2675 5316 3062 5370 creationem?
3124 5317 3403 5387 Siquidem
3452 5334 3584 5388 ergo
3641 5320 3750 5373 duo

2171 5405 2438 5475 principia
2496 5408 2956 5463 subintrodueens
3006 5409 3112 5463 sibi
3162 5410 3396 5464 invicem
3450 5411 3746 5475 contraria,

2174 5498 2291 5549 haec
2326 5501 2401 5550 ait
2440 5536 2455 5560 ,
2489 5514 2613 5554 cum
2648 5497 2949 5554 Manielueo
2985 5508 3041 5554 et
3083 5499 3360 5555 Marciane
3410 5511 3747 5559 conteretur.

2172 5586 2267 5641 Siti
2304 5604 2434 5643 vero
2502 5606 2568 5646 ex
2598 5606 2706 5648 uno
2736 5608 2857 5661 quite
2884 5599 3034 5660 sunt,
3059 5593 3345 5664 suspendit
3369 5594 3574 5663 omnia,
3601 5597 3748 5668 quod

1770 5758 1789 5789 ⁸
1827 5758 1987 5813 Joan.
2026 5776 2163 5825 xvn,
2202 5761 2289 5817 ιθ.
