2053 3220
175 194 214 227 ες)
726 187 927 217 ADVERSUS
951 186 1111 218 GliiiiCOS
1134 189 1206 219 LIB.
1232 189 1268 219 ll.
1774 190 1810 222 το

177 248 278 276 dicitur
298 255 315 275 a
342 245 414 274 Filio
442 245 530 273 iactus
551 251 621 275 esse,

176 345 238 364 esse
263 336 396 371 producta
429 335 579 367 credimus,
607 334 728 361 omnium
759 338 849 359 tamen
882 333 965 360 Deum

178 388 289 412 causam
306 388 368 409 em
383 388 437 408 non
456 380 587 406 tollimus.
611 388 619 405 1

213 428 242 456 111
263 427 306 455 his
328 428 370 455 vir
392 431 508 454 sanctus
534 427 699 454 Eunomium
724 427 857 461 exagitat,
893 427 963 461 quod

177 474 286 502 interim
300 481 318 501 a
333 473 414 502 Patre
429 480 485 500 non
504 473 603 500 tliaerit
612 480 673 500 esse
683 472 816 508 Spiritum
829 477 964 500 sanctum.

179 519 228 548 Sin
241 528 306 548 vero
324 519 397 547 [tunc
418 526 472 546 non
487 525 503 545 a
525 518 594 546 Filio
612 526 674 546 esse
695 519 830 548 crederet.
848 519 966 546 Basilius

182 566 290 594 facilius
316 565 375 600 ejus
394 564 542 600 objectioni
569 564 707 591 obviasset
723 564 816 591 dicens
840 573 846 590 :
866 574 874 590 t
891 564 965 597 Quo-

179 613 252 647 niam
270 611 378 646 quidem
410 619 425 638 a
451 610 520 637 Filio
540 611 615 638 nulla
639 611 742 637 ratione
756 631 763 643 ,
777 618 850 642 esse,
874 610 965 642 habet,

179 656 314 692 quomodo
328 656 474 684 secundum
486 661 510 683 te
524 664 556 683 ex
573 656 630 683 solo
646 656 785 684 Filioest?
804 666 812 682 I
832 656 965 684 Cancrum

179 704 205 732 itl
223 704 330 740 quidem
349 712 402 731 nou
419 703 498 733 dirit,
515 703 561 730 διεδ
578 712 639 729 t-unt
672 711 686 729 a
711 703 779 729 Filio
796 711 871 734 esse,
903 712 964 729 eum

178 758 229 786 pro
244 758 376 779 concesso
391 750 543 785 posuisset,
561 749 725 776 Euuomiutu
740 750 841 784 arguii.
865 750 936 784 quod
952 758 965 776 a

155 811 159 813 γ
178 796 424 830 l‘atneillunresse
441 796 565 830 deneget.
582 796 621 822 Ac
648 796 790 830 deinceps,
815 804 845 823 se
871 801 965 823 contra

177 851 241 871 eum
257 849 378 874 armatis,
409 842 449 869 ait
468 851 474 867 ε
494 852 503 867 1
518 841 662 874 Quomodo
678 850 741 876 ergo
765 850 817 868 non
842 847 964 877 apertum

180 889 330 924 periculum
344 892 395 919 cst,
415 896 432 916 a
455 887 534 915 Patre
560 887 690 922 Spiritum
709 888 841 919 dividere,
863 889 887 915 id
912 893 964 919 est,

658 244 690 270 atl
712 250 828 277 primam
855 250 965 269 causam
985 245 1003 270 Α
1020 247 1103 277 atque
1125 252 1158 270 ou
1173 243 1239 269 ttiuo
1257 251 1288 269 ex
1315 243 1358 269 illa
1381 242 1498 277 pendere
1515 250 1607 274 causa,
1627 242 1707 276 idque
1726 244 1809 268 t'at'u-

178 291 336 320 relationem
355 291 449 318 habet.
462 291 556 324 Itaque
571 289 621 316 etsi
640 288 733 315 omnia
752 295 798 322 per
824 288 921 314 Filium
940 288 966 313 in

1020 296 1080 314 nam
1095 289 1204 323 pictatis
1231 289 1364 315 tradere:
1393 288 1599 321 concortlatqtte
1623 288 1674 314 sibi
1699 293 1810 313 sanctus

1020 335 1060 360 vir
1079 336 1105 361 in
1125 335 1186 365 hoc,
1201 340 1282 368 atque
1302 335 1327 361 in
1345 334 1405 361 aliis
1421 333 1558 368 plerisque
1573 333 1649 360 locis.
1663 333 1700 359 Ex
1713 333 1811 365 quibus

1022 385 1143 408 constat.
1164 381 1295 419 Spiritum
1319 384 1443 406 saurttttn
1469 379 1580 405 relative
1598 378 1658 405 Filii
1678 379 1809 412 Spiritum

1019 426 1083 457 dici,
1099 431 1124 453 et
1145 426 1275 461 Spiritum
1292 425 1405 457 Christi,
1423 430 1450 451 ct
1468 424 1600 459 Spiritum
1624 425 1756 451 veritatis.

1053 472 1194 506 Nysseuus
1235 480 1344 506 quoque
1380 471 1529 506 Gregorius
1567 479 1649 505 super
1687 471 1811 496 otatione

1019 518 1173 550 Dominica,
1207 527 1215 543 (
1240 517 1418 551 Uttigenitus,
1445 518 1543 552 ittquit,
1587 517 1672 543 Filius
1696 524 1709 543 a
1731 524 1808 543 sacra

1019 566 1160 599 Scriptura
1185 564 1352 594 ttotniuatur,
1376 569 1455 597 atque
1484 564 1617 590 hactenus
1644 564 1717 589 illitis
1745 569 1810 595 pro-

1020 612 1119 644 pricttts
1133 610 1259 638 traditur.
1280 610 1399 636 Sanctus
1415 614 1504 636 autem
1527 609 1645 643 Spiritus
1667 616 1698 634 ex
1731 608 1810 634 Patre

1020 657 1129 688 dicitur,
1161 662 1242 690 atque
1267 663 1299 682 ex
1339 655 1406 681 Filio
1442 663 1503 681 esse
1547 662 1611 680 vero
1652 653 1808 680 testimonio

1019 702 1159 730 asseritur.
1180 712 1188 726 1
1208 701 1236 728 Si
1252 702 1313 736 quis
1328 706 1430 732 autent,
1456 708 1497 730 rx,
1519 699 1740 734 prmpnsitiottcm
1758 700 1809 726 hoc

1019 747 1044 774 in
1071 747 1129 773 loco
1143 753 1158 773 a
1177 745 1341 779 quibusdam
1360 745 1494 779 adjectum
1509 749 1660 775 asseverct,
1691 744 1807 777 jrimnm

1017 793 1127 828 quidem
1160 793 1185 818 111
1213 792 1407 819 vetustissimis
1433 791 1635 825 exemplaribus
1652 791 1688 816 ita
1714 790 1809 816 hateri

1018 838 1165 868 invenitur,
1183 838 1224 864 vel
1241 838 1336 864 saltem
1353 838 1430 864 locus
1448 842 1574 868 notatur;
1597 836 1668 862 unde
1680 843 1809 869 quotum-

1018 884 1080 911 datn
1098 884 1180 911 nituis
1199 883 1384 918 iusipietttiutu
1402 882 1543 909 hominum
1572 882 1726 908 temeritate
1750 887 1810 914 par-

177 942 241 962 etnn
258 941 310 962 nott
336 940 398 961 esse
419 941 435 960 a
450 932 505 960 Deo
531 938 557 960 et
582 920 674 964 Patre.
703 934 880 965 couteudcre,
898 941 960 960 cum
981 920 1001 946 Β
1018 929 1099 956 licula
1115 930 1159 956 illa
1175 929 1262 956 deleta
1280 928 1455 963 perspicitur.

179 980 413 1015 utrumquenobis
423 974 568 1015 Apostolus
582 979 728 1013 conjuncta
744 981 879 1009 tradat.et
893 988 965 1007 unue

179 1027 302 1062 quidem,
313 1025 415 1054 Christi
428 1025 559 1060 Spiritum
571 1025 735 1055 dicat,nnnc
751 1030 841 1052 autem
858 1026 913 1057 Dei,
929 1026 966 1052 ita

180 1073 321 1101 scribens:
333 1072 362 1100 Si
375 1072 435 1107 quis
447 1077 535 1098 autem
551 1070 680 1103 Spiritum
696 1072 796 1099 Clu-isti
810 1081 861 1098 non
875 1073 964 1104 habet,

180 1120 222 1147 hic
245 1127 297 1147 nou
321 1124 359 1146 ut
395 1117 452 1153 ejus
463 1118 484 1144 ‘.
507 1117 546 1144 Ac
568 1125 678 1144 rursum
697 1119 774 1145 :Nos
797 1123 885 1144 autent
915 1127 966 1145 non

177 1165 301 1192 uiritim
315 1164 393 1200 hujus
414 1164 505 1191 mundi
523 1165 686 1199 accepimus,
714 1164 759 1190 ret!
777 1164 907 1197 Spiritum
920 1165 965 1198 qui

180 1217 214 1238 ex
233 1210 287 1238 Deo
296 1215 334 1237 ut
351 1209 384 1237 '°.
401 1219 411 1235 1
536 1240 538 1243 ι

211 1257 270 1285 libi
295 1256 462 1288 notandum,
492 1255 554 1290 quia
585 1256 750 1282 Ettnomium
786 1256 964 1287 insimulatis,

181 1303 253 1339 quod
267 1310 321 1330 non
332 1303 413 1330 etiam
426 1310 440 1328 a
456 1302 534 1330 Patre
552 1301 685 1337 Spiritttm
703 1302 816 1333 diceret,
836 1301 883 1329 sed
897 1301 967 1328 dit-i-

181 1350 258 1379 deret
272 1357 287 1378 a
315 1348 370 1377 Deo
398 1348 542 1384 Spiritum,
559 1349 618 1383 ipse
637 1349 710 1383 quod
740 1348 905 1383 cunjunetus
920 1349 965 1380 sit,

181 1395 365 1425 testimonium
379 1402 412 1422 ex
431 1394 562 1429 Apostolo
574 1389 739 1428 producéns,
754 1393 807 1420 Deo
821 1400 847 1419 et
858 1392 967 1419 Christo

182 1441 348 1476 conjunctiln
375 1441 509 1476 Spiritum
541 1440 714 1467 commendat
731 1460 739 1471 ,
772 1439 824 1465 hoc
849 1444 910 1468 est.
934 1447 965 1466 ex

159 1488 305 1523 .utrisque
317 1494 386 1514 esse.
402 1485 481 1517 Nam,
508 1486 530 1513 si
559 1493 573 1512 a
602 1484 657 1512 Deo
679 1484 773 1516 dividi,
794 1484 820 1511 id
848 1488 889 1510 est
908 1480 966 1509 'uun

181 1540 244 1561 esse
257 1540 271 1559 a
287 1532 351 1563 Deo,
384 1531 513 1567 conjungi
529 1530 584 1558 Deo
602 1536 628 1557 et
644 1530 765 1562 Christo,
780 1535 885 1557 constat
895 1529 966 1564 quod

183 1578 219 1606 ab
236 1578 302 1614 ipsis
324 1584 384 1605 esse
407 1576 550 1612 signiﬁcat.
569 1575 635 1610 Ejus
657 1580 745 1602 autetn
768 1575 807 1602 rei
836 1574 967 1600 indicium

183 1629 235 1659 est,
254 1624 326 1660 quod
352 1631 413 1651 cum
443 1622 560 1650 dixisset
587 1621 732 1656 Spiritum,
761 1628 834 1648 nunc
857 1619 967 1653 quidem

182 1670 284 1698 Christi
301 1669 367 1704 dici,
391 1676 465 1696 nunc
481 1673 571 1695 autent
588 1667 647 1700 Dei,
662 1675 723 1694 eum
746 1666 904 1693 testimOttio
924 1665 968 1691 lir-

185 1724 258 1744 rnare
273 1715 361 1747 relict,
379 1714 517 1750 quomodo
530 1714 565 1741 sit
581 1713 627 1740 Dei
651 1714 724 1740 :Nos
751 1718 848 1743 autem,
867 1711 967 1746 ittquit,

186 1760 235 1790 Itan
245 1763 367 1795 spiritum
382 1761 461 1795 hujus
479 1761 570 1787 mundi
594 1760 753 1794 accepimus,
771 1759 816 1786 sed
835 1758 966 1793 Spiritum

186 1804 230 1842 qui
244 1815 276 1834 ea.
300 1807 351 1834 Dea
374 1810 435 1834 est:
463 1806 550 1840 quasi
567 1804 736 1832 tantumdem
755 1804 843 1830 valeat
867 1802 968 1835 dicere,

187 1856 316 1891 Spiritum
335 1854 393 1889 Dei,
412 1859 439 1882 et
453 1854 583 1889 Sp'ritum
601 1853 647 1888 qui
666 1861 697 1879 cx
717 1853 771 1879 Deo
783 1856 833 1879 est.

220 1901 288 1930 Cum
309 1901 391 1937 igitur
413 1900 586 1935 exposuisset
609 1899 795 1926 testimonium
814 1897 887 1932 qttod
905 1904 971 1924 ron-

184 1951 278 1984 ]tmcte
293 1947 399 1976 dicatur
413 1946 532 1982 Spiritus
546 1949 670 1976 sanctus,
686 1950 711 1971 ct
736 1944 856 1979 Spiritus
873 1943 931 1974 Dei,
945 1947 972 1970 et

177 1992 304 2030 ’Spititus
311 1994 420 2026 Christi,
431 1992 702 2028 Apostolumqueintt
712 1991 852 2018 eduxisset
860 1994 970 2020 testem,

187 2035 267 2068 etiam
279 2048 311 2067 ex
326 2039 470 2073 Evangelia
480 2038 664 2065 testimonium
678 2038 709 2063 111
721 2038 770 2064 hoc
781 2037 971 2067 asset-emtum,

189 2092 328 2114 astutucre
348 2085 449 2117 voluit;
466 2092 498 2111 ac
521 2083 651 2118 deinceps
664 2082 703 2109 ait
720 2092 726 2109 :
758 2092 766 2107 ι
785 2081 853 2108 Cum
879 2085 969 2111 :tttlcut

189 2133 260 2158 hunc
279 2130 409 2157 Dominus
421 2129 553 2165 Spiritum
570 2129 692 2156 veritatis
704 2128 786 2158 dicat,
799 2128 857 2162 ipse
874 2127 974 2161 quippe

191 2181 234 2205 est
258 2176 365 2210 veritas,
389 2179 416 2203 et
436 2176 481 2210 qui
506 2183 520 2202 a
539 2174 617 2202 Patre
644 2174 775 2209 procedit.
795 2183 803 2198 I
835 2172 883 2199 llic
901 2173 972 2199 idem

192 2231 287 2251 rursus
302 2223 438 2251 existimat
466 2221 596 2256 Spiritum
622 2221 748 2248 veritatis
773 2219 838 2251 diri,
861 2224 943 2252 atque
958 2225 972 2243 a

1056 975 1167 1008 Deinde,
1181 975 1251 1002 nihil
1265 975 1316 1002 sibi
1332 974 1474 1001 insolitum
1497 973 1566 1000 dixit
1584 973 1623 999 vir
1652 972 1712 998 iste.
1731 971 1809 1004 Quod

1018 1021 1091 1048 enim
1102 1020 1166 1047 alibi
1178 1021 1233 1047 ait:
1249 1019 1343 1046 (Aliud
1357 1019 1466 1054 quidem
1478 1019 1653 1045 continenter
1667 1025 1698 1044 ex
1709 1018 1807 1052 primo,

1018 1068 1091 1095 aliud
1105 1075 1169 1095 vero
1186 1075 1232 1102 per
1247 1067 1283 1099 id,
1297 1066 1370 1101 quod
1381 1073 1442 1093 esse
1454 1065 1626 1092 continenter
1637 1072 1668 1091 ex
1684 1063 1782 1098 primo,
1797 1072 1805 1087 |

1019 1114 1070 1140 hoc
1087 1114 1125 1140 ait
1140 1119 1165 1140 et
1183 1113 1226 1139 hic
1244 1112 1451 1143 universaliter;
1463 1111 1563 1145 quippe
1578 1117 1671 1136 rerum
1683 1113 1725 1135 est
1737 1109 1809 1142 quod

1018 1159 1198 1186 essentialiter
1208 1166 1254 1192 per
1266 1157 1375 1192 aliquod
1388 1157 1525 1191 procedat,
1536 1159 1562 1182 et
1573 1163 1619 1189 per
1632 1155 1720 1188 ipsum
1732 1155 1766 1180 sit
1778 1160 1810 1180 ac

1019 1205 1167 1239 peripsutu
1185 1211 1331 1238 processus
1353 1202 1455 1237 proprii
1484 1201 1691 1228 subslautialum
1712 1200 1765 1226 hab
1783 1205 1810 1225 at

1020 1251 1141 1282 modum,
1155 1250 1180 1277 id
1196 1250 1276 1276 etiam
1291 1257 1322 1275 ex
1340 1249 1398 1282 ipso
1414 1255 1484 1274 esse.
1503 1247 1559 1273 lttto
1572 1254 1692 1273 consona
1712 1245 1811 1271 Basilio

1019 1295 1087 1322 dixit
1100 1304 1107 1322 :
1119 1295 1165 1322 Ille
1173 1295 1283 1329 quippe,
1295 1298 1323 1320 111
1335 1301 1366 1320 ex
1384 1292 1520 1327 pratdietis
1533 1296 1648 1323 constat,
1666 1290 1734 1325 qlh.d
1748 1298 1796 1317 san

1020 1351 1026 1367 t
1036 1347 1078 1369 tus
1089 1342 1207 1375 Spiritus
1218 1340 1276 1367 Filii
1288 1339 1407 1374 Spiritus
1418 1337 1529 1370 dicitur,
1539 1338 1565 1364 111
1575 1337 1726 1364 substantia
1739 1337 1811 1362 illius

1020 1387 1163 1415 intellexit.
1183 1386 1262 1419 Quod
1290 1386 1361 1412 enim
1391 1385 1510 1419 Spiritus
1535 1383 1606 1415 Filii,
1638 1388 1665 1409 et.
1691 1382 1810 1416 Spiritus

1020 1435 1075 1460 oris
1090 1433 1149 1468 ejus
1165 1432 1277 1465 dicitur,
1294 1431 1364 1458 idettt
1380 1438 1439 1457 esse
1450 1430 1500 1461 ait,
1517 1437 1548 1456 ac
1565 1429 1587 1455 si
1605 1428 1757 1457 diceretur,
1777 1435 1811 1453 ex

1021 1481 1099 1506 Patre
1115 1479 1262 1512 procedere
1273 1486 1281 1510 ς
1292 1481 1372 1511 atque
1383 1484 1416 1503 ex
1432 1483 1476 1507 eo,
1494 1475 1566 1510 quod
1579 1475 1678 1501 dicitur
1695 1473 1812 1507 Spiritus

1020 1527 1093 1558 Filii,
1120 1523 1280 1560 hujusmodi
1309 1523 1343 1550 ad
1368 1530 1430 1549 eum
1450 1521 1643 1556 proprietatem
1673 1519 1812 1554 designari

1022 1571 1154 1602 deﬁnivit,
1165 1570 1272 1605 qualem
1288 1568 1322 1595 ad
1341 1568 1447 1595 Patrem
1461 1575 1492 1593 ex
1512 1565 1602 1599 Patre,
1613 1566 1684 1600 quod
1699 1565 1812 1597 dicitur,

1022 1617 1170 1653 procedere
1186 1614 1378 1647 commendat;
1395 1613 1575 1646 sttﬂieereque
1595 1613 1643 1642 ait,
1658 1611 1730 1646 quod
1746 1611 1814 1638 dici-

1022 1669 1066 1691 tur
1081 1663 1201 1697 Spititus
1217 1661 1288 1694 Filii,
1308 1665 1334 1687 et
1353 1660 1473 1694 Spiritus
1486 1660 1542 1685 etis
1556 1659 1614 1693 ejus
1627 1658 1658 1685 ad
1674 1657 1814 1684 insinuan-

1021 1707 1086 1735 dutn
1113 1706 1295 1734 substantiam
1323 1705 1431 1739 ipsius;
1470 1711 1558 1738 neque
1591 1706 1682 1730 tttinus
1710 1702 1814 1737 aliquid

1021 1754 1187 1788 signiﬁcare,
1209 1759 1271 1779 eum
1294 1750 1354 1777 Filii
1376 1750 1497 1784 Spiritus
1514 1750 1625 1780 dicitur,
1643 1757 1724 1784 quam
1750 1756 1812 1775 cttttt

1022 1807 1055 1826 ex
1090 1799 1145 1826 Deo
1161 1806 1222 1825 esse
1249 1797 1324 1823 illutn
1349 1796 1488 1823 audimus.
1517 1795 1564 1822 ille
1587 1795 1671 1829 igitur
1699 1795 1751 1821 hoc
1778 1795 1814 1820 ita

1022 1846 1158 1881 exposuit.
1182 1845 1243 1871 Pari
1270 1849 1360 1871 autent
1392 1843 1569 1877 intelligentia
1602 1842 1628 1869 id
1658 1843 1760 1869 dictum
1789 1848 1816 1870 et

1024 1892 1162 1927 Nysscnus
1178 1891 1292 1925 accepit“.
1311 1899 1319 1914 1
1341 1889 1410 1922 Quia
1432 1889 1520 1918 enim,
1541 1888 1646 1922 inquit,
1666 1888 1816 1921 Apostolus

1024 1947 1084 1967 eum
1101 1938 1161 1965 Filii
1182 1937 1328 1971 Spiritum,
1343 1936 1416 1963 sicut
1433 1939 1459 1961 ct
1477 1935 1520 1960 Dei
1535 1933 1698 1964 nominavit,
1712 1942 1814 1960 secun-

1025 1986 1089 2012 dttm
1107 1984 1232 2011 eumdem
1249 1989 1350 2009 tnorem
1368 1985 1409 2007 est
1429 1980 1546 2014 Spiritus
1572 1979 1644 2011 Filii,
1662 1981 1813 2006 secundum

1026 2037 1106 2063 quem
1127 2032 1154 2054 et
1185 2027 1231 2053 Dei
1260 2031 1285 2052 et
1308 2025 1408 2052 Patris.
1435 2024 1533 2051 Verum
1562 2024 1630 2054 Dei,
1661 2029 1688 2051 rt
1729 2024 1816 2050 Patris

1026 2077 1145 2111 Spiritus
1160 2075 1270 2105 dicitur,
1287 2073 1365 2107 quasi
1386 2080 1418 2099 ex
1443 2072 1503 2106 ipso
1519 2072 1666 2097 exsistens.
1691 2069 1774 2104 Igitur
1791 2074 1818 2095 et

1025 2123 1086 2150 Filii
1105 2122 1251 2156 Spiritum,
1272 2125 1301 2147 nt
1327 2120 1372 2154 qui
1391 2127 1423 2145 ex
1449 2119 1508 2153 ipso
1532 2119 1577 2149 sit,
1596 2122 1619 2143 et
1636 2117 1668 2143 ab
1685 2117 1744 2151 ipso
1758 2123 1818 2143 esse

1028 2170 1134 2200 habeat,
1151 2168 1265 2201 acet-pit.
1281 2166 1339 2192 Non
1355 2173 1420 2200 ergo
1437 2172 1508 2191 nova
1527 2164 1731 2200 uequeiusueta
1754 2169 1818 2188 rore

1026 2222 1053 2243 et
1071 2204 1249 2248 intelligentia
1266 2213 1361 2239 beatus
1377 2212 1426 2237 iste
1451 2218 1517 2237 usus
1527 2213 1568 2236 est
1584 2217 1591 2235 :
1609 2209 1655 2235 sed
1668 2216 1701 2235 ex
1719 2207 1819 2234 divinis

191 2269 270 2297 Patre
293 2269 461 2304 procedere;
479 2266 613 2302 pollicitus
634 2267 717 2298 en'tn,
739 2264 923 2292 testimonium
944 2271 973 2290 se
991 2250 1012 2277 θ
1028 2261 1138 2289 Litteris
1152 2260 1297 2287 occasione
1312 2261 1626 2292 sumpta,couseutanea
1640 2262 1737 2289 magno
1745 2254 1817 2281 Patri

191 2314 337 2348 dicturum,
362 2315 434 2350 quod
448 2314 592 2348 coniuncte
612 2312 734 2346 Spiritus
752 2310 797 2337 Dei
822 2315 847 2335 et
870 2308 971 2336 Cluisti

189 2356 327 2390 diceretur
338 2369 348 2389 :
361 2359 463 2388 Christi
479 2360 589 2395 quidem
603 2365 676 2390 esse,
694 2366 725 2384 ex
738 2364 781 2388 eo,
799 2355 870 2389 quod
884 2355 972 2389 Spiri-

190 2413 237 2434 tus
244 2405 367 2434 veritatis
374 2404 462 2434 dictus
472 2409 529 2438 est;
543 2403 661 2432 ostendit
672 2407 761 2430 autent
772 2401 817 2429 Dei
829 2409 899 2433 esse,
910 2401 972 2435 quia

190 2450 314 2485 procedit
333 2457 350 2478 ι
374 2449 474 2483 Patre;
502 2449 631 2484 quoniam
653 2448 747 2484 igitur,
770 2447 842 2481 quutd
861 2446 973 2478 dicitur,

191 2497 310 2532 Spiritus
325 2495 383 2529 Dei,
403 2492 431 2525 et
448 2496 568 2531 Spiritus
580 2495 626 2531 qui
646 2503 678 2522 ex
701 2496 754 2522 Deo
774 2497 826 2526 est,
845 2499 872 2520 rt
894 2493 941 2530 qui
960 2501 974 2519 a

191 2543 272 2572 Patre
282 2543 412 2578 procedit,
427 2550 536 2572 cattsam
548 2542 696 2578 signiﬁcat,
712 2543 840 2576 quodque
855 2540 975 2575 Spiritus

155 2614 160 2615 ,
321 2593 349 2617 et
363 2588 482 2624 Spiritus
495 2588 569 2621 Filii,
584 2592 611 2615 et
631 2586 751 2622 Spiritus
773 2586 897 2614 veritatis
924 2590 975 2617 est,

175 2638 223 2663 -οι
245 2635 354 2667 dicitur.
367 2642 478 2666 causam
498 2634 625 2662 similiter
648 2633 780 2661 ostendit.
804 2632 866 2659 11ωο
891 2631 977 2663 enim,

195 2683 227 2708 ιιι
237 2679 370 2716 Wet
381 2679 440 2716 (38)
454 2679 557 2712 docuit,
570 2679 693 2708 eamdem
711 2679 813 2706 habent
828 2677 881 2704 vim
895 2684 903 2711 ς
915 2676 976 2702 ideo

151 2736 157 2755 t
194 2724 276 2758 etiam
284 2725 352 2765 dixit
365 2725 498 2762 Spiritum
513 2729 640 2753 sanctum
666 2733 680 2752 a
700 2724 770 2751 Filio
786 2730 847 2751 esse
863 2722 975 2753 habere,

246 2815 257 2830 '
272 2796 354 2845 1111111..
369 2823 430 2859 riu,
444 2815 471 2843 9.
512 2814 632 2842 Ι⁸10111.
649 2798 736 2847 iniit.
777 2814 796 2829 ”
815 2812 894 2841 Joan.
911 2821 966 2845 xw,
986 2813 1027 2840 l6.

230 2907 287 2943 (28)
305 2905 334 2937 S.
352 2907 482 2936 Basilius.

199 3141 251 3156 ﬁ...

1029 2308 1128 2336 Basilio
1149 2308 1258 2334 locutus
1272 2310 1323 2332 est.

1066 2355 1184 2382 Sanctus
1215 2360 1323 2387 quoque
1340 2351 1479 2386 Cyrillus,
1505 2355 1588 2383 super
1616 2346 1680 2374 illud
1703 2353 1819 2381 evange-

1027 2403 1129 2430 licum:
1144 2401 1231 2427 Alium
1243 2398 1413 2425 Paracleium
1429 2396 1502 2422 dabit
1519 2394 1590 2421 vobis
1603 2394 1694 2425 ",ait:
1706 2402 1714 2418 t
1730 2393 1829 2435 Aliutn_

1027 2447 1137 2484 quidem
1151 2445 1323 2472 Paraeletum
1341 2443 1474 2477 Spiritum
1493 2445 1592 2474 vocat;
1613 2447 1665 2467 una
1681 2440 1779 2474 quippe
1793 2439 1820 2466 in

1029 2495 1153 2528 utrisque
1168 2491 1326 2519 substantia:
1344 2490 1424 2521 ratio,
1437 2496 1489 2516 non
1507 2493 1586 2515 extra
1601 2487 1690 2522 ipsum
1703 2493 1821 2520 ponens.

1029 2541 1075 2567 sed
1089 2538 1234 2566 altetitatis
1250 2535 1405 2562 γει-1111111111
1416 2541 1449 2560 eo
1464 2533 1522 2560 solo
1530 2529 1821 2566 daus,quod_Spiritus

1031 2589 1089 2621 ipse
1115 2585 1223 2621 propria
1251 2582 1404 2610 substantia
1430 2585 1514 2611 esset,
1542 2583 1625 2614 atque
1647 2578 1820 2606 subsisteret.

1028 2632 1123 2667 Neque
1157 2631 1230 2657 cuittt
1259 2628 1347 2655 Filius
1376 2626 1495 2661 Spiritus
1520 2629 1573 2658 est,
1595 2624 1642 2652 sed
1666 2626 1728 2651 'cum
1761 2630 1823 2649 tere

1031 2666 1196 2712 proprieque
1221 2675 1267 2706 sit,
1300 2679 1380 2708 atque
1409 2671 1553 2702 subsistat,
1582 2669 1643 2701 ltoc,
1679 2666 1752 2703 quod
1781 2670 1824 2694 est

1034 2724 1062 2749 111
1081 2722 1133 2749 lide
1157 2720 1359 2755 susripicmus;
1377 2716 1496 2752 Spiritus
1515 2716 1588 2743 enim
1613 2718 1656 2742 est
1671 2713 1772 2745 Patris,
1795 2715 1824 2738 et

1602 2799 1611 2813 1
