4106 6446
596 325 664 392 71
1854 347 2250 412 MANUELIS
2280 351 2582 419 CALEC/E
3766 389 3834 452 τε

608 441 750 499 Filii.
790 461 810 496 ι
848 443 944 500 llic
966 447 1291 516 notandum,
1338 453 1480 522 quod
1509 453 1574 508 ad
1600 458 2020 531 ostendendum,
2049 463 2172 534 Spi-
2207 470 2246 527 Α
2276 471 2575 528 secundum

597 536 761 589 ritum
789 547 1035 594 sanctum
1056 543 1488 600 substantialiter
1513 563 1653 614 esse,
1675 559 1837 620 atque
1866 554 2165 612 subsistere

596 623 718 690 hoc,
775 628 920 693 quod
974 639 1079 694 est,
1123 632 1226 687 hoc
1261 642 1344 688 est
1402 651 1432 690 a
1491 636 1628 692 Filio
1663 641 1959 698 discretum
2017 661 2162 716 esse,

591 716 844 784 adjunxit
877 736 892 774 :
925 737 944 772 σ
984 721 1223 792 Spiritus
1256 727 1399 782 enim
1437 738 1522 783 est
1555 739 1608 783 et
1639 731 1835 800 Patris,
1863 747 1912 792 et
1945 736 2092 796 Filii.
2136 759 2156 793 ι

591 804 779 876 Itaque
843 826 967 866 cum
1028 815 1226 869 dicitur
1288 817 1530 887 Spiritus
1593 822 1738 892 Filii,
1778 827 2159 890 discretionem

589 904 879 966 quamdam
905 916 1118 974 oportet
1151 909 1474 981 intelligere,
1519 931 1630 971 non
1679 921 2164 978 consubstantiali-

584 999 774 1056 tatem,
805 1002 864 1047 ut
895 998 1116 1065 quidam
1155 1001 1412 1059 dixerunt
1435 1023 1452 1072 ;
1475 1007 1597 1074 etsi,
1631 1023 1796 1078 quam
1821 1013 2078 1079 maxime,
2103 1025 2160 1071 ut

2610 477 2756 545 quod
2784 479 3014 539 invicem
3044 485 3360 548 differentes
3385 503 3535 563 sunt,
3571 499 3828 569 refertur;

2273 571 2452 627 neque
2484 564 2634 618 enim
2669 568 2734 620 ad
2763 567 3003 640 Patrem,
3030 579 3335 636 secundum
3367 587 3512 653 quod
3537 587 3696 646 Pater
3715 607 3826 651 est:

2267 657 2414 710 esset
2451 655 2598 710 enim
2630 657 2870 728 Spiritus
2898 663 3111 734 Filius;
3151 685 3331 741 neque
3377 676 3446 731 ad
3493 677 3713 747 Filium,
3751 697 3832 741 sc-

2266 743 2504 798 cundum
2545 749 2690 817 quod
2717 750 2888 810 Filius
2910 766 2996 812 est
3033 775 3047 814 :
3082 760 3151 815 ad
3181 761 3382 819 Filium
3413 769 3656 827 enimsic
3681 743 3830 831 Pater

2265 830 2503 890 refertur
2535 839 2707 896 solus.
2741 841 2929 913 Itaque
2975 851 3234 918 quoniam
3292 871 3459 913 unum
3499 861 3717 932 aliquod

2261 923 2487 996 simplex
2517 941 2622 996 est,
2655 935 2709 990 in
2758 937 2920 994 Patre
2993 958 3056 998 ac
3109 942 3266 1011 Filio,
3305 950 3372 1006 ad
3412 956 3557 1022 quod
3591 923 3829 1016 'refertur

2263 1015 2521 1086 Spiritus,
2551 1027 2766 1094 merito,
2793 1041 2850 1086 et
2901 1033 3062 1090 unica
3097 1036 3363 1097 relatione
3399 1015 3467 1099 ad
3514 1061 3613 1103 eos
3642 1049 3825 1106 referri

579 1081 789 1137 dictum
820 1094 924 1150 est,
951 1088 1077 1142 inde
1107 1095 1655 1156 consubstantialitas
1685 1103 1956 1173 sequitur.
1982 1107 2157 1165 Sicuti
2255 1107 2525 1170 dicendus
2555 1129 2660 1173 est.

575 1182 633 1224 vet
658 1188 687 1226 a
708 1173 870 1228 Patre
899 1179 1118 1246 quidem
1163 1181 1499 1246 discernitur
1531 1188 1787 1259 Spiritus,
1822 1197 1951 1264 quia
1985 1198 2157 1268 ipsius

579 1277 663 1320 est
703 1269 963 1337 Spiritus,
999 1284 1188 1344 utpote
1230 1280 1298 1334 ab
1334 1281 1453 1349 ipso
1485 1287 1780 1355 prodit-ns;
1815 1290 1933 1359 ipso
1971 1303 2153 1352 autem
2254 1312 2310 1368 in

581 1357 707 1423 hoc,
739 1363 884 1429 quod
918 1364 1066 1421 illius
1104 1377 1187 1423 est
1226 1368 1484 1438 Spiritus,
1518 1379 1761 1445 procedit
1780 1357 1858 1440 ab
1886 1385 1996 1449 illo,
2024 1404 2158 1444 con-

578 1449 1071 1525 substantialisque
1099 1457 1180 1513 illi
1212 1469 1316 1526 est,
1352 1473 1404 1520 et
1431 1464 1470 1518 F
1475 1467 1598 1523 ilius
1630 1485 1660 1525 a
1683 1469 1840 1550 Patre
1867 1474 2156 1548 distingui-

577 1546 684 1602 tur,
717 1543 1016 1598 secundum
1041 1549 1188 1616 quod
1214 1549 1383 1607 Filius
1406 1563 1510 1618 est,
1537 1573 1601 1612 ac
1625 1548 1882 1618 discretio
1905 1543 2150 1636 «praedam

575 1627 822 1693 signatur
841 1647 904 1686 ex
925 1633 1178 1706 nomine;
1207 1656 1272 1696 eo
1299 1655 1480 1701 autem
1510 1649 1648 1718 ipso,
1676 1655 1819 1722 quod
1846 1654 2018 1715 Filius
2039 1669 2148 1728 est,

573 1721 810 1775 omnino
835 1725 996 1778 etiam
1033 1734 1523 1794 consubstantialis
1557 1749 1664 1796 est.

649 1805 711 1859 Et
742 1811 998 1876 quoniam
1050 1815 1103 1869 in
1157 1818 1356 1884 divinis
1399 1828 1650 1893 personis
1702 1831 1964 1892 discretio
2005 1840 2141 1896 rcla-
2177 1845 2218 1900 Β

571 2169 888 2225 relationem
921 2179 1219 2233 secundum
1250 2199 1494 2255 causam,
1527 2201 1690 2262 atque
1711 2201 1933 2256 causale
1951 2204 2139 2274 signa-

567 2275 708 2314 mus.
769 2262 1063 2322 Enimvero
1111 2271 1159 2324 id
1216 2273 1400 2331 dicere
1444 2295 1550 2335 non
1579 2300 1895 2355 possumus,
1939 2295 2136 2353 referri

562 2351 781 2419 quidem
816 2356 1077 2424 Spiritum
1108 2377 1356 2420 sanctum
1381 2369 1447 2424 ad
1471 2351 1685 2430 Patrem
1741 2389 1794 2434 et
1817 2351 1891 2436 ad
1916 2383 2134 2455 Filium,

562 2442 704 2497 idem
777 2461 921 2512 esse,
987 2454 1130 2519 quod
1202 2460 1564 2527 proprietates
1615 2468 1814 2526 habere
1869 2442 2130 2542 Spiritum

558 2542 838 2601 sanctum,
890 2546 949 2592 ut
989 2542 1053 2594 ad
1112 2542 1262 2613 ipsos
1309 2549 1623 2610 dilferenter
1681 2560 1984 2631 referatur;
2040 2580 2135 2625 aut

561 2619 829 2689 Spiritum
866 2627 1204 2688 difl‘ercntem
1238 2641 1551 2709 quempiam
1574 2659 1718 2714 esse,
1737 2663 1801 2704 ac
1823 2619 2129 2725 duplicem:

557 2716 652 2760 aut
691 2707 910 2775 Filium.
941 2729 1044 2768 non
1092 2707 1762 2802 secuntlunrcssentiam,
1813 2753 1981 2796 unum
2012 2759 2132 2802 esse

555 2811 680 2851 cum
706 2797 1024 2872 Patre,qua:
1049 2806 1389 2870 identitatem
1411 2816 1533 2873 Filii
1558 2823 1625 2876 ad
1656 2797 1873 2886 Patrem
1909 2833 2128 2904 tollunt,

555 2903 836 2961 unumque
899 2908 966 2948 ac
1016 2897 1320 2966 simplicem
1367 2905 1606 2978 Spiritus
1661 2931 1998 2991 processum,
2038 2897 2128 2985 se;

554 2978 790 3034 cundum
845 2999 1006 3052 quem
1063 2988 1128 3043 ad
1153 2989 1370 3051 Patrem
1413 3009 1467 3054 et
1517 3002 1717 3062 Filium
1769 3013 2026 3084 refertur,
2059 3035 2125 3077 ex

553 3067 713 3125 Patre
745 3087 842 3141 per
873 3073 1070 3132 Filium
1099 3087 1423 3154 procedens,
1451 3107 1556 3149 una
1582 3098 1858 3160 auferunt.

2325 1222 2552 1296 Insuper
2579 1233 2838 1299 quoniam
2872 1237 3015 1295 idem
3045 1251 3098 1299 et
3142 1260 3284 1302 unus
3324 1247 3566 1319 Spiritus
3605 1263 3824 1312 sanctus

2315 1315 2652 1387 diﬂ'erenter,
2673 1333 2727 1380 et
2778 1327 2900 1384 sine
2948 1332 3130 1404 aliqua
3173 1315 3498 1408 adiectionis
3541 1346 3822 1412 varietate.

2250 1402 2430 1462 Patris
2474 1426 2540 1466 ac
2631 1414 2753 1472 Filii
2808 1402 3054 1490 Spiritus
3089 1429 3309 1496 dicitur,
3347 1449 3570 1492 necesse
3597 1449 3701 1505 est,
3747 1456 3825 1495 se~

2249 1501 2487 1556 cundum
2523 1508 2776 1565 eumdem
2808 1515 3054 1584 modum,
3087 1521 3254 1578 etiam
3291 1528 3577 1584 amborum
3607 1532 3678 1587 sit
3703 1533 3820 1589 :sin

2250 1589 2406 1656 alias,
2442 1593 2562 1650 Filii
2588 1600 2653 1652 ad
2685 1598 2901 1658 Patrem
2935 1606 3280 1680 ina-qualitas
3325 1619 3598 1688 sequitur,
3632 1617 3830 1679 simili?

2251 1681 2565 1754 tudinisque
2604 1689 3053 1752 incommutalile
3075 1701 3201 1756 hinc
3237 1707 3465 1764 tollitur.
3503 1710 3819 1769 Sicutenim

2243 1775 2535 1840 sapientia,
2588 1779 2828 1850 bonitas,
2879 1787 3091 1855 justitia
3120 1833 3135 1857 ,
3183 1799 3624 1872 eonditiouisque
3663 1807 3816 1870 ratio,

2249 1863 2392 1920 Patri
2431 1867 2675 1940 Filioque
2695 1874 3012 1947 distributa,
3042 1883 3123 1938 eis
3155 1885 3366 1954 itidem,
3396 1902 3451 1948 et
3481 1863 3600 1950 sine
3645 1899 3819 1954 varie-

2243 2140 2406 2195 litatis
2453 2143 2593 2200 ratio
2641 2153 2957 2210 necessario
2998 2156 3240 2216 habenda
3268 2174 3368 2218 est.
3412 2168 3560 2224 Alias
3591 2176 3812 2244 quippe,

2237 2232 2377 2286 sicut
2403 2233 2455 2288 in
2492 2235 2620 2298 illis.
2662 2254 2784 2295 cum
2825 2259 2933 2299 non
2961 2246 3213 2306 similiter
3251 2253 3398 2311 Patri
3441 2232 3815 2324 redduntnret

2239 2319 2419 2376 Filio:
2475 2324 2801 2396 diminutio,
2863 2337 3206 2409 varietasque
3263 2349 3516 2404 essentia
3565 2351 3693 2409 Filii
3747 2359 3814 2414 ad

2239 2408 2472 2477 Patrem,
2503 2418 2769 2486 sequitur.
2801 2432 2858 2476 ut
2892 2426 3098 2483 dictum
3125 2408 3254 2499 est,
3289 2443 3589 2521 secundum
3637 2447 3812 2504 Aria-

2236 2517 2432 2557 norum
2461 2510 2881 2576 propositionem
2913 2536 2926 2572 :
2954 2521 3201 2588 profecto
3224 2535 3279 2580 et
3305 2527 3357 2581 in
3381 2510 3571 2588 sancto
3601 2535 3810 2606 Spiritu

2234 2605 2357 2646 cum
2383 2596 2650 2655 ambobus
2681 2601 2955 2672 similiter,
2992 2625 3055 2665 ac
3089 2614 3207 2669 sine
3251 2617 3357 2671 ulla
3393 2622 3658 2681 varietate
3693 2631 3812 2685 red-

2231 2681 2415 2747 datur,
2461 2687 2508 2742 si
2545 2704 2578 2744 a
2627 2691 2784 2749 nobis
2819 2696 3166 2758 dissimiliter
3249 2722 3314 2762 ac
3355 2712 3501 2767 varie
3539 2719 3809 2785 redditur,

2230 2772 2376 2829 idem
2417 2783 2726 2839 necessario
2772 2792 3042 2858 sequitur,
3075 2795 3356 2868 multoque
3402 2803 3491 2858 hic
3545 2812 3806 2879 amplius,

2228 2869 2490 2937 quoniam
2548 2885 2606 2930 et
2655 2875 2725 2933 de
2773 2883 3342 2947 consubstantialitate
3376 2869 3808 2974 Spiritus-ipsis

2226 2971 2408 3017 sermo
2428 2971 2532 3019 88L

2301 3072 2356 3127 ld
2396 3082 2446 3128 et
2497 3079 2740 3147 magistri
2791 3081 3048 3145 Ecclesia:
3089 3107 3403 3154 senserunt.
3445 3103 3539 3158 Ait
3597 3109 3805 3179 quippe

621 3160 849 3226 Deinde,
898 3170 998 3223 etsi
1029 3171 1201 3227 Filius
1231 3177 1298 3231 ad
1339 3179 1558 3240 Patrem
1629 3197 1681 3243 et
1727 3196 1792 3248 ad
1843 3195 2115 3267 Spiritum
2145 3217 2188 3276 α
2511 3169 2888 3276 beatissimus,
2944 3195 3068 3276 cum
3127 3186 3258 3241 illud
3303 3206 3651 3262 exponeret:
3690 3201 3802 3270 Ego

621 3252 782 3276 p._.___
843 3269 884 3276 _.
935 3259 973 3276 ..
1016 3271 1026 3276 _
1136 3265 1148 3276 .
1182 3267 1230 3276 ..
1410 3274 1418 3276 _
1466 3274 1499 3276 __

551 3252 804 3322 refertur,
834 3269 890 3312 et
933 3259 1093 3317 Pater
1135 3265 1320 3340 itidem
1352 3274 1420 3327 ad
1459 3274 1657 3334 Filium
1704 3292 1761 3339 et
1808 3252 2114 3356 Spiritum:

547 3341 641 3396 sed
672 3347 899 3400 omnino
932 3350 1242 3411 hacreticum
1271 3371 1379 3430 est,
1406 3366 1573 3423 etiam
1591 3371 1659 3429 de
1692 3341 1899 3446 Spirifu
1924 3393 2117 3441 sancto

546 3429 692 3488 istuo
739 3448 952 3504 putare.
1008 3452 1066 3499 ut
1118 3447 1235 3516 ipse
1286 3469 1525 3527 quoque,
1581 3467 1796 3533 gemina
1849 3475 2114 3533 relatione

544 3520 756 3578 scilicet
812 3529 876 3583 ad
927 3527 1144 3590 Patrem
1192 3520 1816 3616 Filiumque're‘feratur.
1876 3560 2113 3632 Spiritus

540 3614 684 3664 enim
711 3617 1012 3673 secundum
1063 3638 1226 3680 unam
1281 3645 1346 3686 ac
1371 3614 1545 3692 solam
1597 3647 1937 3708 personalem
1986 3669 2113 3722 pro-

537 3703 826 3769 prietatem
882 3725 1066 3776 suam.
1099 3731 1163 3772 ac
1208 3726 1511 3783 secundum
1542 3734 1690 3802 quod
1741 3735 2000 3810 Spiritus,
2040 3747 2108 3801 ad

534 3791 748 3876 Patrem
782 3800 1019 3857 refertur
1068 3817 1123 3861 et
1168 3807 1402 3872 Filium:
1450 3791 1612 3878 Pater
1637 3838 1820 3884 autem
1855 3845 1907 3889 et
1938 3835 2107 3896 Filius

1390 3869 1399 3872 τ
1450 3869 1472 3872 -
1496 3869 1600 3878 -ννι
1637 3869 1820 3884 -ιιινιιι
1855 3869 1907 3889 νδ
1938 3869 2106 3896 ιἸΙΙυδ

533 3881 600 3934 ad
633 3869 1109 3963 inviccm'quidem
1141 3911 1188 3953 et
1234 3903 1334 3973 ipsi
1384 3917 1768 3978 personalibus
1798 3927 2106 3995 proprieta-

1384 3973 1400 3978 _
1710 3973 1759 3976 ,-
1798 3973 2074 3995 rw"-.-

533 3973 676 4029 tibus
703 3979 1032 4039 referuntur.
1071 3989 1150 4042 Ad
1172 3991 1433 4064 Spiritum
1465 4018 1615 4075 vero,
1642 4025 1749 4065 non
1773 4014 1877 4080 his,
1914 4034 2100 4078 verum

529 4064 634 4116 alia
689 4071 972 4138 relatione,
1023 4094 1188 4146 quam
1239 4093 1616 4152 generationis
1662 4114 1727 4154 ac
1775 4104 2097 4172 nativitatis.

528 4156 907 4221 productionis
931 4163 1292 4246 [spirationis]
1325 4181 1558 4252 scilicet,
1587 4193 1888 4246 secundum
1909 4214 2097 4269 quam,

530 4261 701 4300 unum
737 4261 868 4305 sunt
903 4253 1066 4311 Pater
1109 4270 1161 4315 et
1207 4261 1416 4332 Filius;
1451 4273 1555 4328 etsi
1603 4278 1716 4334 suis
1760 4283 1827 4337 ad
1861 4286 2094 4345 invicem

529 4335 850 4398 diﬂerentiis
924 4347 1170 4408 discreti.
1231 4356 1409 4427 Nam,
1455 4369 1758 4426 secundum
1817 4380 1963 4445 quod
2007 4380 2096 4437 ille

524 4427 703 4496 Pater,
731 4433 820 4489 hic
854 4433 1023 4496 Filius
1051 4454 1153 4512 est,
1209 4449 1274 4502 ad
1337 4451 1570 4512 invicem
1604 4462 1777 4520 solum
1811 4456 2092 4532 dicuniur.

520 4517 709 4589 Itaque
743 4525 854 4581 illic
889 4532 1105 4598 quidem
1136 4537 1218 4594 fas
1252 4551 1354 4607 est,
1400 4552 1701 4608 secundum
1749 4572 1916 4615 unum
1947 4566 2093 4620 scili-

517 4619 625 4673 cet,
655 4627 718 4667 ac
752 4617 931 4674 solum
969 4622 1144 4692 ipsius
1177 4636 1516 4698 personalem
1551 4655 1890 4718 processum,
1916 4651 2088 4722 Spiri-

518 4705 634 4752 tum
680 4717 930 4762 sanctum
967 4713 1034 4766 ad
1081 4713 1335 4786 Patrem,
1374 4740 1438 4779 ac
1492 4726 1688 4786 Filium
1736 4738 1970 4809 referre;
2031 4746 2084 4800 in

518 4789 554 4809 η
958 4800 972 4809 _
1012 4803 1042 4809 _
1091 4808 1096 4809 γ
1143 4808 1148 4809 ,

515 4789 672 4845 Patre
712 4809 874 4861 vero,
907 4800 974 4854 ad
1009 4803 1270 4873 Spiritum
1295 4824 1347 4866 et
1383 4815 1616 4876 Filium:
1669 4841 1731 4880 ac
1772 4843 1982 4900 rursus,
2030 4835 2083 4892 in

519 4879 651 4900 [32”-
757 4887 768 4900 ⁸
834 4887 871 4900 ¹”“
920 4899 923 4900 ν
1222 4899 1225 4900 ⁷

1712 4879 1725 4880 ,
1773 4879 1982 4900 ﬂ---"

519 4879 657 4933 Filio
703 4887 768 4936 ad
833 4887 1052 4946 Patrem
1093 4906 1144 4950 et
1208 4899 1468 4970 Spiritum
1530 4924 1805 4985 sanctum,
1857 4927 2083 4984 omnino

517 4971 855 5038 impossibile
879 4992 963 5034 est.
992 5001 1006 5048 ;
1043 5001 1238 5058 nempe
1273 4996 1442 5064 enim,
1473 5004 1574 5056 etsi
1609 5005 1786 5065 Patris
1820 5029 2077 5087 persona,

513 5075 619 5112 una
685 5081 806 5118 cum
839 5070 909 5123 sit
955 5089 1016 5128 ac
1055 5079 1307 5150 simplex,
1343 5088 1409 5142 ad
1459 5090 1652 5150 Filium
1702 5115 1768 5155 ac
1815 5070 2075 5175 Spirituu;

513 5151 728 5175 ..Δι’-..μυ
812 5160 844 5175 ⁸·

1706 5151 1765 5155 ἡ--
1815 5151 2070 5175 Ἴωνα...

509 5151 764 5222 refertur,
794 5160 974 5219 dicere
1019 5183 1335 5241 possumus,
1365 5186 1623 5248 quoniam
1665 5189 1824 5249 Pater
1851 5200 2070 5267 quidem

509 5242 570 5267 ΑΛ
601 5242 780 5267 Aur---
832 5260 844 5267 -
1275 5265 1290 5267 ῃ

506 5242 571 5294 ad
597 5242 909 5307 ditferentes
939 5269 1202 5323 personas
1260 5242 1520 5337 Spiritum
1556 5293 1620 5333 ac
1649 5242 2070 5349 Filiumjrefer-

503 5342 613 5400 tur,
635 5343 933 5399 secundum
966 5357 1113 5418 quod
1145 5370 1270 5412 sunt
1298 5377 1544 5430 persona:
1575 5371 1912 5450 differentes,
1948 5387 2072 5444 idco

504 5435 552 5450 λι
583 5427 739 5450 ..κί’--ι
772 5449 779 5450 κ
857 5436 945 5450 ’⁸⁸⁸
1188 5449 1215 5450 ³

501 5435 557 5478 et
583 5427 816 5486 refertur
839 5436 1156 5500 difl‘erenter
1175 5427 1328 5520 (29),
1352 5455 1588 5526 Spiritus
1608 5475 1786 5524 autem
1822 5427 2066 5548 sanctus,

501 5518 599 5548 nlui
651 5521 715 5548 ...Ι
777 5541 872 5548 η-..
915 5547 921 5548 ,
962 5547 1000 5548 η
1127 5537 1212 5548 ι...

1268 5518 1276 5520 _
1316 5518 1321 5519 ,
1392 5518 1408 5526 _
1685 5518 1785 5524 _----
1822 5518 2058 5548 “uuas,

499 5518 601 5568 etsi
650 5521 717 5574 ad
776 5541 1040 5592 personas
1108 5537 1422 5604 ditferentes
1472 5554 1733 5625 refertur,
1790 5569 1885 5622 sed
1953 5589 2058 5627 non

2125 4575 2168 4630 υ
2201 4547 2270 4602 Et
2291 4551 2428 4608 Deus

2224 3257 2417 3324 rogabo
2445 3258 2683 3330 Patrem,
2713 3275 2761 3320 et
2796 3270 2963 3326 alium
3017 3271 3356 3335 Paracletum
3377 3257 3392 3262 v
3413 3285 3560 3342 dabit
3608 3257 3762 3347 vobi;
3779 3310 3799 3348 :

2229 3364 2248 3398 ι
2288 3345 2378 3402 Dei
2423 3351 2569 3405 enim
2613 3363 2669 3408 et
2709 3353 2886 3416 Patris
2932 3368 3261 3425 naturalium
3300 3373 3570 3432 bonorum
3606 3396 3802 3439 essen-

2225 3433 2426 3492 tialiter
2469 3441 2649 3498 socius
2696 3459 3055 3522 consorsqne,
3115 3473 3240 3514 cum
3277 3463 3359 3519 sic
3395 3468 3585 3524 eodem
3628 3476 3799 3530 modo

2224 3525 2385 3582 habet
2413 3527 2697 3603 Spiritum,
2729 3553 2839 3609 quo
2869 3540 3070 3602 habere
3097 3564 3222 3605 eum
3253 3553 3414 3610 Pater
3445 3525 3794 3634 intelligit-ur,

2220 3632 2330 3674 non
2378 3621 2703 3697 inductum,
2763 3647 2941 3704 neque
2983 3643 3328 3702 extrinsecus
3385 3650 3646 3723 injectum
3675 3699 3692 3724 ,
3743 3661 3793 3715 id

2217 3713 2420 3783 quippe
2465 3720 2692 3786 sentire,
2737 3741 2968 3784 summa:
3015 3739 3249 3794 vesaniae
3302 3751 3422 3811 est;
3464 3747 3580 3813 sed,
3625 3751 3794 3810 sicuti

2218 3807 2594 3879 unusquisque
2622 3825 2870 3872 nostrum
2914 3827 3194 3894 proprium
3247 3834 3350 3887 sibi
3389 3839 3637 3895 continet
3681 3844 3793 3914 spi-

3018 3892 3029 3894 -
3565 3892 3570 3893 ’
3620 3892 3634 3895 '
3681 3892 3762 3914 'l"

2216 3892 2400 3961 ritum,
2466 3911 2628 3971 atque
2673 3921 2736 3960 ex
2778 3908 2985 3970 intimis
3042 3920 3345 3982 visceribus
3400 3931 3466 3984 ad
3512 3937 3794 3993 exteriora

2213 3984 2510 4046 profundit.
2553 3992 2783 4065 Pr0pter
2829 4001 2934 4059 hoc
2971 4007 3146 4076 ipsum
3195 4013 3432 4090 denique
3482 3984 3791 4086 iiisulllavit

2210 4079 2571 4145 corporaliter
2602 4085 2876 4158 Christus,
2905 4100 3224 4170 ostendens,
3255 4113 3513 4177 quoniam
3545 4116 3694 4175 sicut
3721 4137 3788 4177 ex

2210 4166 2449 4226 humano
2497 4189 2591 4230 ore
2647 4185 2888 4248 procedit
2953 4195 3312 4262 corporaliter
3365 4205 3634 4276 spiritus,
3706 4215 3780 4292 ita

2210 4267 2254 4292 nl
2297 4259 2350 4292 ἷη
2400 4263 2577 4292 A:..:..-
2622 4272 2773 4292 ,ηιμ
2862 4279 2896 4292 -.
3073 4287 3081 4292 ,
3244 4289 3255 4292 -

2206 4267 2259 4310 et
2296 4259 2351 4314 in
2399 4263 2580 4321 divina
2621 4272 2955 4348 substantia,
2989 4259 3082 4352 qui
3133 4303 3198 4342 ex
3243 4289 3359 4361 ipsa
3403 4305 3488 4351 est
3540 4286 3786 4370 Spiritus

2208 4346 2386 4370 4-10:7
2439 4355 2473 4370 "
2830 4366 2845 4370 ‘

2204 4346 2393 4408 deifice
2422 4355 2692 4430 digneque
2721 4346 3085 4435 profunditur.
3121 4397 3142 4432 ι

2272 4459 2418 4516 Idem
2458 4481 2648 4526 rursus
2689 4491 2811 4532 cum
2840 4479 2971 4537 illud
3005 4493 3377 4561 evangelicum
3427 4515 3778 4573 exponeret:

2467 4570 2581 4612 erat
2632 4561 2877 4636 Verbum,
2945 4576 2983 4626 t'
3009 4575 3126 4634 Non
3162 4561 3549 4660 ergo.inquii,
3593 4600 3781 4658 minor

2199 4650 2303 4708 est,
2337 4647 2430 4715 qui
2463 4653 2713 4708 eamdem
2749 4659 2912 4716 habet
2933 4647 3275 4729 ellicientiain
3308 4647 3472 4748 qua-in
3495 4687 3778 4754 perfectus

2201 4731 2355 4754 n-.-_
2525 4741 2556 4754 ομ
2635 4746 2646 4754 -
2853 4752 2875 4754 —

2196 4731 2376 4804 Pater,
2413 4741 2788 4817 genitorisque
2845 4752 3110 4824 Spiritum
3159 4731 3639 4842 habetlpropirium
3673 4798 3775 4840 na-

2197 4833 2331 4880 turae
2364 4829 2568 4888 bonum
2612 4836 2928 4914 vivumque,
2953 4857 3008 4904 et
3062 4854 3167 4910 sibi
3219 4860 3652 4928 substantialiter
3687 4874 3773 4929 in-

2193 4918 2379 4987 situm,
2422 4930 2883 4994 quemadmodum
2919 4943 3171 5002 videlicet
3201 4961 3256 5004 et
3301 4953 3478 5014 l'ater.
3525 4981 3545 5012 ι

2259 5032 2378 5105 Hic,
2395 5040 2439 5094 si
2462 5058 2652 5104 rursus
2671 5053 2797 5121 quis
2831 5057 2968 5113 duos
3000 5076 3295 5129 processus
3327 5077 3500 5129 sancti
3523 5076 3767 5148 Spiritus

2185 5143 2413 5198 ponens,
2453 5151 2621 5192 unum
2657 5141 3065 5216 intemporalem
3103 5153 3376 5234 [ἄχρονον]
3407 5179 3470 5221 ac
3501 5141 3765 5230 substan-

2183 5222 2386 5290 tialem,
2447 5235 2806 5297 temporalem
2863 5243 3094 5301 alterum
3150 5267 3250 5308 nec
3310 5259 3759 5335 substantialem,

2183 5310 2324 5335 [δη-..ξ
2367 5315 2519 5335 ---ενΙ-
2709 5326 2721 5335 ·
2934 5331 2945 5335 ‘

2178 5310 2327 5367 Patri
2361 5315 2582 5382 quidem
2615 5326 2808 5381 ambos
2835 5331 3096 5402 assignet,
3136 5338 3273 5396 Filio
3302 5310 3757 5410 vero

2180 5417 2246 5457 ac
2285 5413 2667 5480 temporalem,
2703 5425 3009 5481 secundum
3061 5445 3223 5499 quem
3267 5445 3324 5491 et
3371 5441 3512 5496 mitti
3551 5445 3756 5502 dicitur
3823 5467 3834 5484 ’

2177 5493 2246 5546 ab
2279 5495 2424 5565 ipso,
2452 5514 2507 5557 et
2537 5507 2679 5574 dari,
2713 5520 2768 5566 et
2807 5515 3041 5588 infundi,
3069 5493 3120 5577 et
3147 5527 3191 5580 si
3219 5531 3348 5598 quid
3381 5493 3528 5591 aliud
3555 5493 3754 5610 hujus—

2177 5587 2323 5642 tnodi
2352 5591 2422 5646 de
2457 5604 2604 5652 tanta
2635 5616 2693 5658 re
2733 5604 2842 5662 dici
2876 5587 3293 5678 convenientius
3333 5635 3530 5694 potest.
3565 5587 3750 5688 Primo
