4106 6476
309 454 389 519 '13
1189 526 1193 531 ,
1280 482 1283 483 ί
1397 451 1797 515 ADVERSUS
1835 449 1908 507 Gl

2015 448 2152 509 COS
2184 448 2342 507 ‘Lll’i.
2386 447 2470 507 Il.
3006 488 3013 499 ι
3504 441 3576 500 Ἰ

316 579 534 651 quidem
569 577 619 632 id
657 575 831 645 legem
868 571 1091 627 ferentis
1121 578 1203 625 cst
1230 569 1378 641 (50);
1407 583 1584 636 neque
1615 567 1759 620 enim
1794 549 1895 618 ida
1925 564 1969 622 Α
2002 562 2219 618 etiamsi
2255 577 2361 616 non
2413 557 2750 630 intelligatur
2786 570 2907 610 esse
2951 553 3147 617 Pater;
3181 555 3362 609 omnia
3395 568 3577 608 autem

316 684 588 742 quoquam
646 675 967 724 sanctarum
1023 665 1229 720 dictum
1279 670 1388 728 est,
1449 669 1614 730 atque
1646 674 1753 712 una
1789 658 1891 711 hoc

318 768 495 837 ipsum
522 763 576 817 in
616 761 812 834 primis
847 767 951 825 est,
1001 756 1146 828 quod
1190 754 1459 810 minorem
1492 752 1654 809 Patre
1694 749 1890 805 Filium

316 855 575 913 ostendit.
1616 917 1623 924 ,

397 949 598 1005 Deinde
667 961 779 1001 non
815 943 1019 998 dicitur
1075 946 1288 995 tantum
1327 955 1340 990 :
1373 935 1514 1002 Quia
1564 949 1660 1005 per
1710 933 1890 1003 ipsum

321 1042 574 1100 mittitur,
607 1048 661 1093 et
689 1037 855 1091 datur
879 1052 896 1101 ;
919 1033 1035 1099 sed,
1068 1032 1208 1100 Quia
1249 1032 1414 1085 etiam
1445 1026 1714 1098 procedit,
1747 1023 1894 1094 quod

321 1135 565 1206 proiecto
585 1114 1003 1187 substantialem
1071 1126 1243 1182 sancti
1297 1123 1536 1190 Spiritus
1576 1132 1892 1191 processum

322 1228 523 1297 signat,
553 1226 644 1295 qui
671 1224 835 1279 etiam
878 1230 1123 1276 aeternus
1170 1228 1337 1287 atque
1366 1224 1493 1269 ante
1545 1212 1743 1268 saecula
1774 1226 1895 1265 ere.

322 1319 491 1375 ditur.
545 1316 650 1371 Sed
684 1316 831 1370 enim
871 1314 985 1382 jam
1037 1323 1202 1380 supra
1253 1307 1593 1362 declaratum
1630 1315 1737 1370 est,
1774 1318 1897 1373 qua:

323 1411 561 1481 ineptias,
584 1422 706 1479 quae
737 1405 960 1477 indigna
1007 1401 1323 1472 huiusmodi
1373 1399 1629 1454 homines
1660 1410 1899 1466 sequan-

324 1515 436 1559 tur.
471 1501 671 1556 Prmter
699 1498 751 1553 id
779 1511 1037 1566 namque,
1098 1494 1247 1565 quod
1295 1491 1436 1547 Filio
1476 1490 1710 1545 ministri
1745 1487 1897 1542 ordi-

323 1614 449 1652 r-em
484 1595 780 1664 assignant,
810 1592 974 1645 etiam
1003 1587 1310 1643 accidentia
1345 1570 1644 1642 secundum
1684 1592 1897 1651 tempus

325 1690 465 1745 Filio
491 1705 556 1744 ac
612 1684 861 1756 Spiritui,
906 1680 1491 1750 imperfectionemque
1543 1677 1708 1733 simul
1760 1676 1901 1731 assi-

324 1796 494 1852 gnare
525 1785 808 1848 cogentur.

400 1869 505 1924 Sed
534 1882 603 1922 ne
631 1866 685 1921 in
714 1867 810 1919 has
843 1876 1017 1932 nugas
1063 1859 1405 1922 decidamus,
1467 1856 1760 1912 dicendum
1817 1864 1901 1909 est

328 1960 628 2018 secundum
686 1969 944 2026 magnum
999 1951 1262 2007 Basilium
1297 1951 1451 2020 quia,
1484 1948 1631 2018 quod
1682 1964 1747 2002 ex
1784 1946 1899 2001 Deo

330 2051 595 2122 procedit,
622 2063 726 2103 non
756 2043 1002 2114 procedit
1032 2043 1086 2096 in
1121 2053 1390 2111 tempore,
1422 2039 1640 2094 etiamsi
1677 2040 1732 2092 in
1765 2048 1903 2092 tem-

333 2158 462 2214 pore
492 2141 611 2209 ejus
659 2136 897 2193 ellicacia
946 2140 1242 2204 appareat;
1269 2140 1325 2186 et
1348 2130 1479 2200 quia
1508 2129 1809 2184 secundum
1849 2128 1899 2181 id

334 2231 551 2303 quidem
609 2226 754 2298 quod
793 2226 1017 2286 dicitur,
1067 2237 1133 2277 ea:
1173 2237 1296 2292 quo,
1356 2220 1553 2275 unicus
1586 2233 1901 2290 proceSsus,

336 2322 631 2379 secundum
659 2333 791 2374 vero
825 2316 880 2373 id
913 2315 1061 2387 quod
1093 2314 1322 2379 dicitur,
1359 2316 1415 2367 in
1451 2311 1612 2383 quod,
1651 2310 1903 2379 geminus

340 2429 458 2470 esse
521 2409 821 2470 secundum
886 2415 1136 2477 nostrum
1188 2404 1435 2459 habitum
1469 2402 1807 2473 agnoscitur,
1848 2410 1905 2455 et

339 2520 563 2579 quaeque
587 2504 691 2559 alia
727 2515 889 2572 supra
917 2499 1060 2555 dicta
1094 2506 1242 2555 sunt.
1269 2495 1594 2567 Quanquam
1623 2510 1901 2565 nunquam

346 2615 383 2653 a
408 2597 540 2652 Filio
564 2597 809 2658 daretur,
849 2590 954 2647 nisi
989 2591 1058 2645 ab
1093 2590 1213 2660 ipso
1239 2597 1408 2644 esset.
1456 2607 1475 2641 ι
1511 2589 1555 2643 Α
1594 2602 1705 2658 quo
1731 2587 1903 2651 enim,

348 2691 423 2746 ait
471 2702 697 2758 magnus
743 2682 1101 2747 Athanasius,
1134 2680 1252 2736 dari
1291 2679 1583 2751 oportebat
1615 2678 1903 2749 Spiritum,

345 2778 446 2834 nisi
474 2779 543 2835 ah
567 2792 653 2841 eo,
673 2775 832 2845 cujus
861 2770 976 2827 est?
1014 2789 1032 2822 ι
1060 2769 1212 2826 Alias
1242 2770 1444 2840 quippe
1481 2769 1732 2824 minister
1760 2779 1909 2824 esset

341 2870 529 2925 Filius.
567 2868 631 2922 Et
660 2876 826 2930 certe,
882 2863 929 2919 si
968 2862 1208 2933 priorem
1250 2860 1407 2916 illum
1452 2862 1905 2917 substituti-alem-

340 2982 449 3037 que
470 2979 806 3036 processum,
851 2960 1155 3017 secundum
1190 2973 1353 3029 quem
1406 2957 1476 3013 ab
1523 2972 1588 3012 eo
1634 2957 1906 3027 procedit,

342 3063 505 3114 Pater
560 3059 697 3128 apud
750 3055 992 3125 seipsum
1035 3051 1195 3124 quasi
1252 3066 1363 3106 non
1389 3064 1737 3106 communem
1770 3048 1910 3103 Filio

342 3160 605 3212 servaret,
641 3147 1027 3215 missionisque
1067 3143 1444 3199 tantummodo
1479 3142 1632 3197 illum
1656 3156 1907 3197 commu-

1996 655 2239 725 perfecte
2269 656 2321 710 in
2357 656 2543 723 seipso
2597 651 2826 715 habens,
2859 666 2981 720 quae
3016 661 3143 707 sunt
3175 665 3424 721 personae
3446 651 3579 703 sub-

1950 790 1955 794 .
1997 748 2211 803 stantiir
2247 747 2463 817 propria
2488 758 2652 815 atque
2681 745 2978 813 praecipua.
3016 762 3033 793 ι

2068 839 2212 894 Idem
2246 855 2411 908 super
2431 838 2560 891 illud
2595 854 2609 890 ε
2635 836 2780 891 Sicut
2811 846 2865 890 tu
2887 854 2965 891 me
2994 838 3186 890 misisti
3221 838 3271 891 in
3294 838 3576 901 mundum,

2003 951 2023 984 ‹
2054 933 2348 1000 Quoniam,
2378 932 2666 1000 inquit,”
2691 929 2875 994 Patre,
2903 940 2957 984 et
2982 932 3034 982 iu
3065 929 3246 989 Patro.
3279 930 3578 985 secundum

1996 1035 2255 1080 naturam
2293 1034 2377 1080 est
2407 1024 2603 1079 Filius.
2664 1024 2878 1077 fructus
2924 1024 3199 1077 exsistens
3246 1038 3410 1077 verus
3447 1025 3583 1079 sub-

1999 1120 2217 1174 SIantiaa
2247 1119 2442 1188 ipsius,
2480 1116 2656 1172 Patris
2688 1116 2972 1187 proprium
3029 1115 3294 1186 Spiritum
3336 1115 3440 1171 sibi
3483 1130 3581 1185 per

2000 1220 2251 1264 naturam
2279 1209 2538 1264 vindicat.
2576 1227 2609 1260 η»

2071 1301 2175 1356 Sed
2237 1311 2291 1356 et
2341 1317 2569 1372 magnus
2627 1301 2861 1356 Basilius
2911 1300 2965 1354 in
3015 1301 3112 1355 lih.
3148 1300 3223 1355 De
3262 1302 3388 1369 ﬁde,
3421 1299 3583 1369 cujus

2001 1393 2217 1447 initium
2250 1403 2332 1447 est
2365 1410 2378 1447 :
2416 1393 2510 1446 Dei
2539 1394 2745 1463 quidem
2776 1393 3071 1447 meminisse
3095 1393 3321 1462 jugiter,
3369 1411 3388 1444 ι
3414 1392 3585 1446 Filius

2000 1484 2243 1551 quidem,
2288 1485 2490 1555 inquit,
2517 1496 2577 1540 ut
2615 1484 2808 1549 Filius,
2859 1486 3203 1549 naturaliter,
3244 1499 3362 1554 qua!
3402 1485 3583 1539 Patris

2002 1585 2132 1631 sunt
2169 1577 2451 1646 possidet;
2493 1587 2551 1630 ut
2582 1585 2761 1632 autem
2795 1576 3123 1648 Uuigenitus
3147 1617 3160 1640 ,
3197 1579 3382 1633 omnia
3420 1578 3585 1633 habet

2003 1666 2057 1721 in
2087 1670 2272 1738 seipso
2298 1668 2556 1724 collecta.
2601 1689 2620 1723 ›

2077 1762 2133 1816 Si
2173 1778 2303 1833 ergo
2327 1764 2534 1826 omnia,
2566 1779 2688 1833 quae
2743 1763 2907 1819 habet
2939 1763 3097 1818 Pater
3137 1764 3279 1819 bona
3310 1762 3583 1834 praacip'ia

2002 1863 2057 1909 et
2089 1857 2308 1927 propria
2340 1854 2536 1918 Patris,
2580 1866 2635 1910 et
2661 1854 2833 1911 Filius
2861 1857 3049 1911 itidem
3075 1859 3256 1924 habet,
3278 1860 3585 1926 pral’ciptltts

2004 1956 2184 2002 autem
2215 1956 2303 2003 est
2336 1948 2574 2018 Spiritus
2620 1950 2833 2015 vivens,
2888 1959 2943 2005 et
2977 1952 3416 2006 substantialiter
3454 1952 3588 2006 insi-

1965 2082 1974 2089 .
2005 2050 2115 2109 tus,
2147 2044 2302 2112 isque
2337 2044 2554 2113 pr0prie
2593 2041 2715 2096 Filii
2755 2052 2964 2098 natuiae
2999 2043 3201 2099 bonum
3225 2060 3347 2100 esse
3373 2060 3403 2099 a
3434 2047 3589 2099 theo-

2002 2136 2145 2203 logis
2167 2136 2455 2200 asseritur,
2494 2137 2750 2205 quamvis
2774 2137 2939 2190 etiam
2982 2147 3178 2205 praeter
3211 2139 3429 2194 Patrem
3463 2154 3591 2194 esse

2004 2228 2202 2288 solum,
2236 2229 2419 2282 omnia
2449 2243 2570 2297 qua!
2594 2228 2775 2282 Patris
2803 2243 2925 2283 sum
2950 2228 3149 2283 Filiqu
3178 2229 3378 2285 habere
3398 2230 3585 2284 itidem

2006 2328 2376 2387 asseveratur,
2405 2331 2623 2376 constat
2649 2320 2896 2390 proiecto
2923 2323 3048 2392 quia
3079 2332 3132 2378 et
3151 2322 3271 2377 Filii
3301 2332 3383 2378 est
3415 2320 3590 2392 Spiri-

2005 2424 2095 2468 tus
2128 2419 2376 2477 sanetus,
2415 2414 2561 2468 sicut
2589 2423 2644 2469 et
2672 2413 2874 2481 Patris,
2903 2429 2968 2470 ac
3000 2416 3299 2470 secundum
3333 2418 3586 2471 eumdem

2010 2503 2255 2560 modum.
2294 2505 2444 2560 Alias
2478 2506 2625 2560 enim
2658 2523 2872 2563 summa
2914 2509 3004 2563 illa
3040 2525 3164 2563 cum
3195 2511 3355 2566 Patre
3389 2510 3589 2565 identi-

2007 2608 2117 2653 tate
2147 2608 2202 2653 et
2234 2599 2785 2654 incoinmutabilitatc
2814 2599 3011 2654 Filium
3042 2602 3485 2657 excluderemus.

2079 2690 2279 2747 Verum
2302 2734 2317 2758 ,
2348 2692 2451 2747 etsi
2481 2692 2729 2747 eamdem
2761 2695 3120 2749 substantiam
3167 2695 3328 2750 habet
3353 2706 3408 2750 et
3430 2696 3589 2752 Pater

2012 2792 2066 2836 et
2101 2781 2296 2848 Filius,
2328 2782 2471 2838 sicut
2504 2783 2557 2837 in
2589 2784 2776 2852 divina
2816 2784 2905 2838 illa
2938 2785 3461 2858 simplicissimaque
3493 2805 3590 2843 na-

2011 2887 2132 2931 tura
2157 2877 2316 2945 digne
2343 2877 2547 2932 habere
2575 2878 2921 2947 intelligitur,
2943 2878 3188 2933 eumdem
3216 2888 3397 2936 tamen
3434 2881 3592 2938 Pater

2012 2969 2085 3021 ita
2123 2966 2308 3029 habet,
2344 2977 2403 3021 ut
2424 2966 2637 3022 a'nullo
2664 2969 2966 3036 accepisse,
2997 2983 3119 3023 cum
3152 2970 3274 3025 sine
3301 2985 3467 3027 causa
3498 2976 3589 3037 sit,

2012 3056 2356 3126 intelligatur
2381 3074 2411 3111 :-
2431 3055 2605 3112 Filius
2640 3066 2818 3112 autem
2860 3062 3108 3114 eamdem
3140 3061 3213 3116 ita
3251 3062 3433 3130 habet,
3477 3074 3594 3122 uta

2012 3149 2173 3203 Patre
2232 3150 2543 3218 acceperit,
2605 3160 2665 3205 ut
2714 3165 2983 3217 acausa,
3041 3151 3271 3224 Filiique
3325 3158 3592 3212 rationem

345 3244 509 3298 nione
558 3240 905 3310 dignaretur;
960 3253 1025 3290 ex
1066 3249 1320 3292 mensura
1377 3248 1508 3305 ergo
1553 3234 1709 3289 daret
1747 3232 1909 3287 Pater
1936 3270 1980 3330 ο
2015 3243 2288 3297 nascendo
2330 3242 2434 3297 sibi
2477 3243 2862 3300 vindicaverit.
2906 3244 3172 3300 Similiter
3216 3258 3399 3331 alitem
3445 3240 3595 3305 et'de

345 3333 482 3387 Filio
511 3331 795 3402 Spiritum,”
842 3338 896 3385 et
938 3344 1073 3395 non,
1114 3335 1177 3383 ut
1207 3325 1444 3398 Baptista
1491 3324 1663 3392 dixit,
1694 3340 1798 3378 non
1839 3324 1908 3376 ad

350 3441 650 3480 mensuram
680 3425 746 3478 “.

419 3518 686 3574 Praeterea
740 3516 1009 3588 siquidem
1067 3514 1257 3570 missio
1289 3511 1439 3568 Patri
1473 3509 1727 3583 Filioque
1764 3524 1915 3566 com-

352 3614 532 3668 munis
556 3612 644 3675 sit,
674 3613 953 3682 processio
1009 3624 1139 3664 vero
1176 3620 1206 3663 a
1234 3606 1392 3662 Patre
1418 3608 1563 3672 solo,
1596 3621 1708 3659 non
1762 3619 1916 3659 com-

351 3710 660 3764 municante
709 3708 813 3762 sibi
863 3706 1022 3773 Filio,
1054 3705 1241 3760 omnia
1285 3703 1503 3773 quidem
1545 3701 1669 3756 Filii
1732 3701 1915 3757 Patris

349 3809 540 3867 erunt;
573 3815 678 3854 nou
708 3807 886 3854 autem
917 3796 1100 3875 omnia
1145 3794 1322 3849 Patris
1351 3806 1405 3850 et
1442 3793 1590 3847 Filii.
1621 3790 1745 3847 Non
1784 3807 1917 3863 ergo

354 3909 537 3951 verum
592 3894 715 3958 erit,
762 3891 908 3963 quod
958 3906 987 3945 a
1048 3890 1279 3943 veritate
1344 3889 1462 3957 ipsa
1521 3887 1724 3942 dictum
1787 3895 1915 3942 cst:

358 3987 547 4044 Omnia
575 4001 688 4039 mea
722 3995 812 4037 tua
860 3993 1004 4048 sunt,
1033 3993 1081 4036 et
1121 3991 1215 4034 tua
1270 3995 1387 4034 mea
1412 3987 1538 4034 sunt
1564 3979 1630 4032 ”.
1649 3977 1718 4033 Et
1747 3977 1915 4034 illud:

357 4078 567 4145 Omnia,
598 4091 712 4147 quia
738 4075 887 4131 habet
928 4072 1115 4140 Pater,
1147 4088 1263 4127 mea
1288 4081 1411 4126 sunt
1445 4070 1511 4138 ¹⁸,
1541 4070 1689 4142 quod
1719 4070 1916 4125 absur-

353 4173 630 4226 dissimum
658 4178 763 4233 est,
798 4177 1231 4234 sanctorumque
1260 4164 1547 4220 sententiis
1572 4162 1792 4232 penitus
1824 4162 1921 4217 ad-

354 4280 587 4322 versum.

426 4359 514 4412 Ait
550 4356 695 4411 enim
723 4355 958 4428 Cyrinus
986 4352 1342 4409 beatissimus
1380 4366 1547 4422 super
1576 4350 1749 4405 illud:
1784 4347 1916 4404 0m-

358 4451 444 4500 nia
494 4464 606 4517 qua:
637 4447 783 4501 habet
824 4446 1003 4511 Pater,
1060 4458 1175 4497 utea
1215 4451 1359 4497 sunt.
1411 4460 1428 4494 ι
1469 4441 1704 4497 Fructus
1752 4443 1919 4514 igitur

358 4550 410 4590 ei
440 4538 606 4603 ﬁgura
636 4549 892 4607 expressa
937 4546 1178 4603 paternae
1216 4534 1533 4588 substantiae
1584 4531 1754 4586 Filius
1792 4547 1916 4587 cuiu

2019 3332 2228 3403 Spiritu
2269 3335 2560 3392 dicendum
2586 3380 2600 3403 ,
2636 3338 2781 3407 quod
2815 3339 3062 3393 eamdem
3099 3356 3223 3394 cum
3260 3342 3370 3397 illis
3403 3343 3596 3398 habeat

1980 3428 2417 3495 substantiam,
2456 3447 2485 3485 a
2531 3430 2691 3487 Patre
2731 3433 2951 3502 quidem
3000 3430 3332 3504 procedens,
3380 3450 3409 3490 a
3458 3434 3598 3490 Filio

2018 3525 2224 3588 autem
2261 3522 2535 3591 accipiens
2584 3525 2977 3590 cauSabiliter,
3026 3525 3131 3581 hoc
3177 3536 3261 3581 est
3308 3542 3598 3596 processus

2019 3612 2234 3667 ratione
2262 3630 2276 3668 τ
2318 3615 2431 3669 sive
2458 3633 2522 3669 ex
2554 3613 2714 3671 Patre
2743 3633 2837 3686 per
2865 3617 3063 3673 Filium
3099 3621 3402 3675 secundum
3436 3637 3595 3675 suum

2019 3702 2436 3758 substantialem
2462 3720 2806 3775 processum,
2849 3708 3149 3762 secundum
3172 3716 3331 3787 quem
3355 3724 3418 3764 ex
3440 3710 3600 3765 Patre

1981 3864 1996 3877 ἱ
2020 3808 2142 3849 εεεε
2169 3809 2267 3864 per
2299 3793 2496 3850 Filium
2529 3798 2815 3852 asseritur.

2089 3885 2282 3942 Dicere
2321 3897 2542 3943 autem:
2580 3888 2636 3942 Si
2671 3891 2860 3945 omnia
2892 3890 3072 3947 Patris
3109 3893 3270 3949 habet
3301 3893 3505 3963 Filius,
3542 3903 3599 3950 et

2021 3974 2193 4032 Filius
2225 3981 2540 4033 necessario
2574 3980 2685 4050 jam
2731 3981 2893 4037 Pater
2926 3995 3042 4050 est;
3083 3985 3365 4040 hominum
3398 3996 3481 4042 est
3507 4002 3601 4055 pa-

2020 4081 2143 4120 rum
2174 4067 2517 4123 considerate
2558 4070 2922 4147 loquentium,
2965 4075 3378 4147 Salvatorisque
3409 4078 3601 4132 delen-

2023 4160 2158 4213 tium
2191 4175 2403 4226 vocem,
2428 4176 2492 4216 ac
2518 4178 2877 4232 personarum
2910 4167 3159 4222 ordinem
3192 4173 3419 4225 omnino
3446 4172 3603 4244 ἰςίο-

2020 4251 2287 4309 rantium.
2350 4252 2537 4323 Neque
2585 4259 2726 4311 enim
2777 4259 2889 4328 jam
2942 4270 3089 4316 esset
3144 4259 3318 4319 Filius
3386 4264 3603 4333 Filius,

2019 4358 2200 4413 neque
2245 4346 2403 4401 Pater
2442 4346 2620 4412 Pater,
2655 4350 2750 4405 sed
2815 4349 2973 4405 Inista
3035 4354 3218 4410 omnia
3272 4364 3327 4409 et
3370 4356 3602 4412 confusa

2021 4439 2674 4509 essent,proprietatihus
2749 4445 2999 4502 sublatis.
3022 4445 3291 4501 Caeterum
3353 4461 3604 4514 constat,

2024 4531 2258 4584 servatis
2292 4538 2504 4587 tantum
2542 4535 2988 4603 proprietatibus,
3012 4552 3135 4606 quae
3163 4553 3429 4606 personas
3459 4557 3607 4596 com-

359 4631 449 4693 sit,
484 4630 685 4694 omnia,
716 4643 835 4696 qua:
861 4627 1034 4697 ipsius
1062 4635 1192 4679 sunt
1221 4640 1320 4695 per
1359 4634 1635 4688 naturam,
1663 4625 1767 4681 sibi
1797 4626 1917 4680 vin-
1952 4609 1994 4663 D
2026 4623 2307 4682 mendant,
2349 4627 2558 4695 reliqua
2591 4628 2773 4681 omnia
2829 4643 2948 4683 esse
2983 4631 3318 4684 communia.
3356 4631 3603 4704 Namque
3698 4628 3701 4629 ⁷

357 4722 531 4785 dicat;
559 4719 765 4774 idcirco
790 4721 867 4772 ait
901 4734 915 4771 :
953 4718 1167 4781 Omnia,
1217 4732 1339 4788 quae
1368 4717 1523 4771 habet
1583 4716 1766 4780 Pater,
1805 4732 1920 4769 mea

357 4822 476 4864 sunt
496 4828 519 4877 ;
551 4810 664 4864 ideo
700 4809 814 4863 dixi
856 4811 1021 4873 vobis,
1057 4809 1184 4879 quia
1208 4809 1272 4861 de
1315 4823 1428 4862 meo
1465 4808 1704 4876 accipiet,
1743 4818 1788 4861 et
1820 4823 1919 4860 an.

360 4904 621 4956 nuutiabit
679 4902 846 4965 vobis,
898 4901 1136 4969 Spiritus
1177 4901 1409 4965 scilicet,
1443 4904 1536 4972 qui
1601 4916 1696 4972 per
1742 4900 1921 4971 ipsum

358 5008 520 5065 atque
556 4996 611 5050 in
650 4997 765 5064 ipso
793 5004 899 5050 est.
938 5014 957 5046 ι
1608 5012 1612 5016 ·

428 5089 494 5142 Ει
524 5088 662 5142 idem
697 5102 886 5142 rursus
916 5102 1081 5157 super
1102 5087 1233 5142 illud
1268 5105 1281 5142 :
1310 5085 1420 5141 Hoc
1439 5101 1550 5141 erat
1582 5088 1635 5140 in
1660 5088 1922 5158 principio

361 5180 502 5249 apud
537 5179 727 5240 Deum,
766 5198 784 5229 σ
820 5180 1011 5242 Deum,
1057 5180 1256 5248 inquit,
1290 5194 1478 5234 verum
1527 5194 1590 5233 ex
1628 5180 1736 5235 Deo
1767 5180 1926 5235 Patre

362 5287 492 5326 vero
519 5273 763 5343 genitum
805 5276 1043 5341 seipsuni
1106 5272 1427 5343 Unigenitus
1465 5276 1760 5327 ostendens
1790 5275 1865 5326 ait
1908 5290 1922 5326 :

366 5364 578 5427 Omnia,
607 5380 722 5433 qui!
761 5364 913 5418 habet
969 5363 1151 5429 Pater,
1184 5381 1298 5419 mea
1346 5374 1506 5430 sunt;
1566 5365 1925 5434 omniumque

365 5456 749 5526 proprietatum
788 5473 908 5527 quae
941 5457 1081 5511 Patri
1124 5459 1309 5512 insunt
1338 5456 1663 5513 naturaliter
1695 5496 1709 5522 ,
1750 5459 1924 5511 illl‘l‘tfs

362 5546 531 5603 Filius
552 5560 655 5614 est,
687 5558 745 5604 ut
769 5564 833 5604 ex
876 5550 996 5620 ipso
1022 5552 1324 5607 secundum
1351 5560 1599 5607 naturam
1627 5550 1922 5614 exsistcns,

466 5738 511 5768 ¹¹
543 5736 699 5790 Joan.
738 5754 820 5801 tit,
846 5737 934 5791 ⁸54.
1049 5737 1091 5769 ¹³
1128 5737 1287 5795 Joan.
1327 5757 1459 5807 xvn,
1492 5738 1578 5794 10.

434 5898 546 5970 (50)
585 5896 696 5953 Iloc
724 5905 828 5963 est,
866 5896 1003 5952 nihil
1050 5887 1362 5967 probantis,
1382 5901 1475 5957 sed
1532 5909 1745 5954 tantum
1799 5915 1908 5951 cun

2011 5898 2297 5952 :tctorituto
2338 5895 2726 5951 assevct‘atitis.

685 5995 957 6054 Paraoc.
1002 5996 1117 6053 tia.
1164 5995 1344 6057 CLII.

2026 4716 2118 4770 hie
2151 4716 2333 4771 Patris
2387 4733 2452 4773 ac
2512 4720 2595 4773 sui
2643 4720 2972 4774 mentionem
3010 4721 3217 4777 faciens
3254 4719 3519 4780 Dominus
3550 4740 3606 4779 ei.

2027 4806 2298 4872 omnium,
2328 4805 2524 4863 Omnia
2554 4810 2715 4873 enim,
2741 4808 2939 4878 inquit,
2969 4826 3087 4880 qua:
3110 4810 3262 4885 habet
3296 4812 3459 4868 Pater
3487 4833 3606 4870 mea

2021 4908 2180 4962 sunt,
2216 4901 2303 4957 his
2335 4902 2427 4971 qui
2459 4900 2784 4954 Trinitatem
2839 4911 2894 4955 et
2951 4905 3218 4959 unitatem
3247 4907 3602 4971 conﬁtentur,

2022 4994 2274 5060 dicendo,
2309 4992 2488 5055 Pater,
2522 5005 2576 5048 et
2607 4993 2801 5061 Filius,
2833 4995 3216 5066 intelligendas
3242 5001 3605 5069 proprietates

2022 5085 2191 5149 dedit,
2217 5086 2719 5155 discretionemque
2766 5101 3158 5156 personarum;
3186 5091 3365 5145 onmia
3425 5102 3602 5149 autem

2022 5176 2291 5240 dicendo,
2331 5187 2530 5234 cuncta
2577 5188 2787 5234 naturae
2836 5181 2979 5235 bona
3025 5197 3146 5251 qua:
3201 5181 3358 5239 Pater
3406 5185 3564 5241 habet
3593 5226 3608 5241 .

2030 5281 2391 5342 praeterquam
2420 5287 2540 5328 esse
2567 5271 2780 5326 Patrem
2812 5273 3038 5343 intelligi
3072 5274 3265 5328 voluit.

2108 5365 2261 5423 Unde
2298 5381 2528 5435 magnus
2560 5379 2778 5435 quoque
2820 5363 3056 5418 Basilius
3086 5368 3137 5419 in
3182 5368 3320 5422 libro
3361 5368 3434 5420 De
3464 5368 3607 5435 (ide:

2040 5482 2059 5514 ι
2104 5461 2296 5516 Omnia
2332 5474 2454 5527 qua:
2487 5460 2642 5533 Pater
2679 5466 2761 5512 est
2790 5455 2961 5511 Filius
3001 5465 3105 5511 est.
3144 5459 3355 5513 Patrem
3391 5457 3503 5511 dixi
3560 5469 3615 5511 et

2039 5554 2265 5619 Filium,
2302 5553 2401 5606 has
2438 5551 2566 5604 mihi
2607 5549 2969 5620 proprietates
3004 5548 3421 5604 servabisncns
3449 5550 3610 5619 igitur

1658 5739 1699 5771 ”
1729 5737 1888 5793 Joan.
1933 5755 2018 5791 xw
2086 5738 2172 5791 1'3.

3134 5899 3181 5951 ο

3140 5984 3180 6045 3
