4106 6444
540 398 610 453 ’⁷5
1797 393 2190 454 MANUELIS
2229 392 2533 453 CALECE
3721 402 3791 460 75

542 509 735 571 Filius.
768 509 936 564 Filius
979 508 1161 563 omnia
1200 516 1318 569 est,
1359 524 1477 575 qua!
1523 505 1713 572 Pater,
1754 508 1904 576 juxta
1942 510 2113 577 ipsius
2146 514 2187 565 Δ

543 603 754 656 homini
790 616 977 656 vocem
1013 601 1286 655 dicentis:
1328 600 1517 655 Omnia
1540 640 1552 661 ,
1589 615 1705 664 qua:
1740 601 1894 653 habet
1931 599 2110 665 Pater,

544 711 657 747 mea
683 703 827 748 sunt.
856 693 930 747 lle
960 693 1105 748 enim
1137 710 1258 747 vera
1298 693 1552 764 imaginis
1586 703 1715 747 sunt
1750 692 1957 754 omnia,
1990 707 2113 762 qua:

476 781 481 785 ’
544 788 746 843 adsunt
778 788 1064 856 primitivm
1090 786 1297 839 furtum.
1349 807 1368 838 ι
1858 772 1864 777 ’

476 888 482 897 “
579 864 585 879 ’
616 878 811 932 Beatus
837 878 965 931 item
998 876 1233 945 Cyril'us
1258 876 1309 929 in
1340 874 1583 929 secundo
1609 876 1674 928 ad
1702 874 1975 929 IIermiam
1998 874 2111 929 ait:

548 988 567 1019 ο
613 970 953 1023 Coazternum
1014 967 1160 1022 Patri
1224 968 1500 1022 credimus
1558 968 1756 1022 Filium
1822 967 2114 1036 omniaque

540 1061 819 1128 aequaliter
844 1062 1158 1125 habentem,
1184 1069 1382 1128 praeter
1412 1058 1586 1114 solum
1614 1060 1859 1130 gignere.
1892 1076 1909 1108 ι
1936 1056 2114 1111 Idem-

539 1168 644 1220 que
676 1154 730 1206 in
768 1154 905 1207 libro
940 1169 1043 1208 suo
1078 1151 1150 1206 De
1189 1151 1478 1216 Trinitale,
1536 1169 1552 1202 ι
1598 1150 1655 1205 In
1698 1151 1833 1203 Filio
1858 1189 1874 1212 ,
1913 1150 2112 1219 inquit,

541 1245 843 1315 unigenito,
874 1260 969 1314 per
998 1245 1181 1298 omnia
1211 1243 1374 1296 simili
1399 1241 1545 1296 Patri
1600 1252 1652 1296 et
1676 1241 1895 1311 aequali,
1921 1249 2114 1310 praeter

538 1340 589 1393 il
620 1338 827 1402 solum,
856 1337 1001 1407 quod
1034 1335 1196 1390 Pater
1230 1350 1334 1389 non
1370 1342 1476 1388 est.
1524 1352 1541 1384 ι

610 1429 781 1485 Divus
818 1430 942 1482 item
997 1424 1525 1498 Chrysostomusju
1574 1422 1792 1478 humilia
1842 1423 1910 1477 59
1950 1437 2114 1492 super

489 1534 497 1541 '
528 1523 836 1587 Joannem,
873 1535 1037 1590 super
1065 1520 1238 1574 illud:
1289 1516 1354 1571 Ut
1397 1517 1857 1571 omues’honorent
1891 1513 2111 1579 Filium,

543 1619 677 1669 sicut
724 1616 987 1668 honorant
1025 1623 1074 1667 et
1123 1610 1340 1665 Patrem
1370 1652 1384 1676 ,
1423 1630 1441 1661 ί
1485 1610 1620 1664 Num
1658 1625 1808 1677 ergo,
1841 1610 2034 1678 inquit,
2062 1615 2116 1661 et

546 1711 760 1761 Patrem
803 1708 983 1776 ipsum
1020 1703 1458 1775 appellabimus?
1505 1702 1682 1756 Absit.
1724 1701 1934 1756 Idcirco
1966 1700 2111 1753 enim

543 1803 678 1855 dixit
711 1799 931 1863 Filium,
965 1806 1024 1851 ut
1057 1803 1364 1850 manentem
1398 1791 1620 1856 Filium,
1653 1800 1711 1846 ut
1741 1791 1980 1863 Patrem,
2017 1792 2112 1844 lio-

546 1908 827 1950 noremus.
847 1891 947 1957 Qui
980 1899 1159 1943 autem
1204 1890 1379 1957 ipsum
1417 1887 1547 1941 dicit
1575 1884 1815 1948 Patrem,
1855 1860 1963 1938 non
1999 1883 2110 1953 jam

547 1998 603 2041 ut
647 1986 864 2041 Patrem
912 1982 1110 2037 Filium
1143 1982 1400 2044 honorat,
1436 1978 1529 2033 sed
1565 1978 1855 2048 permiscet
1895 1985 1949 2030 et
1975 1991 2110 2029 con-

547 2080 722 2133 t‘nndit
752 2076 959 2130 omnia.
998 2093 1015 2125 ι
1059 2076 1135 2127 Ac
1163 2081 1287 2142 post
1321 2070 1620 2139 pusillum:
1659 2088 1677 2120 ι
1718 2069 1874 2123 Dedit
1930 2078 2113 2122 autem

548 2172 750 2225 idcirco
798 2169 1036 2227 dictum,
1092 2180 1160 2219 ne
1207 2164 1506 2232 ingenitum
1563 2163 1737 2230 ipsum
1788 2159 2113 2230 suspiceris,

476 2296 483 2302 .
548 2270 722 2325 neque
762 2254 898 2308 duos
949 2251 1136 2307 Patres
1179 2265 1301 2305 esse
1342 2259 1518 2320 putes.
1567 2248 1759 2303 Omnia
1806 2250 1949 2303 enim
1992 2264 2115 2319 quae

549 2350 705 2402 Pater
747 2355 850 2413 est,
887 2344 1003 2399 haec
1041 2352 1094 2399 et
1144 2343 1315 2399 Filius
1351 2348 1470 2405 est,
1506 2340 1721 2409 genitus
1780 2349 1835 2395 et
1888 2356 2115 2395 manens

543 2438 732 2495 Filius.
784 2459 802 2491 ι

613 2531 802 2595 Porro,
840 2531 884 2584 si
914 2530 1037 2601 quis
1076 2528 1237 2581 etiam
1266 2526 1528 2598 Spiritum
1561 2536 1834 2593 sanctum,
1865 2523 2109 2594 ejusdem

542 2623 949 2683 essentia-tcum
976 2620 1138 2673 Patre
1170 2626 1223 2672 et
1252 2618 1391 2672 Filio
1413 2634 1536 2672 cum
1562 2618 1650 2683 sit,
1672 2625 1727 2672 et
1754 2616 1930 2687 ipsum
1957 2613 2113 2684 quasi

546 2712 856 2767 necessario
911 2727 969 2766 se
1022 2712 1323 2780 producere
1368 2711 1706 2775 subiuferat,
1755 2708 1939 2765 audiet
1984 2708 2114 2762 hinc

545 2803 762 2872 quidem
812 2817 929 2856 esse
964 2801 1100 2855 nihil
1168 2801 1313 2870 quod
1355 2802 1534 2871 ipsum
1568 2805 1808 2869 scipsutn
1844 2800 2109 2870 proferat,

548 2896 836 2961 ipsumque
879 2890 962 2945 sui
1006 2890 1181 2959 ipsius
1222 2904 1389 2946 causa
1437 2890 1542 2956 sit;
1579 2891 1703 2946 hinc
1747 2904 1876 2945 vero
1908 2888 2108 2943 nullam

543 2982 704 3036 aliam
730 2981 889 3036 nobis
916 2996 1203 3050 personam
1236 2990 1428 3052 praeter
1457 2991 1589 3046 tres,
1623 2982 1675 3036 in
1701 2981 1900 3037 divinis
1932 2981 2108 3035 tradi-

2291 511 2366 563 Ex
2404 511 2486 563 his
2518 523 2648 577 ergo
2683 524 2802 578 quae
2834 507 3091 571 diximus,
3121 517 3364 576 apparet.
3392 517 3444 563 ct
3469 508 3640 578 ipsum
3665 509 3794 563 Filii

2217 616 2435 665 nomen,
2456 610 2512 654 et
2550 601 2784 654 multaut
2810 601 3047 667 quidem.
3070 603 3135 652 ad
3157 600 3491 668 propositum
3519 601 3787 656 conferre.

2213 693 2397 762 Neque
2422 696 2563 748 enim
2601 692 2761 749 Pater
2796 709 2966 749 verus
3021 692 3185 747 Pater
3213 708 3336 749 esse
3357 694 3651 760 diceretur,
3686 697 3789 749 nisi

2213 784 2452 854 seipsum
2481 785 2697 852 penitus
2753 785 3184 839 communicaret
3232 783 3399 849 Filio;
3427 800 3602 855 neque
3620 785 3792 840 Filius

2219 891 2380 930 verus
2410 873 2555 930 esset
2596 874 2786 950 Filius.
2813 879 2917 933 nisi
2939 875 3115 932 Patris
3139 878 3322 933 omnia
3359 877 3583 932 haberet
3620 881 3673 932 in
3705 895 3791 933 Sc-

2213 967 2367 1036 ipso;
2393 968 2484 1022 sed
2517 983 2692 1038 neque
2717 977 2864 1022 esset
2890 968 3359 1024 incommutabilis
3385 971 3565 1039 imago
3589 968 3790 1034 Patris,

2214 1059 2261 1114 si
2294 1060 2384 1114 illo
2431 1060 2608 1114 miaor
2641 1068 2966 1128 appareret;
3016 1074 3193 1125 neque
3236 1060 3475 1130 sigillum
3521 1061 3793 1118 uniforme

2216 1163 2390 1214 esset,
2426 1153 2572 1222 quod
2609 1153 2664 1206 in
2699 1168 2760 1207 se
2801 1153 3039 1208 ostendit
3075 1152 3293 1209 Patrem
3332 1154 3489 1222 juxta
3531 1169 3791 1224 magnum

2216 1244 2513 1301 Basilium:
2543 1266 2559 1296 ι
2590 1245 2841 1312 lmaginis
2863 1246 3065 1314 quippe
3080 1255 3206 1299 sunt
3226 1245 3432 1312 omnia,
3451 1260 3793 1316 quacumque

2214 1334 2399 1390 insunt
2427 1335 2714 1404 primitiva:
2739 1334 2949 1401 format,
2986 1352 3005 1386 ι
3037 1345 3097 1397 ut
3123 1336 3237 1402 ipse
3262 1338 3375 1400 ait;
3404 1346 3457 1391 et
3484 1337 3628 1392 sicut
3654 1338 3793 1394 Gie-

2215 1426 2399 1491 gorius
2417 1424 2727 1495 Theologus
2746 1426 2799 1481 in
2813 1427 3160 1483 sermonibus
3174 1428 3242 1485 de
3254 1427 3394 1483 Filio
3414 1429 3556 1485 dixit
3579 1448 3593 1482 :
3617 1450 3638 1485 ς
3668 1429 3794 1485 Ilico

2214 1519 2358 1571 cnim
2403 1506 2656 1587 imaginis
2691 1529 2885 1575 natura
2916 1528 3029 1585 est,
3078 1522 3444 1578 imitationem
3477 1538 3599 1578 esse
3630 1524 3789 1592 primi

2214 1610 2544 1677 exemplaris
2565 1648 2583 1674 ,
2618 1610 2871 1680 idemque
2900 1626 3024 1667 esse
3062 1612 3267 1682 potius,
3301 1627 3462 1681 quam
3490 1615 3789 1669 assimula-

2217 1700 2420 1763 tionem
2449 1739 2463 1763 ,
2506 1716 2573 1753 ne
2606 1700 2681 1754 sit
2716 1702 2767 1754 in
2800 1702 2910 1754 alio
2945 1703 3164 1764 similis,
3197 1704 3251 1755 in
3283 1704 3393 1760 alio
3424 1704 3729 1759 dissimilis.
3768 1726 3786 1754 ι

2215 1792 2279 1843 Et
2303 1789 2534 1860 adjecit:
2561 1810 2579 1841 ι
2610 1790 2711 1845 llic
2742 1804 2923 1847 autem
2952 1807 3017 1848 eo
3043 1794 3206 1847 etiam
3237 1794 3426 1864 magis,
3458 1810 3568 1863 quo
3600 1795 3789 1849 vivens

2212 1882 2433 1935 viventis
2453 1884 2533 1935 est
2565 1883 2761 1952 imago.
2805 1901 2823 1934 ι
2858 1882 2963 1939 Sed
3004 1899 3185 1953 neque
3213 1883 3466 1939 Christus
3503 1902 3626 1938 vera
3659 1901 3789 1954 pri:-

2212 1978 2437 2027 secutus
2465 1981 2615 2029 esset
2640 1972 2706 2028 de
2748 1972 2935 2042 seipse
2986 1972 3175 2028 dicens
3203 1976 3413 2039 omnia,
3448 1989 3569 2042 quae
3609 1975 3647 2028 P
3689 1986 3788 2030 tris

2211 2072 2433 2126 essent,
2482 2077 2540 2119 se
2585 2062 2821 2130 habere;
2870 2063 3035 2119 habet
3074 2074 3254 2119 autem
3297 2064 3456 2121 Pater
3504 2069 3785 2137 proprium

2214 2163 2422 2207 natura:
2445 2169 2558 2208 suae
2586 2153 2812 2219 bonum,
2840 2154 3100 2224 Spiritum
3127 2168 3404 2213 sanetum.
3428 2157 3495 2211 Et
3516 2162 3785 2227 qudniam

2214 2260 2375 2300 unam
2401 2249 2760 2317 eamdemque
2808 2258 3058 2304 naturam
3089 2248 3129 2302 F
3131 2250 3258 2305 ilius
3286 2267 3351 2305 ex
3380 2251 3543 2305 Patre
3562 2254 3786 2322 genitus

2213 2336 2379 2391 etiam
2413 2352 2538 2392 cum
2578 2338 2737 2395 Patre
2766 2339 2950 2405 habet,
2984 2340 3107 2407 quis
3137 2341 3334 2396 audeat
3366 2344 3467 2396 hac
3493 2344 3787 2411 pmditum

2214 2428 2411 2485 Filium
2445 2446 2694 2487 asserere
2714 2440 3068 2498 paternorum
3087 2433 3358 2487 bonorum
3381 2436 3504 2488 aliis
3524 2436 3786 2503 gaudere.

2216 2522 2339 2576 aliis
2360 2523 2561 2591 privari
2582 2523 2606 2575 ?
2631 2526 2809 2592 Atque
2840 2524 2969 2579 hinc
2998 2526 3269 2587 omnium,
3298 2526 3441 2594 quod
3465 2527 3670 2581 dicitur
3699 2534 3790 2582 de-

2216 2613 2513 2667 finitionem
2553 2613 2768 2679 tollere,
2815 2628 2940 2670 cum
2972 2614 3235 2669 Dominus
3281 2615 3458 2670 Patris
3503 2618 3692 2671 omnia
3730 2632 3790 2672 se

2214 2706 2413 2758 habere
2445 2703 2682 2759 dixerit?
2710 2703 2977 2759 Prmterea
3005 2705 3211 2760 dictum
3237 2715 3360 2763 est:
3390 2707 3498 2773 Qui
3521 2708 3655 2762 vider
3685 2724 3786 2775 me,

2212 2797 2347 2848 videt
2384 2805 2430 2847 et
2469 2792 2681 2848 Patrem
2714 2793 2775 2849 ’⁸.
2817 2794 2973 2858 Quod
3003 2805 3184 2850 autem
3218 2795 3453 2861 dicitur,
3490 2798 3649 2863 videt,
3687 2812 3791 2868 pro

2212 2901 2278 2940 ρο
2302 2885 2537 2954 positum
2557 2889 2665 2948 est,
2682 2884 2827 2953 quod
2849 2892 2956 2947 est,
2978 2883 3252 2954 intelligit,
3282 2884 3355 2939 ita
3376 2887 3790 2955 espoueutibtts

2216 2977 2488 3033 Patribus.

545 3086 678 3139 iam,
723 3083 775 3127 ut
824 3043 968 3127 illam
1013 3043 1280 3143 producat
1332 3043 1589 3143 Spiritus.
1637 3073 1829 3142 Itaque
1882 3083 2106 3142 cogetur
2134 3058 2177 3117 (ἔ
2283 3066 2345 3121 Et
2387 3067 2513 3123 hinc
2559 3068 2744 3135 itaque
2792 3075 3046 3132 constat,
3089 3067 3235 3135 quod
3283 3067 3377 3137 qui
3416 3043 3615 3123 Filium
3662 3070 3791 3127 sine

542 3182 837 3235 personam
872 3166 1060 3232 aliam,
1089 3181 1213 3236 qua:
1237 3166 1585 3234 producatur,
1616 3166 1883 3231 invenire,
1936 3180 2111 3235 quan-

542 3258 856 3327 doquidem,
885 3257 1032 3327 quod
1061 3257 1330 3327 producit,
1351 3266 1406 3315 et
1429 3258 1573 3328 quod
1601 3257 1943 3327 producitur,
1969 3256 2107 3311 idem

543 3364 665 3403 esse
699 3364 808 3403 non
844 3356 1041 3416 potest,
1068 3347 1339 3416 simulque
1368 3347 1640 3422 sermonis
1676 3347 1894 3403 tolletur
1919 3345 2111 3401 funda-

547 3449 813 3494 mentum.
844 3438 1290 3508 Praesuppouitur
1314 3438 1536 3509 quippe,
1561 3438 1718 3509 juxta
1744 3438 1885 3495 sacri
1911 3435 2111 3507 eloquii

546 3529 876 3601 positionem
900 3567 917 3593 ,
952 3529 1213 3599 Spiritum
1261 3526 1511 3599 produci,
1550 3527 1630 3581 vel
1664 3526 1986 3597 procedere;
2019 3541 2109 3579 so-

543 3624 764 3691 lumque
796 3620 941 3676 unde
974 3620 1272 3690 quaeritur:
1307 3630 1360 3676 et
1390 3620 1438 3676 si
1472 3619 1650 3684 Pater,
1684 3628 1737 3672 et
1769 3616 1938 3671 Filius
1972 3631 2110 3671 unus

540 3714 837 3786 productor
857 3721 964 3782 est,
983 3722 1040 3768 at
1066 3713 1209 3783 quod
1234 3714 1500 3784 producit,
1525 3724 1580 3767 et
1602 3712 1746 3781 quod
1772 3711 2107 3780 producitur,

541 3805 683 3858 idem
728 3820 847 3860 esse
888 3819 995 3859 non
1048 3812 1253 3874 potest.
1301 3804 1391 3858 Sic
1432 3804 1576 3858 enim
1614 3802 1925 3859 necessario
1965 3801 2106 3871 ejus,

539 3896 685 3963 quod
744 3896 980 3955 dicitur,
1033 3896 1215 3959 unde,
1279 3909 1446 3949 causa
1506 3894 1770 3947 tolletur:
1828 3894 1928 3946 hac
1979 3906 2109 3944 vero

541 3986 774 4046 ratione,
794 3994 847 4038 et
879 3985 1024 4053 quod
1045 3985 1249 4041 dicitur
1271 4000 1338 4039 ex
1363 3985 1517 4039 Patre
1542 3999 1636 4054 per
1657 3982 1851 4037 Filium
1882 3996 2110 4051 prorsus

539 4074 842 4129 auferetur.
888 4073 1006 4127 Non
1041 4089 1171 4145 ergo
1208 4085 1293 4129 est
1330 4076 1565 4143 putanda
1606 4075 1865 4128 instantia
1889 4112 1903 4136 ,
1943 4088 2106 4141 quam

536 4176 594 4218 et
626 4180 711 4228 ea,
739 4164 806 4218 de
829 4164 1029 4234 quibus
1053 4180 1237 4220 sermo
1259 4173 1362 4231 est,
1389 4174 1443 4220 et
1459 4180 1576 4235 quae
1596 4181 1625 4219 a
1648 4163 2108 4234 disputationibus

538 4271 803 4311 concessa
832 4264 981 4324 sunt,
1015 4258 1235 4314 tollunt.

2216 3158 2417 3227 Spiritu
2469 3159 2702 3227 cogitat,
2743 3158 2906 3213 etiam
2942 3158 3156 3213 Patrem
3195 3156 3406 3227 Spiritu
3454 3162 3782 3217 destitutum

2214 3248 2497 3318 intelliget.
2539 3247 2676 3315 Quia
2718 3249 2866 3303 enim
2907 3247 3077 3305 Filius
3114 3246 3293 3302 Patris
3324 3259 3408 3305 est
3447 3249 3697 3305 definitio
3729 3261 3786 3305 et

2215 3338 2473 3403 verbum;
2504 3350 2557 3391 et
2593 3339 2737 3392 sicut
2765 3337 3010 3392 definitio
3046 3338 3113 3391 ad
3155 3337 3461 3402 deﬁnitum,
3490 3339 3606 3393 sive
3645 3340 3786 3395 defi-

2211 3427 2401 3492 nibile,
2425 3428 2504 3483 sic
2524 3442 2581 3482 se
2601 3428 2766 3482 habet
2785 3426 2826 3480 F
2832 3426 2957 3480 ilius
2979 3426 3045 3480 ad
3065 3426 3277 3480 Patrem
3301 3428 3454 3495 juxta
3470 3427 3785 3498 theologum

2213 3518 2539 3590 Gregorium
2563 3535 2574 3570 :
2595 3518 2839 3581 omnino,
2858 3520 2950 3587 qui
2968 3517 3171 3572 deﬁniti
3196 3518 3565 3574 deﬁnitionem
3586 3523 3766 3575 nescit

2213 3625 2389 3680 neque
2416 3611 2593 3677 ipsum
2623 3610 2897 3665 detlnibilc
2925 3624 2991 3666 ac
3018 3609 3301 3675 deﬁnitum
3339 3613 3497 3668 sciet.
3523 3612 3715 3680 Itaque
3741 3616 3786 3669 si

2211 3702 2429 3773 quidem
2470 3699 2633 3756 Pater
2678 3700 2914 3770 Spiritus
2955 3701 3134 3755 sancti
3171 3716 3338 3757 causa
3377 3711 3493 3769 est,
3525 3715 3577 3757 et
3610 3703 3787 3759 Filius

2152 3809 2165 3821 ·
2211 3809 2334 3848 cum
2367 3808 2449 3847 eo.
2494 3792 2653 3859 Quod
2688 3795 2731 3847 si
2772 3808 2881 3847 non
2914 3791 3114 3854 Filius,
3147 3810 3321 3863 neque
3349 3793 3506 3849 Pater
3533 3796 3785 3865 quidem.

2210 3884 2345 3939 Nam
2371 3884 2515 3952 quod
2549 3887 2603 3939 in
2640 3885 3077 3940 incommutabili
3110 3885 3346 3957 imagine
3375 3900 3483 3941 non
3511 3889 3781 3953 cernitur,

2211 3976 2263 4029 id
2307 3991 2484 4043 neque
2523 3977 2575 4028 in
2634 3975 2906 4042 primitiva
2958 3976 3134 4031 forma
3182 3977 3533 4046 inspicietur.
3581 3978 3645 4032 Et
3690 3981 3782 4050 qui

2211 4065 2409 4120 Filium
2461 4065 2695 4136 Spiritus
2760 4066 2934 4122 sancti
3006 4083 3229 4122 causam
3283 4083 3390 4122 non
3434 4068 3681 4138 inspicit,
3720 4088 3787 4126 ne

2209 4160 2427 4212 Patrem
2465 4160 2680 4227 quidem
2718 4172 2943 4212 causam
2984 4157 3294 4226 hujusmodi
3331 4159 3517 4213 videre
3557 4164 3783 4228 poterit.

2208 4246 2362 4313 Quod
2396 4248 2539 4301 enim
2577 4247 2651 4302 ait
2682 4247 2953 4311 ChriStus,
2987 4247 3154 4301 veluti
3190 4247 3370 4301 brevis
3393 4252 3642 4319 quaedam
3681 4250 3784 4303 Pa-

609 4348 934 4417 Quanquam
968 4350 1183 4405 etiamsi
1211 4350 1313 4405 alia
1338 4364 1568 4421 persona
1594 4349 1772 4413 detur,
1799 4348 1903 4404 hoc
1926 4347 2103 4418 ipsum
2137 4385 2180 4438 ῃ
2212 4341 2310 4394 tris
2331 4351 2381 4393 et
2407 4338 2525 4394 Filii
2554 4340 2852 4409 parilitatis
2882 4350 2935 4394 et
2988 4340 3133 4407 atqui
3160 4338 3382 4393 honoris
3404 4340 3650 4394 definitio
3678 4354 3779 4397 est.

539 4448 593 4491 ιιι
624 4441 692 4492 de
741 4440 830 4493 illa
876 4441 1144 4508 quispiam
1195 4441 1451 4510 inquiret,
1498 4451 1663 4509 atque
1709 4440 1780 4493 ita
1835 4454 2103 4506 nusquam

537 4529 757 4583 sistetur
779 4529 1043 4584 infinitas.
1071 4530 1191 4584 Pari
1217 4531 1360 4585 enim
1384 4530 1614 4595 ratione,
1634 4536 1729 4583 aut
1752 4528 1808 4583 in
1829 4528 2103 4582 infinitum

534 4622 882 4690 progreditur
920 4637 1279 4691 processuum
1338 4635 1623 4687 numerus,
1666 4631 1793 4687 aut,
1839 4622 1887 4678 si
1940 4622 2106 4675 stabit

536 4713 767 4781 uspiam,
788 4728 887 4768 cur
905 4728 1013 4774 non
1043 4715 1146 4769 hoc
1164 4713 1333 4785 magis
1355 4714 1405 4766 in
1432 4714 1659 4785 Spiritu,
1678 4715 1833 4770 tertia
1852 4713 2105 4769 videlicet

535 4818 765 4872 persona
796 4803 1104 4870 Trinitatis,
1140 4815 1197 4860 ut
1232 4817 1284 4860 et
1319 4805 1602 4862 Trinitatis
1641 4807 1796 4861 nobis
1830 4805 2104 4860 confessio

534 4902 818 4960 servetur,
867 4904 920 4948 et
963 4895 1271 4965 hujusmodi
1314 4897 1524 4950 vanitas
1558 4897 1783 4950 omnino
1823 4892 2105 4950 arceatur?

534 4985 668 5037 Nam
725 4995 922 5054 praeter
968 4985 1056 5049 id,
1115 4986 1259 5056 quod
1319 4988 1629 5056 hujusmodi
1685 4989 2102 5044 ratiocinatores

535 5076 683 5140 vani,
722 5078 857 5130 nihil
891 5079 1266 5142 concludunt,
1304 5079 1466 5133 etiam
1514 5095 1636 5150 qua:
1691 5080 1849 5134 nobis
1882 5081 1948 5134 de
1978 5078 2103 5134 Tri-

536 5169 703 5222 nitate
741 5179 866 5223 sunt
901 5171 1092 5223 tradita
1119 5213 1134 5236 ,
1170 5181 1482 5225 morentur.
1522 5171 1708 5227 Posito
1748 5174 1894 5226 enim
1933 5173 2098 5227 etiam

530 5275 594 5313 ex
649 5259 767 5313 solo
822 5259 981 5315 Patre
1032 5276 1153 5316 esse
1200 5261 1486 5331 Spiritum,
1536 5262 1723 5316 eadem
1773 5272 1826 5317 et
1866 5264 1932 5316 ad
1982 5264 2103 5317 illos

529 5350 895 5406 nihilominus
942 5353 1046 5407 erit
1083 5353 1379 5420 instantia,
1424 5355 1802 5424 hmsitatioque
1838 5355 2097 5413 manebit.

529 5440 600 5495 Ut
629 5457 759 5513 ergo
790 5452 844 5497 et
866 5443 946 5498 eis
973 5444 1124 5513 ipsis,
1159 5455 1213 5499 et
1244 5446 1402 5500 nobis
1427 5448 1560 5500 nihil
1588 5449 1653 5501 ad
1678 5449 2100 5517 disputationem

531 5532 818 5585 conferens
861 5535 1125 5601 ejusmodi
1162 5536 1441 5598 instantia,
1485 5536 1593 5590 imo
1621 5540 1781 5591 etiam
1824 5542 2100 5610 proposita

531 5624 822 5682 destructis
847 5630 1158 5698 abjieiatur.
1794 5676 1819 5685 ..

636 5803 678 5834 "
714 5803 869 5859 Joan.
905 5808 1095 5885 Xir‘t).

2209 4430 2438 4495 Quantae
2484 4430 2687 4500 igitur,
2730 4439 2784 4484 et
2825 4443 2989 4499 quam
3032 4429 3353 4497 periculosa:
3381 4429 3627 4484 audacia:
3676 4440 3782 4499 est,

2208 4537 2329 4575 cum
2358 4531 2503 4575 tanta
2528 4522 2599 4575 sit
2624 4520 2890 4575 ambobus
2925 4519 3490 4574 iucommutahilitatis
3524 4519 3784 4575 identitao

2209 4613 2390 4681 ti~que
2420 4612 2557 4665 ratio
2579 4649 2593 4675 ,
2627 4610 2888 4680 Spiritum
2922 4625 2950 4663 a
2986 4607 3129 4662 Filio
3159 4608 3378 4664 auferre
3401 4647 3418 4673 ,
3453 4617 3640 4664 contra
3681 4611 3783 4665 Do-

2205 4703 2337 4755 mini
2369 4702 2703 4769 Patrumque
2728 4700 3082 4762 sententiam,
3105 4709 3163 4750 ut
3186 4698 3313 4752 hinc
3340 4700 3504 4752 etiam
3528 4701 3784 4768 imaginis

2206 4792 2731 4846 incommutabilitas
2780 4790 3009 4845 tollatur
3066 4787 3437 4857 esserrtimque
3473 4788 3781 4844 ditfuentia

2207 4886 2518 4940 necessario
2549 4882 2850 4951 sequatur?
2873 4880 3028 4935 Unde
3057 4894 3188 4935 sane
3218 4887 3452 4944 constat,
3480 4878 3696 4934 Patrem
3730 4894 3783 4935 et

2205 4972 2404 5027 Filium
2437 4988 2600 5026 unam
2647 4986 2768 5027 esse
2786 4973 2961 5026 sancti
3003 4971 3240 5040 Spiritus
3260 4985 3505 5037 causam,
3526 4976 3780 5042 g‘gueudi

2205 5063 2579 5132 nascendique
2612 5060 2943 5132 proprietate
2974 5071 3209 5115 servata.

2275 5178 2514 5231 Joannes
2540 5176 2666 5230 item
2697 5174 3119 5245 Chrysostomus
3152 5171 3205 5224 in
3232 5169 3301 5223 58
3327 5183 3491 5238 super
3513 5168 3779 5224 Joannem

2206 5271 2449 5336 humilia,
2480 5268 2945 5339 interrogantibus
2972 5264 3209 5327 Arianis,
3233 5263 3508 5331 quomodo
3531 5263 3777 5330 ejusdem

2205 5371 2349 5418 esset
2398 5360 2671 5425 essentia,
2720 5359 2813 5429 qui
2867 5360 3140 5419 mitteret,
3193 5366 3248 5408 et
3294 5356 3386 5424 qui
3443 5354 3776 5418 mitteretur,

2205 5454 2488 5522 respondit
2527 5452 2757 5506 dicens:
2796 5467 2814 5501 ι
2849 5447 3063 5503 Rursus
3104 5445 3171 5501 ad
3203 5445 3441 5500 humana
3469 5444 3771 5500 orationem

2208 5545 2479 5599 convertis
2504 5584 2517 5609 ,
2557 5555 2734 5610 neque
2774 5539 3035 5608 intelligis
3071 5538 3171 5591 ista
3207 5548 3427 5606 propter
3462 5536 3595 5589 nihil
3626 5535 3774 5588 aliud

2206 5636 2338 5701 dici,
2373 5637 2476 5691 uisi
2508 5643 2563 5689 ut
2593 5642 2648 5691 et
2673 5647 2891 5690 causam
2927 5632 3186 5694 sciamus,
3217 5629 3347 5701 etin
3381 5626 3773 5683 Sabelliimor-
