4106 6444
324 417 396 482 ’Π
1399 413 1796 478 ADVERSUS
1823 412 1891 472 Gl

1994 414 2138 476 :eos
2194 418 2343 480 LiB.
2385 423 2469 484 ιι.
2907 376 2913 382 ’
3498 427 3571 488 73

327 537 455 589 bum
497 546 605 587 non
648 528 975 586 incidamus.
1024 544 1044 580 ι
1087 526 1317 584 Constat
1345 541 1411 582 ex
1457 528 1581 590 his,
1630 525 1892 594 quoniam
1927 531 1970 584 Α
1998 526 2237 585 cundum
2286 548 2346 588 se
2372 547 2495 590 esse
2521 549 2551 590 a
2585 532 2762 593 Patris
2794 536 3058 609 dignitate
3092 539 3361 607 ostendit;
3396 556 3572 612 neque

326 625 503 691 mitti,
545 639 650 677 una
680 620 902 692 quidem
933 618 1242 675 divinarum
1280 630 1642 689 personarum
1681 618 1893 672 disere-

276 750 281 753 Α
325 718 530 773 tionem
550 714 921 777 commendat,
943 713 1107 767 simul
1132 713 1297 767 etiam
1322 704 1547 767 causam
1601 721 1657 766 et
1678 711 1897 766 causale

326 810 568 864 indicat:
600 827 618 860 ι
648 809 880 876 PrOpter
904 805 1044 860 nihil
1064 805 1208 860 enim
1234 803 1379 858 aliud
1413 804 1553 858 mitti
1585 804 1763 858 dictus
1786 812 1892 865 est,

327 905 431 959 nisi
465 910 522 957 ut
558 914 776 957 causam
801 900 1061 963 sciamus,
1082 908 1140 953 et
1167 898 1220 952 in
1253 897 1476 952 Sabellii
1502 896 1756 951 morbum
1784 910 1891 948 non

329 993 657 1049 incidamus.
702 1010 720 1042 ι
761 988 817 1044 Si
858 1000 1040 1045 autem
1100 990 1319 1043 mittere
1363 996 1417 1043 et
1467 987 1630 1050 mitti,
1669 997 1893 1040 causam

324 1096 378 1142 et
405 1087 625 1142 causaie
643 1082 941 1156 signiﬁcat,
960 1097 992 1136 a
1017 1081 1159 1136 Filio
1177 1083 1364 1136 autem
1393 1082 1629 1136 mittitur
1650 1077 1894 1149 Spiritus

327 1189 573 1247 sanctus,
622 1177 789 1247 liquet
837 1176 1138 1232 secundum
1182 1177 1366 1230 divum
1413 1175 1891 1244 Chrysostomum,

326 1275 457 1346 quia
484 1274 650 1329 Filius
677 1286 844 1328 causa
875 1283 956 1327 est
984 1272 1220 1342 Spiritus
1248 1270 1452 1334 sancti,
1488 1278 1543 1323 et
1572 1269 1830 1337 quoniam
1863 1280 1893 1347 a

323 1368 490 1420 Patre
516 1374 569 1420 et
610 1363 748 1418 Filio
784 1363 1054 1430 mittitur;
1097 1362 1258 1418 Pater
1286 1372 1419 1433 ergo
1448 1371 1503 1415 et
1543 1360 1718 1416 Filius
1749 1371 1893 1415 unus

323 1457 568 1513 mittens.
599 1469 815 1526 unaque
841 1467 1004 1508 causa
1048 1465 1273 1509 sanctus
1300 1450 1543 1522 Spiritus
1571 1459 1674 1507 est.
1705 1450 1894 1519 itaque

324 1562 431 1602 non
479 1548 654 1601 solum
699 1560 797 1617 per
840 1546 931 1612 id,
970 1546 1112 1616 quod
1154 1545 1356 1600 dicitur
1396 1544 1728 1614 procedere.
1768 1556 1891 1597 cum

321 1639 563 1708 Spititus
600 1652 663 1691 ex
706 1636 868 1692 Patre
908 1650 1005 1706 per
1048 1635 1246 1690 Filium
1295 1634 1587 1706 procedere
1625 1632 1893 1701 theolosgis

322 1736 689 1795 ssseveretur,
728 1741 915 1782 verum
944 1740 1041 1796 per
1082 1728 1133 1780 id
1164 1714 1386 1797 quoque
1426 1727 1571 1797 quod
1620 1725 1760 1779 mitti
1799 1739 1892 1792 per

322 1822 518 1877 Filium
548 1821 782 1891 Spiritus
811 1821 1034 1885 dicitur,
1063 1818 1235 1874 Filius
1256 1819 1496 1889 Spiritus
1524 1818 1697 1875 sancti
1726 1833 1887 1873 causa

324 1914 627 1971 secundum
660 1913 1097 1978 substantialem,
1136 1920 1191 1967 et
1221 1913 1465 1974 unicum,
1498 1918 1554 1966 et
1583 1911 1887 1980 simplicem

323 2019 658 2078 processum,
675 2005 829 2075 juxta
862 2003 1117 2058 Ecclesia:
1143 2003 1444 2072 theologos,
1475 2002 1711 2071 iideiqne
1736 2003 1887 2072 prin-

324 2100 464 2168 cipia
490 2111 614 2153 esse
636 2094 932 2161 invenitur.
960 2093 1173 2149 Etiilud
1202 2110 1309 2150 una
1336 2104 1581 2165 apparet,
1604 2096 1750 2165 quod
1779 2104 1895 2150 non’

322 2193 454 2246 dare
480 2191 820 2247 solummodo
849 2200 904 2246 et
950 2190 1140 2245 audire
1179 2199 1236 2245 et
1274 2193 1542 2259 accipere,
1583 2192 1635 2245 in
1665 2188 1887 2251 divinis.

327 2294 387 2339 ut
434 2297 595 2353 supra
645 2282 1077 2338 demoustra.um
1108 2289 1223 2343 est.
1255 2297 1517 2344 causam,
1550 2290 1604 2335 et
1646 2281 1885 2345 causaie,

332 2382 790 2447 personarumque
835 2374 1254 2436 discretionem,
1307 2383 1363 2428 et
1402 2374 1471 2429 ab
1513 2373 1621 2427 alio
1661 2387 1803 2436 esse,
1836 2381 1889 2427 et

330 2480 546 2523 causam
575 2482 696 2523 esse
723 2467 927 2522 indicat
949 2509 962 2533 ,
999 2469 1094 2523 sed
1125 2476 1177 2523 et
1213 2469 1441 2532 mittere,
1470 2474 1525 2520 et
1557 2466 1715 2529 mitti,
1758 2480 1889 2519 can-

335 2574 452 2614 sam
483 2559 659 2615 itidem
688 2568 742 2614 et
779 2559 998 2615 causaie
1031 2558 1336 2630 signiﬁcat,
1371 2556 1629 2628 mittique
1680 2556 1748 2610 ab
1781 2555 1891 2610 alio

334 2664 442 2704 esse
473 2647 825 2705 demonstrat.
860 2647 984 2704 Ideo
1026 2657 1082 2705 et
1137 2646 1299 2703 Pater
1338 2647 1483 2703 mitti
1531 2662 1639 2702 non
1670 2645 1889 2710 dicitur,

332 2742 582 2811 quoniam
626 2757 691 2798 ex
734 2741 886 2799 nullo
917 2751 1040 2810 est;
1095 2739 1268 2797 Filius
1315 2749 1501 2797 autem
1548 2747 1602 2796 et
1653 2740 1891 2809 Spiritus

328 2839 567 2894 sanctus,
608 2830 864 2899 quoniam
911 2845 976 2884 ex
1024 2842 1191 2885 causa
1238 2840 1402 2895 sunt,
1449 2830 1752 2885 secundum
1805 2828 1889 2884 sui

329 2936 617 2993 processus
642 2922 1000 2978 diﬂ‘ercntiam
1045 2923 1183 2978 mitti
1212 2908 1471 2978 dicuntur
1500 2938 1514 2977 :
1556 2920 1729 2977 Filius
1767 2922 1891 2991 quia

328 3015 485 3081 dem,
517 3029 548 3069 a
593 3013 754 3070 Patre
780 3015 935 3081 solo,
976 3015 1106 3087 quia
1149 3025 1205 3071 et
1240 3032 1303 3071 ex
1339 3015 1459 3071 solo
1487 3023 1603 3080 est;
1651 3013 1890 3083 Spiritus

326 3116 508 3162 autem
536 3117 759 3164 sanctus
782 3123 811 3163 a
837 3109 993 3164 Patre
1017 3117 1070 3164 et
1090 3108 1252 3176 Filio,
1282 3107 1540 3178 quoniam
1590 3121 1688 3177 per
1710 3107 1887 3176 ipsum

1996 621 2141 674 enim
2175 625 2386 680 servilis
2408 626 2496 682 illa
2524 629 2714 685 missio
2743 630 3091 702 intelligenda
3115 640 3218 698 est,
3250 636 3355 689 etsi
3403 650 3567 704 quam

1997 717 2237 770 maxime
2267 718 2449 774 servili
2484 718 2657 775 forma
2692 725 2954 787 vestitus,
2988 726 3101 779 haec
3132 727 3198 780 de
3234 743 3292 782 se
3318 727 3436 783 sine
3466 729 3570 783 cri—

1999 806 2145 861 mine
2185 808 2457 878 loquatur.
2501 811 2698 867 Missos
2731 822 2812 869 eSt
2843 829 3023 870 autem
3056 819 3152 882 ita,
3183 819 3323 873 sicut
3350 826 3570 876 verbum

1995 912 2063 979 ex
2099 910 2316 964 mente,
2355 903 2497 957 sicut
2526 904 2783 973 splendor
2823 908 2952 963 solis
2978 924 3041 964 ex
3080 911 3215 980 ipso.
3269 932 3286 961 ι

2066 991 2212 1046 Idem
2268 1007 2434 1064 super
2483 996 2655 1051 illud:
2703 996 2890 1054 Sciens
2936 1003 3063 1072 quia
3110 1004 3290 1057 omnia
3344 1003 3483 1057 dedit
3528 1006 3576 1059 ei

1995 1080 2159 1137 Pater
2183 1086 2235 1137 in
2265 1100 2453 1141 manus
2473 1086 2515 1119 ¹⁹
2540 1127 2557 1151 ,
2592 1106 2611 1139 ι
2647 1088 2710 1143 Et
2736 1101 2903 1149 certe.
2933 1093 3129 1162 inquit,
3156 1104 3265 1148 neu
3290 1095 3570 1165 ignorans,

1996 1175 2125 1244 quia
2170 1179 2416 1231 omnium
2470 1178 2633 1233 habet
2687 1190 3047 1250 potestatem,
3099 1197 3152 1240 et
3199 1187 3323 1256 quia
3378 1203 3408 1241 a
3462 1187 3571 1243 Deo

1994 1267 2184 1327 exivit,
2219 1268 2323 1323 hoc
2351 1280 2456 1336 εει,
2486 1285 2552 1325 ex
2586 1272 2762 1327 Patris
2793 1275 3031 1329 essentia
3069 1286 3229 1331 natus
3259 1290 3362 1332 est.
3407 1300 3424 1330 ι

2066 1361 2210 1417 Idem
2242 1376 2405 1432 super
2432 1364 2562 1421 illud
2590 1385 2603 1419 :
2632 1367 2967 1431 Credidistis,
2991 1374 3121 1439 quia
3143 1389 3176 1424 a
3204 1372 3309 1425 Deo
3335 1374 3472 1427 exivi
3495 1374 3570 1439 '°,

2001 1474 2019 1505 ι
2068 1448 2142 1510 Ex
2169 1471 2258 1520 eo,
2292 1456 2493 1527 inquit,
2525 1462 2673 1529 quod
2704 1460 2821 1515 ait:
2861 1460 3018 1517 Exivi
3045 1480 3076 1516 a
3114 1462 3242 1528 Deo,
3269 1468 3353 1520 hic
3384 1483 3575 1521 rursus

1995 1547 2307 1616 putabimus
2338 1549 2571 1613 dictum,
2605 1551 2710 1615 Vol,
2751 1553 2878 1622 quia
2932 1535 3240 1609 ιιιιῑιιςέιιιιι
3264 1597 3278 1616 ,
3313 1568 3476 1626 atque
3506 1575 3570 1612 ex

1994 1638 2138 1694 illius
2171 1640 2479 1696 substantia
2531 1640 2683 1697 iliuti
2734 1648 3037 1713 secundum
3097 1663 3456 1716 processum,
3517 1663 3576 1705 ut

1993 1745 2193 1798 essent,
2229 1742 2282 1786 et
2314 1733 2666 1804 intelligercr,
2702 1738 2933 1793 fortasse
2957 1740 3175 1807 proprie
3230 1757 3292 1794 ac
3321 1743 3576 1797 substan-

1995 1825 2229 1892 tiaiiter,
2267 1838 2371 1879 non
2409 1837 2588 1881 tamen
2632 1829 2849 1898 penitus
2897 1830 3137 1886 divisim.
3186 1832 3282 1887 Est
3325 1835 3471 1887 enim
3521 1836 3573 1888 in

1998 1914 2135 1972 Fiiio
2155 1917 2331 1981 Pater,
2358 1934 2686 1987 rursumque
2709 1923 3011 1976 secundum
3039 1931 3285 1979 naturam
3338 1908 3389 1979 ﬁt
3415 1925 3577 1981 Patre

1995 2009 2195 2065 Filius.
2244 2011 2372 2066 Sive
2418 2012 2592 2074 exiri,
2645 2028 2743 2082 pro
2786 2028 2850 2069 co
2897 2014 3040 2079 quod
3088 2026 3201 2083 est,
3251 2016 3426 2073 luctus
3451 2035 3572 2073 sum

1994 2103 2191 2169 homo,
2236 2116 2471 2159 vestram
2520 2104 2749 2160 fortnam
2807 2115 3167 2179 naturamque
3242 2110 3572 2180 suscipiens.

1996 2193 2162 2263 Quasi
2197 2198 2339 2250 enim
2377 2198 2529 2252 int-us
2562 2198 2861 2267 cujuslibet
2894 2202 2968 2255 rei
3005 2212 3088 2256 est
3127 2204 3346 2271 propria
3377 2214 3574 2258 natura

1994 2305 2024 2342 a
2055 2302 2167 2359 qua
2190 2293 2326 2350 exit,
2347 2302 2467 2344 cum
2501 2291 2565 2344 ad
2598 2290 2746 2346 aliud
2772 2293 3054 2363 quodlibet
3085 2290 3311 2363 migrat,
3343 2302 3397 2350 et
3425 2299 3573 2366 quod

1996 2394 2103 2435 non
2141 2389 2260 2437 erat
2290 2382 2544 2437 edicitur.
2594 2400 2613 2433 ι
2955 2401 2958 2406 ·

2064 2471 2301 2553 Sanctus
2349 2474 2476 2528 item
2528 2472 2794 2532 Maximus
2841 2477 3270 2534 Controversiam
3320 2478 3571 2535 Anonta-i

1995 2576 2092 2619 seu
2125 2565 2313 2618 Arintti
2349 2576 2470 2619 enm
2516 2567 2823 2621 orthodoxo
2867 2569 2922 2622 in
2957 2556 3398 2639 morem'diaiogi
3444 2587 3574 2624 mtt-

1994 2654 2262 2723 scribens,
2296 2656 2623 2714 Anomoeum
2663 2654 3086 2729 interrogantem
3123 2662 3281 2728 facit,
3315 2663 3572 2731 quidnam

1994 2745 2065 2799 sit
2096 2748 2333 2816 gignere,
2366 2759 2415 2802 et
2460 2749 2635 2814 nasci,
2660 2758 2709 2803 et
2750 2752 3013 2817 emittere,
3057 2764 3220 2822 atque
3247 2754 3576 2822 producere?

1994 2837 2485 2912 Orthodosumque
2507 2843 2580 2897 ita
2605 2841 3025 2911 respondentem
3056 2846 3354 2901 introducit
3380 2864 3393 2900 :
3424 2866 3441 2896 ι
3467 2845 3574 2900 Pa-

1994 2936 2077 2984 ter
2102 2930 2332 3000 quidem
2398 2934 2601 3004 gignit,
2635 2941 2739 2991 hoc
2795 2944 2875 2992 est
2931 2939 3146 3007 genuit,
3186 2938 3357 2993 Filius
3392 2949 3575 2994 autem

1994 3025 2257 3095 gignitur,
2284 3026 2335 3080 id
2359 3034 2441 3081 est
2493 3028 2713 3097 genitus
2736 3039 2853 3095 est;
2878 3039 3041 3099 atque
3066 3030 3176 3098 ipse
3200 3028 3357 3087 Pater
3376 3034 3577 3088 emittit

1996 3118 2285 3188 Spiritum,
2307 3120 2412 3173 hoc
2438 3131 2521 3174 est
2543 3120 2764 3186 emisit;
2796 3119 3147 3192 Spiritusque
3172 3125 3438 3193 procedit,
3469 3126 3575 3181 hoc

2698 3206 2715 3229 1

326 3206 382 3253 et
402 3199 473 3254 ab
494 3198 616 3268 ipso
636 3207 738 3252 est.
763 3197 933 3253 Aliter
955 3200 1101 3254 enim
1121 3199 1164 3254 si
1192 3197 1531 3268 accipiantur
1552 3196 1681 3261 ista,
1708 3196 1885 3251 locum
1916 3199 1962 3260 ο
1995 3220 2077 3267 εει
2111 3214 2392 3279 processu
2443 3231 2461 3264 ,

228 3349 241 3357 ,
330 3293 385 3347 iu
413 3300 602 3347 sancta
636 3289 898 3346 Trinitate
925 3306 1033 3347 non
1065 3291 1289 3359 habent,
1321 3291 1416 3346 tibi
1448 3289 1770 3346 substantiae
1806 3289 1888 3343 in-

331 3381 787 3439 commutabilitas
818 3392 983 3454 atque
1034 3382 1288 3439 identitas
1327 3396 1469 3449 esse,
1511 3394 1610 3451 pro
1636 3381 1893 3438 confesso

333 3476 579 3531 habetur.

400 3567 591 3640 Liquet
620 3578 793 3624 autem
817 3582 881 3623 cx
911 3568 1018 3632 his,
1045 3566 1189 3636 quod
1218 3568 1272 3622 in
1303 3566 1441 3622 Filio
1470 3568 1691 3639 quidem
1718 3567 1888 3638 gigni,

335 3661 474 3717 mitti
518 3671 630 3726 est,
683 3662 739 3717 in
786 3661 988 3732 Spiritu
1040 3674 1171 3716 vero
1214 3661 1515 3732 procedere
1559 3670 1660 3716 est.
1706 3659 1894 3730 Neque

334 3753 474 3811 mitti
502 3754 697 3820 solum,
731 3755 821 3810 sed
848 3753 1106 3825 quaelibet
1130 3755 1325 3820 verba,
1339 3767 1659 3825 processum
1684 3751 1894 3819 simpli-

334 3849 470 3903 citer
487 3848 865 3923 signiﬁcantia,
881 3846 1132 3918 Filioque
1151 3861 1216 3904 ac
1233 3847 1461 3918 Spiritui
1480 3846 1891 3910 convenientia,

331 3939 385 3994 in
420 3940 591 3995 altero
615 3939 836 4011 quidem
869 3939 1229 4001 nativitatem,
1258 3939 1313 3993 in
1349 3938 1519 3993 altero
1549 3946 1731 3992 autem
1767 3952 1892 4005 pro-

335 4032 634 4088 cessionem
663 4030 1066 4095 commendant,
1089 4030 1244 4102 juxta
1275 4030 1482 4085 scilicet
1515 4027 1735 4085 illorum
1763 4042 1894 4098 pro-

335 4124 479 4194 prios
534 4123 1028 4191 su‘bstantiaiesquc
1075 4135 1388 4192 processus.
1447 4117 1573 4176 Haec
1633 4120 1781 4175 enini
1840 4126 1896 4174 et

334 4218 506 4273 sancti
536 4216 724 4272 Patres
750 4216 957 4271 dicunt.

406 4308 636 4365 Sanctus
667 4306 901 4378 denique
932 4306 1189 4379 Cyrillus,
1231 4321 1398 4378 super
1443 4306 1573 4361 illud
1613 4302 1894 4376 evangeli-

334 4416 458 4457 cum
512 4418 527 4455 ε
578 4400 681 4469 Qui
735 4410 909 4454 autem
951 4398 1321 4469 accipitiltius
1376 4399 1755 4464 testimonium,
1815 4399 1893 4453 εἰς

335 4496 531 4566 gannit,
568 4497 694 4564 quia
745 4493 879 4548 Deus
933 4508 1095 4549 veras:
1151 4504 1226 4548 est
1260 4491 1345 4558 ¹⁶,
1383 4510 1401 4544 ι
1441 4490 1621 4553 Pater,
1692 4493 1888 4562 inquit,

337 4588 525 4643 Filium
559 4602 620 4643 ex
654 4588 869 4658 prOpria
900 4597 1092 4642 natura
1124 4586 1365 4656 protulit,
1397 4584 1565 4640 veluti
1593 4599 1658 4639 ex
1688 4585 1892 4639 lumine

334 4681 698 4751 splendorem,
729 4680 1027 4735 semiudum
1062 4677 1390 4733 inetl'ahiiem
1421 4691 1584 4748 atque
1611 4677 1894 4730 inenarra-

334 4773 494 4825 bilem
527 4770 722 4824 divina
750 4760 1047 4824 nativitatis
1079 4780 1315 4831 morem,
1350 4771 1494 4839 quod
1528 4769 1645 4839 ipse
1673 4783 1897 4838 quoque

332 4867 489 4923 nobis
534 4862 797 4923 ostendit“
815 4866 1042 4921 dicens:
1101 4862 1409 4934 Unigenitus
1463 4878 1556 4934 ego
1605 4878 1670 4919 ex
1726 4860 1892 4918 Patre

332 4957 492 5021 exiri,
530 4968 581 5012 et
610 4958 752 5011 venio
778 4956 845 5009 ".
892 4955 1307 5025 Exivit'quippe
1347 4970 1413 5008 ex
1452 4952 1617 5008 Patre
1661 4955 1713 5007 in
1761 4968 1891 5024 pro-

331 5049 504 5117 priam
552 5044 912 5100 substantiam
965 5044 1168 5110 Filius,
1227 5046 1331 5099 etsi
1383 5046 1439 5098 in
1497 5045 1614 5115 ipso
1676 5058 1893 5113 semper

332 5139 626 5193 secundum
654 5146 900 5192 naturam
925 5145 1028 5203 est,
1052 5139 1307 5207 quodque
1330 5136 1490 5190 nobis
1522 5138 1574 5188 in
1604 5135 1697 5189 illo
1712 5135 1894 5189 exisse

331 5230 623 5301 signiﬁcat,
658 5231 759 5284 hoc
790 5243 1004 5284 rursum
1039 5230 1126 5284 hic
1158 5229 1305 5283 mitti
1338 5228 1564 5283 indicat.
1615 5247 1635 5280 ι

405 5322 544 5376 Idem
586 5336 748 5392 super
780 5321 949 5376 illud:
982 5324 1097 5375 Mea
1124 5320 1371 5374 doctrina
1397 5337 1499 5375 non
1530 5331 1609 5375 est
1632 5340 1770 5388 mea,
1800 5326 1890 5379 sed

329 5417 441 5486 eius
493 5418 583 5484 qui
628 5417 766 5472 misit
820 5432 900 5469 me
946 5416 1028 5481 “,
1068 5432 1087 5467 ι
1127 5414 1416 5471 Sciendum
1480 5429 1649 5481 vero,
1684 5417 1883 5487 inquit,

2062 3299 2320 3355 Consona
2354 3302 2438 3355 his
2487 3310 2545 3357 ct
2567 3303 2759 3358 beatus
2788 3301 3088 3375 Gregorius
3121 3303 3407 3361 Romanus
3435 3324 3576 3378 pou-

1993 3388 2124 3446 tifnx
2155 3390 2207 3445 in
2242 3392 2465 3447 humilia
2487 3408 2648 3463 super
2682 3394 2812 3448 illud
2846 3398 3223 3466 evangelicum
3252 3394 3366 3469 (3t)
3393 3415 3408 3452 :
3440 3398 3573 3453 Cum

1991 3501 2107 3540 sero
2123 3495 2254 3538 esset
2273 3484 2358 3537 die
2377 3484 2473 3538 illa
2493 3501 2600 3538 una
2621 3484 2980 3541 Sabbatoram
2994 3488 3035 3520 ’ί
3048 3488 3328 3559 ,Ἴοᾳιιίῑιιτ
3343 3490 3571 3547 dicens:

1997 3596 2013 3629 ι
2037 3576 2182 3633 Sicut
2212 3578 2352 3631 misit
2389 3594 2469 3630 me
2494 3579 2678 3641 Pater,
2696 3588 2744 3633 et
2763 3595 2855 3648 ego
2886 3581 3041 3633 mitto
3067 3597 3157 3634 vos
3172 3578 3242 3636 “.
3278 3600 3295 3632 ι
3326 3578 3438 3637 llnc
3465 3592 3571 3643 est.

1993 3685 2055 3725 ea
2102 3684 2198 3724 vos
2232 3670 2502 3725 charitate
2531 3668 2731 3741 diligo,
2758 3686 2881 3725 cum
2915 3672 3055 3726 inter
3089 3673 3346 3727 scandala
3384 3688 3571 3741 perse-

1992 3773 2241 3819 cuturum
2295 3763 2487 3825 mitto,
2549 3776 2656 3831 qua
2709 3777 2793 3816 me
2840 3764 3106 3817 charitate
3154 3758 3314 3817 Pater
3371 3764 3569 3832 diligit,

1993 3869 2153 3924 quem
2184 3853 2373 3908 venire
2403 3854 2469 3907 ad
2497 3848 2808 3907 tolerandas
2839 3854 3119 3920 passiones
3142 3854 3288 3912 fecit.
3319 3855 3573 3922 quamvis

1994 3946 2134 3999 mitti
2166 3944 2351 4007 etiam,
2388 3943 2541 4013 juxta
2562 3941 2874 4005 divinitatis
2905 3953 3182 4006 naturam,
3213 3945 3370 3998 aliter
3400 3954 3573 4012 possnt

1993 4038 2246 4108 intelligi.
2278 4034 2357 4093 Eo
2390 4038 2534 4092 enim
2567 4039 2685 4106 ipso
2713 4052 2741 4091 a
2786 4037 2947 4092 i’atre
2979 4035 3151 4093 Filius
3178 4038 3317 4092 mitti
3349 4040 3570 4107 dicitur,

1991 4142 2102 4200 quo
2129 4145 2156 4182 τι
2190 4126 2350 4182 Patre
2383 4134 2696 4197 generatur.
2737 4127 2868 4181 Nam
2926 4136 3173 4182 sanctum
3207 4142 3426 4199 quoque
3453 4128 3573 4199 Spi—

1994 4223 2197 4288 ritum,
2242 4220 2358 4290 qni,
2390 4235 2513 4274 cum
2556 4219 2627 4274 sit
2657 4219 2951 4290 comqualis
2995 4217 3142 4275 Patri
3176 4232 3227 4276 et
3272 4219 3432 4287 Filio,
3462 4240 3569 4277 tton

1995 4324 2178 4368 tamen
2211 4313 2528 4366 incarnatus
2551 4319 2654 4375 est,
2688 4311 2830 4365 idem
2865 4324 2925 4365 se
2948 4308 3121 4365 Filius
3148 4313 3363 4366 mittere
3388 4313 3572 4382 perit?—

1994 4406 2084 4462 bst
2108 4404 2293 4459 dicens
2314 4419 2328 4457 :
2354 4403 2485 4458 Cum
2509 4404 2706 4457 venerit
2723 4403 3063 4467 Paraclettts,
3081 4420 3232 4473 quem
3251 4420 3343 4474 ego
3362 4406 3569 4459 mittam

1995 4499 2139 4554 vobis
2171 4516 2200 4550 a
2232 4496 2393 4551 Patre
2418 4495 2486 4550 ’³.
2517 4494 2574 4550 Si
2608 4496 2752 4550 enim
2786 4496 2949 4557 mitti.
2979 4496 3359 4551 tantummodo
3392 4499 3571 4550 incar-
3633 4562 3651 4577 .

1999 4591 2114 4646 nari
2143 4589 2363 4644 deberet
2384 4586 2632 4656 intelligi,
2654 4593 2879 4643 sanctus
2926 4585 3114 4654 procul
3139 4586 3305 4640 dubio
3330 4585 3569 4654 Spiritus

1995 4683 2144 4737 nullo
2175 4682 2337 4737 modo
2368 4681 2646 4735 diceretur
2675 4680 2841 4742 mitti,
2875 4678 2967 4745 qui
3008 4690 3350 4747 nequaquam
3385 4677 3569 4730 incar-

1995 4789 2157 4835 natus
2180 4788 2289 4842 est,
2324 4778 2418 4833 sed
2451 4778 2571 4848 ejus
2603 4775 2815 4840 missio,
2849 4774 2964 4842 ipsa
2998 4775 3279 4844 processio
3309 4782 3389 4829 est
3410 4813 3424 4836 ,
3461 4790 3566 4845 qua

1993 4874 2060 4928 de
2091 4871 2264 4939 ,Patre
2308 4870 2549 4939 procedit
2607 4879 2658 4924 et
2701 4867 2862 4924 Filio.
2908 4865 3065 4923 Sicut
3122 4867 3287 4939 igitur
3328 4864 3567 4939 Spiritus

1995 4964 2136 5019 mitti
2161 4962 2385 5027 dicitur,
2409 4963 2537 5032 quia
2567 4960 2836 5032 procedit,
2869 4962 2941 5014 ita
2966 4970 3021 5015 et
3048 4959 3219 5016 Filius
3248 4976 3352 5015 non
3379 4960 3568 5015 incon-

1994 5071 2128 5127 grue
2158 5054 2296 5109 mitti
2323 5052 2548 5117 dicitur,
2578 5054 2668 5124 qui
2701 5065 3013 5124 generatur.
3066 5072 3085 5105 ι

2064 5146 2220 5214 Quod
2248 5145 2412 5215 igitur
2439 5162 2503 5200 ex
2529 5143 2638 5198 divi
2668 5143 2842 5199 Patris
2866 5143 3244 5216 Chrysostomi
3273 5140 3436 5198 dictis
3464 5141 3571 5196 col-

1996 5240 2204 5314 ligitur,
2237 5239 2342 5294 hoc
2366 5236 2529 5293 etiam
2570 5246 2888 5293 sanctorum
2925 5246 3247 5292 cancrorum
3279 5237 3569 5290 sententiis

1996 5333 2175 5403 colligi
2192 5330 2373 5385 datur.
2400 5327 2534 5383 Mitti
2559 5328 2759 5398 quippe
2781 5326 2956 5381 hocin
2980 5324 3137 5385 Patre
3159 5340 3221 5380 ac
3241 5321 3378 5378 Filio
3398 5320 3540 5388 signi
3557 5348 3570 5355 -
3614 5348 3617 5351 -

1999 5430 2124 5481 ticat
2152 5423 2298 5494 quod
2341 5430 2394 5477 et
2426 5421 2610 5484 nasci,
2639 5428 2693 5475 et
2721 5435 2786 5474 ex
2827 5417 2989 5473 Patre
3034 5433 3156 5473 esse
3197 5417 3434 5477 habere;
3467 5411 3570 5466 etsi

332 5512 476 5581 quod
507 5524 599 5580 per
626 5511 703 5575 id,
734 5510 878 5580 quod
911 5508 1134 5563 missum
1167 5523 1226 5563 se
1249 5509 1447 5564 iterum
1480 5509 1633 5576 dicit,
1668 5526 1773 5565 non
1802 5527 1888 5567 se-
1987 5516 2144 5586 juxta
2169 5510 2286 5564 Filii
2317 5510 2716 5565 humanitatem
2748 5509 2852 5563 ista
2886 5506 3107 5577 intelligi
3139 5507 3366 5574 possint.
3388 5499 3573 5555 Porro

408 5654 446 5686 ἐ
472 5651 626 5710 Joan.
655 5671 733 5719 nt,
768 5656 857 5712 55.
938 5655 982 5687 "’
1016 5654 1176 5710 Joan.
1215 5669 1326 5715 xvr.
1357 5652 1449 5711 28.
1527 5654 1569 5687 "
1589 5651 1753 5713 Joan.
1779 5656 1987 5723 vn,16.
2033 5662 2074 5693 ιο
2105 5656 2262 5712 Joan.
2294 5671 2407 5722 xttt,
2439 5657 2491 5710 ὃ.
2536 5658 2581 5689 ’⁸
2610 5656 2767 5712 Joan.
2792 5670 2901 5720 tm,
2929 5653 3022 5710 9.7.
3098 5652 3139 5683 "
3179 5648 3364 5704 Matth.
3393 5663 3483 5710 xx.
3516 5642 3572 5700 3-

334 5727 381 5756 ”
410 5724 562 5780 Joan.
598 5741 684 5792 xx,
717 5728 809 5782 2|.
888 5725 931 5757 ”
961 5723 1119 5779 Joan.
1149 5740 1235 5790 xv,
1264 5724 1355 5779 26.

404 5866 516 5940 (³1)
554 5867 707 5926 Hom.
739 5869 812 5927 26
847 5886 1012 5941 super
1043 5870 1244 5941 Evang.
