4106 6442
572 384 643 441 τι]
1831 381 2216 440 ιιιικυιειιιε
2256 383 2554 443 caeses
3037 386 3048 397 '
3741 389 3814 449 8n

575 518 699 554 cum
738 501 839 555 hoc
872 500 924 554 in
962 497 1168 568 Spiritu
1203 506 1395 552 sancto
1434 511 1537 551 non
1573 495 1802 558 habeat,
1847 496 1966 549 ideo
1997 493 2142 562 quod
2175 501 2216 553 Λ
2245 495 2617 564 disputatione
2673 497 2958 554 orthodosi
3007 510 3057 554 et
3116 501 3367 556 Anommi
3392 540 3408 564 ,
3462 515 3526 556 ex
3581 519 3811 572 persona

573 608 777 659 corpus
805 607 908 645 non
941 589 1301 658 assumpserit
1333 599 1388 641 tit
1421 588 1608 650 Filius,
1646 594 1812 644 restat
1841 586 2142 654 intelligen-

517 748 523 770 ’
581 686 708 735 dum
742 684 808 734 de
842 683 1074 736 naturali
1110 696 1366 750 processu
1402 679 1576 733 sancti
1614 678 1853 747 Spir‘tus
1888 692 1949 730 ex
1981 675 2140 742 Filio,

571 775 714 844 quod
753 775 912 838 mitti,
942 784 994 827 et
1019 775 1188 834 exire,
1217 782 1269 825 et
1305 771 1518 838 prodire
1546 769 1765 824 dicitur.

640 866 715 920 lix
761 866 961 935 quibus
1011 866 1170 918 etiam
1224 864 1462 916 maxime
1517 861 1866 915 manifestum
1913 867 2035 922 est,
2086 867 2145 912 ut

571 959 834 1022 diximus,
871 974 977 1012 non
1005 958 1146 1011 duos
1182 973 1305 1011 esse
1340 956 1515 1009 sancti
1557 955 1796 1024 Spiritus
1826 967 2141 1023 processus,

567 1051 710 1118 quod
739 1065 768 1102 a
814 1047 1142 1117 quibusdam
1182 1048 1520 1111 assumitur;
1575 1046 1676 1098 hoc
1702 1044 1848 1098 enim
1898 1039 2144 1113 pluribus

570 1144 844 1211 arguitur,
884 1142 987 1194 etsi
1029 1149 1250 1208 propter
1283 1139 1428 1192 illius
1452 1137 1803 1204 temporalem
1832 1122 2144 1190 manifesta-

572 1235 792 1296 tionem,
824 1243 1183 1298 nostrumque
1218 1229 1546 1298 proiectum,
1574 1239 1838 1281 aeternum
1873 1226 2016 1295 quod
2039 1235 2141 1292 est,

568 1327 867 1394 temporale
894 1325 1164 1385 videatur,
1197 1331 1255 1375 ut
1283 1321 1534 1390 superius
1569 1320 1775 1374 dictum
1804 1327 1908 1373 est.

639 1419 794 1484 Quod
840 1419 886 1472 si
932 1417 1092 1471 divus
1138 1416 1558 1486 Chrysostomus
1592 1414 1698 1467 alio
1731 1412 1782 1466 in
1813 1412 1932 1465 loco
1961 1411 2098 1465 dixit
2126 1429 2139 1464 :

576 1527 595 1560 ι
627 1509 763 1562 Cum
797 1523 924 1562 vero
945 1507 1086 1560 mitti
1117 1505 1380 1564 audieris,
1415 1503 1518 1556 noli
1544 1504 1610 1556 de
1630 1503 1913 1556 divinitate
1937 1503 2138 1555 dictum

569 1603 850 1669 accipere;
917 1598 1062 1652 Deus
1112 1613 1214 1652 non
1275 1597 1529 1658 mittitur,
1570 1615 1588 1647 ι
1632 1596 1958 1657 dicendum,
1995 1593 2138 1663 quod

568 1693 693 1760 quia
723 1690 940 1758 plurimi
965 1689 1370 1753 hmretit‘orttm,
1396 1704 1457 1740 ex
1487 1702 1549 1739 eo
1577 1685 1718 1753 quod
1745 1686 1949 1740 dicitur
1977 1685 2137 1749 mitti,

568 1787 769 1853 gradus
818 1783 1162 1836 divinitatum
1246 1781 1691 1841 introdueentes,
1748 1793 2020 1847 unamque
2087 1787 2142 1833 et

567 1875 929 1928 nititissimam
953 1871 1245 1926 essentiam
1271 1881 1322 1923 et
1346 1870 1602 1923 deitatem
1629 1869 1954 1933 dividentes,
1974 1869 2134 1922 aliaat

566 1967 782 2034 quidem
819 1967 1062 2028 mittere,
1102 1963 1241 2018 mitti
1276 1963 1436 2015 aliain
1495 1962 1798 2024 docebant;
1832 1961 1955 2015 ideo
1992 1977 2135 2030 prte-

567 2067 751 2128 ieptor
784 2058 998 2127 pietatis
1041 2057 1170 2109 illud
1228 2056 1444 2124 quidem
1482 2056 1744 2134 denegat,
1779 2070 1844 2108 ne
1878 2054 2135 2108 deitatem

566 2150 944 2203 iiitroducatur
978 2147 1288 2210 multitudo,
1318 2147 1652 2214 deorumque
1683 2146 2134 2211 consequentium

569 2244 764 2310 partim
791 2241 1160 2311 superiorum,
1189 2239 1388 2309 partim
1422 2237 1768 2303 inferiorum,
1796 2238 1952 2307 juxta
1987 2237 2138 2292 scili-

563 2345 649 2389 cet
698 2333 1125 2393 stibstantiarum
1174 2330 1540 2395 tliﬂ'erentias;
1593 2337 1648 2384 et
1685 2330 1761 2384 ait
1802 2329 1928 2398 quia
1964 2329 2137 2383 deltas

565 2443 667 2478 nott
702 2425 954 2484 mittitur.
984 2435 1160 2491 neque
1185 2422 1349 2485 Deus,
1376 2418 1598 2490 quando
1622 2417 1923 2472 secundum
1955 2415 2138 2470 Deita-

565 2518 631 2570 tis
664 2532 859 2570 nomen
895 2515 1146 2568 absolute
1189 2513 1391 2566 dicitur
1417 2552 1432 2577 ,
1464 2521 1518 2565 et
1550 2511 1668 2565 sine
1700 2508 1988 2564 relatione.
2035 2507 2138 2563 Per

567 2611 617 2662 id
652 2624 798 2672 vero,
833 2606 975 2676 quod
1013 2605 1228 2658 mittere
1256 2611 1309 2656 et
1337 2602 1477 2656 mitti
1514 2601 1741 2665 dicitur,
1777 2613 2135 2669 personarum

565 2699 955 2760 substantiam,
989 2709 1327 2763 causamque
1357 2691 1410 2748 et
1443 2692 1661 2747 causale
1701 2691 2012 2744 conﬁtetur.
2047 2689 2138 2743 Di-

565 2795 746 2861 eitque
779 2789 982 2844 idcirco
1015 2788 1143 2848 diei,
1187 2788 1313 2855 quia
1362 2786 1616 2850 mittitur,
1657 2795 1713 2837 ut
1737 2798 1957 2837 causam
1993 2781 2136 2836 scia-

568 2898 719 2945 mus,
765 2889 819 2933 et
862 2879 913 2932 in
959 2878 1179 2932 Sabellii
1211 2876 1465 2930 morbum
1497 2891 1605 2930 non
1640 2873 1967 2934 incidamus,
2001 2871 2136 2924 mitti

566 2973 643 3027 sic
669 2971 966 3039 accipiens,
1000 2968 1300 3023 secundum
1332 2965 1482 3036 quod
1538 2980 1768 3032 persona
1807 2980 1868 3017 ex
1904 2977 2132 3032 persona

565 3062 928 3117 substantiam
959 3060 1161 3122 habet,
1210 3074 1273 3112 ex
1303 3073 1366 3112 ea
1403 3056 1692 3127 prodiens,
1727 3070 1852 3110 cum
1892 3070 1996 3108 una
2029 3053 2134 3107 illis

564 3155 636 3207 sit
665 3156 922 3208 essentia.

639 3244 826 3313 Itaque
858 3243 1156 3297 secundum
1189 3243 1331 3312 quod
1367 3241 1552 3296 divina
1585 3255 1818 3311 persona
1848 3235 1972 3306 est,’
1995 3239 2132 3291 mitti

569 3335 813 3402 ponitur,
844 3333 972 3400 quia
1004 3341 1057 3384 et
1091 3331 1230 3384 mitti
1265 3331 1318 3384 in
1352 3330 1572 3392 divinis,
1605 3340 1663 3384 ut
1693 3331 1896 3384 dictum
1932 3339 2034 3393 est,
2069 3328 2136 3382 ab

569 3427 676 3479 alio
717 3439 839 3478 esse
888 3421 1180 3492 signiﬁcat.
1227 3420 1373 3474 Alias
1407 3421 1639 3489 quippe,
1685 3430 1738 3474 et
1777 3421 1880 3476 sibi
1928 3421 2024 3488 ipsi
2078 3429 2129 3471 et

572 3515 876 3570 Salvatoris
905 3513 1186 3575 sententiis
1209 3512 1592 3565 adversaretur
1620 3511 1959 3579 apertissime
1989 3509 2054 3562 de
2079 3525 2136 3563 se

567 3607 821 3668 dicentis,
855 3605 1150 3659 missurum
1184 3619 1242 3658 se
1266 3601 1631 3666 Paracletum,
1659 3602 1918 3670 Spiritum
1941 3603 2134 3654 verita-

565 3701 634 3753 tis
661 3717 672 3750 :
709 3701 948 3767 seipsum
976 3698 1245 3751 veritatem
1277 3695 1489 3759 dicens,
1519 3694 1668 3748 illum
1720 3693 1928 3748 scilicet
1960 3694 2133 3762 Spiri-

565 3801 703 3853 tum,
735 3805 895 3859 quem
927 3789 1091 3842 mittit
1119 3787 1298 3851 Pater,
1323 3796 1374 3842 et
1403 3786 1549 3855 quia
1580 3783 1741 3840 Patre
1769 3785 2011 3856 procedit
2058 3785 2131 3838 Ex

562 3885 762 3953 quibus
792 3883 844 3936 id
875 3884 1039 3936 etiam
1071 3891 1316 3952 apparet,
1349 3881 1494 3950 quod
1527 3881 1617 3949 qui
1654 3895 1748 3950 per
1778 3883 1980 3933 donum
2016 3879 2135 3933 sine

565 3974 897 4036 substantia,
925 3990 1028 4027 non
1059 3989 1374 4043 personam,
1402 3972 1704 4028 secundum
1733 3973 1876 4041 quod
1904 3987 2132 4042 persona

567 4077 683 4125 cst,
734 4065 874 4116 mitti
909 4079 938 4116 a
990 4062 1128 4117 Filio
1169 4064 1431 4131 Spiritum
1465 4073 1715 4116 sanctum
1764 4061 1988 4124 dicunt,
2028 4078 2132 4113 non

569 4163 716 4210 recte
745 4156 1059 4224 opinantur.
1083 4153 1186 4217 Qui
1215 4153 1357 4206 enim
1387 4167 1452 4206 ex
1480 4153 1642 4205 Patre
1675 4154 1941 4221 pret-edit,
1974 4151 2134 4205 Para-

565 4248 741 4299 cletus
784 4253 868 4298 est
894 4243 1132 4312 Spiritus
1162 4242 1438 4305 veritatis,
1479 4257 1628 4309 quem
1681 4247 1847 4296 mittet
1893 4242 2132 4311 quidem,

566 4335 764 4404 inquit.
807 4331 966 4387 Pater
991 4335 1043 4386 in
1072 4334 1282 4386 nomine
1312 4347 1446 4397 mea,
1476 4331 1578 4385 hoc
1611 4340 1715 4395 est,
1752 4346 1846 4400 per
1877 4348 1983 4386 me.
2011 4334 2134 4386 Mis-

566 4443 755 4481 surum
784 4441 908 4480 vero
935 4440 1015 4489 se,
1051 4425 1163 4493 ipse
1191 4439 1410 4492 quoque
1435 4422 1745 4491 pollicetur,
1779 4423 1867 4492 qtii
1902 4425 2133 4493 discipu-

2246 587 2536 642 orlhodoxi
2581 591 2692 644 ait:
2729 611 2746 643 ι
2783 592 3048 659 Spiritum
3095 604 3277 646 autem
3327 595 3622 662 ingenitum
3665 594 3814 660 dico;

2246 693 2353 732 non
2386 680 2530 733 enim
2561 681 2721 735 habet
2750 685 3122 748 generationis
3157 695 3458 748 auctorem,
3485 691 3576 740 ει-ιι
3616 691 3813 738 ιυιιιι-ειι

2245 770 2365 834 sui;
2397 771 2543 825 sicut
2570 773 2715 826 enim
2748 769 2874 826 fons
2908 775 3252 829 extrinsecus
3288 791 3394 828 non
3427 776 3619 841 piguit,
3655 793 3816 843 qttant

2244 859 2422 916 fundit
2449 878 2671 932 aquam,
2723 864 2812 918 sed
2854 879 2917 916 ex
2971 865 3154 934 scipso
3200 867 3472 920 inundans
3509 869 3702 922 halu-t.
3746 872 3815 918 ita

2244 960 2299 1004 et
2346 953 2486 1007 Deus
2519 953 2642 1010 fons
2675 955 2912 1025 Spiritus
2950 967 3061 1023 est,
3098 969 3155 1010 ιιι
3198 959 3401 1011 dictum
3437 966 3553 1019 est,
3594 958 3817 1026 largitOr

2242 1045 2384 1115 ejus,
2422 1063 2525 1102 non
2558 1049 2710 1103 illum
2745 1053 3092 1106 extrinsecus
3131 1067 3378 1115 sumens,
3416 1052 3508 1106 sed
3538 1067 3601 1106 ex
3636 1051 3817 1118 seipso

2245 1138 2615 1206 protendens;
2655 1144 2919 1212 scriptum
2967 1145 3164 1214 quippe
3197 1153 3316 1199 est:
3354 1145 3470 1197 Duo
3508 1145 3643 1197 enim
3676 1143 3816 1195 mala

2244 1229 2367 1296 fecit
2411 1231 2635 1299 populus
2670 1249 2850 1297 meus;
2892 1251 2972 1288 me
3015 1236 3402 1304 dereliquerutit
3441 1235 3637 1303 fontem
3670 1251 3818 1302 aqua:

2245 1322 2395 1388 vim,
2430 1334 2477 1376 et
2509 1325 2754 1392 [aderunt
2790 1329 2891 1381 sibi
2930 1329 3074 1381 lacus
3115 1330 3394 1394 contritas,
3425 1328 3516 1396 qui
3547 1343 3648 1380 non
3673 1338 3816 1394 pate-

2245 1423 2367 1464 runt
2415 1430 2608 1482 aquam
2658 1420 2928 1472 continere
2956 1419 3021 1476 “.
3066 1420 3131 1473 Et
3159 1421 3452 1488 Apostolus
3497 1419 3673 1474 dicit:
3717 1419 3818 1484 Qui

2246 1506 2478 1574 largifur
2505 1508 2651 1561 nobis
2685 1508 2981 1578 Spiritum,
3015 1521 3063 1564 et
3099 1522 3348 1577 operatur
3378 1513 3431 1563 in
3470 1510 3617 1563 nobis
3651 1511 3816 1564 virtu-

2246 1608 2318 1649 tes
2349 1597 2416 1650 ".
2445 1596 2601 1662 Quod
2643 1609 2824 1653 autem
2861 1616 3002 1669 aqua
3031 1603 3148 1654 viva
3180 1602 3248 1654 sit
3279 1599 3534 1669 Spiritus,
3568 1598 3818 1652 Christus

2214 1767 2218 1769 ν
2245 1689 2430 1743 docuit
2458 1691 2646 1745 dicens
2672 1707 2687 1746 :
2719 1692 2824 1756 Qui
2853 1692 3038 1747 biberit
3068 1708 3131 1746 ea:
3167 1709 3326 1762 aqua,
3354 1709 3512 1762 quam
3528 1706 3621 1761 ego
3653 1689 3815 1751 dabo,

2245 1781 2382 1833 sicut
2419 1783 2545 1835 dicit
2583 1782 3135 1852 Scriptura,ﬂumina
3175 1787 3240 1838 de
3284 1793 3458 1838 ventre
3489 1781 3604 1850 ejus
3654 1782 3816 1848 ﬂuent

2243 1887 2396 1939 aquw
2424 1875 2548 1926 viva:
2572 1874 2640 1926 ’³.
2685 1893 2704 1926 ι
2738 1877 2801 1928 Et
2830 1877 2931 1929 hoc
2968 1874 3020 1927 in
3055 1875 3175 1928 loco
3205 1890 3433 1943 magnus
3489 1873 3818 1927 Athanasius

2241 1963 2437 2030 fontem
2471 1964 2683 2019 Patrem
2713 1967 3161 2036 dixit,Spiritum
3193 1983 3408 2036 aquam.

2319 2053 2416 2108 Ubi
2455 2070 2580 2108 vero
2631 2068 2916 2110 enumerat
2994 2056 3283 2126 Scriptura:
3313 2055 3623 2110 testimonia
3658 2063 3816 2109 natu-

2241 2145 2372 2199 ralis
2435 2150 2866 2211 communionis,
2903 2165 2968 2204 ex
3002 2165 3065 2203 eo
3097 2149 3243 2219 quod
3269 2149 3517 2203 similiter
3544 2149 3615 2201 sit
3639 2146 3816 2211 Pater,

2238 2250 2290 2288 et
2322 2235 2513 2304 Filius,
2547 2249 2599 2292 et
2629 2239 2867 2308 Spiritus
2901 2248 3146 2306 sanctus,
3188 2241 3260 2294 ibi
3295 2240 3571 2294 Christum
3612 2237 3814 2292 fontem

2241 2329 2477 2398 Spiritus
2523 2331 2677 2393 dicit,
2731 2348 2928 2401 aquam
2967 2348 3093 2388 vero
3121 2343 3370 2387 sanctum
3412 2333 3680 2400 Spiritum
3722 2345 3816 2383 no-

2241 2423 2432 2476 minat.
2467 2423 2554 2475 Ait
2583 2423 2814 2491 denique
2845 2441 2858 2478 :
2896 2443 2912 2475 ι
2953 2423 3090 2477 Dicit
3120 2423 3370 2477 Salvator
3399 2425 3593 2477 iterum
3619 2439 3632 2474 :
3662 2441 3680 2472 ι
3707 2421 3808 2486 Qui

2238 2514 2404 2566 credit
2463 2515 2664 2577 inme,
2705 2517 2840 2567 sicut
2921 2515 3048 2567 dicit
3109 2513 3390 2582 Scriptura
3426 2555 3440 2577 ,
3471 2512 3699 2580 ﬂumina
3754 2513 3816 2563 de

2239 2613 2412 2655 ventre
2463 2601 2576 2665 eius
2625 2603 2788 2670 ﬂuent
2845 2619 2995 2671 aqum
3069 2603 3196 2655 viva:
3228 2641 3241 2654 .
3275 2602 3564 2670 Exponens
3632 2610 3810 2654 autem

2237 2694 2563 2764 evangelista
2622 2694 2751 2763 quid
2819 2695 2889 2748 sit
2945 2710 3084 2763 aqua
3140 2695 3256 2746 viva
3286 2710 3299 2746 :
3334 2691 3448 2745 Hoc
3478 2703 3660 2745 autem
3689 2733 3702 2752 .
3732 2694 3812 2745 itt-

2237 2789 2376 2855 quLt,
2439 2785 2644 2837 dicebat
2692 2784 2998 2853 deSpiritu.
3063 2802 3211 2853 quem
3233 2788 3494 2850 accepturi
3528 2794 3813 2837 erantcre-

2239 2877 2416 2930 dentes
2481 2879 2534 2928 in
2585 2892 2703 2929 eum
2733 2915 2746 2928 .
2785 2875 2924 2930 Dicit
2989 2877 3133 2930 enim
3194 2878 3453 2945 propheta
3486 2894 3498 2928 :
3539 2875 3627 2928 Me
3664 2877 3808 2929 dere-

2235 2970 2496 3038 liquerunt
2528 2969 2722 3036 {autem
2771 2986 2924 3038 aqua:
2988 2971 3112 3021 vim
3144 3006 3161 3030 ,
3194 2979 3240 3022 et
3293 2967 3540 3036 foderunt
3592 2969 3696 3022 sibi
3735 2968 3816 3020 la-

2239 3081 2330 3117 cns
2385 3066 2638 3116 contritas
2676 3064 2813 3131 ,qui
2891 3079 2992 3116 non
3059 3073 3302 3131 poterunt
3384 3078 3575 3132 aquam
3651 3063 3815 3116 canti-

2157 3155 2199 3216 C
2234 3171 2370 3208 uere.
2390 3174 2408 3206 ι

2313 3248 2457 3301 l-lem
2495 3261 2685 3301 rursus
2737 3248 2788 3300 in
2834 3247 2972 3300 libro
3006 3246 3078 3299 De
3125 3246 3511 3312 dispensatione
3568 3246 3815 3298 incanta-

2241 3339 2395 3392 tionis
2457 3336 2690 3398 Domini,
2757 3338 2915 3405 cujus
2979 3337 3190 3388 initium
3245 3347 3328 3389 est
3382 3335 3532 3400 τρυε
3586 3337 3815 3403 maligne

2238 3429 2444 3482 divinas
2483 3426 2716 3479 Litteras
2752 3437 2929 3480 volunt
2980 3427 3292 3496 intelligere,
3333 3443 3352 3475 ι
3415 3424 3574 3479 Novit
3637 3429 3808 3488 enim,

2237 3521 2418 3588 inquit
2445 3561 2458 3583 ,
2488 3520 2746 3588 propheta
2812 3520 2954 3588 apud
3012 3518 3178 3572 Deum
3213 3517 3428 3572 Patrem
3455 3533 3574 3572 esse
3613 3516 3811 3572 Filium

2239 3612 2440 3665 fontem
2478 3611 2651 3666 sancti
2693 3611 2950 3678 Spiritus.
2998 3630 3017 3662 ι
3082 3609 3186 3664 Sed
3224 3619 3276 3662 et
3307 3609 3736 3679 Chrysostomus
3763 3613 3812 3664 in

2236 3717 2487 3757 sermone
2520 3703 2595 3755 De
2627 3715 2958 3755 sacramento
3006 3701 3339 3769 baptismatis
3379 3717 3396 3755 :
3438 3720 3455 3751 ι
3498 3701 3811 3770 Propterea,

2239 3795 2437 3863 inquit,
2479 3795 2717 3848 ostendit
2746 3809 2806 3848 se
2859 3795 3034 3861 ipsum
3092 3794 3341 3848 Salvator
3397 3794 3600 3848 fontem
3661 3811 3815 3864 aqua:

2237 3885 2392 3947 vine,
2422 3895 2475 3938 et
2530 3900 2730 3953 aquam
2791 3884 2966 3937 vivam
3037 3883 3298 3952 Spiritum
3353 3894 3604 3938 sanctqu
3641 3925 3654 3938 .
3703 3905 3722 3937 ι
3757 3885 3812 3940 lu

2241 3977 2455 4045 hymnis
2525 3991 2745 4045 quoque
2801 3976 3130 4044 psallimus:
3194 3992 3212 4024 ι
3269 3973 3352 4028 Me
3408 3976 3814 4044 tlcreliqttcrunt

2237 4063 2440 4118 fontem
2502 4064 2736 4118 viventis
2805 4079 3004 4132 aquae,
3057 4061 3459 4130 Barrabamque
3504 4061 3813 4130 petiverunt

2235 4168 2398 4224 atque
2430 4155 2776 4211 dimiserunt.
2814 4173 2832 4206 ι
2868 4155 3095 4208 Constat
3149 4154 3310 4224 igitur
3343 4193 3358 4218 ,
3392 4154 3538 4222 quod
3603 4155 3810 4208 dictum

2237 4260 2341 4313 est,
2372 4265 2452 4302 me
2504 4247 2897 4317 dercliquerunt
2935 4247 3131 4314 [autem
3164 4261 3315 4313 aqua:
3342 4249 3487 4307 vitat,
3521 4245 3814 4312 aliquando

2235 4355 2481 4409 persona:
2535 4338 2712 4394 Patris
2769 4339 3082 4406 convenire,
3141 4337 3435 4405 aliquando
3486 4352 3614 4389 vero
3643 4339 3810 4391 etiam

2237 4431 2356 4484 Filii
2393 4473 2405 4485 .
2437 4431 2565 4483 Viva
2627 4441 2806 4484 autent
2858 4445 2997 4498 aqua
3037 4429 3273 4498 Spiritus
3307 4440 3528 4482 sanctus
3561 4440 3806 4495 vocatur.

505 4533 514 4542 ο
566 4521 646 4573 los
689 4519 931 4582 doceret,
979 4517 1169 4586 eisque
1214 4523 1528 4582 suggereret
1565 4515 1766 4569 omnia.
1805 4516 1962 4570 Hunc
2002 4532 2132 4584 ergo
2167 4491 2207 4546 θ
2239 4520 2382 4576 Fons
2441 4525 2621 4588 itaque
2651 4520 2890 4588 Spiritus
2915 4519 3089 4572 sancti
3125 4516 3285 4572 Pater
3311 4526 3364 4569 et
3398 4516 3566 4570 Filius
3593 4527 3700 4570 est.
3739 4492 3809 4570 ita

566 4611 834 4680 Spiritum
885 4610 1008 4679 quis
1043 4609 1240 4662 audeat
1277 4609 1397 4662 sine
1435 4606 1735 4662 substantia
1772 4607 1983 4672 dicere,
2029 4608 2132 4662 nisi

565 4705 946 4772 blasphemare
975 4699 1139 4756 velit?

636 4794 864 4865 Magnus
909 4808 1126 4862 quoque
1161 4791 1396 4845 Basilius
1430 4791 1481 4843 in
1516 4790 1657 4843 libro
1695 4789 1770 4843 De
1796 4802 1980 4843 sancto
2011 4789 2129 4858 Spi~

565 4889 696 4951 ritu,
751 4905 768 4937 t
816 4885 1078 4954 Spiritus,
1119 4883 1321 4952 inquit,
1351 4890 1589 4945 sanctus,
1631 4882 1763 4934 nihil
1797 4881 1898 4936 sibi
1937 4884 2129 4949 acqui-

563 4982 730 5031 situui
767 4977 972 5030 habens
1003 4985 1105 5037 est,
1150 4972 1244 5028 sed
1275 4979 1475 5026 :eterne
1510 4971 1672 5025 habet
1703 4972 1909 5035 omnia,
1949 4981 2005 5025 ut
2039 4972 2129 5025 Dei

562 5069 798 5139 Spiritus
819 5077 873 5122 et
897 5083 963 5122 ex
983 5082 1046 5122 eo
1075 5080 1318 5129 manans,
1337 5081 1670 5134 causamque
1699 5065 1734 5134 ἰ,
1756 5081 1873 5118 sum
1902 5065 2124 5130 habens,

566 5175 623 5215 ιιι
655 5162 856 5215 fontem
888 5160 993 5214 sui.
1026 5177 1044 5210 ι
1079 5157 1180 5212 Ubi
1206 5156 1523 5220 notandum,
1551 5157 1675 5226 quia
1707 5156 1870 5210 Deum
1903 5173 2123 5211 causant

562 5273 684 5308 t'ss'c
710 5255 885 5306 sancti
912 5251 1149 5320 Spiritus
1167 5267 1230 5304 ex
1255 5266 1320 5305 eo
1344 5251 1487 5319 quod
1516 5250 1639 5304 fons
1657 5251 1776 5321 ejus
1804 5251 1893 5314 sit,
1923 5262 2122 5304 monet.

559 5353 648 5403 Ait
675 5349 820 5402 enim
848 5362 863 5399 :
897 5364 912 5394 t
953 5346 1187 5398 Causam
1215 5343 1392 5412 ipsum
1421 5343 1603 5408 habet,
1639 5353 1696 5395 ut
1726 5342 1926 5397 fontem
1959 5344 2064 5397 sui.
2101 5361 2119 5392 ι

565 5441 756 5508 Liquet
785 5445 965 5491 autem
993 5476 1007 5499 ,
1053 5435 1174 5504 quia
1224 5435 1391 5489 lentis
1425 5449 1618 5488 nomen
1652 5449 1871 5487 causam
1915 5435 2121 5501 signiﬁ-

558 5553 685 5590 care
727 5536 864 5588 vult.

633 5633 855 5701 Magnus
918 5631 1046 5684 item
1095 5627 1428 5683 Athanasius
1473 5628 1527 5678 in
1575 5641 1636 5679 ea
1684 5641 1846 5694 quam
1901 5626 2122 5694 scripsit

629 5817 672 5847 ²³
707 5812 904 5868 Jerem.
939 5832 1000 5881 ιι,
1039 5815 1121 5871 13.
1201 5818 1245 5849 ³⁵
1273 5816 1448 5871 Galat.
1484 5831 1562 5878 ιιι,
1587 5816 1636 5868 5.

2234 4613 2434 4682 quippe
2456 4623 2508 4665 et
2559 4626 2588 4665 a
2618 4611 2820 4664 sanctis
2845 4609 3098 4682 Patribus
3131 4608 3516 4677 exponiturulﬂt
3549 4613 3808 4677 quoniam

2235 4705 2356 4760 fons
2385 4705 2599 4772 quidem
2646 4704 2880 4772 Spiritus
2914 4703 3071 4756 Pater
3136 4711 3240 4766 est,
3271 4713 3327 4756 ut
3385 4718 3567 4756 cattsa-
3614 4704 3808 4770 ipsius,

2231 4807 2314 4852 est
2357 4808 2536 4851 autem
2591 4795 2762 4850 Filius
2815 4796 2988 4849 sancti
3054 4793 3294 4862 Spiritus
3330 4793 3472 4859 fons,
3509 4795 3803 4862 colligitur,

2232 4890 2355 4958 quia
2389 4906 2494 4941 una
2547 4903 2732 4951 causa,
2803 4902 3053 4955 unusque
3081 4887 3206 4939 fons
3243 4886 3418 4938 sancti
3455 4883 3693 4952 Spiritus
3727 4896 3807 4938 est

2232 4977 2391 5030 Pater
2423 4987 2474 5030 et
2502 4975 2692 5031 Filius.
2716 4974 2911 5030 Omnia
2955 4975 3124 5038 enim,
3153 4990 3274 5043 quae
3305 4973 3464 5026 Pater
3485 4975 3664 5038 habet,
3689 4976 3805 5028 Filii

2233 5077 2384 5130 sunt.
2411 5080 2464 5123 et
2523 5084 2642 5137 qua:
2697 5068 2818 5121 Filii
2848 5078 2976 5122 sunt
3035 5070 3100 5121 ad
3133 5065 3347 5121 Patrem
3378 5067 3714 5122 referuntur.
3739 5069 3805 5121 Et

2233 5160 2364 5215 illud
2434 5161 2596 5214 simul
2656 5170 2894 5222 constat,
2947 5159 3070 5229 quia
3111 5159 3255 5214 sicut
3284 5175 3379 5228 per
3413 5171 3663 5228 naturam
3697 5176 3802 5213 una

2231 5263 2313 5307 est
2374 5270 2535 5323 aqua,
2573 5263 2627 5306 et
2692 5267 2810 5321 qua:
2860 5253 3087 5306 infante
3138 5261 3219 5304 est
3279 5260 3334 5305 et
3371 5267 3492 5320 quae
3521 5261 3707 5304 manat
3735 5267 3798 5303 cx

2230 5344 2400 5408 fonte,
2467 5347 2539 5397 ita
2568 5359 2732 5398 unum
2766 5357 2860 5412 per
2886 5350 3136 5395 naturam
3165 5354 3288 5395 sunt
3323 5342 3502 5403 Pater,
3531 5350 3584 5394 et
3608 5339 3802 5404 Filius,

2228 5447 2280 5490 et
2312 5437 2551 5504 Spiritus
2603 5445 2821 5490 sanctus
2857 5472 2870 5485 .
2913 5434 3006 5486 Siti
3078 5450 3205 5487 vero
3235 5449 3374 5502 aqua
3410 5449 3474 5487 ex
3509 5431 3657 5486 fonte
3682 5449 3798 5485 ma-

2231 5537 2343 5590 nat,
2391 5525 2759 5594 profiinditur,
2812 5533 3030 5588 scatet;
3067 5523 3417 5578 itiatiifesttittt
3481 5531 3583 5587 est,
3647 5522 3793 5591 quia.

2227 5629 2278 5672 et
2349 5617 2582 5688 Spiritus
2600 5633 2664 5672 ex
2697 5615 2832 5671 Filio
2865 5626 3071 5682 manat,
3102 5627 3266 5671 scatet
3291 5655 3296 5659 .
3321 5619 3484 5685 atque
3517 5613 3795 5685 profundi-

1715 5816 1758 5844 “
1795 5813 1948 5868 Joan.
1985 5827 2079 5876 vit,
2113 5811 2200 5877 57,
2233 5811 2327 5867 53.
