4106 6438
326 432 393 499 8ῒ

327 563 417 606 tur
451 589 464 603 .
495 547 614 602 Ilaec
663 556 845 602 autem
907 548 1080 617 ipsum
1135 562 1202 601 ex
1258 548 1349 600 illo
1375 563 1495 602 esse
1526 548 1837 618 signiﬁcant
1875 564 1889 605 ι
1926 554 1969 606 Λ

325 641 524 710 quippe
582 638 780 693 Filium
836 656 900 693 ex
956 639 1110 695 Patre
1170 655 1436 705 manare,
1493 638 1658 694 (latere
1731 648 1894 708 atque

324 731 599 802 profundi,
652 731 824 784 sancti
878 729 1063 786 Patres
1089 733 1354 799 dicentes,
1385 731 1748 787 substantiam
1774 731 1894 802 ejus

324 838 390 878 ex
424 822 584 876 Patre
608 822 917 892 signiﬁcare
947 824 1153 878 volunt.
1794 833 1807 842 '

396 916 488 969 Ait
515 915 713 985 quippe
743 923 966 970 sanctus
999 914 1237 986 Cyr-illus
1274 917 1326 970 in
1359 916 1597 985 quodam
1628 917 1891 988 capitulo,

330 1004 403 1060 De
455 1006 746 1060 wternitate
786 1001 939 1071 Filii,
969 1008 1125 1076 cujus
1183 1006 1397 1062 initium
1452 1015 1538 1064 est
1566 1025 1581 1063 :
1612 1007 1755 1062 Fons
1805 1026 1894 1062 sa-

324 1099 532 1162 pientitt
560 1097 693 1152 Deus
756 1108 972 1153 uocatur
1010 1138 1024 1161 ,
1052 1107 1102 1153 et
1134 1108 1208 1154 est
1243 1113 1260 1150 :
1307 1117 1325 1150 ι
1393 1101 1522 1154 Erat
1569 1115 1698 1169 ergo
1745 1099 1891 1155 Patri

328 1202 621 1244 cumtcrnus
648 1188 842 1256 Filius,
869 1205 932 1245 ex
984 1200 1207 1260 paterna
1267 1191 1571 1247 substantia
1630 1190 1795 1247 veluti
1826 1207 1894 1247 ex

327 1277 559 1345 quodam
625 1276 771 1332 fonte
833 1280 1159 1336 scaturiens.
1246 1294 1275 1332 ι
1308 1280 1476 1337 Aiunt
1533 1281 1893 1338 nihilominus

326 1380 383 1423 et
413 1369 516 1436 ipsi
571 1370 754 1425 Patres
805 1370 1067 1439 Spiritum
1129 1384 1378 1428 sanctum
1406 1387 1471 1428 ex
1500 1372 1639 1428 Filio
1672 1388 1894 1444 quoque

326 1459 593 1528 profluere
629 1500 646 1526 ,
701 1461 960 1531 profundi
1018 1504 1034 1530 ,
1073 1478 1295 1520 manare
1351 1472 1517 1533 atque
1574 1465 1890 1534 procedere.

329 1552 463 1607 Nam
525 1554 579 1608 in
602 1554 766 1624 gestis
823 1555 1012 1625 prima:
1041 1556 1097 1610 in
1125 1554 1305 1612 Nicaea
1338 1557 1552 1629 synodi,
1579 1558 1633 1611 in
1657 1557 1744 1613 his
1772 1572 1894 1628 qua:

327 1645 579 1699 dixerunt
629 1646 801 1701 sancti
858 1645 1044 1703 Patres
1092 1648 1159 1703 a‘d
1195 1648 1578 1719 philosophum
1633 1663 1733 1719 per
1775 1649 1896 1719 epi-

334 1752 560 1806 scopum
604 1737 912 1805 Leontium,
933 1755 1166 1810 quorum
1196 1742 1486 1798 verborum
1519 1742 1737 1797 initium
1779 1752 1885 1797 est:

332 1828 428 1881 Est
490 1829 622 1883 it’ud
676 1842 853 1884 au‘em
910 1831 1352 1904 intelligendum,
1411 1850 1442 1889 o
1494 1835 1703 1898 amice,
1769 1833 1893 1902 jam

328 1921 560 1975 raritatis
599 1921 895 1992 philosophe
930 1965 945 1989 ,
979 1925 1057 1981 sic
1088 1925 1343 1991 habetur,
1377 1945 1395 1980 ι
1424 1927 1719 2003 invenitur
1759 1928 1894 1999 Spi—

337 2018 472 2067 ritus
515 2028 577 2069 ex
631 2015 788 2069 Patre
831 2017 1049 2087 quidem
1096 2019 1416 2088 procedens,
1438 2023 1692 2092 proprius
1711 2032 1893 2079 autem

285 2135 297 2142 -
333 2103 472 2167 Filii,
528 2114 581 2160 et
636 2122 700 2161 es
733 2107 850 2177 ipso
890 2108 1183 2178 proﬂuens.
1220 2130 1240 2165 ›
1271 2111 1327 2167 Si
1358 2113 1477 2183 quis
1504 2126 1682 2170 autem
1706 2132 1772 2170 ex
1808 2117 1898 2172 his

334 2192 526 2248 Filium
575 2194 807 2265 Spiritus
856 2196 1058 2254 fontem
1084 2204 1237 2269 juxta
1293 2216 1416 2257 eum
1449 2204 1540 2273 qui
1595 2222 1625 2260 a
1658 2210 1895 2275 quibus-

342 2285 461 2339 dam
522 2286 897 2352 introducitur,
957 2293 1259 2348 secundum
1299 2310 1618 2366 processum
1660 2301 1781 2370 ejus
1821 2304 1901 2359 in-

340 2377 498 2447 telligi
530 2386 734 2434 tantum
758 2384 869 2437 vult
896 2400 909 2436 :
946 2394 996 2438 at
1024 2399 1089 2439 eo
1116 2385 1267 2451 dato,
1299 2402 1422 2456 quae
1451 2391 1713 2460 praedicta
1739 2407 1895 2464 sunt,

338 2466 514 2537 inepta
542 2483 697 2527 erunt
726 2482 778 2527 et
809 2475 1041 2531 absurda
1080 2480 1291 2535 omnia.

416 2559 664 2618 Praeterea
714 2566 815 2621 etsi
868 2568 1200 2636 dederimus,
1257 2574 1536 2642 geminum
1567 2594 1887 2649 processum

345 2666 475 2715 esse,
507 2664 793 2726 utrumque
849 2675 1072 2717 necesse
1093 2673 1176 2720 est
1207 2663 1345 2722 Filio
1372 2683 1721 2728 communem
1768 2689 1894 2732 esse

340 2757 459 2796 cum
520 2742 672 2800 Patre
705 2785 723 2813 ,
759 2765 825 2804 ne
847 2752 1080 2810 varietas
1134 2758 1390 2814 essentia:
1421 2759 1541 2817 Filii
1577 2764 1642 2818 ad
1676 2762 1894 2822 Patrem

339 2844 615 2902 sequatur.
645 2837 881 2904 Quorum
906 2845 1047 2898 enim
1079 2859 1162 2903 est
1189 2849 1365 2906 virtus
1388 2851 1668 2919 differens,
1703 2872 1900 2914 essen-

343 2926 417 3019 tia
471 2942 686 2998 quoque
747 2930 1001 2990 differens
1066 2948 1172 3003 est;
1232 2940 1394 2996 sicuti
1449 2960 1682 3013 quorum
1731 2965 1887 3019 requa

339 3014 511 3072 virtus
565 3027 669 3086 est,
728 3025 952 3094 aequalis
981 3034 1034 3082 et
1079 3031 1318 3086 essentia
1355 3042 1459 3090 est.
1485 3035 1640 3103 Quod
1666 3041 1711 3095 si
1748 3014 1895 3097 unus

341 3123 631 3176 processus
654 3124 756 3179 est,
797 3117 966 3172 multo
995 3121 1166 3190 magis
1200 3121 1351 3192 quod
1404 3130 1778 3197 quaerebatur,
1843 3133 1898 3187 in

344 3201 596 3259 manibus
651 3215 751 3260 est.
812 3206 928 3263 IIoc
977 3221 1152 3267 autem
1185 3216 1533 3273 verissimum
1565 3210 1980 3287 est,maximeC

341 3298 603 3358 ostenso,
661 3294 786 3351 hinc
845 3300 1061 3368 quidem
1143 3318 1238 3359 eos
1293 3308 1386 3376 qui
1433 3308 1571 3365 duos
1615 3325 1906 3380 processus

345 3393 551 3450 ponunt
613 3387 845 3444 abSttrda
901 3393 1137 3477 plurima
1184 3398 1339 3469 sequi
1399 3404 1737 3469 necessario,
1776 3404 1906 3458 hinc

345 3485 475 3525 vero
531 3476 782 3543 quoniam
837 3476 974 3535 mitti
1018 3495 1067 3537 et
1097 3488 1411 3554 procedere,
1442 3499 1491 3544 et
1522 3492 1795 3562 proﬂuere
1825 3497 1909 3552 di-

348 3564 589 3620 vinarum
624 3583 971 3637 personarum
1001 3574 1407 3636 distinctionem
1434 3589 1802 3646 commendat.

414 3655 678 3715 Prteterea
733 3663 902 3720 Filius
968 3667 1146 3739 imago
1200 3669 1377 3726 Patris
1422 3672 1641 3740 dicitur,
1667 3678 1906 3748 Spiritus

346 3757 523 3803 autem
560 3750 696 3807 Filii.
739 3754 883 3810 Dixit
911 3760 1054 3812 enim
1087 3761 1419 3831 Apostolus:
1447 3768 1593 3832 Quos
1622 3774 1905 3840 prwscivit,

345 3852 390 3892 et
421 3843 808 3908 prwdestinauit
839 3850 1127 3920 conformes
1160 3854 1276 3922 fieri
1299 3857 1544 3927 imaginis
1577 3859 1707 3915 Filii
1733 3866 1815 3918 sui
1837 3866 1905 3921 "’.

346 3931 579 4003 (Iyrillus
628 3953 842 4008 quoque
885 3980 898 4005 ,
926 3952 1092 4010 snper
1129 3944 1264 3999 illud
1294 3950 1671 4019 evangelicum
1713 3971 1727 4008 :
1757 3955 1908 4011 Sicut

351 4035 405 4078 tu
448 4044 528 4081 me
584 4032 765 4086 misisti
819 4034 875 4088 in
936 4040 1186 4091 mundum
1247 4039 1314 4102 ”,
1345 4041 1464 4095 ait:
1500 4061 1519 4095 ι
1565 4042 1703 4110 Quia
1760 4049 1907 4103 enim

352 4116 617 4189 Uuigcnlti
677 4124 993 4181 substantiae
1044 4126 1223 4200 imago
1267 4129 1617 4201 integerrima
1668 4134 1910 4207 Spiritus

349 4211 467 4279 ejus
524 4216 819 4285 est,juxta
891 4219 980 4286 id,
1014 4223 1159 4290 quod
1214 4222 1416 4301 Paulus
1464 4228 1683 4296 scripsit
1722 4230 1909 4297 :Quos

346 4305 619 4370 praesciuit,
649 4318 695 4360 et
744 4308 1138 4377 praedestinavit
1181 4313 1475 4384 conformes
1536 4318 1657 4385 ﬁeri
1717 4321 1909 4392 imagi-

350 4394 428 4445 nis
457 4394 554 4462 ﬁlii
575 4395 720 4463 ejus,
757 4412 971 4465 omnes,
1002 4400 1058 4455 in
1086 4403 1505 4475 quibuscunque
1537 4406 1726 4474 fuerit,
1767 4426 1903 4468 con-

355 4485 548 4541 formes
586 4487 742 4543 efﬁcit
782 4490 1022 4560 imagini,
1058 4495 1163 4551 hoc
1188 4507 1292 4564 est,
1326 4498 1487 4555 Filio.
1523 4519 1542 4551 ›

418 4574 558 4631 Idem
600 4593 763 4648 super
812 4581 945 4637 illud
969 4601 983 4638 :
1012 4583 1129 4640 Non
1156 4602 1251 4655 pro
1300 4589 1384 4642 liis
1407 4604 1533 4661 rogo
1589 4601 1797 4648 tantum
1817 4597 1862 4630 ’³
1884 4637 1901 4663 ,

350 4669 467 4725 ait:
507 4688 525 4720 ι
564 4670 744 4742 Imago
798 4673 1008 4730 sincera
1052 4678 1237 4734 Patris
1267 4678 1739 4743 Filius.naturalis
1774 4703 1908 4744 vero

348 4759 640 4829 similitudo
679 4760 819 4828 Filii,
877 4764 1111 4836 Spiritus
1157 4771 1294 4840 ejus.
1334 4791 1353 4822 ι
1420 4771 1566 4828 Idem
1619 4792 1812 4833 rursus
1853 4779 1908 4833 in

352 4843 626 4943 Z‘Iiesauris
657 4865 677 4905 :
707 4852 1203 4918 «Quemadmodum
1235 4858 1419 4943 igitur,
1440 4879 1702 4933 quoniam
1730 4882 1911 4937 imago

349 4938 525 4996 Patris
562 4942 973 5012 diligentissima
1018 4958 1104 5005 est
1150 4938 1343 5017 Filius,
1375 4955 1468 5024 qui
1499 4971 1624 5011 eum
1659 4960 1912 5030 suscipit,

348 5044 395 5086 et
438 5034 647 5088 Patrem
676 5037 873 5101 habet,
929 5039 1003 5094 ita
1037 5043 1102 5098 ad
1133 5044 1361 5113 parilem
1398 5047 1626 5117 figuram
1660 5052 1911 5122 analogia

351 5137 657 5183 recurrente
687 5149 701 5185 :
733 5131 824 5198 qui
866 5130 986 5187 Filii
1034 5135 1468 5205 imaginem,hoc
1493 5151 1598 5204 est,
1646 5142 1908 5213 Spiritum

350 5220 665 5289 susceperit,
715 5239 805 5290 per
852 5224 1028 5294 ipsum
1052 5230 1292 5289 .omuino
1342 5231 1501 5287 habet
1539 5232 1761 5300 Filium,
1804 5238 1910 5292 Pa-

353 5309 617 5380 tremque,
646 5316 737 5384 qui
768 5315 821 5370 in
854 5317 974 5387 ipso
1006 5330 1110 5376 est.
1150 5339 1170 5372 ι

421 5402 643 5474 Magnus
691 5416 874 5463 autem
931 5410 1165 5468 Basilius
1193 5415 1246 5469 in
1296 5415 1391 5470 lib.
1422 5433 1436 5471 I
1473 5415 1672 5474 Contra
1732 5418 1916 5476 Euno-

354 5493 512 5545 mium
539 5536 555 5561 ,
588 5514 606 5547 ι
662 5496 883 5566 Imago,
928 5501 1125 5571 inquit,
1173 5505 1376 5573 genita,
1414 5515 1469 5561 et
1494 5508 1695 5563 dicitur
1721 5509 1917 5579 Filius,

353 5594 407 5636 ct
457 5594 541 5639 cst
585 5589 848 5658 sapientia
913 5603 968 5647 et
1016 5595 1211 5661 virtus,
1264 5606 1320 5653 et
1369 5598 1582 5669 justitia
1636 5601 1755 5668 Dei,
1809 5619 1918 5658 non

355 5679 509 5748 quasi
559 5680 793 5751 habitus,
841 5699 1019 5755 neque
1067 5687 1225 5757 quasi
1272 5690 1551 5759 aptitudo,
1587 5693 1679 5747 sed
1730 5694 1919 5750 vivens

424 5801 468 5830 "
506 5799 653 5856 Rom.
712 5818 828 5865 vtn.
856 5803 951 5873 7‘29.
1055 5805 1100 5838 ’⁸
1128 5804 1286 5861 Joan.
1329 5824 1462 5873 xvn,
1498 5809 1583 5863 I8.

353 5882 603 5938 cum”,
649 5873 696 5928 7.
774 5876 817 5905 ³³³
850 5872 990 5930 Psal.
1029 5891 1100 5943 tv,
1140 5878 1191 5930 7.

1930 4549 1983 4611 D

1408 437 1806 495 ΛωΈίὶὲυὸ
1854 435 2172 495 GRAECOS
2205 434 2353 495 LIB.
2382 433 2461 493 II.

1693 5810 1757 5843 ’θ’
1775 5810 1904 5865 ibid.
1937 5809 2028 5865 20.

1267 5877 1311 5909 “
1341 5876 1502 5936 Joan.
1536 5896 1608 5945 vt,
1641 5880 1731 5934 9.7.
1808 5880 1853 5913 "
1888 5878 2044 5936 Joan.
2081 5896 2188 5947 stv,
2240 5882 2322 5934 I2.

3505 437 3576 496 82

2002 547 2330 610 substantia,
2366 556 2419 601 et
2458 544 2669 609 e'iicax,
2701 552 2752 597 et
2783 544 3038 614 splendor
3073 544 3260 616 gloriae
3295 545 3409 598 Dei.
3472 550 3576 599 dea

1998 648 2053 693 et
2113 647 2229 692 toto
2279 639 2332 692 in
2396 639 2575 706 seipse
2643 636 2880 692 ostendlt
2931 637 3164 702 Patrem,
3212 652 3275 692 ex
3307 645 3418 691 tota
3457 639 3577 708 ejus

1998 731 2168 801 gloria
2201 730 2577 801 resplendens.
2616 748 2634 780 ι
3607 766 3633 819 Γ

2065 822 2210 876 Idem
2232 820 2284 872 in
2312 834 2564 873 sermone
2593 818 2790 872 Centra
2819 818 3116 875 Sabellium
3147 830 3193 874 et
3221 820 3530 874 Auom'eunt
3558 834 3577 874 :
3611 815 3637 876 ξλ

1988 932 2021 968 -‹
2069 912 2178 968 Illic
2231 922 2410 966 autem
2457 926 2581 965 cum
2641 911 2798 966 audis
2850 910 3162 984 imaginem,
3228 913 3572 982 Splendorem

2000 1007 2187 1079 gloriae
2221 1004 2482 1075 intelligo.
2525 1026 2543 1056 ι

2067 1097 2304 1152 Joannes
2365 1112 2583 1167 quoque
2660 1098 3062 1162 Damasccnus,
3114 1098 3167 1152 in
3233 1099 3459 1155 Canone
3520 1099 3579 1152 in

1998 1204 2254 1259 magnum
2295 1188 2555 1243 Basilium
2594 1188 2669 1242 ait
2717 1204 2732 1242 :
2781 1206 2800 1240 ι
2837 1188 3023 1258 Imago
3067 1188 3247 1244 Patris
3280 1189 3473 1249 Filius,
3509 1207 3573 1243 ac

1997 1281 2118 1336 Filii
2162 1279 2416 1350 Spiritus.
2468 1298 2485 1331 ι
2525 1282 2602 1335 Ad
2646 1281 2760 1335 lucc
2810 1290 3038 1336 sanctus
3076 1282 3297 1350 quidem
3338 1267 3579 1351 Cyrillus

1997 1370 2053 1424 in
2084 1386 2136 1424 vr
2176 1373 2244 1423 ad
2278 1370 2551 1426 Hermiam
2600 1370 2669 1425 ait
2710 1387 2727 1424 ε
2763 1390 2782 1424 ‹
2835 1371 3078 1441 Denique
3116 1381 3170 1427 et
3197 1382 3422 1428 sanctus
3478 1371 3582 1423 Dn-

2009 1460 2097 1514 vid
2156 1462 2427 1516 viventcm
2481 1473 2534 1518 et
2582 1463 3018 1518 sulistantialiter
3059 1464 3277 1519 insitam
3333 1465 3579 1519 cﬂit'iin—

1998 1544 2133 1607 tiam.
2185 1568 2249 1608 ac
2300 1556 2556 1609 virtutem
2623 1554 2806 1611 Patris
2854 1549 3054 1609 Filium
3106 1573 3339 1612 noscens
3388 1561 3581 1631 orabit

1997 1644 2185 1699 dicens
2219 1662 2231 1698 :
2271 1665 2288 1697 ι
2327 1644 2567 1713 Mando,
2640 1646 2803 1713 Deus,
2873 1647 3064 1703 virtuti
3107 1657 3213 1702 tua:
3277 1652 3583 1720 ;conﬁrma

1996 1735 2113 1802 hoc,
2173 1735 2351 1804 Deus,
2382 1738 2523 1807 quod
2578 1747 2821 1807 operatus
2871 1757 2925 1794 es
2967 1741 3018 1793 in
3052 1740 3199 1795 nobis
3252 1742 3321 1798 ³⁰.
3381 1741 3586 1800 Paulus

1997 1828 2122 1883 item
2164 1829 2630 1899 sapientissimum
2664 1830 2944 1886 Christum
2994 1831 3085 1887 Dei
3119 1836 3374 1890 virtutem
3403 1846 3456 1891 et
3489 1835 3584 1892 Dei

2004 1920 2327 1990 sapientiam
2358 1921 2401 1953 "
2431 1933 2617 1991 aperte
2645 1923 2975 1992 praedicavit.
3021 1943 3038 1976 υ
3075 1924 3220 1981 Idem
3268 1928 3320 1982 in
3345 1929 3582 1998 quodam

2003 2012 2243 2083 capitulo
2275 2014 2333 2068 II
2372 2014 2757 2070 Thesaurorum
2785 2017 2861 2071 ait
2888 2035 2901 2069 :
2935 2036 2955 2069 ι
2997 2016 3358 2086 Apertissime
3391 2032 3585 2077 osten-

2006 2102 2177 2169 ditur,
2210 2120 2320 2159 non
2354 2105 2594 2161 alienum
2628 2121 2750 2162 esse
2774 2123 2804 2162 a
2836 2106 2975 2163 Filio
3006 2108 3276 2180 Spiritum
3308 2123 3583 2176 sanctum.

2007 2195 2103 2250 sed
2153 2197 2206 2249 in
2265 2196 2406 2263 ipso,
2436 2210 2490 2253 et
2551 2213 2616 2253 ex
2663 2198 2780 2269 ipso
2836 2208 2999 2289 esse,’
3029 2217 3092 2258 ac
3121 2203 3285 2259 veluti
3343 2205 3585 2261 efficacia

2005 2287 2255 2355 quaedam
2291 2288 2557 2344 naturalis
2585 2291 2769 2345 omnia
2814 2287 3041 2361 implere
3080 2295 3288 2359 valens,
3320 2312 3589 2366 quaecun-

2006 2396 2113 2451 que
2142 2380 2400 2437 voluerit.
2445 2401 2464 2436 ι
2519 2380 2874 2454 Rursumque
2903 2385 2958 2439 in
2988 2385 3096 2441 alio
3122 2388 3366 2459 capitulo
3399 2389 3425 2444 1
3456 2389 3589 2443 Tlte-

2013 2490 2319 2541 saurorum,
2361 2493 2381 2527 ι
2415 2473 2611 2539 Filius,
2640 2475 2837 2546 inquit,
2875 2478 2996 2532 viva
3049 2486 3102 2533 et
3143 2480 3453 2534 essentialis
3478 2481 3587 2535 etii-

2005 2567 2154 2622 cacia
2211 2575 2315 2634 est,
2368 2575 2422 2622 et
2467 2567 2642 2623 virtus
2693 2568 2957 2637 sapientia
3000 2568 3201 2626 Patris.
3279 2589 3298 2623 ι
3358 2571 3465 2626 Sed
3534 2582 3589 2628 ct

2008 2673 2238 2729 magnus
2268 2655 2625 2726 Athanasius,
2665 2657 2719 2714 in
2746 2658 2915 2730 Epist.
2933 2661 2997 2714 ad
3036 2661 3390 2731 Serapionem
3414 2701 3429 2727 ,
3462 2680 3592 2735 ope-

2012 2750 2279 2804 rationem
2325 2749 2442 2803 Filii
2479 2748 2741 2819 Spiritum
2788 2752 3072 2816 nominat,
3128 2753 3487 2829 plurimisque
3534 2758 3588 2811 in

2006 2840 2142 2894 locis
2198 2842 2448 2894 doctores
2516 2841 2690 2896 sancti
2773 2842 3075 2899 naturalem
3137 2851 3193 2898 et
3241 2847 3587 2900 essmtialetn

2012 2930 2134 2985 Filii
2176 2929 2433 2985 virtutem
2501 2939 2555 2986 et
2581 2932 2953 3001 operationem
3011 2931 3273 3003 Spiritum
3338 2946 3589 2991 sanctum

2009 3033 2343 3080 asseverant.

2080 3118 2160 3172 Ad
2194 3118 2309 3172 haec
2354 3116 2546 3172 faciem
2597 3118 2815 3188 quidem
2848 3116 3025 3173 Patris
3048 3118 3272 3184 Filium,
3303 3119 3425 3174 Filii
3461 3136 3589 3175 vero

2016 3210 2211 3265 faciem
2252 3209 2518 3281 Spiritum
2552 3218 2801 3266 sanctum
2836 3219 3110 3267 asserunt.
3145 3213 3231 3266 Ait
3262 3213 3404 3267 enim
3434 3214 3592 3268 divus

2009 3298 2242 3374 Cyrillus
2290 3303 2342 3356 in
2384 3317 2416 3355 v
2449 3302 2520 3381 ad
2565 3300 2840 3357 Hermian:
2887 3321 2906 3358 :
2944 3322 2963 3354 σ
2998 3304 3151 3370 Quod
3184 3304 3356 3371 enim,
3390 3305 3590 3374 Inquit,

2012 3395 2166 3466 quasi
2228 3394 2396 3451 facies
2437 3395 2555 3460 Dei,
2580 3407 2636 3451 et
2685 3394 2865 3453 Patris
2933 3395 3108 3453 Filius
3157 3396 3247 3463 sit,
3300 3397 3590 3453 Psalmista

2012 3502 2112 3543 nos
2133 3486 2288 3543 facile
2317 3489 2513 3570 docere
2545 3490 2741 3560 poterit
2767 3529 2784 3555 ,
2817 3490 3114 3560 aliquando
3142 3490 3357 3563 quidem
3378 3491 3590 3547 dicens:

2015 3599 2034 3633 ι
2085 3580 2200 3648 Quo
2251 3583 2398 3637 iboa
2448 3582 2649 3651 Spiritu
2700 3594 2812 3648 tuo,
2865 3593 2915 3636 et
2980 3600 3081 3652 quo
3116 3600 3149 3637 a
3218 3584 3358 3653 [acie
3399 3584 3594 3654 tuafu—

2011 3672 2253 3749 giamWZ
2286 3674 2582 3744 aliquando
2621 3689 2816 3749 rursus
2835 3675 3000 3729 veluti
3033 3691 3100 3731 ex
3122 3691 3360 3746 persona
3398 3691 3589 3730 eorum

2011 3766 2103 3835 qui
2146 3748 2497 3820 crediderant
2543 3766 2597 3819 in
2628 3765 2780 3819 illum
2815 3784 2828 3819 :
2866 3766 3147 3837 Signatum
3192 3777 3268 3821 est
3316 3784 3472 3833 super
3499 3785 3595 3822 nos

2013 3855 2189 3909 lumen
2234 3855 2407 3910 vultus
2456 3856 2554 3917 tui,
2603 3854 2826 3909 Domine
2862 3856 2928 3909 ³³.
2980 3857 3189 3926 Signati
3235 3856 3594 3913 cnimsumus

2013 3930 2204 4002 sancto
2247 3947 2455 4014 Spiritu
2484 3946 2551 4006 ad
2585 3946 3001 4003 similitudinem
3048 3947 3203 4003 faciei
3247 3949 3451 4019 Patris,
3490 3952 3597 4004 hoc

2011 4047 2093 4092 est
2143 4036 2287 4091 Filii.
2348 4056 2366 4089 ι
2428 4038 2569 4093 Idem
2617 4054 2779 4107 super
2810 4037 2942 4094 illud
2978 4057 2991 4094 ε
3031 4038 3333 4109 Operamini
3377 4058 3477 4094 non
3518 4045 3590 4096 ci-

2012 4133 2153 4196 bum,
2199 4132 2287 4202 qui
2313 4133 2449 4200 perit
2471 4130 2514 4165 “
2549 4173 2564 4198 ,
2603 4150 2621 4184 ‹
2655 4119 2949 4197 Quoniam,
2983 4131 3183 4201 inquit,
3219 4149 3325 4188 non
3367 4135 3594 4190 dubium

2010 4235 2115 4289 est,
2151 4223 2281 4293 quin
2308 4222 2477 4278 facies
2508 4222 2629 4301 Dei,
2652 4231 2708 4278 et
2729 4224 2909 4301 Patris
2923 4221 3101 4279 Filius
3124 4224 3211 4279 sit.
3239 4223 3334 4280 Est
3361 4226 3479 4295 ipse
3499 4241 3595 4296 pe-

2012 4314 2162 4369 nitus
2190 4321 2246 4370 et
2275 4295 2565 4369 character
2587 4315 2639 4368 in
2667 4329 2776 4384 quo
2806 4298 2986 4385 signat
3018 4314 3181 4371 Deus.
3212 4335 3230 4368 ι
3257 4316 3402 4371 Idem
3430 4331 3598 4387 super

2011 4404 2143 4461 illud
2199 4424 2213 4460 :
2279 4403 2376 4462 Sin
2436 4416 2649 4471 autem,
2682 4417 2893 4476 propter
2943 4408 3058 4478 ipsa
3109 4425 3266 4478 opera
3307 4410 3502 4464 credite
3530 4412 3596 4476 ³⁸,

2020 4514 2038 4547 ι
2075 4493 2130 4551 Si
2157 4498 2325 4562 enim,
2363 4498 2563 4569 inquit,
2590 4497 2834 4567 implevit
2872 4498 3094 4569 quidem
3120 4499 3291 4555 ccelos
3319 4498 3511 4564 Filius,
3544 4514 3600 4554 et

2019 4594 2175 4641 term
2220 4588 2431 4654 ultima,
2485 4592 2587 4643 hoc
2643 4598 2750 4652 est,
2808 4587 3104 4655 internum,
3145 4590 3419 4663 quomodo
3489 4604 3596 4644 non

2018 4677 2435 4735 stolidissimum
2483 4679 2709 4735 omnino
2737 4689 2821 4737 est
2877 4690 2929 4735 et
2958 4690 3150 4751 praeter
3177 4697 3393 4736 omnem
3434 4674 3597 4738 ratio-

2018 4786 2165 4836 nem,
2219 4773 2459 4827 ambitus
2490 4770 2568 4826 illi
2615 4772 2887 4841 applicare
2929 4772 3167 4827 nomen?
3213 4771 3290 4828 Ne
3327 4774 3598 4845 illudqui-
3694 4760 3699 4765 ’

2018 4863 2141 4918 dem
2176 4865 2324 4918 venit
2356 4866 2409 4918 in
2438 4875 2675 4920 mentem
2720 4869 2866 4935 quod
2899 4864 2945 4919 si
2981 4864 3151 4921 facies
3182 4865 3323 4935 cjus,
3352 4868 3456 4922 hoc
3513 4878 3598 4923 est

2022 4953 2278 5024 Spiritus;
2332 4952 2500 5009 facies
2557 4956 2700 5010 enim
2746 4954 2885 5026 Filii:
2926 4967 3152 5010 vocatur
3187 4957 3464 5026 Spiritus;
3499 4958 3599 5011 in:-

2021 5050 2130 5120 plet
2183 5049 2402 5114 omnia,
2440 5049 2586 5104 nulla
2644 5050 2858 5105 ratione
2906 5051 3083 5121 ipsum
3136 5051 3347 5107 ambitu
3391 5053 3595 5108 includi

2017 5157 2198 5211 posse.
2251 5159 2268 5190 ι

2087 5236 2167 5289 Ad
2201 5236 2317 5290 haec
2351 5251 2585 5306 magnus
2609 5235 2844 5290 Basilius
2872 5237 2926 5289 in
2953 5236 3046 5290 lib.
3083 5251 3135 5290 tv
3169 5236 3368 5293 Contra
3408 5237 3600 5292 Euno-

2015 5328 2200 5393 mium,
2241 5328 2544 5398 genitorem
2585 5338 2639 5383 et
2699 5328 2929 5397 primatu
2965 5328 3199 5385 formam
3234 5330 3355 5385 Filii
3379 5331 3663 5387 Patrem/

2017 5419 2332 5489 appellavit.
2375 5419 2601 5489 Magnus
2640 5434 2774 5474 vero
2812 5420 2900 5475 ille
2935 5419 3235 5492 Gregorius
3261 5423 3599 5479 mirabilium

2021 5520 2268 5581 patrator
2327 5510 2692 5568 Neocaesarcze
2737 5513 3054 5583 episcopus,
3116 5515 3169 5568 in
3228 5515 3390 5580 libro,
3438 5517 3601 5583 cujus

2020 5603 2238 5658 initium
2303 5614 2389 5658 est
2450 5621 2465 5657 :
2521 5603 2884 5658 Ininticissimi
2971 5605 3232 5675 alienique
3298 5610 3602 5679 apostolica;

2020 5695 2388 5764 confessionis,
2433 5716 2448 5749 ε
2486 5696 2667 5761 Pater,
2723 5690 2920 5765 inquit,
2980 5696 3194 5752 Domini
3239 5698 3598 5769 principium,

2135 5810 2180 5841 “
2205 5811 2347 5865 Psal.
2401 5806 2565 5877 LXVII,
2593 5812 2685 5868 29.
2799 5812 2837 5842 ³¹
2875 5809 2891 5863 I
2928 5808 3052 5865 Cor.
3101 5826 3137 5874 ι,
3181 5808 3271 5863 24.
3380 5809 3595 5866 "I’sal.
