4106 6438
448 363 459 370 ’
543 382 614 442 83
791 377 801 384 ‘
899 375 920 390 '
1795 397 2190 460 MANUELIS
2225 406 2525 469 annos
3704 422 3824 486 st.

541 506 739 591 ξὲῑττξιε
800 497 951 591 "lu":
1014 502 1244 580 88'“le
1291 506 1537 572 etprima
1610 506 1785 560 ίοΐιηει
1867 509 2096 577 Spiritui
2131 519 2176 575 Α
2206 519 2381 577 virtus
2430 540 2552 578 cum
2610 526 2842 591 dicatur,
2904 532 3203 586 secundum
3251 533 3504 587 eumdem
3542 532 3762 587 modum

544 587 828 641 Dominus.
865 607 883 638 ι
924 589 1191 644 Praeterea
1235 607 1412 647 sermo
1439 596 1657 664 quidem
1688 595 1866 652 Patris
1899 599 2094 666 Filius,

543 679 770 732 Verbum
819 688 998 732 autem
1059 680 1177 734 Filii
1237 681 1473 751 Spiritus
1521 686 1576 739 in
1606 702 1761 743 sacra
1815 688 2099 758 Scriptura

547 771 770 823 dicitur.
846 770 918 824 ita
991 781 1043 824 et
1112 787 1338 841 magnus
1408 775 1641 832 Basilius
1693 781 1959 848 exposuit.
2025 783 2152 837 Ae“

544 860 795 928 proprius
812 860 1025 929 quidem
1054 861 1227 917 Patris
1255 863 1446 930 Filius,
1471 866 1588 921 Filii
1618 878 1796 924 autem
1851 871 2102 939 preprius

543 949 782 1018 Spiritus
853 962 1075 1005 sanctus
1126 965 1155 1004 a
1204 954 1469 1026 theologis
1537 961 1820 1014 asseritur.
1875 961 2110 1018 Sanctus

541 1041 775 1108 denique
829 1039 1059 1110 Cyrillus
1128 1045 1179 1097 in
1206 1045 1345 1101 libro
1400 1049 1482 1101 Ad
1558 1053 1877 1118 monachos,
1945 1056 2103 1124 cujus

539 1130 752 1184 initium
815 1143 900 1186 est
965 1148 980 1185 :
1043 1134 1376 1190 Aduenerant
1435 1140 1675 1207 quidem,
1745 1145 1904 1210 juxta
1965 1147 2103 1212 quod

537 1231 843 1278 consuetum
905 1238 1005 1292 est,
1099 1229 1154 1282 in
1212 1229 1558 1300 Alexandria,
1637 1253 1656 1285 ι
1717 1233 1869 1290 Sicut
1937 1239 2108 1299 enim,

539 1314 737 1383 inquit.
800 1318 1078 1387 proprium
1143 1330 1226 1374 est
1279 1322 1537 1385 hominis,
1596 1325 1706 1378 imo
1745 1339 1798 1380 et
1842 1329 2110 1398 cujusque

537 1416 858 1461 caeterorum
933 1411 1288 1475 animalium,
1360 1414 1503 1483 quod
1581 1431 1738 1470 exeo
1801 1421 2101 1474 secundum

538 1505 788 1551 naturam
848 1512 1157 1568 generatur,
1212 1502 1286 1556 ita
1326 1505 1606 1574 proprium
1645 1507 1738 1561 Dei
1785 1524 1924 1573 esse,
1957 1512 2101 1580 quod

537 1605 601 1644 ex
634 1589 774 1643 illius
809 1593 1040 1648 essentia
1081 1603 1185 1659 est,
1222 1597 1447 1666 intelligi
1479 1608 1532 1652 et
1555 1599 1656 1653 dici
1685 1601 1860 1656 debet.
1899 1621 1916 1656 ο

609 1680 834 1750 Magnus
884 1682 1010 1738 item
1063 1687 1412 1754 Athanasius,
1457 1689 1510 1743 in
1565 1690 1810 1745 tContra
1874 1694 2103 1748 Arianae

538 1770 635 1824 lib.
709 1790 728 1823 ι
793 1773 927 1845 Quia
994 1776 1165 1840 enim,
1227 1779 1434 1848 inquit,
1489 1778 1720 1836 Verbum
1783 1784 2107 1839 naturaliter

541 1863 817 1935 proprium
849 1877 932 1918 est
985 1866 1303 1922 santantize
1360 1871 1468 1934 Dei,
1508 1887 1573 1925 ex
1613 1873 1730 1941 ipso
1786 1889 1999 1944 quoque
2053 1886 2100 1930 et

417 1934 425 1942 ”
477 2009 484 2014 _
540 1951 593 2003 in
648 1934 763 2018 ipso
825 1963 924 2009 est.
977 1974 995 2006 ›

612 2041 844 2097 Rursum
894 2045 1126 2116 Cyrinus
1173 2049 1519 2105 beatissimus
1561 2050 1695 2105 illud
1729 2052 2103 2122 evangelicum

550 2147 830 2199 exponens
880 2135 998 2190 :De
1080 2154 1190 2190 meo
1272 2141 1484 2207 accipiet
1518 2141 1596 2206 ",
1632 2142 1706 2196 ait
1781 2142 1849 2197 de
1905 2143 2107 2210 Spiritu

540 2234 730 2278 sancto
765 2243 777 2278 :
822 2245 839 2277 ‹
884 2228 1188 2284 Procedens
1231 2233 1430 2302 quippe
1461 2247 1558 2301 per
1588 2250 1712 2289 eum
1756 2235 2100 2300 naturaliter,

537 2323 596 2367 ut
634 2317 882 2385 proprius
923 2320 1094 2388 ipsius
1139 2337 1260 2375 cum
1297 2325 1574 2389 omnibus,
1603 2341 1726 2396 quae
1767 2325 1948 2392 habet,
1984 2342 2108 2396 per-

537 2405 674 2462 teetc
709 2411 958 2480 accipere
987 2413 1209 2478 dicitur,
1238 2431 1358 2483 qua:
1389 2416 1510 2485 ejus
1533 2427 1679 2470 sunt.
1729 2436 1746 2467 ι
1959 2402 1961 2404 ’

607 2499 661 2552 Si
711 2500 876 2569 igitur
915 2519 1104 2560 omnes
1158 2504 1325 2557 ferme
1375 2507 1547 2559 sancti
1604 2507 1794 2563 Patres
1843 2511 2101 2575 apostoli-

535 2603 656 2640 cum
716 2588 845 2642 illud
902 2609 916 2645 :
972 2590 1279 2660 Con/armes
1331 2595 1573 2662 imaginis
1632 2593 1760 2650 Filii
1826 2598 1968 2665 ejus,
2024 2601 2094 2653 ita

534 2689 936 2746 exposuerunt.
975 2689 1054 2741 ut,
1099 2682 1395 2750 conforutcs
1441 2682 1665 2751 Spiritui
1707 2685 1970 2751 dicerent,
2013 2687 2103 2756 qui

535 2781 617 2822 est
638 2771 822 2839 imago
855 2771 974 2826 Filii
1013 2773 1148 2838 Dei;
1179 2773 1358 2844 imago
1385 2791 1516 2829 vero
1547 2791 1611 2829 ex
1644 2792 1753 2845 quo
1787 2787 1892 2838 est,
1929 2779 2103 2848 signi-

534 2861 694 2920 ticat;
756 2877 865 2915 non
918 2863 1062 2918 enim
1121 2861 1290 2920 Filius
1349 2863 1527 2936 imago
1583 2864 1759 2920 Patris
1810 2867 2102 2930 diceretur,

532 2954 637 3007 nisi
670 2968 735 3007 ex
764 2954 854 3008 illo
879 2963 1021 3009 esset
1051 2971 1065 3007 :
1097 2972 1114 3004 ο
1147 2953 1280 3008 Cum
1317 2955 1459 3009 enim
1499 2971 1566 3010 au
1590 2956 1748 3010 limus
1780 2956 2094 3027 imaginem,

533 3045 914 3112 Splendorem,
995 3055 1055 3102 ut
1083 3047 1157 3102 ait
1237 3063 1466 3117 magnus
1545 3047 1805 3116 Basilius,
1891 3064 2103 3121 oportet

533 3135 869 3206 intelligere;
923 3153 942 3187 ι
986 3137 1423 3205 splendor‘vero
1465 3137 1904 3194 n‘ltltlifl'SllSSime
1960 3156 2084 3210 pro-
2128 3165 2171 3222 ο

533 3242 747 3281 cessum
823 3227 1141 3280 substantia:
1213 3227 1786 3302 designat:constat,
1852 3229 1981 3299 quia
2050 3239 2103 3284 et

535 3316 794 3389 Spiritus,
845 3331 966 3374 cum
1022 3317 1198 3386 imago
1239 3316 1356 3370 Filii
1393 3318 1870 3380 dieatur,-idcirco
1898 3319 2101 3374 dicitur

533 3409 710 3476 imago
749 3406 886 3474 ejus,
936 3407 1063 3475 quia
1095 3421 1159 3459 ex
1203 3406 1296 3463 illo
1325 3407 1632 3475 splendoris
1660 3408 1834 3462 instar
1856 3419 2101 3463 emanat.

533 3497 762 3566 Unaque
814 3497 946 3552 illud
997 3506 1247 3568 apparet,
1307 3497 1452 3568 quod
1515 3498 1621 3552 nisi
1675 3500 1840 3553 etiam
1899 3517 1930 3554 a
1965 3499 2103 3555 Filio

537 3588 775 3658 Spiritus
826 3597 995 3651 esset,
1050 3603 1397 3658 nequaquam
1451 3590 1747 3644 secundum
1801 3589 1903 3646 hoc
1933 3589 2103 3645 Filius

529 3693 595 3729 υς
677 3677 833 3730 Patre
914 3676 1246 3746 splenderet.
1322 3676 1401 3730 Ita
1474 3692 1577 3732 nec
1641 3679 2102 3736 incommutabilis

528 3767 712 3837 imago
761 3777 930 3822 esset.
983 3767 1051 3821 At
1075 3767 1433 3823 immutabilis
1475 3777 1588 3834 est,
1625 3770 1893 3838 personali
1923 3781 2101 3826 tamen

533 3861 862 3915 discretione
917 3871 1153 3916 servata.
1221 3861 1405 3918 Dictus
1463 3871 1550 3918 est
1609 3872 1788 3916 autem
1858 3878 1922 3916 ex
1992 3873 2101 3918 tota

534 3952 707 4019 gloria
758 3951 898 4005 illius
955 3951 1277 4006 illustratus.
1315 3950 1372 4006 Si
1413 3967 1478 4006 ex
1526 3960 1660 4020 tota,
1697 3963 1846 4009 totus
1881 3969 2101 4008 necesse

489 4053 615 4094 .ost
669 4039 840 4092 totius
875 4039 1052 4106 imago
1105 4040 1196 4104 sit,
1227 4056 1289 4094 ac
1350 4041 1651 4096 secundum
1713 4044 1816 4096 hoc
1875 4043 2101 4096 minime

2207 611 2428 676 dicitur,
2461 626 2674 672 servato
2712 627 2891 674 tamen
2943 636 3201 690 processu
3236 623 3506 678 dili‘erenti
3561 622 3682 677 Filii
3718 631 3777 677 et

2211 701 2472 774 Spiritus;
2509 711 2652 776 quod
2707 711 2794 765 hic
2828 713 3035 770 scilicet
3067 715 3386 769 immediate
3414 723 3468 769 et
3495 714 3780 769 continen-

2211 806 2293 851 ter
2323 816 2414 853 -ει
2481 801 2679 868 primo,
2739 803 2827 856 ille
2857 819 2954 872 per
3004 820 3131 858 eum
3185 805 3279 874 qui
3330 807 3677 862 continenter
3710 818 3778 858 ex

2209 891 2388 957 primo
2429 893 2675 960 prodeat.
2735 895 3046 950 Secundum
3107 896 3354 951 eamdem
3387 908 3568 958 autem
3605 903 3775 956 ratio-

2209 997 2332 1036 nem
2386 994 2442 1040 et
2501 983 2669 1039 facies
2731 985 2850 1038 Filii
2920 985 3118 1041 dicitur
3177 989 3434 1057 Spiritus,
3501 1000 3556 1046 et
3607 993 3782 1061 prima

2209 1074 2383 1130 forma
2424 1075 2660 1146 Spiritus
2705 1075 2982 1144 Dominus,
3015 1078 3152 1134 sicut
3187 1090 3242 1135 et
3272 1078 3434 1136 Pater
3457 1079 3579 1136 Filii
3601 1098 3783 1138 causa:

2211 1168 2422 1224 ratione
2459 1168 2637 1225 dictus
2692 1179 2793 1223 est.
2848 1167 2981 1225 Viva
3034 1171 3179 1224 enim
3239 1172 3474 1228 viventis
3503 1173 3703 1244 imago,
3727 1184 3784 1228 et

2212 1261 2381 1328 ﬁgura
2411 1259 2730 1314 substantiae
2757 1260 2874 1329 ejus
2903 1273 2987 1315 est
3023 1261 3068 1292 "

2288 1351 2353 1406 Et
2385 1361 2551 1415 certe,
2582 1352 2626 1405 si
2659 1352 2776 1406 sine
2837 1351 3015 1407 medio
3046 1362 3191 1408 esset
3227 1352 3464 1423 Spiritus
3492 1369 3558 1409 ex
3593 1353 3780 1419 Patre,

2215 1446 2266 1499 id
2333 1454 2416 1499 est
2476 1461 2543 1497 ex
2599 1444 2746 1507 solo,
2818 1459 3096 1512 nunquam
3166 1445 3341 1501 dit-tus
3401 1455 3548 1504 esset
3610 1445 3785 1502 Filius

2211 1537 2429 1606 quidem
2462 1539 2644 1605 imago
2673 1535 2866 1600 Patris;
2899 1535 3020 1592 Filii
3050 1547 3228 1592 autem
3279 1538 3459 1607 imago
3489 1538 3730 1606 Spiritus
3765 1556 3779 1593 :

2213 1635 2267 1678 et
2297 1624 2461 1679 Filius
2519 1625 2739 1693 quidem
2792 1626 3073 1694 operatio,
3107 1636 3160 1680 et
3210 1628 3385 1682 virtus
3415 1627 3614 1690 Patris;
3653 1627 3782 1682 Filii

2215 1727 2395 1768 autem
2449 1716 2692 1783 operatio
2727 1723 2780 1768 et
2825 1715 3002 1771 virtus
3061 1715 3316 1786 Spiritus.
3373 1719 3551 1787 Atque
3608 1717 3784 1774 Filius

2213 1806 2427 1872 quidem
2481 1806 2648 1863 facies
2692 1805 2889 1872 Patris;
2926 1805 3048 1862 Filii
3103 1821 3232 1861 vero
3299 1806 3469 1863 facies
3517 1806 3779 1877 Spiritus.

2219 1897 2281 1950 Et
2311 1898 2438 1950 illud
2461 1913 2566 1951 una
2594 1911 2658 1953 ex
2689 1897 2774 1952 his
2804 1906 3049 1968 apparet,
3079 1897 3340 1969 Spiritum
3370 1897 3548 1954 Patris
3579 1899 3780 1954 Filium

2214 2011 2314 2050 nec
2345 2010 2485 2061 esse,
2522 2012 2622 2051 nec
2672 1997 2801 2062 dici;
2837 2011 3014 2066 neque
3049 1997 3336 2068 imaginem
3385 1999 3524 2068 ejus,
3574 2006 3782 2068 etquae

2212 2089 2315 2141 alia
2347 2087 2466 2142 Filii
2498 2103 2619 2143 esse
2644 2088 2922 2144 dicuntur.
2945 2088 3237 2144 Processus
3264 2089 3463 2159 quippe
3491 2089 3779 2153 dill'ert-ns.

2210 2180 2682 2250 cmanationisque
2745 2180 3070 2245 diﬂerentia,
3134 2182 3279 2235 hunc
3343 2181 3564 2247 Filium,
3624 2184 3780 2237 illum

2211 2272 2472 2340 Spiritum
2528 2272 2709 2327 vocari
2769 2272 2914 2327 fecit.
2947 2272 3004 2326 Si
3066 2274 3188 2342 quis
3243 2281 3456 2340 tamen,
3491 2288 3613 2343 qua:
3647 2285 3784 2330 sunt

2212 2367 2550 2434 ltnjusntodi,
2593 2365 3210 2422 consubstantialitatem
3261 2367 3479 2436 signare
3539 2380 3778 2435 asserat,

2209 2461 2414 2526 audiat,
2446 2458 2930 2514 ronsubstantialia
2990 2457 3208 2528 quidem
3279 2459 3547 2514 converti:
3599 2459 3776 2516 Fiiius

2211 2567 2389 2610 autem
2437 2555 2613 2610 sanati
2661 2554 2896 2624 Spiritus
2952 2568 3129 2623 neque
3174 2563 3276 2618 est,
3330 2569 3503 2624 neque
3549 2553 3778 2618 dicitur,

2207 2663 2382 2716 neque
2458 2649 2793 2703 convertitur
2865 2645 3084 2699 habitus
3168 2644 3270 2698 ista
3352 2647 3776 2714 consequentia.

2209 2739 2314 2795 Sed
2365 2755 2436 2794 ne
2492 2741 2620 2795 illud
2667 2741 2886 2811 quidem
2940 2755 3170 2809 usquam
3223 2739 3420 2794 lectmn
3487 2744 3591 2799 est,
3622 2738 3778 2805 quod

2205 2835 2398 2900 Filius,
2427 2833 2621 2900 virtus,
2650 2843 2705 2889 et
2734 2835 3001 2890 naturalis
3055 2833 3470 2900 essentialisque
3499 2830 3778 2898 operatio,

2205 2937 2260 2979 et
2319 2927 2498 2993 imago
2557 2927 2659 2989 sit,
2691 2940 2872 2993 neque
2929 2926 3151 2980 verbum
3205 2924 3346 2992 ejus.
3392 2933 3447 2977 et
3498 2937 3620 2990 quae
3667 2921 3780 2975 aiia

2205 3013 2326 3068 Filii
2379 3015 2613 3085 Spiritus
2657 3025 2880 3071 sanctus
2931 3030 3055 3071 esse
3105 3016 3327 3070 dicitur.
3379 3012 3455 3066 Ex
3494 3027 3604 3082 quo
3635 3025 3782 3067 sane

2205 3108 2406 3179 liquet,
2469 3125 2690 3180 propter
2757 3111 3061 3166 divinarum
3135 3106 3490 3180 personarum
3579 3107 3648 3161 ad
3721 3121 3782 3162 se

2204 3204 2430 3256 invicen
2481 3203 2746 3267 ordinem,
2797 3201 3097 3256 secundum
3152 3216 3344 3270 quem,
3380 3212 3686 3267 processus,
3731 3205 3785 3252 ct

2213 3296 2510 3353 secundum
2597 3309 2762 3360 quem
2831 3294 3067 3363 Spiritus
3120 3303 3347 3348 sanctus
3411 3291 3650 3362 procedit
3707 3305 3777 3344 ex

2207 3387 2366 3442 Patre
2414 3402 2510 3457 per
2550 3385 2742 3440 Filium
2771 3425 2787 3448 ,
2822 3385 2923 3440 ista
2981 3400 3089 3440 non
3123 3399 3282 3454 posse
3318 3383 3584 3447 converti,
3641 3382 3775 3449 quia

2210 3494 2389 3548 neque
2415 3494 2480 3533 ex
2510 3478 2671 3532 Patre
2724 3477 2893 3531 Filius
2921 3491 3017 3547 per
3043 3475 3302 3546 Spiritum
3335 3475 3589 3544 gignitur.
3619 3472 3780 3527 Sicut

2203 3573 2348 3626 enim
2394 3569 2554 3625 Pater
2599 3567 2719 3623 Filii
2757 3568 2935 3624 virtus
2980 3583 3086 3623 non
3125 3566 3346 3628 dicitur,
3375 3581 3549 3634 neque
3575 3579 3779 3631 opera-

2205 3664 2317 3724 tio.
2368 3675 2467 3716 nec
2501 3660 2789 3730 splendor,
2817 3667 2871 3713 et
2913 3650 3114 3728 siquid
3165 3667 3250 3712 est
3287 3657 3598 3725 hujusmodi
3647 3659 3779 3728 (hoc

2205 3753 2351 3808 enim
2411 3760 2556 3806 esset
2611 3751 2932 3805 substantia:
2995 3750 3240 3804 ordinem
3292 3749 3526 3818 tollere).
3579 3750 3776 3805 eadem

2205 3845 2418 3898 ratione
2483 3857 2660 3912 neque
2732 3839 2900 3895 Filius
2965 3842 3065 3896 ista
3143 3855 3264 3895 esse
3313 3839 3484 3893 sancti
3536 3838 3778 3909 Spiritus

2204 3934 2423 3988 dicitur.

2274 4027 2466 4090 Porro,
2519 4023 2560 4078 si
2591 4023 2714 4094 quis
2769 4022 3060 4092 imaginem
3111 4019 3391 4075 hominum
3450 4018 3516 4073 ad
3575 4017 3774 4084 Deum,

534 4130 835 4184 variabilis.
898 4130 962 4182 Et
1030 4131 1286 4197 quoniam
1341 4131 1508 4185 Filius
1564 4142 1736 4186 totum
1783 4133 1835 4185 in
1879 4147 1939 4188 se
1984 4135 2104 4204 ipso

2208 4120 2351 4189 juxta
2415 4115 2787 4188 proportionis
2833 4116 3106 4170 rationem
3165 4114 3217 4166 in
3279 4112 3513 4181 imagine
3567 4112 3774 4174 Patris.

529 4221 766 4276 ostendit
814 4222 1060 4286 Patrem;
1095 4221 1195 4275 hoc
1244 4231 1422 4274 autem
1473 4231 1588 4286 est,
1642 4226 1900 4291 quoniam
1953 4233 2101 4280 totus

441 4350 444 4352 η
534 4333 597 4369 ex
647 4324 760 4368 toto
807 4324 909 4368 est.
945 4315 1035 4368 Ait
1081 4326 1259 4368 autem
1293 4314 1417 4383 ipse
1463 4313 1694 4370 Basilius
1726 4317 1790 4371 ad
1824 4318 2102 4388 Amphilo-

2206 4212 2309 4264 hoc
2346 4220 2429 4264 est
2477 4207 2639 4269 Filio,
2692 4217 2750 4263 et
2787 4207 3025 4274 imagine
3058 4205 3202 4268 Filii,
3250 4205 3498 4259 videlicet
3539 4203 3774 4272 Spiritu,

2205 4297 2335 4352 velit
2375 4297 2661 4366 accipere,
2699 4313 2803 4350 non
2848 4297 3020 4364 inagis
3053 4296 3196 4366 quod
3229 4296 3376 4350 volet
3431 4333 3446 4359 ,
3495 4296 3774 4361 ostendet,

531 4407 714 4460 chium
756 4405 1002 4459 scribens
1037 4419 1051 4458 :
1088 4425 1107 4458 ε
1144 4404 1281 4472 Quia
1336 4404 1568 4473 Spiritus
1615 4417 1837 4462 sanctus
1864 4411 2098 4464 ostendit

2208 4407 2364 4462 quam
2414 4389 2609 4444 Filium
2655 4405 2684 4443 a
2740 4389 2914 4444 Patris
2968 4388 3200 4443 essentia
3255 4388 3558 4453 alienabit,
3597 4386 3778 4456 Spiri-

531 4497 586 4547 in
646 4495 827 4563 seipse
870 4493 1102 4561 Filium,
1149 4505 1202 4548 et
1261 4495 1597 4565 tnajestatent
1630 4498 1772 4566 ejus,
1809 4501 1949 4554 unde
1979 4516 2103 4570 pro-

531 4586 653 4649 diit,
707 4593 946 4648 constat,
991 4585 1116 4654 quia
1169 4595 1222 4639 et
1277 4584 1514 4654 Spiritus
1563 4598 1782 4643 sanctus
1853 4601 1995 4646 totus
2033 4608 2098 4646 ex

531 4687 646 4731 toto
680 4676 818 4730 Filio
862 4686 964 4730 est.
1032 4674 1096 4729 Et
1135 4677 1391 4744 quoniam
1433 4693 1594 4730 unum
1633 4688 1800 4732 totum
1829 4691 1912 4735 est
1942 4680 2102 4736 Pater

529 4779 580 4821 et
627 4766 815 4826 Filius,
877 4782 1050 4835 neque
1102 4767 1244 4820 aliud
1311 4777 1392 4821 cst
1465 4778 1635 4822 totum
1705 4769 1896 4836 Pater,
1953 4773 2099 4826 aliud

532 4869 706 4911 totum
738 4858 945 4924 Filius;
971 4861 1291 4930 patet,'qnia
1319 4876 1383 4914 ex
1414 4878 1520 4914 uno
1553 4873 1664 4916 toto
1690 4866 1852 4917 Patre
1885 4875 1938 4918 et
1962 4864 2101 4918 Filio

535 4949 769 5016 Spiritus
817 4959 1037 5007 sanctus
1091 4959 1191 5014 est,
1249 4962 1461 5006 serrata
1520 4953 1728 5008 scilicet
1767 4955 2100 5009 discretione

494 5025 500 5031 ’
532 5041 704 5096 Patris
737 5052 790 5096 et
821 5039 958 5095 run.
1008 5061 1030 5093 ›

601 5129 868 5195 Quoniam
923 5147 1052 5186 vero
1083 5133 1243 5187 etiam
1295 5135 1416 5186 viva
1465 5134 1659 5196 virtus,
1716 5144 1768 5187 ct
1830 5135 2096 5187 naturalis

529 5233 693 5291 atque
741 5224 1048 5277 cssentialis
1094 5223 1330 5279 cﬂicacia
1369 5224 1560 5289 Patris,
1595 5233 1679 5277 est
1713 5224 1901 5286 Filius,
1933 5237 2098 5292 atque

533 5314 636 5368 hoc
670 5315 916 5377 omnino,
965 5317 1222 5384 quoniam
1259 5330 1324 5368 ex
1357 5315 1514 5369 Patre
1563 5325 1645 5369 est
1673 5317 1868 5381 (virtus
1899 5316 2099 5384 quippe

513 5399 581 5460 'in
643 5417 862 5476 potente
903 5417 1066 5476 atque
1097 5410 1172 5460 ex’
1193 5414 1410 5476 potente
1440 5416 1520 5462 est
1547 5448 1562 5474 ,
1595 5406 2000 5475 efticientiaque
2029 5424 2095 5461 ex

529 5498 798 5553 efﬁciente
866 5501 1115 5568 prodit),
1150 5508 1401 5561 constat,
1434 5499 1559 5568 quia
1621 5497 1784 5550 etiam
1863 5497 2099 5568 Spiritus

527 5583 662 5638 F.liiv
699 5586 963 5641 naturalis
1013 5596 1177 5656 atque
1225 5586 1529 5640 essentialis
1567 5585 1832 5654 clticacia,
1894 5598 1949 5643 et
1978 5589 2097 5656 riya

601 5765 648 5795 δ’
671 5765 826 5818 lcan.
864 5781 971 5829 xu,
1022 5764 1103 5816 Η.
1185 5763 1225 5793 ³⁷
1255 5761 1418 5816 Hebr.
1454 5779 1492 5827 ι,
1534 5764 1583 5816 5.

581 5993 618 6006 ἡ

2204 4491 2432 4553 tumque
2476 4498 2505 4535 a
2561 4481 2697 4536 Filio
2749 4482 2986 4535 alienum
3052 4495 3229 4549 neque
3290 4480 3396 4534 sibi
3448 4480 3778 4534 naturaliter

2204 4578 2426 4630 insitum
2458 4575 2875 4644 blaSpltemabit.
2929 4572 3104 4626 Fateri
3126 4571 3269 4625 enim
3302 4582 3543 4641 cogetur,
3573 4568 3776 4626 Filium

2204 4672 2271 4722 ad
2318 4668 2533 4722 Patrem
2586 4666 2830 4720 eamdem
2891 4664 3092 4718 habere
3141 4664 3445 4730 rationem,
3477 4677 3639 4732 quam
3675 4665 3779 4716 ha-

2205 4762 2333 4815 bent
2370 4758 2565 4829 singuli
2591 4755 2876 4811 hominum
2912 4755 2979 4809 ad
3017 4753 3209 4808 Deum.

2279 4850 2477 4904 Verum
2566 4863 2630 4902 ex
2719 4847 2979 4915 praedicto
3076 4845 3374 4900 secundum
3479 4857 3776 4914 processus

2206 4955 2569 5013 personarum
2622 4939 2836 5002 ordine,
2889 4940 3028 4991 ratio
3081 4937 3245 4990 etiam
3300 4933 3780 4989 consubstantiali-

2209 5003 2334 5088 iatis
2368 5003 2614 5102 a.ppttret;
2655 5037 2872 5086 constat
2905 5030 3073 5092 enim,
3110 5027 3239 5098 quia
3272 5025 3416 5095 quod
3466 5039 3531 5078 cx
3556 5025 3770 5094 aliquo,

2206 5127 2291 5180 vel
2324 5141 2420 5190 per
2457 5125 2720 5194 aliquem.
2754 5121 3060 5177 secundum
3093 5118 3430 5188 aaquivocum
3456 5132 3772 5187 processum

2203 5218 2400 5289 prodit,
2483 5217 2731 5271 eamdem
2815 5213 2940 5269 inde
3013 5221 3264 5265 naturam
3345 5209 3534 5264 sumit.
3601 5207 3816 5277 Atqui_

2203 5311 2482 5381 proprium
2522 5309 2696 5362 Patris
2723 5305 2920 5360 Filium
2967 5317 3110 5365 esse,
3150 5311 3210 5355 ut
3237 5299 3330 5370 qui
3365 5312 3429 5354 ex
3467 5297 3775 5353 substantia

2205 5402 2351 5456 illius
2392 5400 2482 5463 sit,
2517 5400 2690 5452 sancti
2742 5396 2930 5450 Patres
2981 5399 3318 5447 asseverant.
3367 5387 3593 5458 Magnus
3626 5386 3772 5442 enim

2205 5494 2536 5550 Athanasius
2582 5491 2659 5544 ait
2703 5508 2716 5543 :
2773 5507 2791 5540 α
2827 5486 3093 5553 Quoniam
3127 5483 3364 5538 Verbum
3393 5495 3490 5548 per
3521 5487 3774 5533 naturam

2208 5588 2488 5659 proprium
2532 5595 2616 5640 est
2650 5581 2899 5637 essentne
2935 5577 3050 5643 Dei,
3102 5590 3164 5631 ex
3202 5560 3321 5644 ipso
3371 5581 3534 5642 atque
3569 5569 3625 5625 in
3655 5569 3782 5640 ipso-
