4106 6452
1304 324 1339 339 κ

398 366 468 421 επ
1472 367 2220 449 ADVERSUS-GILECQS
2263 369 2410 429 Lm.
2450 371 2536 430 ii.
3200 436 3207 439 τ
3586 362 3655 423 eis

402 495 505 540 est.
554 506 572 540 ι
607 488 738 553 Quae
766 497 947 544 autem
984 489 1049 544 de
1102 490 1200 545 hoc
1233 489 1514 551 dicuntur,
1553 490 1786 558 plurima
1835 502 1957 543 cum
1989 482 2038 543 Α
2067 486 2141 540 ait

404 582 512 632 sint
565 589 784 650 propter
837 581 1281 648 multitudinem,
1320 583 1664 647 omittimus,
1706 598 1801 651 per
1845 596 1968 650 qua:

402 685 467 722 ex
526 671 643 748 ipso
699 686 842 739 esse,
903 681 962 728 ut
1025 674 1319 743 proprius
1356 676 1427 730 sit
1483 676 1735 729 essentia:
1798 673 1965 737 illius,

404 765 668 817 astruitur
700 778 727 816 a
779 766 988 820 sanctis
1033 766 1311 821 Pati-ibus.
1345 764 1521 835 Atque
1558 766 1684 819 hinc
1720 764 1965 834 dignosci

402 864 603 924 potest,
664 856 925 925 Spiritum
960 857 1078 912 ideo
1131 857 1250 912 Filii
1310 858 1591 928 proprium
1654 857 1784 922 dici,
1838 857 1967 926 quia

403 960 470 999 ex
494 947 729 1001 essentia
778 947 973 1015 ipsius,
1010 962 1337 1018 rursumque
1372 965 1495 1003 eum
1532 947 1650 1003 ideo
1679 964 1742 1001 ex
1774 962 1966 1002 essen-

404 1036 481 1089 tia
540 1036 655 1090 Filii
710 1050 833 1093 esse
900 1040 1224 1106 asseverari,
1267 1041 1393 1110 quia
1450 1039 1596 1095 illius
1648 1038 1971 1095 substantia:

402 1129 675 1198 proprium
728 1144 850 1186 esse
904 1133 1102 1186 bonum
1150 1142 1236 1187 est
1299 1149 1314 1186 :
1368 1132 1665 1203 procedere
1693 1133 1835 1187 enim
1868 1146 1997 1201 per-

405 1221 597 1275 Filium
659 1223 982 1279 naturaliter
1022 1220 1325 1293 Spiritum‘,
1357 1233 1416 1278 ut
1468 1223 1641 1294 ipsius
1663 1223 1969 1294 proprium,

405 1311 594 1366 beatus
649 1310 882 1384 Cyrillus
932 1313 1105 1379 dixit,
1163 1312 1395 1384 ideoque
1462 1313 1532 1369 ab
1595 1327 1662 1369 eo
1717 1314 1971 1383 accipere

406 1402 633 1467 dicitur,
686 1402 832 1473 quod
904 1418 1000 1471 per
1055 1403 1384 1475 bujusmodiu
1448 1418 1770 1475 processum
1839 1416 1964 1459 esse

407 1490 637 1560 Spiritus
665 1502 887 1548 sanctus
920 1494 1217 1562 acceperit.

483 1582 699 1653 Magnus
732 1584 862 1638 item
894 1585 1231 1640 Athanasius
1258 1626 1271 1649 ,
1318 1585 1385 1641 de
1410 1585 1599 1640 eodem
1629 1624 1645 1650 ,
1700 1585 1753 1640 in
1792 1584 1972 1655 primo

406 1673 602 1727 Contra
626 1677 848 1730 Arianos
884 1691 902 1730 :
930 1694 950 1728 ι
983 1674 1095 1732 Nisi
1126 1678 1295 1744 enim,
1327 1676 1524 1747 inquit,
1551 1685 1697 1733 esset
1730 1674 1967 1733 Verbum

407 1783 623 1835 germen
662 1771 937 1839 proprium
972 1756 1305 1826 substantiae
1334 1756 1539 1830 Pat’ris.
1572 1773 1737 1843 .quasi
1775 1776 1965 1845 splen-

408 1862 509 1913 dor
567 1862 718 1927 lucis,
771 1864 997 1920 distaret
1056 1880 1186 1921 vero
1231 1874 1427 1921 natura
1486 1838 1657 1923 Filius
1705 1885 1735 1925 a
1793 1838 1973 1942 Patre,
2006 1838 2054 1899 Β

411 1957 682 2011 sufficeret
751 1957 962 2015 Patrem
996 1961 1204 2016 solum
1277 1964 1428 2018 dare.
1471 1984 1489 2016 ι
1529 1963 1629 2021 Hic
1692 1969 1973 2039 proprium

413 2048 587 2102 Patris
640 2049 872 2106 Verbum
952 2053 1047 2118 alt,
1106 2069 1205 2110 ceu
1266 2054 1614 2124 splendorem
1676 2058 1837 2116 lucis.
1905 2063 1976 2116 At

413 2143 665 2213 splendor
688 2158 750 2198 ex
785 2160 948 2199 causa
987 2148 1124 2203 lucis
1154 2158 1256 2205 est.
1288 2149 1354 2204 Et
1398 2154 1676 2222 proprium
1709 2154 1879 2225 igitur
1911 2172 1979 2212 ex

413 2248 572 2288 (ansa
608 2249 725 2289 esse
762 2237 1021 2292 ostendit.

487 2326 714 2382 Sanctus
741 2329 974 2419 Cyrillus
1020 2347 1186 2401 super
1223 2331 1353 2389 illud
1396 2352 1409 2388 :
1452 2334 1585 2390 Cum
1620 2345 1793 2392 autem
1826 2354 1979 2392 vene-

419 2420 485 2471 rit
539 2418 918 2474 Puraclems"
947 2464 963 2487 ,
1002 2441 1021 2474 ‹
1067 2423 1123 2477 Si
1158 2438 1289 2496 ergo
1312 2466 1329 2491 ,
1356 2427 1570 2496 inquit,
1606 2428 1847 2485 ofﬁcium
1876 2430 1979 2485 mi-

423 2509 567 2563 nistri
593 2508 787 2564 Fdium
819 2512 1043 2583 implere
1067 2516 1440 2583 arbitramini,
1472 2519 1710 2574 alienum
1746 2522 1851 2576 hoc
1874 2531 1978 2589 est,

424 2618 482 2655 ex
515 2601 616 2656 Deo
658 2612 710 2658 et
760 2605 922 2660 Patre
972 2607 1347 2676 procedentem
1394 2612 1679 2681 Spiritum,
1735 2616 1828 2685 qui
1884 2633 1981 2687 per

420 2703 667 2750 naturam
746 2708 968 2753 sanctus
1030 2710 1134 2763 est,
1194 2702 1378 2758 'nobis
1466 2705 1811 2777 largientem,
1868 2726 1979 2765 non

417 2791 706 2844 secundum
748 2800 996 2848 naturam
1042 2807 1266 2854 sanctus
1295 2809 1377 2853 est
1409 2799 1601 2868 Filius,
1628 2804 1722 2859 sed
1754 2806 1979 2875 partici-

417 2881 630 2950 patione
678 2885 821 2940 sicut
866 2894 922 2941 et
967 2902 1089 2944 nos.
1146 2908 1164 2940 ι
1220 2888 1334 2945 Hoc
1363 2907 1666 2962 exponens,
1703 2899 1846 2966 quod
1876 2901 1974 2964 ait,

414 2974 663 3043 alienum,
722 2992 786 3032 ex
836 2975 985 3044 Deo,
1041 2981 1238 3052 inquit,
1288 2993 1343 3040 et
1372 2986 1531 3043 Patre
1563 2992 1975 3060 procedentem;

417 3078 527 3117 non
583 3075 863 3136 prepterea
913 3070 1150 3127 alienum
1205 3074 1429 3142 dicens,
1481 3081 1609 3148 quia
1661 3097 1727 3136 ex
1782 3081 1893 3139 Deo
1923 3096 1978 3140 et

2207 507 2218 541 :
2264 506 2281 538 ι
2364 487 2679 543 Ostenditur
2733 486 3034 545 evidenter.
3090 501 3196 539 non
3251 484 3487 540 alienum
3535 501 3656 541 esse

2077 596 2105 633 a
2165 578 2299 632 Filio
2362 579 2660 649 Spiritum,
2720 579 2813 653 sed
2882 580 2934 633 in
2988 578 3105 648 ipso
3192 587 3356 649 atque
3424 595 3488 635 ex
3540 580 3660 649 ipso

2079 686 2221 724 CSHC.
2280 689 2297 721 I

2149 764 2226 817 Ac
2255 778 2348 832 per
2379 763 2560 817 omnia
2598 762 2643 818 si
2677 762 2801 833 quis
2826 773 3074 816 sanctum
3110 761 3370 829 Cyrillum
3409 761 3662 819 observet

2077 855 2411 922 diligentius,
2446 857 2517 910 ita
2562 870 2687 910 eum
2716 870 2930 924 semper
2964 855 3201 910 inveniet
3227 853 3488 925 Spiritum
3528 872 3658 910 san-

2049 957 2223 1019 qctum
2258 949 2535 1019 proprium
2569 963 2689 1003 esse
2715 948 2834 1002 Filii
2859 948 3060 1007 dicere.
3093 959 3150 1002 ut
3176 947 3267 1017 qui
3302 964 3367 1003 ex
3402 947 3521 1018 ipso
3562 949 3654 1010 sit,

2077 1045 2129 1092 et
2165 1039 2290 1107 quia
2320 1038 2459 1093 idem
2502 1046 2604 1104 est,
2639 1038 2900 1108 Spiritum
2942 1049 3192 1095 sanctum
3237 1040 3502 1109 Spiritum
3535 1056 3659 1095 esse

2077 1130 2196 1185 Filii
2251 1132 2452 1196 dicere,
2507 1140 2562 1185 et
2617 1133 2894 1200 proprium
2952 1133 3122 1201 ipsius
3178 1148 3301 1187 esse
3339 1131 3657 1202 sSpirilum

2076 1234 2259 1280 autem
2322 1225 2443 1279 Filii
2505 1225 2730 1279 relative
2760 1224 2864 1278 dici
2898 1264 2913 1288 ,
2939 1240 3104 1294 supra
3154 1236 3519 1281 monstratum
3549 1233 3655 1289 est;

2076 1315 2170 1372 sed
2191 1323 2247 1370 et
2291 1331 2524 1385 magnus
2583 1315 2817 1371 Basilius
2876 1308 3131 1370 sufficere
3200 1316 3275 1370 ait
3330 1325 3384 1371 ct
3447 1317 3547 1369 hoc
3591 1318 3656 1369 ad

2076 1407 2197 1478 ejus
2263 1407 2622 1463 substantiam
2690 1407 3116 1469 insinuandam,
3193 1407 3334 1461 sicut
3389 1416 3446 1463 et
3511 1408 3657 1477 quod

2074 1514 2140 1553 es
2192 1498 2302 1555 Deo
2330 1514 2450 1556 esse
2484 1499 2728 1565 dicitur;
2780 1498 3123 1568 Spiritusque
3178 1500 3247 1553 ad
3295 1498 3493 1552 Filium
3524 1514 3658 1568 pro-

2077 1594 2400 1664 prietatem,
2454 1602 2520 1647 ex
2580 1607 2646 1646 eo
2709 1592 2855 1662 quod
2921 1589 3164 1661 Spiritus
3239 1590 3360 1644 Filii
3421 1590 3657 1650 dicatur,

2078 1684 2354 1755 intelligit,-
2389 1683 2534 1739 sicut
2565 1684 2630 1738 ad
2678 1683 2893 1739 Patrem
2933 1699 3177 1754 quoque,
3219 1683 3480 1753 quoniam
3531 1697 3651 1751 pro-

2080 1777 2226 1832 cedit
2307 1792 2372 1831 ex
2407 1775 2594 1831 Patre.
2676 1775 3068 1845 PrOprietatem
3132 1775 3277 1829 enim
3337 1775 3390 1827 in
3460 1774 3660 1829 divinis
3757 1819 3764 1827 .

2081 1867 2332 1939 personis
2384 1865 2552 1922 veluti
2581 1882 2758 1922 causae
2815 1864 2899 1921 et”
2928 1867 3164 1921 causalis
3214 1868 3660 1928 communionem

2083 1961 2255 2030 accipi
2291 1960 2405 2015 vult
2437 1978 2452 2015 :
2488 1960 2581 2026 qui
2612 1969 2671 2014 et
2719 1958 2787 2013 ad
2817 1959 3262 2029 Amphilochium
3316 1958 3561 2013 scribens
3595 1958 3664 2010 dc

2082 2062 2277 2109 sancto
2344 2049 2551 2122 Spiritu
2622 2050 2785 2115 dixit,
2836 2064 2945 2105 non
3010 2050 3139 2106 hinc
3206 2049 3383 2105 solum
3454 2060 3664 2103 natura:

2082 2150 2524 2204 communionem
2583 2147 2988 2209 demonstrari,
3031 2129 3132 2203 sed
3191 2147 3450 2215 quoniam
3497 2147 3661 2200 etiam

2083 2257 2148 2296 ex
2208 2241 2318 2296 Deo
2378 2255 2500 2296 esse
2548 2240 2780 2306 dicitur,
2838 2239 3193 2295 manifestum
3238 2251 3366 2301 est,
3430 2239 3559 2306 quia
3610 2247 3664 2291 rt

2082 2333 2228 2402 quod
2308 2332 2510 2389 dicitur
2569 2331 2806 2402 Spiritus
2872 2333 3131 2402 proprius
3181 2328 3330 2392 Filii,
3387 2330 3501 2385 haec
3543 2345 3665 2383 om"
3748 2390 3751 2393 _

2082 2425 2174 2480 nia
2233 2425 2367 2490 vult;
2418 2425 2546 2494 quia
2595 2425 2740 2479 enim
2802 2424 2857 2477 in
2912 2423 3112 2503 divinis
3170 2422 3461 2492 personis,
3512 2421 3660 2491 quod

2083 2519 2285 2574 dicitur
2342 2518 2446 2572 hoc
2492 2517 2678 2586 hujus,
2729 2516 3123 2585 propriumque
3168 2514 3274 2569 hoc
3304 2513 3468 2583 hujus
3515 2529 3658 2575 esse,

2085 2621 2292 2666 remota
2316 2610 2540 2665 materia
2557 2609 2921 2677 omnibusque
2941 2608 3088 2662 illam
3119 2612 3149 2662 ό
3169 2606 3399 2676 vestigio
3424 2619 3660 2676 sequen-

2086 2705 2254 2770 tibus,
2271 2720 2448 2774 neque
2468 2712 2527 2759 ut
2545 2702 2874 2772 membrum,
2891 2715 3066 2771 neque
3086 2708 3145 2755 ut
3168 2700 3464 2770 possessio,
3486 2714 3663 2768 neque

2085 2796 2387 2854 secundum
2439 2795 2604 2850 ullam
2659 2794 3062 2860 excellentiam,
3112 2801 3281 2862 atque
3346 2791 3664 2861 hujusmodi

2083 2889 2470 2959 proprietatem
2579 2887 2779 2943 dicitur
2810 2924 2826 2953 ,
2889 2885 3067 2940 solum
3159 2899 3289 2939 vero
3358 2884 3660 2938 secundum

2083 2994 2305 3036 causam
2362 2988 2417 3035 et
2467 2978 2707 3043 causale;
2779 2991 2890 3047 quo
2948 2976 3067 3031 solo
3109 2975 3338 3038 alterum
3398 2972 3465 3026 ab
3494 2972 3666 3026 altero

2084 3071 2347 3141 distingui
2422 3086 2486 3128 ac
2554 3069 2790 3126 discerni
2870 3066 3357 3139 deprehendimus,
3423 3071 3664 3126 constat,

417 3154 574 3209 Patre
631 3157 866 3252 _sit,_sed
904 3163 1032 3230 quia
1083 3178 1191 3217 non
1239 3165 1401 3220 sitex
1454 3165 1611 3225 Filio.
1676 3170 1732 3225 Si
1785 3173 1972 3243 igitur,
2007 3193 2049 3252 (ς
2083 3165 2228 3236 quia,
2294 3173 2351 3221 et
2402 3163 2549 3234 quod
2610 3162 2810 3219 dicitur
2863 3162 3142 3232 proprium
3211 3157 3334 3212 Filii
3395 3157 3664 3226 δρίνίιυηι

415 3248 864 3313 quenadmodum
893 3252 1168 3322 proprium
1191 3263 1273 3310 est
1306 3256 1561 3328 hominis,
1594 3264 1741 3331 quod
1777 3281 1842 3319 ex
1869 3266 1987 3335 ipso

416 3339 709 3394 secundum
737 3350 980 3398 naturam
1001 3353 1186 3401 natum
1212 3346 1396 3411 fuerit,
1418 3351 1488 3405 ita
1507 3359 1560 3406 et
1581 3356 1858 3424 proprium
1891 3357 1985 3413 Dei

419 3438 521 3493 est,
554 3430 695 3498 quod
717 3449 779 3487 ex
803 3435 917 3505 ejus
935 3438 1165 3492 essentia
1188 3448 1301 3507 est;
1321 3439 1522 3496 dicitur
1546 3458 1725 3500 autem
1749 3446 1986 3517 Spiritus

419 3525 663 3592 pmprius
696 3523 836 3592 Filii,
863 3528 1134 3597 quomodo
1162 3544 1270 3586 non
1318 3533 1435 3588 ideo
1461 3536 1715 3606 proprius
1758 3540 1981 3607 dicitur,

421 3619 674 3679 quoniam
713 3634 779 3672 ex
822 3618 939 3689 ipso
962 3623 1085 3676 est?
1128 3620 1186 3677 Si
1231 3624 1372 3679 enim
1398 3638 1462 3680 et
1493 3627 1612 3696 ipso
1641 3645 1757 3684 non
1780 3639 1883 3701 est,
1914 3635 1984 3691 ab

420 3710 538 3778 ipso
578 3708 785 3765 alienus
823 3712 949 3779 erit,
1005 3714 1105 3768 etsi
1147 3729 1255 3769 non
1291 3716 1361 3771 sit
1409 3733 1438 3771 a
1468 3717 1627 3776 Patre
1674 3720 1909 3780 alienus.

490 3801 555 3855 Et
615 3803 746 3858 illud
801 3813 980 3860 autem
1041 3806 1206 3862 simul
1260 3812 1591 3876 ostenditur,
1643 3816 1815 3885 quod,
1877 3819 1984 3873 nisi

418 3904 568 3947 esset
608 3910 673 3949 ex
726 3895 883 3961 Fili-0,
932 3897 1167 3953 ministri
1228 3900 1409 3958 officio
1458 3892 1629 3960 Filius
1664 3906 1980 3977 fungeretur

422 3987 562 4055 apud
601 3986 836 4044 Patrem.
873 3987 998 4045 Haec
1024 3991 1168 4046 enim
1222 4003 1407 4064 aperte
1453 4012 1618 4066 supra
1663 3998 1775 4068 jam
1832 4001 1979 4057 dicta

421 4090 567 4134 sunt.
627 4078 822 4136 Beatus
874 4091 1055 4137 autem
1111 4083 1345 4154 Cyrillus
1388 4088 1732 4144 manifestius
1777 4101 1834 4147 et
1859 4093 1983 4149 aliis

423 4174 476 4224 in
532 4172 663 4226 locis
724 4170 838 4229 haec
892 4174 1070 4238 ponit.
1126 4172 1267 4230 Nam
1310 4176 1383 4250 Iin
1426 4180 1768 4248 expositione
1813 4180 1983 4242 Joelis

424 4264 731 4333 prophetae,
766 4284 785 4316 ‹
822 4264 1075 4336 Proprius
1131 4264 1268 4336 εἰπὲ,
1318 4269 1514 4340 inquit,
1550 4271 1601 4326 id
1634 4282 1715 4328 (st
1746 4272 1889 4341 Filii,
1929 4288 1983 4332 et

428 4355 478 4406 in
533 4355 667 4424 ipso,
730 4367 868 4412 etex
908 4358 1026 4427 ipso
1081 4357 1315 4429 Spiritus
1354 4370 1458 4425 est,
1516 4365 1977 4433 quemadmodum

425 4447 626 4502 scilicet
656 4448 819 4503 etiam
868 4450 968 4519 ipsi
1018 4448 1127 4504 Deo
1182 4460 1236 4505 et
1286 4452 1428 4507 Patri
1454 4454 1797 4527 intelligitur.
1846 4477 1865 4509 ι
1901 4460 1978 4514 Ac

426 4554 616 4594 rursus
679 4540 733 4595 in
786 4541 1037 4597 laudibus
1082 4541 1376 4598 Theodosii
1430 4546 1715 4617 principis,
1753 4568 1772 4601 ι
1803 4549 1990 4621 Bapti-
2023 4532 2066 4587 Ῑ)
2097 4549 2482 4620 proprietatem
2572 4541 3156 4603 consubstantialitas,
3214 4539 3355 4594 sicut
3400 4547 3453 4591 et

423 4641 657 4697 z-mtent,
711 4631 907 4701 inquit,
958 4631 1141 4688 Iesum
1200 4634 1252 4688 in
1281 4634 1429 4704 igne,
1479 4653 1589 4692 non
1625 4639 1860 4695 alienum
1893 4642 1993 4696 im-

425 4724 724 4778 mittentem
801 4723 1106 4795 Spiritum,
1183 4728 1325 4781 servi
1410 4728 1656 4797 scilicet,
1749 4732 1990 4789 ministri

425 4815 639 4878 ofﬁcio;
673 4815 788 4879 sed,
810 4826 870 4870 ut
896 4815 1057 4871 Deum
1092 4831 1215 4872 cum
1244 4834 1457 4875 summa
1529 4828 1819 4890 potestate,
1863 4839 1987 4880 eum

341 4924 359 4944 ι
426 4907 517 4977 qui
546 4921 610 4960 ex
640 4921 699 4962 se
728 4917 867 4971 erat,
896 4923 960 4963 ac
987 4909 1191 4979 proprii
1217 4910 1324 4964 sui.
1361 4930 1379 4962 ι
1772 4906 1777 4915 ’

500 5002 706 5058 Rursus
769 5016 934 5073 super
954 5003 1180 5059 Joannis
1219 5003 1537 5077 Evangelio,
1589 5025 1607 5059 ‹
1646 5005 1992 5065 Naturalium

428 5096 596 5159 enim,
649 5096 846 5164 inquit,
905 5092 999 5152 Dei
1056 5114 1117 5153 ac
1151 5094 1332 5154 Patris
1391 5101 1658 5154 bonorum
1718 5103 1900 5158 socius
1946 5111 2002 5158 et

428 5201 652 5242 consors
715 5186 888 5243 Filius
942 5190 1302 5246 essentialiter
1373 5208 1497 5245 cum
1561 5193 1673 5258 sit,
1735 5193 1997 5263 Spiritum

427 5278 609 5333 habet.
649 5297 667 5330 ι
708 5279 785 5334 Ae
820 5289 941 5349 post
979 5296 1151 5351 pauca
1205 5300 1217 5336 :
1258 5302 1276 5334 ‹
1322 5282 1476 5338 Sicut
1524 5293 1579 5338 ct
1610 5284 1846 5355 quisque
1882 5280 1996 5340 ἠο-

430 5379 604 5422 strum
637 5371 912 5439 proprium
945 5370 998 5426 in
1026 5373 1208 5442 seipso
1233 5373 1494 5443 Spiritum
1528 5375 1796 5437 continet,
1830 5385 1998 5445 atque

431 5474 495 5513 ex
571 5460 776 5518 intimis
853 5463 1156 5520 visceribus
1222 5466 1289 5521 ad
1358 5465 1624 5521 exteriora
1696 5466 1995 5535 profundit.

436 5551 643 5608 idcirco
695 5554 840 5610 enim
898 5555 1061 5610 etiam
1113 5558 1471 5628 corporaliter
1527 5557 1825 5613 insulﬂavit
1869 5575 1995 5616 eum

433 5643 613 5699 Iesus.
662 5661 681 5696 ι
742 5645 885 5701 ldetn
946 5648 1001 5702 in
1051 5648 1284 5718 quodam
1344 5664 1464 5720 cap.
1512 5648 1569 5702 il
1625 5646 1878 5705 Thesauri
1920 5650 1998 5706 sic

519 5826 564 5858 ³⁸
595 5823 751 5882 Juan.
782 5844 870 5895 xv,
908 5820 999 5885 26:

2089 3271 2252 3321 esse,
2315 3255 2613 3312 secundum
2687 3255 2830 3309 hanc
2900 3253 3069 3307 solam
3143 3264 3324 3308 causr
3385 3252 3651 3305 rationem

2089 3346 2264 3417 accipi
2326 3354 2540 3417 potest,
2594 3334 2830 3400 maxime
2908 3359 3030 3399 eum
3089 3343 3437 3414 apertissime
3485 3341 3660 3396 sancti

2088 3448 2427 3515 asseverent,
2512 3436 2708 3492 Filium
2780 3436 3001 3507 quidem
3083 3435 3363 3504 proprium
3458 3431 3662 3496 Patris,

2087 3533 2349 3603 quoniam
2377 3548 2443 3586 ex
2473 3531 2594 3601 ipso
2619 3538 2722 3595 est;
2759 3528 3024 3598 Spiritum
3054 3543 3182 3582 vero
3214 3526 3490 3596 pmprium
3519 3524 3664 3592 Filii,

2087 3633 2150 3678 ut
2199 3610 2291 3695 qui
2319 3625 2372 3679 in
2415 3625 2534 3696 ipso
2587 3634 2641 3679 et
2671 3640 2765 3693 per
2809 3622 2985 3692 ipsum
3033 3622 3356 3676 naturaliter
3404 3618 3657 3689 prodeat,

2088 3725 2250 3786 atque
2325 3731 2391 3770 ex
2463 3716 2581 3787 ipso
2629 3716 2717 3781 sit;
2762 3713 2907 3785 quod
2967 3713 3243 3784 signilicat
3297 3721 3352 3765 et
3416 3709 3539 3762 Filii
3595 3710 3663 3763 ad

2088 3809 2326 3874 Patrem,
2377 3818 2431 3864 et
2486 3807 2723 3878 Spiritus
2779 3805 2844 3860 ad
2891 3803 3085 3860 Filium
3133 3801 3671 3858 consubstantialita-

2086 3914 2219 3959 tem.
2261 3900 2451 3972 Neque
2509 3882 2678 3964 enini,
2729 3897 2987 3969 quoniam
3040 3892 3527 3951 consubstantialis
3566 3901 3668 3957 est,

2087 3995 2207 4050 ideo
2267 3996 2428 4051 etiam
2480 4009 2547 4050 ex
2604 3994 2726 4062 ipso
2773 4002 2878 4055 est,
2940 3988 3432 4045 consubstantialis
3467 3988 3671 4056 quippe

2086 4087 2321 4149 ratione,
2362 4101 2533 4140 unum
2562 4076 2720 4143 ’sunt.
2772 4083 3067 4152 nullusque
3091 4082 3226 4134 ordo
3254 4123 3269 4147 ,
3301 4095 3398 4135 seu
3428 4079 3668 4141 habitus,

2091 4194 2187 4236 seu
2230 4191 2521 4248 processus
2569 4175 2893 4245 inspicitur,
2930 4170 3057 4245 quia
3104 4187 3213 4228 una
3267 4171 3504 4226 essentia
3566 4180 3669 4232 est,

2088 4282 2368 4338 unumque
2421 4267 2553 4322 illud
2585 4267 2890 4323 secundum
2925 4279 2985 4319 se
3023 4262 3368 4317 individuum
3410 4269 3515 4325 est,
3576 4261 3671 4314 sed

2087 4360 2347 4432 quoniam
2379 4372 2442 4414 ex
2477 4359 2595 4429 ipso
2622 4366 2729 4427 est,
2763 4356 2966 4412 idcirco
2989 4355 3151 4411 etiam
3184 4351 3672 4409 consubstantialis

2090 4462 2174 4510 est
2208 4471 2221 4507 :
2257 4452 2508 4523 sequitur
2554 4452 2699 4506 enim
2748 4448 3062 4519 huiusmodi
3090 4461 3292 4507 causae,
3324 4442 3672 4512 (‘attsaliSthc

3554 4536 3671 4589 Filii

2101 4654 2324 4702 nomen,
2385 4638 2685 4694 secundum
2743 4651 2801 4690 se
2826 4634 3045 4705 quidem
3091 4646 3406 4701 processum
3440 4628 3673 4694 alia-nius

2098 4749 2165 4789 ex
2201 4733 2385 4801 aliquo
2439 4727 2816 4800 principaliter
2870 4724 3080 4779 indicat
3113 4719 3166 4774 in
3217 4723 3407 4775 eadem
3464 4724 3671 4789 specie,

2098 4831 2498 4894 Consequenter
2596 4833 2726 4873 vero
2810 4813 3436 4872 consubstantialitatem
3531 4828 3674 4867 esse.

2097 4914 2255 4976 Nam,
2312 4911 2456 4983 quod
2500 4910 2571 4965 ita
2624 4907 2901 4981 procedit,
2959 4910 3272 4962 necessario
3309 4906 3472 4962 etiam
3545 4920 3680 4959 con-

2095 5002 2463 5064 substantiale
2520 5009 2624 5055 est.

2169 5098 2357 5166 Itaque
2385 5093 2439 5147 id
2471 5091 2714 5163 quidem,
2738 5088 2883 5160 quod
2902 5087 3104 5145 dicitur
3132 5086 3278 5144 istud
3305 5100 3371 5141 ex
3397 5086 3502 5140 isto
3531 5101 3673 5149 esse,

2099 5201 2161 5246 ut
2184 5204 2346 5247 causa
2376 5188 2666 5257 accipitur,
2699 5199 2861 5253 porro
2884 5182 3027 5254 quod
3059 5183 3162 5238 ista
3187 5189 3405 5252 propter
3430 5181 3677 5249 ejusmo-

2106 5283 2155 5336 di
2187 5295 2503 5353 processum
2542 5277 2909 5348 arquivocum,
2957 5273 3477 5355 consubstantialia‘
3520 5276 3669 5330 sunt.

2105 5383 2162 5427 ut
2192 5372 2412 5427 causale
2468 5376 2599 5434 est;
2653 5382 2828 5436 neque
2868 5364 3010 5419 enim
3047 5378 3294 5429 causam,
3348 5361 3410 5417 ‘ut
3458 5361 3680 5415 Catiszlio

2106 5480 2309 5537 ponere
2343 5469 2577 5532 Oportet,
2615 5459 2758 5532 quod
2809 5458 3030 5529 quidam
3054 5455 3507 5512 irrationabiliter
3543 5452 3677 5507 lari-

2108 5567 2251 5621 unt,
2298 5555 2538 5611 dicentes
2602 5558 2822 5624 propter
2869 5550 3492 5606 consubstantialitatetn
3567 5545 3672 5597 diri

2111 5647 2305 5703 Filium
2366 5647 2649 5717 proprium
2708 5642 2908 5709 Patris,
2966 5646 3023 5695 et
3075 5639 3341 5710 Spiritum
3395 5639 3675 5709 proprium
