  <div class='ocr_page' id='page_1' title='image "/cluster/home/n/w/nwhite01/storage/ocr_20150623/152/coo.31924054870575/051.png"; bbox 0 0 4106 6502; ppageno 0'>
   <div class='ocr_carea' id='block_1_1' title="bbox 433 336 3688 413">
    <p class='ocr_par' dir='ltr' id='par_1_1' title="bbox 433 336 3688 413">
     <span class='ocr_line' id='line_1_1' title="bbox 433 336 3688 413; baseline 0.007 -17"><span class='ocrx_word' id='word_1_1' title='bbox 433 336 498 396; x_wconf 59' lang='grc' dir='ltr'>ιτ</span> <span class='ocrx_word' id='word_1_2' title='bbox 1699 345 2091 406; x_wconf 81' lang='lat' dir='ltr'><strong>MANUELlS</strong></span> <span class='ocrx_word' id='word_1_3' title='bbox 2121 350 2427 413; x_wconf 62' lang='lat' dir='ltr'><strong>CALECJE</strong></span> <span class='ocrx_word' id='word_1_4' title='bbox 3618 346 3688 408; x_wconf 78' lang='lat'>88</span> 
     </span>
    </p>
   </div>
   <div class='ocr_carea' id='block_1_2' title="bbox 436 448 3691 537">
    <p class='ocr_par' dir='ltr' id='par_1_2' title="bbox 436 448 3691 537">
     <span class='ocr_line' id='line_1_2' title="bbox 436 448 3691 537; baseline 0.003 -36"><span class='ocrx_word' id='word_1_5' title='bbox 436 450 557 501; x_wconf 67' lang='lat' dir='ltr'><strong>Fili</strong></span> <span class='ocrx_word' id='word_1_6' title='bbox 599 466 615 516; x_wconf 90' lang='lat'><strong>;</strong></span> <span class='ocrx_word' id='word_1_7' title='bbox 649 461 701 502; x_wconf 77' lang='lat' dir='ltr'><strong>rt</strong></span> <span class='ocrx_word' id='word_1_8' title='bbox 734 448 932 503; x_wconf 79' lang='lat' dir='ltr'><strong>F.lium</strong></span> <span class='ocrx_word' id='word_1_9' title='bbox 967 450 1188 520; x_wconf 82' lang='lat' dir='ltr'><strong>quidem</strong></span> <span class='ocrx_word' id='word_1_10' title='bbox 1222 452 1537 522; x_wconf 85' lang='lat' dir='ltr'><strong>imaginem.</strong></span> <span class='ocrx_word' id='word_1_11' title='bbox 1566 454 1860 523; x_wconf 77' lang='lat' dir='ltr'><strong>vivamque</strong></span> <span class='ocrx_word' id='word_1_12' title='bbox 1896 456 2006 508; x_wconf 88' lang='lat' dir='ltr'><strong>vir-</strong></span> <span class='ocrx_word' id='word_1_13' title='bbox 2035 458 2082 516; x_wconf 84' lang='grc' dir='ltr'>Α</span> <span class='ocrx_word' id='word_1_14' title='bbox 2115 475 2290 526; x_wconf 88' lang='lat' dir='ltr'><strong>neque</strong></span> <span class='ocrx_word' id='word_1_15' title='bbox 2322 476 2565 532; x_wconf 85' lang='lat' dir='ltr'><strong>unquam</strong></span> <span class='ocrx_word' id='word_1_16' title='bbox 2601 461 2812 514; x_wconf 80' lang='lat' dir='ltr'><strong>dicetur</strong></span> <span class='ocrx_word' id='word_1_17' title='bbox 2846 460 2917 514; x_wconf 88' lang='lat' dir='ltr'><strong>ab</strong></span> <span class='ocrx_word' id='word_1_18' title='bbox 2948 459 3036 514; x_wconf 87' lang='lat' dir='ltr'><strong>his</strong></span> <span class='ocrx_word' id='word_1_19' title='bbox 3078 458 3171 529; x_wconf 86' lang='lat' dir='ltr'><strong>qui</strong></span> <span class='ocrx_word' id='word_1_20' title='bbox 3207 458 3291 529; x_wconf 86' lang='lat' dir='ltr'><strong>pie</strong></span> <span class='ocrx_word' id='word_1_21' title='bbox 3321 469 3375 514; x_wconf 85' lang='lat' dir='ltr'><strong>et</strong></span> <span class='ocrx_word' id='word_1_22' title='bbox 3427 458 3691 537; x_wconf 77' lang='lat' dir='ltr'><strong>catholica</strong></span> 
     </span>
    </p>
   </div>
   <div class='ocr_carea' id='block_1_3' title="bbox 430 543 2015 615">
    <p class='ocr_par' dir='ltr' id='par_1_3' title="bbox 430 543 2015 615">
     <span class='ocr_line' id='line_1_3' title="bbox 430 543 2015 615; baseline 0.004 -20"><span class='ocrx_word' id='word_1_23' title='bbox 430 550 625 608; x_wconf 87' lang='lat' dir='ltr'><strong>tutem,</strong></span> <span class='ocrx_word' id='word_1_24' title='bbox 647 551 699 595; x_wconf 90' lang='lat' dir='ltr'><strong>ct</strong></span> <span class='ocrx_word' id='word_1_25' title='bbox 723 543 1154 598; x_wconf 82' lang='lat' dir='ltr'><strong>substantialiter</strong></span> <span class='ocrx_word' id='word_1_26' title='bbox 1178 544 1394 598; x_wconf 87' lang='lat' dir='ltr'><strong>insitam</strong></span> <span class='ocrx_word' id='word_1_27' title='bbox 1420 548 1789 615; x_wconf 89' lang='lat' dir='ltr'><strong>operationem</strong></span> <span class='ocrx_word' id='word_1_28' title='bbox 1817 546 2015 614; x_wconf 88' lang='lat' dir='ltr'><strong>Patris;</strong></span> 
     </span>
    </p>
   </div>
   <div class='ocr_carea' id='block_1_4' title="bbox 436 635 2017 708">
    <p class='ocr_par' dir='ltr' id='par_1_4' title="bbox 436 635 2017 708">
     <span class='ocr_line' id='line_1_4' title="bbox 436 635 2017 708; baseline 0.005 -20"><span class='ocrx_word' id='word_1_29' title='bbox 436 635 700 705; x_wconf 75' lang='lat' dir='ltr'><strong>Spiritum</strong></span> <span class='ocrx_word' id='word_1_30' title='bbox 754 652 883 692; x_wconf 87' lang='lat' dir='ltr'><strong>vero</strong></span> <span class='ocrx_word' id='word_1_31' title='bbox 914 637 1202 708; x_wconf 75' lang='lat' dir='ltr'><strong>imaginem</strong></span> <span class='ocrx_word' id='word_1_32' title='bbox 1244 638 1389 702; x_wconf 83' lang='lat' dir='ltr'><strong>Filii,</strong></span> <span class='ocrx_word' id='word_1_33' title='bbox 1426 646 1481 693; x_wconf 90' lang='lat' dir='ltr'><strong>et</strong></span> <span class='ocrx_word' id='word_1_34' title='bbox 1511 641 1791 708; x_wconf 87' lang='lat' dir='ltr'><strong>virtutem,</strong></span> <span class='ocrx_word' id='word_1_35' title='bbox 1827 653 1882 696; x_wconf 90' lang='lat' dir='ltr'><strong>et</strong></span> <span class='ocrx_word' id='word_1_36' title='bbox 1917 657 2017 695; x_wconf 88' lang='lat' dir='ltr'><strong>na-</strong></span> 
     </span>
    </p>
   </div>
   <div class='ocr_carea' id='block_1_5' title="bbox 436 725 2015 805">
    <p class='ocr_par' dir='ltr' id='par_1_5' title="bbox 436 725 2015 805">
     <span class='ocr_line' id='line_1_5' title="bbox 436 725 2015 805; baseline 0.005 -27"><span class='ocrx_word' id='word_1_37' title='bbox 436 725 666 781; x_wconf 86' lang='lat' dir='ltr'><strong>turalem</strong></span> <span class='ocrx_word' id='word_1_38' title='bbox 734 728 1130 796; x_wconf 85' lang='lat' dir='ltr'><strong>operationem,</strong></span> <span class='ocrx_word' id='word_1_39' title='bbox 1195 738 1249 805; x_wconf 82' lang='lat' dir='ltr'><strong>et</strong></span> <span class='ocrx_word' id='word_1_40' title='bbox 1301 729 1735 786; x_wconf 84' lang='lat' dir='ltr'><strong>substantialiter</strong></span> <span class='ocrx_word' id='word_1_41' title='bbox 1796 734 2015 788; x_wconf 86' lang='lat' dir='ltr'><strong>insitam</strong></span> 
     </span>
    </p>
   </div>
   <div class='ocr_carea' id='block_1_6' title="bbox 436 819 2020 893">
    <p class='ocr_par' dir='ltr' id='par_1_6' title="bbox 436 819 2020 893">
     <span class='ocr_line' id='line_1_6' title="bbox 436 819 2020 893; baseline 0.006 -23"><span class='ocrx_word' id='word_1_42' title='bbox 436 819 635 887; x_wconf 91' lang='lat' dir='ltr'><strong>ipsius;</strong></span> <span class='ocrx_word' id='word_1_43' title='bbox 674 820 790 874; x_wconf 81' lang='lat' dir='ltr'><strong>haec</strong></span> <span class='ocrx_word' id='word_1_44' title='bbox 816 821 958 873; x_wconf 90' lang='lat' dir='ltr'><strong>enim</strong></span> <span class='ocrx_word' id='word_1_45' title='bbox 989 821 1171 875; x_wconf 86' lang='lat' dir='ltr'><strong>omnia</strong></span> <span class='ocrx_word' id='word_1_46' title='bbox 1204 837 1421 876; x_wconf 83' lang='lat' dir='ltr'><strong>causam</strong></span> <span class='ocrx_word' id='word_1_47' title='bbox 1451 832 1507 877; x_wconf 88' lang='lat' dir='ltr'><strong>et</strong></span> <span class='ocrx_word' id='word_1_48' title='bbox 1544 825 1765 879; x_wconf 87' lang='lat' dir='ltr'><strong>causale</strong></span> <span class='ocrx_word' id='word_1_49' title='bbox 1800 825 2020 893; x_wconf 82' lang='lat' dir='ltr'><strong>signare</strong></span> 
     </span>
    </p>
   </div>
   <div class='ocr_carea' id='block_1_7' title="bbox 434 913 2017 986">
    <p class='ocr_par' dir='ltr' id='par_1_7' title="bbox 434 913 2017 986">
     <span class='ocr_line' id='line_1_7' title="bbox 434 913 2017 986; baseline 0.002 -20"><span class='ocrx_word' id='word_1_50' title='bbox 434 927 465 966; x_wconf 89' lang='lat' dir='ltr'><strong>a</strong></span> <span class='ocrx_word' id='word_1_51' title='bbox 505 913 712 967; x_wconf 81' lang='lat' dir='ltr'><strong>sanctis</strong></span> <span class='ocrx_word' id='word_1_52' title='bbox 747 913 1001 969; x_wconf 83' lang='lat' dir='ltr'><strong>Patribus</strong></span> <span class='ocrx_word' id='word_1_53' title='bbox 1032 923 1311 969; x_wconf 89' lang='lat' dir='ltr'><strong>ostensum</strong></span> <span class='ocrx_word' id='word_1_54' title='bbox 1351 925 1479 981; x_wconf 88' lang='lat' dir='ltr'><strong>est;</strong></span> <span class='ocrx_word' id='word_1_55' title='bbox 1538 916 1823 985; x_wconf 90' lang='lat' dir='ltr'><strong>proprium</strong></span> <span class='ocrx_word' id='word_1_56' title='bbox 1852 917 2017 986; x_wconf 85' lang='lat' dir='ltr'><strong>quip-</strong></span> 
     </span>
    </p>
   </div>
   <div class='ocr_carea' id='block_1_8' title="bbox 441 1003 2017 1077">
    <p class='ocr_par' dir='ltr' id='par_1_8' title="bbox 441 1003 2017 1077">
     <span class='ocr_line' id='line_1_8' title="bbox 441 1003 2017 1077; baseline 0.002 -19"><span class='ocrx_word' id='word_1_57' title='bbox 441 1018 505 1071; x_wconf 84' lang='lat' dir='ltr'><strong>pe</strong></span> <span class='ocrx_word' id='word_1_58' title='bbox 536 1003 746 1069; x_wconf 84' lang='lat' dir='ltr'><strong>dicunt,</strong></span> <span class='ocrx_word' id='word_1_59' title='bbox 773 1005 1031 1076; x_wconf 88' lang='lat' dir='ltr'><strong>quoniam</strong></span> <span class='ocrx_word' id='word_1_60' title='bbox 1062 1019 1129 1060; x_wconf 78' lang='lat' dir='ltr'><strong>ex</strong></span> <span class='ocrx_word' id='word_1_61' title='bbox 1163 1007 1284 1075; x_wconf 90' lang='lat' dir='ltr'><strong>ipso</strong></span> <span class='ocrx_word' id='word_1_62' title='bbox 1314 1016 1399 1061; x_wconf 89' lang='lat' dir='ltr'><strong>est</strong></span> <span class='ocrx_word' id='word_1_63' title='bbox 1425 1022 1441 1071; x_wconf 88' lang='lat'><strong>;</strong></span> <span class='ocrx_word' id='word_1_64' title='bbox 1500 1017 1552 1061; x_wconf 87' lang='lat' dir='ltr'><strong>et</strong></span> <span class='ocrx_word' id='word_1_65' title='bbox 1577 1008 1680 1061; x_wconf 88' lang='lat' dir='ltr'><strong>alia</strong></span> <span class='ocrx_word' id='word_1_66' title='bbox 1709 1024 1830 1077; x_wconf 66' lang='lat' dir='ltr'><strong>quae</strong></span> <span class='ocrx_word' id='word_1_67' title='bbox 1856 1024 2017 1077; x_wconf 84' lang='lat' dir='ltr'><strong>supra</strong></span> 
     </span>
    </p>
   </div>
   <div class='ocr_carea' id='block_1_9' title="bbox 438 1107 744 1160">
    <p class='ocr_par' dir='ltr' id='par_1_9' title="bbox 438 1107 744 1160">
     <span class='ocr_line' id='line_1_9' title="bbox 438 1107 744 1160; baseline 0.02 -16"><span class='ocrx_word' id='word_1_68' title='bbox 438 1107 744 1160; x_wconf 81' lang='lat' dir='ltr'><strong>posuimus.</strong></span> 
     </span>
    </p>
   </div>
   <div class='ocr_carea' id='block_1_10' title="bbox 506 1229 2015 1303">
    <p class='ocr_par' dir='ltr' id='par_1_10' title="bbox 506 1229 2015 1303">
     <span class='ocr_line' id='line_1_10' title="bbox 506 1229 2015 1303; baseline 0.002 -19"><span class='ocrx_word' id='word_1_69' title='bbox 506 1229 815 1285; x_wconf 82' lang='lat' dir='ltr'><strong>Attestatur</strong></span> <span class='ocrx_word' id='word_1_70' title='bbox 846 1233 930 1288; x_wconf 88' lang='lat' dir='ltr'><strong>his</strong></span> <span class='ocrx_word' id='word_1_71' title='bbox 971 1250 1203 1303; x_wconf 80' lang='lat' dir='ltr'><strong>magnus</strong></span> <span class='ocrx_word' id='word_1_72' title='bbox 1242 1234 1476 1289; x_wconf 79' lang='lat' dir='ltr'><strong>Basilius</strong></span> <span class='ocrx_word' id='word_1_73' title='bbox 1507 1236 1560 1289; x_wconf 89' lang='lat' dir='ltr'><strong>in</strong></span> <span class='ocrx_word' id='word_1_74' title='bbox 1593 1249 1848 1290; x_wconf 82' lang='lat' dir='ltr'><strong>sermone</strong></span> <span class='ocrx_word' id='word_1_75' title='bbox 1876 1233 2015 1288; x_wconf 82' lang='lat' dir='ltr'><strong>Cou-</strong></span> 
     </span>
    </p>
   </div>
   <div class='ocr_carea' id='block_1_11' title="bbox 440 1322 2019 1383">
    <p class='ocr_par' dir='ltr' id='par_1_11' title="bbox 440 1322 2019 1383">
     <span class='ocr_line' id='line_1_11' title="bbox 440 1322 2019 1383; baseline 0.004 -8"><span class='ocrx_word' id='word_1_76' title='bbox 440 1332 525 1375; x_wconf 79' lang='lat' dir='ltr'><strong>tra</strong></span> <span class='ocrx_word' id='word_1_77' title='bbox 556 1322 847 1378; x_wconf 77' lang='lat' dir='ltr'><strong>Sabellium</strong></span> <span class='ocrx_word' id='word_1_78' title='bbox 891 1335 938 1378; x_wconf 85' lang='lat' dir='ltr'><strong>et</strong></span> <span class='ocrx_word' id='word_1_79' title='bbox 971 1327 1281 1380; x_wconf 79' lang='lat' dir='ltr'><strong>Anoutmum</strong></span> <span class='ocrx_word' id='word_1_80' title='bbox 1336 1330 1529 1383; x_wconf 80' lang='lat' dir='ltr'><strong>dicens</strong></span> <span class='ocrx_word' id='word_1_81' title='bbox 1570 1344 1585 1381; x_wconf 84' lang='lat'><strong>;</strong></span> <span class='ocrx_word' id='word_1_82' title='bbox 1621 1329 1862 1382; x_wconf 69' lang='lat' dir='ltr'><strong>«Patrem</strong></span> <span class='ocrx_word' id='word_1_83' title='bbox 1886 1344 2019 1383; x_wconf 87' lang='lat' dir='ltr'><strong>cou-</strong></span> 
     </span>
    </p>
   </div>
   <div class='ocr_carea' id='block_1_12' title="bbox 439 1414 2021 1489">
    <p class='ocr_par' dir='ltr' id='par_1_12' title="bbox 439 1414 2021 1489">
     <span class='ocr_line' id='line_1_12' title="bbox 439 1414 2021 1489; baseline 0.004 -22"><span class='ocrx_word' id='word_1_84' title='bbox 439 1414 678 1478; x_wconf 75' lang='lat' dir='ltr'><strong>ﬁtentur,</strong></span> <span class='ocrx_word' id='word_1_85' title='bbox 703 1426 758 1470; x_wconf 90' lang='lat' dir='ltr'><strong>et</strong></span> <span class='ocrx_word' id='word_1_86' title='bbox 788 1415 1020 1482; x_wconf 85' lang='lat' dir='ltr'><strong>Filium;</strong></span> <span class='ocrx_word' id='word_1_87' title='bbox 1050 1428 1259 1472; x_wconf 70' lang='lat' dir='ltr'><strong>natura:</strong></span> <span class='ocrx_word' id='word_1_88' title='bbox 1290 1427 1471 1473; x_wconf 70' lang='lat' dir='ltr'><strong>autem</strong></span> <span class='ocrx_word' id='word_1_89' title='bbox 1500 1419 1863 1481; x_wconf 87' lang='lat' dir='ltr'><strong>identitatem,</strong></span> <span class='ocrx_word' id='word_1_90' title='bbox 1889 1435 2021 1489; x_wconf 89' lang='lat' dir='ltr'><strong>quo-</strong></span> 
     </span>
    </p>
   </div>
   <div class='ocr_carea' id='block_1_13' title="bbox 444 1506 2014 1567">
    <p class='ocr_par' dir='ltr' id='par_1_13' title="bbox 444 1506 2014 1567">
     <span class='ocr_line' id='line_1_13' title="bbox 444 1506 2014 1567; baseline 0.004 -10"><span class='ocrx_word' id='word_1_91' title='bbox 444 1506 592 1559; x_wconf 85' lang='lat' dir='ltr'><strong>niam</strong></span> <span class='ocrx_word' id='word_1_92' title='bbox 643 1523 709 1561; x_wconf 77' lang='lat' dir='ltr'><strong>ex</strong></span> <span class='ocrx_word' id='word_1_93' title='bbox 767 1507 926 1563; x_wconf 83' lang='lat' dir='ltr'><strong>Patre</strong></span> <span class='ocrx_word' id='word_1_94' title='bbox 962 1508 1132 1563; x_wconf 80' lang='lat' dir='ltr'><strong>Filius</strong></span> <span class='ocrx_word' id='word_1_95' title='bbox 1163 1520 1302 1565; x_wconf 64' lang='lat' dir='ltr'><strong>est.»</strong></span> <span class='ocrx_word' id='word_1_96' title='bbox 1351 1510 1413 1565; x_wconf 85' lang='lat' dir='ltr'><strong>Et</strong></span> <span class='ocrx_word' id='word_1_97' title='bbox 1466 1527 1659 1567; x_wconf 91' lang='lat' dir='ltr'><strong>rursus</strong></span> <span class='ocrx_word' id='word_1_98' title='bbox 1698 1514 1750 1565; x_wconf 91' lang='lat' dir='ltr'><strong>in</strong></span> <span class='ocrx_word' id='word_1_99' title='bbox 1781 1513 2014 1567; x_wconf 89' lang='lat' dir='ltr'><strong>eodem:</strong></span> 
     </span>
    </p>
   </div>
   <div class='ocr_carea' id='block_1_14' title="bbox 440 1592 2020 1671">
    <p class='ocr_par' dir='ltr' id='par_1_14' title="bbox 440 1592 2020 1671">
     <span class='ocr_line' id='line_1_14' title="bbox 440 1592 2020 1671; baseline 0.007 -28"><span class='ocrx_word' id='word_1_100' title='bbox 440 1592 548 1655; x_wconf 43' lang='lat' dir='ltr'><strong>.cllt</strong></span> <span class='ocrx_word' id='word_1_101' title='bbox 578 1596 759 1664; x_wconf 82' lang='lat' dir='ltr'><strong>imago</strong></span> <span class='ocrx_word' id='word_1_102' title='bbox 790 1597 1010 1665; x_wconf 79' lang='lat' dir='ltr'><strong>quidem</strong></span> <span class='ocrx_word' id='word_1_103' title='bbox 1052 1600 1375 1654; x_wconf 83' lang='lat' dir='ltr'><strong>varietatem</strong></span> <span class='ocrx_word' id='word_1_104' title='bbox 1431 1614 1539 1655; x_wconf 85' lang='lat' dir='ltr'><strong>n0n</strong></span> <span class='ocrx_word' id='word_1_105' title='bbox 1570 1602 1752 1667; x_wconf 85' lang='lat' dir='ltr'><strong>habet,</strong></span> <span class='ocrx_word' id='word_1_106' title='bbox 1787 1611 1843 1655; x_wconf 93' lang='lat' dir='ltr'><strong>ut</strong></span> <span class='ocrx_word' id='word_1_107' title='bbox 1870 1604 2020 1671; x_wconf 84' lang='lat' dir='ltr'><strong>geni-</strong></span> 
     </span>
    </p>
   </div>
   <div class='ocr_carea' id='block_1_15' title="bbox 432 1679 2016 1751">
    <p class='ocr_par' dir='ltr' id='par_1_15' title="bbox 432 1679 2016 1751">
     <span class='ocr_line' id='line_1_15' title="bbox 432 1679 2016 1751; baseline 0.008 -13"><span class='ocrx_word' id='word_1_108' title='bbox 432 1679 532 1742; x_wconf 84' lang='lat' dir='ltr'><strong>tus</strong></span> <span class='ocrx_word' id='word_1_109' title='bbox 567 1697 770 1750; x_wconf 85' lang='lat' dir='ltr'><strong>autem,</strong></span> <span class='ocrx_word' id='word_1_110' title='bbox 803 1691 1424 1746; x_wconf 77' lang='lat' dir='ltr'><strong>consubstantialitatem</strong></span> <span class='ocrx_word' id='word_1_111' title='bbox 1484 1701 1686 1747; x_wconf 84' lang='lat' dir='ltr'><strong>servat.</strong></span> <span class='ocrx_word' id='word_1_112' title='bbox 1729 1712 1746 1743; x_wconf 73' lang='grc' dir='ltr'><strong>ι</strong></span> <span class='ocrx_word' id='word_1_113' title='bbox 1781 1692 2016 1751; x_wconf 89' lang='lat' dir='ltr'><strong>Sanctus</strong></span> 
     </span>
    </p>
   </div>
   <div class='ocr_carea' id='block_1_16' title="bbox 422 1778 2098 1871">
    <p class='ocr_par' dir='ltr' id='par_1_16' title="bbox 422 1778 2098 1871">
     <span class='ocr_line' id='line_1_16' title="bbox 422 1778 2098 1871; baseline 0.008 -42"><span class='ocrx_word' id='word_1_114' title='bbox 422 1778 919 1871; x_wconf 79' lang='lat' dir='ltr'><strong>autemCyiillus,</strong></span> <span class='ocrx_word' id='word_1_115' title='bbox 973 1795 1137 1850; x_wconf 84' lang='lat' dir='ltr'><strong>super</strong></span> <span class='ocrx_word' id='word_1_116' title='bbox 1202 1782 1379 1839; x_wconf 86' lang='lat' dir='ltr'><strong>illud:</strong></span> <span class='ocrx_word' id='word_1_117' title='bbox 1419 1781 1554 1837; x_wconf 85' lang='lat' dir='ltr'><strong>Cum</strong></span> <span class='ocrx_word' id='word_1_118' title='bbox 1606 1787 1802 1839; x_wconf 78' lang='lat' dir='ltr'><strong>venerit</strong></span> <span class='ocrx_word' id='word_1_119' title='bbox 1854 1802 2017 1854; x_wconf 84' lang='lat' dir='ltr'><strong>para-</strong></span> <span class='ocrx_word' id='word_1_120' title='bbox 2054 1812 2098 1871; x_wconf 76' lang='grc' dir='ltr'><strong>Β</strong></span> 
     </span>
    </p>
   </div>
   <div class='ocr_carea' id='block_1_17' title="bbox 445 1870 2023 1948">
    <p class='ocr_par' dir='ltr' id='par_1_17' title="bbox 445 1870 2023 1948">
     <span class='ocr_line' id='line_1_17' title="bbox 445 1870 2023 1948; baseline 0.008 -28"><span class='ocrx_word' id='word_1_121' title='bbox 445 1870 673 1924; x_wconf 77' lang='lat' dir='ltr'><strong>cletus”</strong></span> <span class='ocrx_word' id='word_1_122' title='bbox 711 1910 726 1934; x_wconf 94' lang='lat'><strong>,</strong></span> <span class='ocrx_word' id='word_1_123' title='bbox 768 1873 954 1940; x_wconf 83' lang='lat' dir='ltr'><strong>Itaque</strong></span> <span class='ocrx_word' id='word_1_124' title='bbox 1019 1886 1143 1926; x_wconf 91' lang='lat' dir='ltr'><strong>cum</strong></span> <span class='ocrx_word' id='word_1_125' title='bbox 1194 1873 1426 1937; x_wconf 87' lang='lat' dir='ltr'><strong>diceret,</strong></span> <span class='ocrx_word' id='word_1_126' title='bbox 1470 1875 1695 1945; x_wconf 86' lang='lat' dir='ltr'><strong>inquit:</strong></span> <span class='ocrx_word' id='word_1_127' title='bbox 1738 1874 1858 1931; x_wconf 85' lang='lat' dir='ltr'><strong>Non</strong></span> <span class='ocrx_word' id='word_1_128' title='bbox 1906 1881 2023 1948; x_wconf 71' lang='lat' dir='ltr'><strong>rpi-</strong></span> 
     </span>
    </p>
   </div>
   <div class='ocr_carea' id='block_1_18' title="bbox 446 1957 2025 2040">
    <p class='ocr_par' dir='ltr' id='par_1_18' title="bbox 446 1957 2025 2040">
     <span class='ocr_line' id='line_1_18' title="bbox 446 1957 2025 2040; baseline 0.008 -28"><span class='ocrx_word' id='word_1_129' title='bbox 446 1963 791 2029; x_wconf 70' lang='lat' dir='ltr'><strong>iitumhuius</strong></span> <span class='ocrx_word' id='word_1_130' title='bbox 845 1966 1030 2018; x_wconf 68' lang='lat' dir='ltr'><strong>saeculi</strong></span> <span class='ocrx_word' id='word_1_131' title='bbox 1088 1970 1412 2035; x_wconf 76' lang='lat' dir='ltr'><strong>accepimus,</strong></span> <span class='ocrx_word' id='word_1_132' title='bbox 1466 1967 1567 2021; x_wconf 79' lang='lat' dir='ltr'><strong>sed</strong></span> <span class='ocrx_word' id='word_1_133' title='bbox 1621 1965 1902 2035; x_wconf 73' lang='lat' dir='ltr'><strong>Spiritum,</strong></span> <span class='ocrx_word' id='word_1_134' title='bbox 1936 1957 2025 2040; x_wconf 54' lang='lat' dir='ltr'><strong>qui</strong></span> 
     </span>
    </p>
   </div>
   <div class='ocr_carea' id='block_1_19' title="bbox 447 2052 2024 2130">
    <p class='ocr_par' dir='ltr' id='par_1_19' title="bbox 447 2052 2024 2130">
     <span class='ocr_line' id='line_1_19' title="bbox 447 2052 2024 2130; baseline 0.008 -25"><span class='ocrx_word' id='word_1_135' title='bbox 447 2068 513 2125; x_wconf 71' lang='lat' dir='ltr'><strong>ea;</strong></span> <span class='ocrx_word' id='word_1_136' title='bbox 550 2052 654 2107; x_wconf 74' lang='lat' dir='ltr'><strong>Deo</strong></span> <span class='ocrx_word' id='word_1_137' title='bbox 677 2054 836 2119; x_wconf 67' lang='lat' dir='ltr'><strong>est”,</strong></span> <span class='ocrx_word' id='word_1_138' title='bbox 878 2055 1152 2119; x_wconf 82' lang='lat' dir='ltr'><strong>ostendit,</strong></span> <span class='ocrx_word' id='word_1_139' title='bbox 1196 2072 1305 2111; x_wconf 91' lang='lat' dir='ltr'><strong>non</strong></span> <span class='ocrx_word' id='word_1_140' title='bbox 1341 2059 1604 2113; x_wconf 87' lang='lat' dir='ltr'><strong>mundani</strong></span> <span class='ocrx_word' id='word_1_141' title='bbox 1645 2062 1885 2130; x_wconf 79' lang='lat' dir='ltr'><strong>generis,</strong></span> <span class='ocrx_word' id='word_1_142' title='bbox 1929 2063 2024 2117; x_wconf 88' lang='lat' dir='ltr'><strong>sed</strong></span> 
     </span>
    </p>
   </div>
   <div class='ocr_carea' id='block_1_20' title="bbox 448 2143 2025 2223">
    <p class='ocr_par' dir='ltr' id='par_1_20' title="bbox 448 2143 2025 2223">
     <span class='ocr_line' id='line_1_20' title="bbox 448 2143 2025 2223; baseline 0.006 -26"><span class='ocrx_word' id='word_1_143' title='bbox 448 2143 646 2199; x_wconf 58' lang='lat' dir='ltr'><strong>divina:</strong></span> <span class='ocrx_word' id='word_1_144' title='bbox 670 2146 918 2201; x_wconf 73' lang='lat' dir='ltr'><strong>esSentiae</strong></span> <span class='ocrx_word' id='word_1_145' title='bbox 938 2163 1058 2203; x_wconf 82' lang='lat' dir='ltr'><strong>esse</strong></span> <span class='ocrx_word' id='word_1_146' title='bbox 1082 2148 1345 2217; x_wconf 87' lang='lat' dir='ltr'><strong>Spiritum</strong></span> <span class='ocrx_word' id='word_1_147' title='bbox 1371 2162 1644 2205; x_wconf 86' lang='lat' dir='ltr'><strong>sanctum.</strong></span> <span class='ocrx_word' id='word_1_148' title='bbox 1660 2169 1679 2204; x_wconf 73' lang='grc' dir='ltr'><strong>ι</strong></span> <span class='ocrx_word' id='word_1_149' title='bbox 1698 2150 1841 2207; x_wconf 87' lang='lat' dir='ltr'><strong>ldem</strong></span> <span class='ocrx_word' id='word_1_150' title='bbox 1861 2169 2025 2223; x_wconf 87' lang='lat' dir='ltr'><strong>super</strong></span> 
     </span>
    </p>
   </div>
   <div class='ocr_carea' id='block_1_21' title="bbox 446 2235 2025 2310">
    <p class='ocr_par' dir='ltr' id='par_1_21' title="bbox 446 2235 2025 2310">
     <span class='ocr_line' id='line_1_21' title="bbox 446 2235 2025 2310; baseline 0.007 -24"><span class='ocrx_word' id='word_1_151' title='bbox 446 2235 579 2290; x_wconf 89' lang='lat' dir='ltr'><strong>illud</strong></span> <span class='ocrx_word' id='word_1_152' title='bbox 617 2236 799 2302; x_wconf 80' lang='lat' dir='ltr'><strong>:Qut’a</strong></span> <span class='ocrx_word' id='word_1_153' title='bbox 826 2240 1065 2292; x_wconf 71' lang='lat' dir='ltr'><strong>descendi</strong></span> <span class='ocrx_word' id='word_1_154' title='bbox 1121 2240 1186 2294; x_wconf 86' lang='lat' dir='ltr'><strong>de</strong></span> <span class='ocrx_word' id='word_1_155' title='bbox 1238 2240 1385 2304; x_wconf 72' lang='lat' dir='ltr'><strong>creto,</strong></span> <span class='ocrx_word' id='word_1_156' title='bbox 1437 2257 1541 2295; x_wconf 85' lang='lat' dir='ltr'><strong>non</strong></span> <span class='ocrx_word' id='word_1_157' title='bbox 1593 2250 1651 2296; x_wconf 84' lang='lat' dir='ltr'><strong>ut</strong></span> <span class='ocrx_word' id='word_1_158' title='bbox 1706 2243 1902 2310; x_wconf 83' lang='lat' dir='ltr'><strong>faciam</strong></span> <span class='ocrx_word' id='word_1_159' title='bbox 1937 2260 2025 2300; x_wconf 76' lang='lat' dir='ltr'><strong>vo—</strong></span> 
     </span>
    </p>
   </div>
   <div class='ocr_carea' id='block_1_22' title="bbox 448 2330 2025 2403">
    <p class='ocr_par' dir='ltr' id='par_1_22' title="bbox 448 2330 2025 2403">
     <span class='ocr_line' id='line_1_22' title="bbox 448 2330 2025 2403; baseline 0.007 -20"><span class='ocrx_word' id='word_1_160' title='bbox 448 2330 700 2386; x_wconf 79' lang='lat' dir='ltr'><strong>luntatem</strong></span> <span class='ocrx_word' id='word_1_161' title='bbox 753 2350 924 2387; x_wconf 84' lang='lat' dir='ltr'><strong>meam</strong></span> <span class='ocrx_word' id='word_1_162' title='bbox 947 2337 1013 2401; x_wconf 79' lang='lat'><strong>“,</strong></span> <span class='ocrx_word' id='word_1_163' title='bbox 1076 2338 1208 2392; x_wconf 89' lang='lat' dir='ltr'><strong>ait:</strong></span> <span class='ocrx_word' id='word_1_164' title='bbox 1266 2356 1284 2388; x_wconf 82' lang='grc' dir='ltr'><strong>ι</strong></span> <span class='ocrx_word' id='word_1_165' title='bbox 1327 2338 1484 2403; x_wconf 86' lang='lat' dir='ltr'><strong>Quod</strong></span> <span class='ocrx_word' id='word_1_166' title='bbox 1539 2338 1685 2393; x_wconf 85' lang='lat' dir='ltr'><strong>enim</strong></span> <span class='ocrx_word' id='word_1_167' title='bbox 1742 2353 1807 2393; x_wconf 82' lang='lat' dir='ltr'><strong>ex</strong></span> <span class='ocrx_word' id='word_1_168' title='bbox 1862 2337 2025 2394; x_wconf 84' lang='lat' dir='ltr'><strong>Patre</strong></span> 
     </span>
    </p>
   </div>
   <div class='ocr_carea' id='block_1_23' title="bbox 449 2424 2023 2496">
    <p class='ocr_par' dir='ltr' id='par_1_23' title="bbox 449 2424 2023 2496">
     <span class='ocr_line' id='line_1_23' title="bbox 449 2424 2023 2496; baseline 0.004 -20"><span class='ocrx_word' id='word_1_169' title='bbox 449 2435 609 2476; x_wconf 80' lang='lat' dir='ltr'><strong>natus</strong></span> <span class='ocrx_word' id='word_1_170' title='bbox 637 2439 757 2479; x_wconf 87' lang='lat' dir='ltr'><strong>esse</strong></span> <span class='ocrx_word' id='word_1_171' title='bbox 784 2424 960 2480; x_wconf 85' lang='lat' dir='ltr'><strong>Filius</strong></span> <span class='ocrx_word' id='word_1_172' title='bbox 992 2427 1215 2491; x_wconf 82' lang='lat' dir='ltr'><strong>dicitur,</strong></span> <span class='ocrx_word' id='word_1_173' title='bbox 1247 2444 1474 2496; x_wconf 86' lang='lat' dir='ltr'><strong>prorsus</strong></span> <span class='ocrx_word' id='word_1_174' title='bbox 1502 2430 1666 2483; x_wconf 87' lang='lat' dir='ltr'><strong>etiam</strong></span> <span class='ocrx_word' id='word_1_175' title='bbox 1698 2428 1898 2483; x_wconf 83' lang='lat' dir='ltr'><strong>invitos</strong></span> <span class='ocrx_word' id='word_1_176' title='bbox 1928 2442 2023 2482; x_wconf 85' lang='lat' dir='ltr'><strong>co-</strong></span> 
     </span>
    </p>
   </div>
   <div class='ocr_carea' id='block_1_24' title="bbox 446 2517 2024 2585">
    <p class='ocr_par' dir='ltr' id='par_1_24' title="bbox 446 2517 2024 2585">
     <span class='ocr_line' id='line_1_24' title="bbox 446 2517 2024 2585; baseline 0.002 -15"><span class='ocrx_word' id='word_1_177' title='bbox 446 2528 536 2585; x_wconf 79' lang='lat' dir='ltr'><strong>get</strong></span> <span class='ocrx_word' id='word_1_178' title='bbox 558 2517 633 2570; x_wconf 89' lang='lat' dir='ltr'><strong>illi</strong></span> <span class='ocrx_word' id='word_1_179' title='bbox 664 2517 1184 2573; x_wconf 84' lang='lat' dir='ltr'><strong>consubstantialem</strong></span> <span class='ocrx_word' id='word_1_180' title='bbox 1213 2534 1335 2573; x_wconf 90' lang='lat' dir='ltr'><strong>eum</strong></span> <span class='ocrx_word' id='word_1_181' title='bbox 1358 2519 1642 2574; x_wconf 78' lang='lat' dir='ltr'><strong>fateri.rEt</strong></span> <span class='ocrx_word' id='word_1_182' title='bbox 1667 2535 1860 2575; x_wconf 86' lang='lat' dir='ltr'><strong>rursus</strong></span> <span class='ocrx_word' id='word_1_183' title='bbox 1889 2521 1942 2574; x_wconf 90' lang='lat' dir='ltr'><strong>in</strong></span> <span class='ocrx_word' id='word_1_184' title='bbox 1964 2537 2024 2574; x_wconf 77' lang='grc' dir='ltr'><strong>ιιι</strong></span> 
     </span>
    </p>
   </div>
   <div class='ocr_carea' id='block_1_25' title="bbox 448 2608 2025 2681">
    <p class='ocr_par' dir='ltr' id='par_1_25' title="bbox 448 2608 2025 2681">
     <span class='ocr_line' id='line_1_25' title="bbox 448 2608 2025 2681; baseline 0.004 -20"><span class='ocrx_word' id='word_1_185' title='bbox 448 2609 517 2661; x_wconf 82' lang='lat' dir='ltr'><strong>ad</strong></span> <span class='ocrx_word' id='word_1_186' title='bbox 577 2608 845 2662; x_wconf 77' lang='lat' dir='ltr'><strong>Hermiam</strong></span> <span class='ocrx_word' id='word_1_187' title='bbox 876 2624 895 2662; x_wconf 90' lang='lat'><strong><em>:</em></strong></span> <span class='ocrx_word' id='word_1_188' title='bbox 934 2614 957 2660; x_wconf 74' lang='grc' dir='ltr'><strong><em>ἰ</em></strong></span> <span class='ocrx_word' id='word_1_189' title='bbox 986 2609 1257 2673; x_wconf 81' lang='lat' dir='ltr'><strong>Quoniam</strong></span> <span class='ocrx_word' id='word_1_190' title='bbox 1315 2627 1382 2666; x_wconf 76' lang='lat' dir='ltr'><strong>ex</strong></span> <span class='ocrx_word' id='word_1_191' title='bbox 1430 2613 1547 2681; x_wconf 82' lang='lat' dir='ltr'><strong>ipsa</strong></span> <span class='ocrx_word' id='word_1_192' title='bbox 1596 2611 1689 2667; x_wconf 87' lang='lat' dir='ltr'><strong>Dei</strong></span> <span class='ocrx_word' id='word_1_193' title='bbox 1743 2622 1798 2667; x_wconf 87' lang='lat' dir='ltr'><strong>et</strong></span> <span class='ocrx_word' id='word_1_194' title='bbox 1849 2612 2025 2667; x_wconf 83' lang='lat' dir='ltr'><strong>Patris</strong></span> 
     </span>
    </p>
   </div>
   <div class='ocr_carea' id='block_1_26' title="bbox 447 2702 2026 2775">
    <p class='ocr_par' dir='ltr' id='par_1_26' title="bbox 447 2702 2026 2775">
     <span class='ocr_line' id='line_1_26' title="bbox 447 2702 2026 2775; baseline 0.003 -19"><span class='ocrx_word' id='word_1_195' title='bbox 447 2702 684 2756; x_wconf 82' lang='lat' dir='ltr'><strong>essentia</strong></span> <span class='ocrx_word' id='word_1_196' title='bbox 714 2713 870 2757; x_wconf 82' lang='lat' dir='ltr'><strong>ortus</strong></span> <span class='ocrx_word' id='word_1_197' title='bbox 896 2711 978 2757; x_wconf 90' lang='lat' dir='ltr'><strong>est</strong></span> <span class='ocrx_word' id='word_1_198' title='bbox 1011 2702 1179 2757; x_wconf 83' lang='lat' dir='ltr'><strong>Filius</strong></span> <span class='ocrx_word' id='word_1_199' title='bbox 1203 2745 1217 2768; x_wconf 90' lang='lat'><strong>,</strong></span> <span class='ocrx_word' id='word_1_200' title='bbox 1241 2717 1350 2758; x_wconf 88' lang='lat' dir='ltr'><strong>non</strong></span> <span class='ocrx_word' id='word_1_201' title='bbox 1398 2704 1554 2759; x_wconf 79' lang='lat' dir='ltr'><strong>aliter</strong></span> <span class='ocrx_word' id='word_1_202' title='bbox 1588 2720 1751 2775; x_wconf 90' lang='lat' dir='ltr'><strong>quam</strong></span> <span class='ocrx_word' id='word_1_203' title='bbox 1787 2705 1878 2761; x_wconf 89' lang='lat' dir='ltr'><strong>ille</strong></span> <span class='ocrx_word' id='word_1_204' title='bbox 1903 2720 2026 2760; x_wconf 85' lang='lat' dir='ltr'><strong>esse</strong></span> 
     </span>
    </p>
   </div>
   <div class='ocr_carea' id='block_1_27' title="bbox 452 2791 2015 2863">
    <p class='ocr_par' dir='ltr' id='par_1_27' title="bbox 452 2791 2015 2863">
     <span class='ocr_line' id='line_1_27' title="bbox 452 2791 2015 2863; baseline 0.001 -18"><span class='ocrx_word' id='word_1_205' title='bbox 452 2791 813 2862; x_wconf 87' lang='lat' dir='ltr'><strong>intelligatur,</strong></span> <span class='ocrx_word' id='word_1_206' title='bbox 856 2804 1123 2863; x_wconf 88' lang='lat' dir='ltr'><strong>quantum</strong></span> <span class='ocrx_word' id='word_1_207' title='bbox 1158 2795 1224 2849; x_wconf 88' lang='lat' dir='ltr'><strong>ad</strong></span> <span class='ocrx_word' id='word_1_208' title='bbox 1269 2794 1605 2849; x_wconf 88' lang='lat' dir='ltr'><strong>identitatem</strong></span> <span class='ocrx_word' id='word_1_209' title='bbox 1661 2797 2015 2850; x_wconf 62' lang='lat' dir='ltr'><strong>naturalem.»</strong></span> 
     </span>
    </p>
   </div>
   <div class='ocr_carea' id='block_1_28' title="bbox 534 2882 2021 2955">
    <p class='ocr_par' dir='ltr' id='par_1_28' title="bbox 534 2882 2021 2955">
     <span class='ocr_line' id='line_1_28' title="bbox 534 2882 2021 2955; baseline 0.004 -20"><span class='ocrx_word' id='word_1_210' title='bbox 534 2883 771 2938; x_wconf 85' lang='lat' dir='ltr'><strong>Sanctus</strong></span> <span class='ocrx_word' id='word_1_211' title='bbox 803 2899 933 2939; x_wconf 85' lang='lat' dir='ltr'><strong>vero</strong></span> <span class='ocrx_word' id='word_1_212' title='bbox 961 2882 1236 2940; x_wconf 80' lang='lat' dir='ltr'><strong>Maximus</strong></span> <span class='ocrx_word' id='word_1_213' title='bbox 1268 2900 1390 2939; x_wconf 87' lang='lat' dir='ltr'><strong>cum</strong></span> <span class='ocrx_word' id='word_1_214' title='bbox 1423 2894 1734 2955; x_wconf 80' lang='lat' dir='ltr'><strong>exponeret,</strong></span> <span class='ocrx_word' id='word_1_215' title='bbox 1759 2888 1887 2955; x_wconf 91' lang='lat' dir='ltr'><strong>quid</strong></span> <span class='ocrx_word' id='word_1_216' title='bbox 1918 2887 2021 2943; x_wconf 82' lang='lat' dir='ltr'><strong>sibi</strong></span> 
     </span>
    </p>
   </div>
   <div class='ocr_carea' id='block_1_29' title="bbox 452 2976 2026 3046">
    <p class='ocr_par' dir='ltr' id='par_1_29' title="bbox 452 2976 2026 3046">
     <span class='ocr_line' id='line_1_29' title="bbox 452 2976 2026 3046; baseline 0.003 -18"><span class='ocrx_word' id='word_1_217' title='bbox 452 2976 583 3030; x_wconf 88' lang='lat' dir='ltr'><strong>velit</strong></span> <span class='ocrx_word' id='word_1_218' title='bbox 615 2978 755 3046; x_wconf 83' lang='lat' dir='ltr'><strong>apud</strong></span> <span class='ocrx_word' id='word_1_219' title='bbox 787 2978 1110 3046; x_wconf 84' lang='lat' dir='ltr'><strong>prophetam</strong></span> <span class='ocrx_word' id='word_1_220' title='bbox 1141 2976 1465 3032; x_wconf 85' lang='lat' dir='ltr'><strong>Zachariam</strong></span> <span class='ocrx_word' id='word_1_221' title='bbox 1484 2979 1550 3043; x_wconf 58' lang='grc' dir='ltr'><strong>ι’,</strong></span> <span class='ocrx_word' id='word_1_222' title='bbox 1571 2993 1796 3034; x_wconf 89' lang='lat' dir='ltr'><strong>aureum</strong></span> <span class='ocrx_word' id='word_1_223' title='bbox 1821 2980 2026 3035; x_wconf 84' lang='lat' dir='ltr'><strong>cande-</strong></span> 
     </span>
    </p>
   </div>
   <div class='ocr_carea' id='block_1_30' title="bbox 458 3025 2680 3140">
    <p class='ocr_par' dir='ltr' id='par_1_30' title="bbox 458 3025 2680 3140">
     <span class='ocr_line' id='line_1_30' title="bbox 467 3025 2617 3046; baseline 0.003 -18"><span class='ocrx_word' id='word_1_224' title='bbox 467 3025 581 3030; x_wconf 74' lang='lat'><strong>--__-</strong></span> <span class='ocrx_word' id='word_1_225' title='bbox 616 3025 755 3046; x_wconf 32' lang='lat' dir='ltr'><strong>ar&quot;</strong></span> <span class='ocrx_word' id='word_1_226' title='bbox 788 3025 1110 3046; x_wconf 60' lang='lat' dir='ltr'><strong>r__r__--_-_</strong></span> <span class='ocrx_word' id='word_1_227' title='bbox 1141 3025 1464 3032; x_wconf 58' lang='grc' dir='ltr'><strong>---η-.--ω</strong></span> <span class='ocrx_word' id='word_1_228' title='bbox 1536 3025 1550 3043; x_wconf 87' lang='grc'>,</span> <span class='ocrx_word' id='word_1_229' title='bbox 1571 3025 1796 3034; x_wconf 78' lang='lat'><strong>__.-_...</strong></span> <span class='ocrx_word' id='word_1_230' title='bbox 1823 3025 1993 3035; x_wconf 46' lang='lat' dir='ltr'><strong>&quot;ne-</strong></span> <span class='ocrx_word' id='word_1_231' title='bbox 2609 3031 2617 3040; x_wconf 82' lang='lat'>.</span> 
     </span>
     <span class='ocr_line' id='line_1_31' title="bbox 458 3025 2680 3140; baseline 0.003 -19"><span class='ocrx_word' id='word_1_232' title='bbox 458 3069 691 3133; x_wconf 85' lang='lat' dir='ltr'><strong>labrum,</strong></span> <span class='ocrx_word' id='word_1_233' title='bbox 724 3080 777 3124; x_wconf 89' lang='lat' dir='ltr'><strong>et</strong></span> <span class='ocrx_word' id='word_1_234' title='bbox 807 3085 973 3139; x_wconf 89' lang='lat' dir='ltr'><strong>super</strong></span> <span class='ocrx_word' id='word_1_235' title='bbox 1003 3085 1126 3124; x_wconf 89' lang='lat' dir='ltr'><strong>eum</strong></span> <span class='ocrx_word' id='word_1_236' title='bbox 1162 3070 1391 3140; x_wconf 66' lang='lat' dir='ltr'><strong>latnms,</strong></span> <span class='ocrx_word' id='word_1_237' title='bbox 1416 3074 1494 3124; x_wconf 86' lang='lat' dir='ltr'><strong>ait</strong></span> <span class='ocrx_word' id='word_1_238' title='bbox 1529 3090 1543 3126; x_wconf 92' lang='lat'><strong>:</strong></span> <span class='ocrx_word' id='word_1_239' title='bbox 1579 3089 1599 3122; x_wconf 87' lang='grc'><strong><em>‹</em></strong></span> <span class='ocrx_word' id='word_1_240' title='bbox 1636 3073 1872 3140; x_wconf 84' lang='lat' dir='ltr'><strong>Spiritus</strong></span> <span class='ocrx_word' id='word_1_241' title='bbox 1899 3088 2022 3127; x_wconf 83' lang='lat' dir='ltr'><strong>san-</strong></span> <span class='ocrx_word' id='word_1_242' title='bbox 2050 3052 2093 3110; x_wconf 63' lang='grc' dir='ltr'><strong>(ἶ</strong></span> <span class='ocrx_word' id='word_1_243' title='bbox 2129 3030 2413 3140; x_wconf 39' lang='lat' dir='ltr'><strong>pmpﬂre</strong></span> <span class='ocrx_word' id='word_1_244' title='bbox 2441 3025 2680 3140; x_wconf 17' lang='lat' dir='ltr'><strong>FA&#39;P?’</strong></span> 
     </span>
    </p>
   </div>
   <div class='ocr_carea' id='block_1_31' title="bbox 456 3159 2022 3228">
    <p class='ocr_par' dir='ltr' id='par_1_31' title="bbox 456 3159 2022 3228">
     <span class='ocr_line' id='line_1_32' title="bbox 456 3159 2022 3228; baseline 0.001 -14"><span class='ocrx_word' id='word_1_245' title='bbox 456 3171 599 3224; x_wconf 91' lang='lat' dir='ltr'><strong>ctus,</strong></span> <span class='ocrx_word' id='word_1_246' title='bbox 628 3159 1094 3228; x_wconf 89' lang='lat' dir='ltr'><strong>quemadmodum</strong></span> <span class='ocrx_word' id='word_1_247' title='bbox 1130 3160 1453 3216; x_wconf 87' lang='lat' dir='ltr'><strong>naturaliter</strong></span> <span class='ocrx_word' id='word_1_248' title='bbox 1490 3163 1796 3217; x_wconf 89' lang='lat' dir='ltr'><strong>secundum</strong></span> <span class='ocrx_word' id='word_1_249' title='bbox 1831 3180 2022 3218; x_wconf 80' lang='lat' dir='ltr'><strong>esseu-</strong></span> 
     </span>
    </p>
   </div>
   <div class='ocr_carea' id='block_1_32' title="bbox 452 3251 2029 3316">
    <p class='ocr_par' dir='ltr' id='par_1_32' title="bbox 452 3251 2029 3316">
     <span class='ocr_line' id='line_1_33' title="bbox 452 3251 2029 3316; baseline 0.003 -11"><span class='ocrx_word' id='word_1_250' title='bbox 452 3253 581 3305; x_wconf 82' lang='lat' dir='ltr'><strong>tiam</strong></span> <span class='ocrx_word' id='word_1_251' title='bbox 611 3251 709 3306; x_wconf 84' lang='lat' dir='ltr'><strong>Dei</strong></span> <span class='ocrx_word' id='word_1_252' title='bbox 739 3261 794 3306; x_wconf 88' lang='lat' dir='ltr'><strong>et</strong></span> <span class='ocrx_word' id='word_1_253' title='bbox 826 3252 999 3305; x_wconf 79' lang='lat' dir='ltr'><strong>Patris</strong></span> <span class='ocrx_word' id='word_1_254' title='bbox 1030 3263 1131 3316; x_wconf 91' lang='lat' dir='ltr'><strong>est,</strong></span> <span class='ocrx_word' id='word_1_255' title='bbox 1166 3252 1239 3306; x_wconf 90' lang='lat' dir='ltr'><strong>ita</strong></span> <span class='ocrx_word' id='word_1_256' title='bbox 1290 3252 1482 3307; x_wconf 88' lang='lat' dir='ltr'><strong>etFilii</strong></span> <span class='ocrx_word' id='word_1_257' title='bbox 1507 3254 1808 3308; x_wconf 90' lang='lat' dir='ltr'><strong>secundum</strong></span> <span class='ocrx_word' id='word_1_258' title='bbox 1841 3270 2029 3310; x_wconf 71' lang='lat' dir='ltr'><strong>essen-</strong></span> 
     </span>
    </p>
   </div>
   <div class='ocr_carea' id='block_1_33' title="bbox 458 3343 2013 3419">
    <p class='ocr_par' dir='ltr' id='par_1_33' title="bbox 458 3343 2013 3419">
     <span class='ocr_line' id='line_1_34' title="bbox 458 3343 2013 3419; baseline 0.001 -21"><span class='ocrx_word' id='word_1_259' title='bbox 458 3347 591 3399; x_wconf 85' lang='lat' dir='ltr'><strong>tiam</strong></span> <span class='ocrx_word' id='word_1_260' title='bbox 622 3353 766 3407; x_wconf 64' lang='lat' dir='ltr'><strong>est,»</strong></span> <span class='ocrx_word' id='word_1_261' title='bbox 795 3344 953 3412; x_wconf 79' lang='lat' dir='ltr'><strong>quasi</strong></span> <span class='ocrx_word' id='word_1_262' title='bbox 985 3360 1047 3398; x_wconf 76' lang='lat' dir='ltr'><strong>ex</strong></span> <span class='ocrx_word' id='word_1_263' title='bbox 1084 3343 1245 3401; x_wconf 81' lang='lat' dir='ltr'><strong>Patre</strong></span> <span class='ocrx_word' id='word_1_264' title='bbox 1275 3346 1643 3419; x_wconf 77' lang='lat' dir='ltr'><strong>essentialiter</strong></span> <span class='ocrx_word' id='word_1_265' title='bbox 1669 3361 1764 3416; x_wconf 89' lang='lat' dir='ltr'><strong>per</strong></span> <span class='ocrx_word' id='word_1_266' title='bbox 1815 3345 2013 3401; x_wconf 87' lang='lat' dir='ltr'><strong>Filium</strong></span> 
     </span>
    </p>
   </div>
   <div class='ocr_carea' id='block_1_34' title="bbox 455 3436 1391 3512">
    <p class='ocr_par' dir='ltr' id='par_1_34' title="bbox 455 3436 1391 3512">
     <span class='ocr_line' id='line_1_35' title="bbox 455 3436 1391 3512; baseline 0 -21"><span class='ocrx_word' id='word_1_267' title='bbox 455 3439 697 3508; x_wconf 79' lang='lat' dir='ltr'><strong>genitum</strong></span> <span class='ocrx_word' id='word_1_268' title='bbox 742 3436 1391 3512; x_wconf 74' lang='lat' dir='ltr'><strong>iuellabiliterprodiens.</strong></span> 
     </span>
    </p>
   </div>
   <div class='ocr_carea' id='block_1_35' title="bbox 529 3572 2027 3644">
    <p class='ocr_par' dir='ltr' id='par_1_35' title="bbox 529 3572 2027 3644">
     <span class='ocr_line' id='line_1_36' title="bbox 529 3572 2027 3644; baseline -0.001 -14"><span class='ocrx_word' id='word_1_269' title='bbox 529 3575 757 3630; x_wconf 84' lang='lat' dir='ltr'><strong>Constat</strong></span> <span class='ocrx_word' id='word_1_270' title='bbox 793 3572 958 3644; x_wconf 81' lang='lat' dir='ltr'><strong>igitur</strong></span> <span class='ocrx_word' id='word_1_271' title='bbox 987 3590 1053 3629; x_wconf 77' lang='lat' dir='ltr'><strong>ex</strong></span> <span class='ocrx_word' id='word_1_272' title='bbox 1091 3575 1176 3631; x_wconf 89' lang='lat' dir='ltr'><strong>his</strong></span> <span class='ocrx_word' id='word_1_273' title='bbox 1221 3576 1420 3630; x_wconf 87' lang='lat' dir='ltr'><strong>Filium</strong></span> <span class='ocrx_word' id='word_1_274' title='bbox 1467 3573 1617 3630; x_wconf 78' lang='lat' dir='ltr'><strong>Patri</strong></span> <span class='ocrx_word' id='word_1_275' title='bbox 1662 3576 2027 3631; x_wconf 83' lang='lat' dir='ltr'><strong>consubstan-</strong></span> 
     </span>
    </p>
   </div>
   <div class='ocr_carea' id='block_1_36' title="bbox 456 3668 2028 3738">
    <p class='ocr_par' dir='ltr' id='par_1_36' title="bbox 456 3668 2028 3738">
     <span class='ocr_line' id='line_1_37' title="bbox 456 3668 2028 3738; baseline -0.001 -17"><span class='ocrx_word' id='word_1_276' title='bbox 456 3669 640 3722; x_wconf 87' lang='lat' dir='ltr'><strong>tialem</strong></span> <span class='ocrx_word' id='word_1_277' title='bbox 672 3682 819 3732; x_wconf 65' lang='lat' dir='ltr'><strong>eSse,</strong></span> <span class='ocrx_word' id='word_1_278' title='bbox 854 3668 1111 3737; x_wconf 88' lang='lat' dir='ltr'><strong>quoniam</strong></span> <span class='ocrx_word' id='word_1_279' title='bbox 1174 3683 1239 3722; x_wconf 82' lang='lat' dir='ltr'><strong>ex</strong></span> <span class='ocrx_word' id='word_1_280' title='bbox 1277 3669 1392 3738; x_wconf 92' lang='lat' dir='ltr'><strong>ipso</strong></span> <span class='ocrx_word' id='word_1_281' title='bbox 1434 3682 1549 3732; x_wconf 88' lang='lat' dir='ltr'><strong>est;</strong></span> <span class='ocrx_word' id='word_1_282' title='bbox 1589 3684 1918 3736; x_wconf 86' lang='lat' dir='ltr'><strong>rursumque</strong></span> <span class='ocrx_word' id='word_1_283' title='bbox 1944 3684 2028 3721; x_wconf 84' lang='lat' dir='ltr'><strong>sc-</strong></span> 
     </span>
    </p>
   </div>
   <div class='ocr_carea' id='block_1_37' title="bbox 459 3759 2026 3830">
    <p class='ocr_par' dir='ltr' id='par_1_37' title="bbox 459 3759 2026 3830">
     <span class='ocr_line' id='line_1_38' title="bbox 459 3759 2026 3830; baseline -0.001 -13"><span class='ocrx_word' id='word_1_284' title='bbox 459 3763 699 3818; x_wconf 75' lang='lat' dir='ltr'><strong>sundum</strong></span> <span class='ocrx_word' id='word_1_285' title='bbox 741 3761 990 3815; x_wconf 84' lang='lat' dir='ltr'><strong>eamdem</strong></span> <span class='ocrx_word' id='word_1_286' title='bbox 1030 3759 1295 3815; x_wconf 86' lang='lat' dir='ltr'><strong>rationem</strong></span> <span class='ocrx_word' id='word_1_287' title='bbox 1320 3760 1582 3830; x_wconf 84' lang='lat' dir='ltr'><strong>Spiritum</strong></span> <span class='ocrx_word' id='word_1_288' title='bbox 1616 3759 1757 3815; x_wconf 91' lang='lat' dir='ltr'><strong>Filio</strong></span> <span class='ocrx_word' id='word_1_289' title='bbox 1786 3762 2026 3816; x_wconf 86' lang='lat' dir='ltr'><strong>consub-</strong></span> 
     </span>
    </p>
   </div>
   <div class='ocr_carea' id='block_1_38' title="bbox 457 3851 2024 3922">
    <p class='ocr_par' dir='ltr' id='par_1_38' title="bbox 457 3851 2024 3922">
     <span class='ocr_line' id='line_1_39' title="bbox 457 3851 2024 3922; baseline -0.002 -13"><span class='ocrx_word' id='word_1_290' title='bbox 457 3853 766 3909; x_wconf 86' lang='lat' dir='ltr'><strong>stantialem</strong></span> <span class='ocrx_word' id='word_1_291' title='bbox 828 3867 971 3916; x_wconf 87' lang='lat' dir='ltr'><strong>esse,</strong></span> <span class='ocrx_word' id='word_1_292' title='bbox 1036 3852 1164 3921; x_wconf 89' lang='lat' dir='ltr'><strong>quia</strong></span> <span class='ocrx_word' id='word_1_293' title='bbox 1210 3867 1306 3920; x_wconf 84' lang='lat' dir='ltr'><strong>per</strong></span> <span class='ocrx_word' id='word_1_294' title='bbox 1354 3852 1534 3922; x_wconf 90' lang='lat' dir='ltr'><strong>ipsum</strong></span> <span class='ocrx_word' id='word_1_295' title='bbox 1585 3851 1848 3921; x_wconf 84' lang='lat' dir='ltr'><strong>procedit,</strong></span> <span class='ocrx_word' id='word_1_296' title='bbox 1885 3862 1940 3907; x_wconf 91' lang='lat' dir='ltr'><strong>et</strong></span> <span class='ocrx_word' id='word_1_297' title='bbox 1970 3853 2024 3906; x_wconf 88' lang='lat' dir='ltr'><strong>in</strong></span> 
     </span>
    </p>
   </div>
   <div class='ocr_carea' id='block_1_39' title="bbox 457 3940 2028 4014">
    <p class='ocr_par' dir='ltr' id='par_1_39' title="bbox 457 3940 2028 4014">
     <span class='ocr_line' id='line_1_40' title="bbox 457 3940 2028 4014; baseline 0.001 -15"><span class='ocrx_word' id='word_1_298' title='bbox 457 3946 577 4014; x_wconf 85' lang='lat' dir='ltr'><strong>ipso</strong></span> <span class='ocrx_word' id='word_1_299' title='bbox 606 3954 769 4013; x_wconf 90' lang='lat' dir='ltr'><strong>atque</strong></span> <span class='ocrx_word' id='word_1_300' title='bbox 796 3959 861 3998; x_wconf 77' lang='lat' dir='ltr'><strong>ex</strong></span> <span class='ocrx_word' id='word_1_301' title='bbox 892 3940 1010 4012; x_wconf 86' lang='lat' dir='ltr'><strong>ipso</strong></span> <span class='ocrx_word' id='word_1_302' title='bbox 1040 3952 1144 3998; x_wconf 90' lang='lat' dir='ltr'><strong>est.</strong></span> <span class='ocrx_word' id='word_1_303' title='bbox 1170 3943 1276 3998; x_wconf 87' lang='lat' dir='ltr'><strong>lsta</strong></span> <span class='ocrx_word' id='word_1_304' title='bbox 1311 3945 1514 4013; x_wconf 84' lang='lat' dir='ltr'><strong>quippe</strong></span> <span class='ocrx_word' id='word_1_305' title='bbox 1546 3958 1573 3996; x_wconf 90' lang='lat' dir='ltr'><strong>a</strong></span> <span class='ocrx_word' id='word_1_306' title='bbox 1608 3946 1813 3999; x_wconf 84' lang='lat' dir='ltr'><strong>sanctis</strong></span> <span class='ocrx_word' id='word_1_307' title='bbox 1843 3943 2028 4000; x_wconf 86' lang='lat' dir='ltr'><strong>Eccle-</strong></span> 
     </span>
    </p>
   </div>
   <div class='ocr_carea' id='block_1_40' title="bbox 458 4033 2028 4105">
    <p class='ocr_par' dir='ltr' id='par_1_40' title="bbox 458 4033 2028 4105">
     <span class='ocr_line' id='line_1_41' title="bbox 458 4033 2028 4105; baseline -0.001 -14"><span class='ocrx_word' id='word_1_308' title='bbox 458 4039 554 4091; x_wconf 72' lang='lat' dir='ltr'><strong>sia:</strong></span> <span class='ocrx_word' id='word_1_309' title='bbox 598 4035 873 4105; x_wconf 75' lang='lat' dir='ltr'><strong>magistris</strong></span> <span class='ocrx_word' id='word_1_310' title='bbox 930 4035 1005 4088; x_wconf 87' lang='lat' dir='ltr'><strong>ita</strong></span> <span class='ocrx_word' id='word_1_311' title='bbox 1041 4034 1351 4088; x_wconf 87' lang='lat' dir='ltr'><strong>traduntur.</strong></span> <span class='ocrx_word' id='word_1_312' title='bbox 1397 4033 1454 4088; x_wconf 91' lang='lat' dir='ltr'><strong>Si</strong></span> <span class='ocrx_word' id='word_1_313' title='bbox 1503 4035 1626 4104; x_wconf 88' lang='lat' dir='ltr'><strong>quis</strong></span> <span class='ocrx_word' id='word_1_314' title='bbox 1675 4044 1858 4089; x_wconf 84' lang='lat' dir='ltr'><strong>autem</strong></span> <span class='ocrx_word' id='word_1_315' title='bbox 1909 4034 2028 4089; x_wconf 89' lang='lat' dir='ltr'><strong>ideo</strong></span> 
     </span>
    </p>
   </div>
   <div class='ocr_carea' id='block_1_41' title="bbox 458 4124 2024 4198">
    <p class='ocr_par' dir='ltr' id='par_1_41' title="bbox 458 4124 2024 4198">
     <span class='ocr_line' id='line_1_42' title="bbox 458 4124 2024 4198; baseline -0.002 -17"><span class='ocrx_word' id='word_1_316' title='bbox 458 4127 741 4198; x_wconf 88' lang='lat' dir='ltr'><strong>proprium</strong></span> <span class='ocrx_word' id='word_1_317' title='bbox 792 4124 916 4180; x_wconf 81' lang='lat' dir='ltr'><strong>Filii</strong></span> <span class='ocrx_word' id='word_1_318' title='bbox 978 4125 1242 4195; x_wconf 88' lang='lat' dir='ltr'><strong>Spiritum</strong></span> <span class='ocrx_word' id='word_1_319' title='bbox 1298 4125 1456 4188; x_wconf 87' lang='lat' dir='ltr'><strong>dicit,</strong></span> <span class='ocrx_word' id='word_1_320' title='bbox 1506 4126 1633 4194; x_wconf 88' lang='lat' dir='ltr'><strong>quia</strong></span> <span class='ocrx_word' id='word_1_321' title='bbox 1701 4141 1795 4194; x_wconf 89' lang='lat' dir='ltr'><strong>per</strong></span> <span class='ocrx_word' id='word_1_322' title='bbox 1848 4127 2024 4195; x_wconf 91' lang='lat' dir='ltr'><strong>ipsum</strong></span> 
     </span>
    </p>
   </div>
   <div class='ocr_carea' id='block_1_42' title="bbox 461 4200 2027 4287">
    <p class='ocr_par' dir='ltr' id='par_1_42' title="bbox 461 4200 2027 4287">
     <span class='ocr_line' id='line_1_43' title="bbox 461 4200 2027 4287; baseline -0.001 -15"><span class='ocrx_word' id='word_1_323' title='bbox 461 4219 545 4272; x_wconf 91' lang='lat' dir='ltr'><strong>his</strong></span> <span class='ocrx_word' id='word_1_324' title='bbox 585 4217 677 4286; x_wconf 85' lang='lat' dir='ltr'><strong>qui</strong></span> <span class='ocrx_word' id='word_1_325' title='bbox 707 4216 855 4287; x_wconf 81' lang='lat' dir='ltr'><strong>digni</strong></span> <span class='ocrx_word' id='word_1_326' title='bbox 889 4225 1037 4280; x_wconf 90' lang='lat' dir='ltr'><strong>sunt,</strong></span> <span class='ocrx_word' id='word_1_327' title='bbox 1095 4200 1279 4279; x_wconf 87' lang='lat' dir='ltr'><strong>datur,</strong></span> <span class='ocrx_word' id='word_1_328' title='bbox 1354 4215 1401 4268; x_wconf 88' lang='lat' dir='ltr'><strong>is</strong></span> <span class='ocrx_word' id='word_1_329' title='bbox 1445 4230 1547 4267; x_wconf 84' lang='lat' dir='ltr'><strong>nun</strong></span> <span class='ocrx_word' id='word_1_330' title='bbox 1600 4216 1730 4271; x_wconf 78' lang='lat' dir='ltr'><strong>Satis</strong></span> <span class='ocrx_word' id='word_1_331' title='bbox 1778 4215 2027 4270; x_wconf 87' lang='lat' dir='ltr'><strong>animad-</strong></span> 
     </span>
    </p>
   </div>
   <div class='ocr_carea' id='block_1_43' title="bbox 455 4306 2021 4378">
    <p class='ocr_par' dir='ltr' id='par_1_43' title="bbox 455 4306 2021 4378">
     <span class='ocr_line' id='line_1_44' title="bbox 455 4306 2021 4378; baseline 0.003 -21"><span class='ocrx_word' id='word_1_332' title='bbox 455 4307 618 4362; x_wconf 78' lang='lat' dir='ltr'><strong>vertit</strong></span> <span class='ocrx_word' id='word_1_333' title='bbox 641 4308 757 4362; x_wconf 82' lang='lat' dir='ltr'><strong>dati</strong></span> <span class='ocrx_word' id='word_1_334' title='bbox 796 4309 938 4375; x_wconf 89' lang='lat' dir='ltr'><strong>quod</strong></span> <span class='ocrx_word' id='word_1_335' title='bbox 971 4307 1196 4371; x_wconf 88' lang='lat' dir='ltr'><strong>dicitur,</strong></span> <span class='ocrx_word' id='word_1_336' title='bbox 1228 4306 1523 4376; x_wconf 85' lang='lat' dir='ltr'><strong>temporale</strong></span> <span class='ocrx_word' id='word_1_337' title='bbox 1545 4322 1665 4361; x_wconf 80' lang='lat' dir='ltr'><strong>esSe</strong></span> <span class='ocrx_word' id='word_1_338' title='bbox 1695 4325 1711 4375; x_wconf 87' lang='lat'><strong>;</strong></span> <span class='ocrx_word' id='word_1_339' title='bbox 1743 4310 2021 4378; x_wconf 91' lang='lat' dir='ltr'><strong>proprium</strong></span> 
     </span>
    </p>
   </div>
   <div class='ocr_carea' id='block_1_44' title="bbox 2121 550 2756 609">
    <p class='ocr_par' dir='ltr' id='par_1_44' title="bbox 2121 550 2756 609">
     <span class='ocr_line' id='line_1_45' title="bbox 2121 550 2756 609; baseline 0.002 -3"><span class='ocrx_word' id='word_1_340' title='bbox 2121 553 2187 606; x_wconf 84' lang='lat' dir='ltr'><strong>de</strong></span> <span class='ocrx_word' id='word_1_341' title='bbox 2220 550 2332 607; x_wconf 91' lang='lat' dir='ltr'><strong>Deo</strong></span> <span class='ocrx_word' id='word_1_342' title='bbox 2365 568 2466 609; x_wconf 87' lang='lat' dir='ltr'><strong>suo</strong></span> <span class='ocrx_word' id='word_1_343' title='bbox 2492 553 2756 609; x_wconf 89' lang='lat' dir='ltr'><strong>sentiunt.</strong></span> 
     </span>
    </p>
   </div>
   <div class='ocr_carea' id='block_1_45' title="bbox 2192 641 3691 714">
    <p class='ocr_par' dir='ltr' id='par_1_45' title="bbox 2192 641 3691 714">
     <span class='ocr_line' id='line_1_46' title="bbox 2192 641 3691 714; baseline -0.004 -17"><span class='ocrx_word' id='word_1_344' title='bbox 2192 641 2521 713; x_wconf 86' lang='lat' dir='ltr'><strong>Quanquam</strong></span> <span class='ocrx_word' id='word_1_345' title='bbox 2600 642 2916 714; x_wconf 80' lang='lat' dir='ltr'><strong>hujusmodi</strong></span> <span class='ocrx_word' id='word_1_346' title='bbox 2969 641 3523 697; x_wconf 85' lang='lat' dir='ltr'><strong>consubstantialitas</strong></span> <span class='ocrx_word' id='word_1_347' title='bbox 3581 654 3691 692; x_wconf 85' lang='lat' dir='ltr'><strong>nun</strong></span> 
     </span>
    </p>
   </div>
   <div class='ocr_carea' id='block_1_46' title="bbox 2123 729 3697 805">
    <p class='ocr_par' dir='ltr' id='par_1_46' title="bbox 2123 729 3697 805">
     <span class='ocr_line' id='line_1_47' title="bbox 2123 729 3697 805; baseline -0.005 -16"><span class='ocrx_word' id='word_1_348' title='bbox 2123 736 2341 805; x_wconf 87' lang='lat' dir='ltr'><strong>proprie</strong></span> <span class='ocrx_word' id='word_1_349' title='bbox 2361 736 2904 793; x_wconf 65' lang='lat' dir='ltr'><strong>consubstantialdas</strong></span> <span class='ocrx_word' id='word_1_350' title='bbox 2931 744 3037 797; x_wconf 90' lang='lat' dir='ltr'><strong>est,</strong></span> <span class='ocrx_word' id='word_1_351' title='bbox 3059 735 3152 788; x_wconf 89' lang='lat' dir='ltr'><strong>sed</strong></span> <span class='ocrx_word' id='word_1_352' title='bbox 3177 747 3239 789; x_wconf 90' lang='lat' dir='ltr'><strong>ca</strong></span> <span class='ocrx_word' id='word_1_353' title='bbox 3265 748 3386 803; x_wconf 71' lang='lat' dir='ltr'><strong>quae</strong></span> <span class='ocrx_word' id='word_1_354' title='bbox 3418 729 3697 787; x_wconf 89' lang='lat' dir='ltr'><strong>connectit</strong></span> 
     </span>
    </p>
   </div>
   <div class='ocr_carea' id='block_1_47' title="bbox 2122 821 3697 898">
    <p class='ocr_par' dir='ltr' id='par_1_47' title="bbox 2122 821 3697 898">
     <span class='ocr_line' id='line_1_48' title="bbox 2122 821 3697 898; baseline -0.006 -16"><span class='ocrx_word' id='word_1_355' title='bbox 2122 828 2355 883; x_wconf 90' lang='lat' dir='ltr'><strong>alterum</strong></span> <span class='ocrx_word' id='word_1_356' title='bbox 2378 829 2557 895; x_wconf 89' lang='lat' dir='ltr'><strong>alteri,</strong></span> <span class='ocrx_word' id='word_1_357' title='bbox 2588 837 2774 898; x_wconf 88' lang='lat' dir='ltr'><strong>utpote</strong></span> <span class='ocrx_word' id='word_1_358' title='bbox 2803 842 2897 897; x_wconf 88' lang='lat' dir='ltr'><strong>per</strong></span> <span class='ocrx_word' id='word_1_359' title='bbox 2922 826 3099 896; x_wconf 89' lang='lat' dir='ltr'><strong>ipsum</strong></span> <span class='ocrx_word' id='word_1_360' title='bbox 3126 840 3194 881; x_wconf 78' lang='lat' dir='ltr'><strong>ex</strong></span> <span class='ocrx_word' id='word_1_361' title='bbox 3236 827 3356 892; x_wconf 85' lang='lat' dir='ltr'><strong>ipso</strong></span> <span class='ocrx_word' id='word_1_362' title='bbox 3378 821 3697 877; x_wconf 81' lang='lat' dir='ltr'><strong>naturaliter</strong></span> 
     </span>
    </p>
   </div>
   <div class='ocr_carea' id='block_1_48' title="bbox 2122 913 3697 988">
    <p class='ocr_par' dir='ltr' id='par_1_48' title="bbox 2122 913 3697 988">
     <span class='ocr_line' id='line_1_49' title="bbox 2122 913 3697 988; baseline -0.004 -16"><span class='ocrx_word' id='word_1_363' title='bbox 2122 930 2284 988; x_wconf 89' lang='lat' dir='ltr'><strong>atque</strong></span> <span class='ocrx_word' id='word_1_364' title='bbox 2335 916 2703 973; x_wconf 69' lang='lat' dir='ltr'><strong>&#39;essentialitcr</strong></span> <span class='ocrx_word' id='word_1_365' title='bbox 2753 920 3046 973; x_wconf 81' lang='lat' dir='ltr'><strong>exsistens.</strong></span> <span class='ocrx_word' id='word_1_366' title='bbox 3088 916 3499 984; x_wconf 82' lang='lat' dir='ltr'><strong>Attestaturque</strong></span> <span class='ocrx_word' id='word_1_367' title='bbox 3564 913 3697 967; x_wconf 91' lang='lat' dir='ltr'><strong>huic</strong></span> 
     </span>
    </p>
   </div>
   <div class='ocr_carea' id='block_1_49' title="bbox 2122 1009 3719 1077">
    <p class='ocr_par' dir='ltr' id='par_1_49' title="bbox 2122 1009 3719 1077">
     <span class='ocr_line' id='line_1_50' title="bbox 2122 1009 3719 1077; baseline -0.006 -12"><span class='ocrx_word' id='word_1_368' title='bbox 2122 1011 2413 1065; x_wconf 80' lang='lat' dir='ltr'><strong>assertioui</strong></span> <span class='ocrx_word' id='word_1_369' title='bbox 2447 1009 2706 1075; x_wconf 89' lang='lat' dir='ltr'><strong>Basilius,</strong></span> <span class='ocrx_word' id='word_1_370' title='bbox 2743 1025 2865 1065; x_wconf 90' lang='lat' dir='ltr'><strong>cum</strong></span> <span class='ocrx_word' id='word_1_371' title='bbox 2904 1009 3062 1074; x_wconf 89' lang='lat' dir='ltr'><strong>dicit,</strong></span> <span class='ocrx_word' id='word_1_372' title='bbox 3101 1024 3212 1063; x_wconf 91' lang='lat' dir='ltr'><strong>non</strong></span> <span class='ocrx_word' id='word_1_373' title='bbox 3261 1022 3385 1077; x_wconf 66' lang='lat' dir='ltr'><strong>qua:</strong></span> <span class='ocrx_word' id='word_1_374' title='bbox 3435 1019 3719 1075; x_wconf 46' lang='lat' dir='ltr'><strong>germana,</strong></span> 
     </span>
    </p>
   </div>
   <div class='ocr_carea' id='block_1_50' title="bbox 2122 1098 3701 1168">
    <p class='ocr_par' dir='ltr' id='par_1_50' title="bbox 2122 1098 3701 1168">
     <span class='ocr_line' id='line_1_51' title="bbox 2122 1098 3701 1168; baseline -0.007 -11"><span class='ocrx_word' id='word_1_375' title='bbox 2122 1102 2354 1157; x_wconf 88' lang='lat' dir='ltr'><strong>invicem</strong></span> <span class='ocrx_word' id='word_1_376' title='bbox 2377 1104 2507 1168; x_wconf 91' lang='lat' dir='ltr'><strong>sint,</strong></span> <span class='ocrx_word' id='word_1_377' title='bbox 2532 1101 3019 1158; x_wconf 87' lang='lat' dir='ltr'><strong>consubstantialia</strong></span> <span class='ocrx_word' id='word_1_378' title='bbox 3041 1100 3173 1156; x_wconf 89' lang='lat' dir='ltr'><strong>dici.</strong></span> <span class='ocrx_word' id='word_1_379' title='bbox 3203 1100 3293 1154; x_wconf 81' lang='lat' dir='ltr'><strong>Ait</strong></span> <span class='ocrx_word' id='word_1_380' title='bbox 3320 1098 3469 1153; x_wconf 91' lang='lat' dir='ltr'><strong>enim</strong></span> <span class='ocrx_word' id='word_1_381' title='bbox 3494 1098 3701 1166; x_wconf 62' lang='lat' dir='ltr'><strong>cpiam-</strong></span> 
     </span>
    </p>
   </div>
   <div class='ocr_carea' id='block_1_51' title="bbox 2121 1188 3701 1261">
    <p class='ocr_par' dir='ltr' id='par_1_51' title="bbox 2121 1188 3701 1261">
     <span class='ocr_line' id='line_1_52' title="bbox 2121 1188 3701 1261; baseline -0.004 -14"><span class='ocrx_word' id='word_1_382' title='bbox 2121 1195 2168 1250; x_wconf 88' lang='lat' dir='ltr'><strong>la</strong></span> <span class='ocrx_word' id='word_1_383' title='bbox 2197 1199 2263 1251; x_wconf 92' lang='lat' dir='ltr'><strong>ad</strong></span> <span class='ocrx_word' id='word_1_384' title='bbox 2292 1195 2548 1250; x_wconf 86' lang='lat' dir='ltr'><strong>Canonic.</strong></span> <span class='ocrx_word' id='word_1_385' title='bbox 2572 1211 2599 1250; x_wconf 88' lang='lat' dir='ltr'><strong>s</strong></span> <span class='ocrx_word' id='word_1_386' title='bbox 2631 1214 2645 1250; x_wconf 90' lang='lat'><strong>:</strong></span> <span class='ocrx_word' id='word_1_387' title='bbox 2687 1211 2706 1245; x_wconf 76' lang='grc' dir='ltr'><strong>ι</strong></span> <span class='ocrx_word' id='word_1_388' title='bbox 2736 1194 3006 1261; x_wconf 84' lang='lat' dir='ltr'><strong>Quoniam</strong></span> <span class='ocrx_word' id='word_1_389' title='bbox 3040 1193 3206 1261; x_wconf 80' lang='lat' dir='ltr'><strong>igitur</strong></span> <span class='ocrx_word' id='word_1_390' title='bbox 3243 1190 3337 1244; x_wconf 78' lang='lat' dir='ltr'><strong>lux</strong></span> <span class='ocrx_word' id='word_1_391' title='bbox 3370 1204 3402 1244; x_wconf 86' lang='lat' dir='ltr'><strong>a</strong></span> <span class='ocrx_word' id='word_1_392' title='bbox 3429 1188 3701 1258; x_wconf 80' lang='lat' dir='ltr'><strong>principio</strong></span> 
     </span>
    </p>
   </div>
   <div class='ocr_carea' id='block_1_52' title="bbox 2124 1281 3704 1354">
    <p class='ocr_par' dir='ltr' id='par_1_52' title="bbox 2124 1281 3704 1354">
     <span class='ocr_line' id='line_1_53' title="bbox 2124 1281 3704 1354; baseline -0.006 -11"><span class='ocrx_word' id='word_1_393' title='bbox 2124 1287 2288 1343; x_wconf 88' lang='lat' dir='ltr'><strong>Pater</strong></span> <span class='ocrx_word' id='word_1_394' title='bbox 2332 1282 2436 1352; x_wconf 82' lang='lat' dir='ltr'><strong>ést,</strong></span> <span class='ocrx_word' id='word_1_395' title='bbox 2473 1287 2561 1341; x_wconf 81' lang='lat' dir='ltr'><strong>lux</strong></span> <span class='ocrx_word' id='word_1_396' title='bbox 2595 1297 2775 1341; x_wconf 86' lang='lat' dir='ltr'><strong>autem</strong></span> <span class='ocrx_word' id='word_1_397' title='bbox 2830 1286 3008 1354; x_wconf 87' lang='lat' dir='ltr'><strong>genita</strong></span> <span class='ocrx_word' id='word_1_398' title='bbox 3062 1282 3251 1337; x_wconf 85' lang='lat' dir='ltr'><strong>Filius.</strong></span> <span class='ocrx_word' id='word_1_399' title='bbox 3285 1281 3402 1336; x_wconf 82' lang='lat' dir='ltr'><strong>Lux</strong></span> <span class='ocrx_word' id='word_1_400' title='bbox 3448 1294 3598 1341; x_wconf 87' lang='lat' dir='ltr'><strong>vero,</strong></span> <span class='ocrx_word' id='word_1_401' title='bbox 3646 1290 3704 1334; x_wconf 87' lang='lat' dir='ltr'><strong>et</strong></span> 
     </span>
    </p>
   </div>
   <div class='ocr_carea' id='block_1_53' title="bbox 2122 1371 3698 1446">
    <p class='ocr_par' dir='ltr' id='par_1_53' title="bbox 2122 1371 3698 1446">
     <span class='ocr_line' id='line_1_54' title="bbox 2122 1371 3698 1446; baseline -0.008 -12"><span class='ocrx_word' id='word_1_402' title='bbox 2122 1380 2211 1434; x_wconf 78' lang='lat' dir='ltr'><strong>lux</strong></span> <span class='ocrx_word' id='word_1_403' title='bbox 2265 1388 2496 1446; x_wconf 80' lang='lat' dir='ltr'><strong>utraque</strong></span> <span class='ocrx_word' id='word_1_404' title='bbox 2539 1387 2646 1442; x_wconf 83' lang='lat' dir='ltr'><strong>est,</strong></span> <span class='ocrx_word' id='word_1_405' title='bbox 2696 1376 2891 1431; x_wconf 86' lang='lat' dir='ltr'><strong>merito</strong></span> <span class='ocrx_word' id='word_1_406' title='bbox 2958 1376 3103 1430; x_wconf 84' lang='lat' dir='ltr'><strong>hanc</strong></span> <span class='ocrx_word' id='word_1_407' title='bbox 3172 1371 3698 1427; x_wconf 83' lang='lat' dir='ltr'><strong>consubstantialem</strong></span> 
     </span>
    </p>
   </div>
   <div class='ocr_carea' id='block_1_54' title="bbox 2122 1464 3696 1538">
    <p class='ocr_par' dir='ltr' id='par_1_54' title="bbox 2122 1464 3696 1538">
     <span class='ocr_line' id='line_1_55' title="bbox 2122 1464 3696 1538; baseline -0.004 -15"><span class='ocrx_word' id='word_1_408' title='bbox 2122 1472 2377 1536; x_wconf 80' lang='lat' dir='ltr'><strong>dixerint,</strong></span> <span class='ocrx_word' id='word_1_409' title='bbox 2397 1481 2458 1525; x_wconf 91' lang='lat' dir='ltr'><strong>ut</strong></span> <span class='ocrx_word' id='word_1_410' title='bbox 2479 1477 2686 1525; x_wconf 59' lang='lat' dir='ltr'><strong>natura;</strong></span> <span class='ocrx_word' id='word_1_411' title='bbox 2704 1484 2922 1538; x_wconf 58' lang='lat' dir='ltr'><strong>aequum</strong></span> <span class='ocrx_word' id='word_1_412' title='bbox 2944 1467 3204 1522; x_wconf 87' lang='lat' dir='ltr'><strong>honorem</strong></span> <span class='ocrx_word' id='word_1_413' title='bbox 3227 1464 3696 1521; x_wconf 84' lang='lat' dir='ltr'><strong>commendarent.</strong></span> 
     </span>
    </p>
   </div>
   <div class='ocr_carea' id='block_1_55' title="bbox 2127 1551 3700 1632">
    <p class='ocr_par' dir='ltr' id='par_1_55' title="bbox 2127 1551 3700 1632">
     <span class='ocr_line' id='line_1_56' title="bbox 2127 1551 3700 1632; baseline -0.006 -16"><span class='ocrx_word' id='word_1_414' title='bbox 2127 1563 2243 1617; x_wconf 74' lang='lat' dir='ltr'><strong>Non</strong></span> <span class='ocrx_word' id='word_1_415' title='bbox 2277 1563 2422 1616; x_wconf 85' lang='lat' dir='ltr'><strong>enim</strong></span> <span class='ocrx_word' id='word_1_416' title='bbox 2452 1576 2571 1631; x_wconf 72' lang='lat' dir='ltr'><strong>qua:</strong></span> <span class='ocrx_word' id='word_1_417' title='bbox 2602 1576 2855 1632; x_wconf 84' lang='lat' dir='ltr'><strong>germana</strong></span> <span class='ocrx_word' id='word_1_418' title='bbox 2897 1551 3050 1625; x_wconf 75' lang='lat' dir='ltr'><strong>sunt,</strong></span> <span class='ocrx_word' id='word_1_419' title='bbox 3077 1555 3564 1614; x_wconf 84' lang='lat' dir='ltr'><strong>consubstantialia</strong></span> <span class='ocrx_word' id='word_1_420' title='bbox 3613 1554 3700 1607; x_wconf 86' lang='lat' dir='ltr'><strong>di—</strong></span> 
     </span>
    </p>
   </div>
   <div class='ocr_carea' id='block_1_56' title="bbox 2121 1648 3698 1724">
    <p class='ocr_par' dir='ltr' id='par_1_56' title="bbox 2121 1648 3698 1724">
     <span class='ocr_line' id='line_1_57' title="bbox 2121 1648 3698 1724; baseline -0.009 -15"><span class='ocrx_word' id='word_1_421' title='bbox 2121 1666 2344 1716; x_wconf 88' lang='lat' dir='ltr'><strong>cuntur,</strong></span> <span class='ocrx_word' id='word_1_422' title='bbox 2375 1662 2436 1708; x_wconf 89' lang='lat' dir='ltr'><strong>ut</strong></span> <span class='ocrx_word' id='word_1_423' title='bbox 2461 1653 2681 1724; x_wconf 88' lang='lat' dir='ltr'><strong>quidam</strong></span> <span class='ocrx_word' id='word_1_424' title='bbox 2710 1652 2957 1706; x_wconf 86' lang='lat' dir='ltr'><strong>arbitrati</strong></span> <span class='ocrx_word' id='word_1_425' title='bbox 2983 1658 3110 1715; x_wconf 83' lang='lat' dir='ltr'><strong>sunt</strong></span> <span class='ocrx_word' id='word_1_426' title='bbox 3138 1648 3267 1713; x_wconf 88' lang='lat' dir='ltr'><strong>;sed</strong></span> <span class='ocrx_word' id='word_1_427' title='bbox 3300 1660 3424 1701; x_wconf 91' lang='lat' dir='ltr'><strong>cum</strong></span> <span class='ocrx_word' id='word_1_428' title='bbox 3456 1654 3511 1699; x_wconf 87' lang='lat' dir='ltr'><strong>et</strong></span> <span class='ocrx_word' id='word_1_429' title='bbox 3531 1659 3698 1698; x_wconf 84' lang='lat' dir='ltr'><strong>causa</strong></span> 
     </span>
    </p>
   </div>
   <div class='ocr_carea' id='block_1_57' title="bbox 2126 1736 3701 1816">
    <p class='ocr_par' dir='ltr' id='par_1_57' title="bbox 2126 1736 3701 1816">
     <span class='ocr_line' id='line_1_58' title="bbox 2126 1736 3701 1816; baseline -0.006 -18"><span class='ocrx_word' id='word_1_430' title='bbox 2126 1756 2180 1799; x_wconf 79' lang='lat' dir='ltr'><strong>ct</strong></span> <span class='ocrx_word' id='word_1_431' title='bbox 2216 1747 2362 1816; x_wconf 89' lang='lat' dir='ltr'><strong>quod</strong></span> <span class='ocrx_word' id='word_1_432' title='bbox 2388 1760 2454 1801; x_wconf 78' lang='lat' dir='ltr'><strong>ex</strong></span> <span class='ocrx_word' id='word_1_433' title='bbox 2488 1758 2656 1800; x_wconf 90' lang='lat' dir='ltr'><strong>causa</strong></span> <span class='ocrx_word' id='word_1_434' title='bbox 2688 1744 3054 1799; x_wconf 86' lang='lat' dir='ltr'><strong>substantiam</strong></span> <span class='ocrx_word' id='word_1_435' title='bbox 3087 1740 3274 1804; x_wconf 87' lang='lat' dir='ltr'><strong>habet,</strong></span> <span class='ocrx_word' id='word_1_436' title='bbox 3317 1736 3562 1809; x_wconf 88' lang='lat' dir='ltr'><strong>ejusdem</strong></span> <span class='ocrx_word' id='word_1_437' title='bbox 3603 1751 3701 1789; x_wconf 88' lang='lat' dir='ltr'><strong>na-</strong></span> 
     </span>
    </p>
   </div>
   <div class='ocr_carea' id='block_1_58' title="bbox 2131 1835 3274 1906">
    <p class='ocr_par' dir='ltr' id='par_1_58' title="bbox 2131 1835 3274 1906">
     <span class='ocr_line' id='line_1_59' title="bbox 2131 1835 3274 1906; baseline -0.005 -11"><span class='ocrx_word' id='word_1_438' title='bbox 2131 1850 2264 1895; x_wconf 77' lang='lat' dir='ltr'><strong>tura:</strong></span> <span class='ocrx_word' id='word_1_439' title='bbox 2294 1846 2444 1906; x_wconf 90' lang='lat' dir='ltr'><strong>sunt,</strong></span> <span class='ocrx_word' id='word_1_440' title='bbox 2478 1836 2963 1895; x_wconf 84' lang='lat' dir='ltr'><strong>consubstantialia</strong></span> <span class='ocrx_word' id='word_1_441' title='bbox 2994 1835 3274 1890; x_wconf 85' lang='lat' dir='ltr'><strong>dicuntur.</strong></span> 
     </span>
    </p>
   </div>
   <div class='ocr_carea' id='block_1_59' title="bbox 2199 1924 3697 1987">
    <p class='ocr_par' dir='ltr' id='par_1_59' title="bbox 2199 1924 3697 1987">
     <span class='ocr_line' id='line_1_60' title="bbox 2199 1924 3697 1987; baseline -0.008 0"><span class='ocrx_word' id='word_1_442' title='bbox 2199 1932 2346 1987; x_wconf 90' lang='lat' dir='ltr'><strong>Idem</strong></span> <span class='ocrx_word' id='word_1_443' title='bbox 2378 1931 2429 1986; x_wconf 92' lang='lat' dir='ltr'><strong>in</strong></span> <span class='ocrx_word' id='word_1_444' title='bbox 2454 1945 2709 1987; x_wconf 89' lang='lat' dir='ltr'><strong>sermone</strong></span> <span class='ocrx_word' id='word_1_445' title='bbox 2744 1940 2934 1984; x_wconf 89' lang='lat' dir='ltr'><strong>contra</strong></span> <span class='ocrx_word' id='word_1_446' title='bbox 2968 1926 3267 1982; x_wconf 88' lang='lat' dir='ltr'><strong>Sabellium</strong></span> <span class='ocrx_word' id='word_1_447' title='bbox 3310 1932 3365 1979; x_wconf 87' lang='lat' dir='ltr'><strong>et</strong></span> <span class='ocrx_word' id='word_1_448' title='bbox 3399 1924 3697 1978; x_wconf 70' lang='lat' dir='ltr'><strong>Anommos</strong></span> 
     </span>
    </p>
   </div>
   <div class='ocr_carea' id='block_1_60' title="bbox 2129 2016 3694 2078">
    <p class='ocr_par' dir='ltr' id='par_1_60' title="bbox 2129 2016 3694 2078">
     <span class='ocr_line' id='line_1_61' title="bbox 2129 2016 3694 2078; baseline -0.009 -2"><span class='ocrx_word' id='word_1_449' title='bbox 2129 2022 2196 2076; x_wconf 90' lang='lat' dir='ltr'><strong>de</strong></span> <span class='ocrx_word' id='word_1_450' title='bbox 2228 2020 2391 2078; x_wconf 85' lang='lat' dir='ltr'><strong>Patre</strong></span> <span class='ocrx_word' id='word_1_451' title='bbox 2421 2031 2478 2078; x_wconf 88' lang='lat' dir='ltr'><strong>et</strong></span> <span class='ocrx_word' id='word_1_452' title='bbox 2505 2020 2647 2077; x_wconf 83' lang='lat' dir='ltr'><strong>Filio</strong></span> <span class='ocrx_word' id='word_1_453' title='bbox 2676 2022 2955 2077; x_wconf 87' lang='lat' dir='ltr'><strong>disserens</strong></span> <span class='ocrx_word' id='word_1_454' title='bbox 2981 2017 3095 2072; x_wconf 89' lang='lat' dir='ltr'><strong>ait:</strong></span> <span class='ocrx_word' id='word_1_455' title='bbox 3129 2016 3294 2073; x_wconf 72' lang='lat' dir='ltr'><strong>tCum</strong></span> <span class='ocrx_word' id='word_1_456' title='bbox 3318 2024 3497 2070; x_wconf 89' lang='lat' dir='ltr'><strong>autem</strong></span> <span class='ocrx_word' id='word_1_457' title='bbox 3531 2029 3694 2067; x_wconf 87' lang='lat' dir='ltr'><strong>unam</strong></span> 
     </span>
    </p>
   </div>
   <div class='ocr_carea' id='block_1_61' title="bbox 2129 2105 3697 2178">
    <p class='ocr_par' dir='ltr' id='par_1_61' title="bbox 2129 2105 3697 2178">
     <span class='ocr_line' id='line_1_62' title="bbox 2129 2105 3697 2178; baseline -0.008 -8"><span class='ocrx_word' id='word_1_458' title='bbox 2129 2108 2422 2171; x_wconf 87' lang='lat' dir='ltr'><strong>essentiam</strong></span> <span class='ocrx_word' id='word_1_459' title='bbox 2449 2113 2596 2178; x_wconf 89' lang='lat' dir='ltr'><strong>dico,</strong></span> <span class='ocrx_word' id='word_1_460' title='bbox 2626 2113 2736 2168; x_wconf 87' lang='lat' dir='ltr'><strong>noli</strong></span> <span class='ocrx_word' id='word_1_461' title='bbox 2771 2114 2882 2167; x_wconf 91' lang='lat' dir='ltr'><strong>duo</strong></span> <span class='ocrx_word' id='word_1_462' title='bbox 2916 2127 2977 2165; x_wconf 77' lang='lat' dir='ltr'><strong>ex</strong></span> <span class='ocrx_word' id='word_1_463' title='bbox 3023 2123 3133 2164; x_wconf 92' lang='lat' dir='ltr'><strong>uno</strong></span> <span class='ocrx_word' id='word_1_464' title='bbox 3167 2108 3339 2162; x_wconf 83' lang='lat' dir='ltr'><strong>divisa</strong></span> <span class='ocrx_word' id='word_1_465' title='bbox 3363 2105 3697 2176; x_wconf 80' lang='lat' dir='ltr'><strong>intelligere,</strong></span> 
     </span>
    </p>
   </div>
   <div class='ocr_carea' id='block_1_62' title="bbox 2129 2194 3700 2274">
    <p class='ocr_par' dir='ltr' id='par_1_62' title="bbox 2129 2194 3700 2274">
     <span class='ocr_line' id='line_1_63' title="bbox 2129 2194 3700 2274; baseline -0.008 -15"><span class='ocrx_word' id='word_1_466' title='bbox 2129 2207 2219 2259; x_wconf 88' lang='lat' dir='ltr'><strong>sed</strong></span> <span class='ocrx_word' id='word_1_467' title='bbox 2249 2221 2313 2259; x_wconf 80' lang='lat' dir='ltr'><strong>ex</strong></span> <span class='ocrx_word' id='word_1_468' title='bbox 2356 2201 2515 2259; x_wconf 88' lang='lat' dir='ltr'><strong>Patre</strong></span> <span class='ocrx_word' id='word_1_469' title='bbox 2544 2203 2813 2274; x_wconf 88' lang='lat' dir='ltr'><strong>principio</strong></span> <span class='ocrx_word' id='word_1_470' title='bbox 2846 2201 3042 2256; x_wconf 87' lang='lat' dir='ltr'><strong>Filium</strong></span> <span class='ocrx_word' id='word_1_471' title='bbox 3080 2202 3406 2260; x_wconf 87' lang='lat' dir='ltr'><strong>subsistere.</strong></span> <span class='ocrx_word' id='word_1_472' title='bbox 3459 2213 3565 2251; x_wconf 89' lang='lat' dir='ltr'><strong>nun</strong></span> <span class='ocrx_word' id='word_1_473' title='bbox 3598 2194 3700 2248; x_wconf 90' lang='lat' dir='ltr'><strong>Pa-</strong></span> 
     </span>
    </p>
   </div>
   <div class='ocr_carea' id='block_1_63' title="bbox 2129 2285 3695 2362">
    <p class='ocr_par' dir='ltr' id='par_1_63' title="bbox 2129 2285 3695 2362">
     <span class='ocr_line' id='line_1_64' title="bbox 2129 2285 3695 2362; baseline -0.006 -14"><span class='ocrx_word' id='word_1_474' title='bbox 2129 2306 2263 2349; x_wconf 88' lang='lat' dir='ltr'><strong>trem</strong></span> <span class='ocrx_word' id='word_1_475' title='bbox 2299 2306 2353 2349; x_wconf 88' lang='lat' dir='ltr'><strong>et</strong></span> <span class='ocrx_word' id='word_1_476' title='bbox 2404 2293 2600 2349; x_wconf 87' lang='lat' dir='ltr'><strong>Filium</strong></span> <span class='ocrx_word' id='word_1_477' title='bbox 2641 2309 2707 2349; x_wconf 80' lang='lat' dir='ltr'><strong>ex</strong></span> <span class='ocrx_word' id='word_1_478' title='bbox 2772 2293 2954 2362; x_wconf 91' lang='lat' dir='ltr'><strong>aliqua</strong></span> <span class='ocrx_word' id='word_1_479' title='bbox 2986 2290 3253 2360; x_wconf 87' lang='lat' dir='ltr'><strong>superiori</strong></span> <span class='ocrx_word' id='word_1_480' title='bbox 3293 2290 3550 2344; x_wconf 83' lang='lat' dir='ltr'><strong>essentia.</strong></span> <span class='ocrx_word' id='word_1_481' title='bbox 3572 2285 3695 2339; x_wconf 79' lang='lat' dir='ltr'><strong>Non</strong></span> 
     </span>
    </p>
   </div>
   <div class='ocr_carea' id='block_1_64' title="bbox 2131 2380 3700 2457">
    <p class='ocr_par' dir='ltr' id='par_1_64' title="bbox 2131 2380 3700 2457">
     <span class='ocr_line' id='line_1_65' title="bbox 2131 2380 3700 2457; baseline -0.007 -18"><span class='ocrx_word' id='word_1_482' title='bbox 2131 2387 2277 2441; x_wconf 78' lang='lat' dir='ltr'><strong>tnim</strong></span> <span class='ocrx_word' id='word_1_483' title='bbox 2334 2401 2590 2457; x_wconf 84' lang='lat' dir='ltr'><strong>germana</strong></span> <span class='ocrx_word' id='word_1_484' title='bbox 2628 2385 2911 2448; x_wconf 86' lang='lat' dir='ltr'><strong>dicimus;</strong></span> <span class='ocrx_word' id='word_1_485' title='bbox 2958 2381 3052 2437; x_wconf 90' lang='lat' dir='ltr'><strong>sed</strong></span> <span class='ocrx_word' id='word_1_486' title='bbox 3106 2380 3319 2435; x_wconf 85' lang='lat' dir='ltr'><strong>Patrem</strong></span> <span class='ocrx_word' id='word_1_487' title='bbox 3375 2381 3700 2434; x_wconf 78' lang='lat' dir='ltr'><strong>conlltcniur</strong></span> 
     </span>
    </p>
   </div>
   <div class='ocr_carea' id='block_1_65' title="bbox 2128 2471 3699 2543">
    <p class='ocr_par' dir='ltr' id='par_1_65' title="bbox 2128 2471 3699 2543">
     <span class='ocr_line' id='line_1_66' title="bbox 2128 2471 3699 2543; baseline -0.004 -14"><span class='ocrx_word' id='word_1_488' title='bbox 2128 2491 2177 2531; x_wconf 75' lang='lat' dir='ltr'><strong>et</strong></span> <span class='ocrx_word' id='word_1_489' title='bbox 2205 2478 2400 2532; x_wconf 87' lang='lat' dir='ltr'><strong>Filium</strong></span> <span class='ocrx_word' id='word_1_490' title='bbox 2434 2493 2451 2543; x_wconf 84' lang='lat'><strong>;</strong></span> <span class='ocrx_word' id='word_1_491' title='bbox 2483 2478 2739 2533; x_wconf 67' lang='lat' dir='ltr'><strong>essentne</strong></span> <span class='ocrx_word' id='word_1_492' title='bbox 2766 2489 2894 2531; x_wconf 86' lang='lat' dir='ltr'><strong>vero</strong></span> <span class='ocrx_word' id='word_1_493' title='bbox 2923 2473 3284 2538; x_wconf 82' lang='lat' dir='ltr'><strong>identitatem,</strong></span> <span class='ocrx_word' id='word_1_494' title='bbox 3337 2471 3597 2541; x_wconf 82' lang='lat' dir='ltr'><strong>quoniam</strong></span> <span class='ocrx_word' id='word_1_495' title='bbox 3630 2484 3699 2523; x_wconf 79' lang='lat' dir='ltr'><strong>ex</strong></span> 
     </span>
    </p>
   </div>
   <div class='ocr_carea' id='block_1_66' title="bbox 2132 2568 2782 2625">
    <p class='ocr_par' dir='ltr' id='par_1_66' title="bbox 2132 2568 2782 2625">
     <span class='ocr_line' id='line_1_67' title="bbox 2132 2568 2782 2625; baseline 0 -3"><span class='ocrx_word' id='word_1_496' title='bbox 2132 2569 2285 2625; x_wconf 73' lang='lat' dir='ltr'><strong>Patre</strong></span> <span class='ocrx_word' id='word_1_497' title='bbox 2324 2568 2492 2624; x_wconf 82' lang='lat' dir='ltr'><strong>Filius</strong></span> <span class='ocrx_word' id='word_1_498' title='bbox 2531 2583 2632 2623; x_wconf 90' lang='lat' dir='ltr'><strong>est.</strong></span> <span class='ocrx_word' id='word_1_499' title='bbox 2676 2587 2697 2622; x_wconf 69' lang='grc' dir='ltr'><strong>ι</strong></span> <span class='ocrx_word' id='word_1_500' title='bbox 2774 2604 2782 2611; x_wconf 72' lang='lat'><strong><em>~</em></strong></span> 
     </span>
    </p>
   </div>
   <div class='ocr_carea' id='block_1_67' title="bbox 2202 2654 3695 2733">
    <p class='ocr_par' dir='ltr' id='par_1_67' title="bbox 2202 2654 3695 2733">
     <span class='ocr_line' id='line_1_68' title="bbox 2202 2654 3695 2733; baseline -0.006 -18"><span class='ocrx_word' id='word_1_501' title='bbox 2202 2661 2314 2717; x_wconf 85' lang='lat' dir='ltr'><strong>Hoc</strong></span> <span class='ocrx_word' id='word_1_502' title='bbox 2340 2663 2502 2733; x_wconf 86' lang='lat' dir='ltr'><strong>igitur</strong></span> <span class='ocrx_word' id='word_1_503' title='bbox 2533 2663 2587 2716; x_wconf 92' lang='lat' dir='ltr'><strong>in</strong></span> <span class='ocrx_word' id='word_1_504' title='bbox 2623 2663 2743 2716; x_wconf 90' lang='lat' dir='ltr'><strong>loco</strong></span> <span class='ocrx_word' id='word_1_505' title='bbox 2793 2660 3067 2715; x_wconf 61' lang='lat' dir='ltr'><strong>haereticis</strong></span> <span class='ocrx_word' id='word_1_506' title='bbox 3119 2654 3453 2727; x_wconf 87' lang='lat' dir='ltr'><strong>quihusdam</strong></span> <span class='ocrx_word' id='word_1_507' title='bbox 3503 2664 3695 2708; x_wconf 80' lang='lat' dir='ltr'><strong>contra</strong></span> 
     </span>
    </p>
   </div>
   <div class='ocr_carea' id='block_1_68' title="bbox 2131 2746 3705 2810">
    <p class='ocr_par' dir='ltr' id='par_1_68' title="bbox 2131 2746 3705 2810">
     <span class='ocr_line' id='line_1_69' title="bbox 2131 2746 3705 2810; baseline -0.006 -2"><span class='ocrx_word' id='word_1_508' title='bbox 2131 2753 2597 2809; x_wconf 85' lang='lat' dir='ltr'><strong>consubstantiale</strong></span> <span class='ocrx_word' id='word_1_509' title='bbox 2626 2752 2800 2807; x_wconf 89' lang='lat' dir='ltr'><strong>Patris</strong></span> <span class='ocrx_word' id='word_1_510' title='bbox 2846 2762 2896 2807; x_wconf 88' lang='lat' dir='ltr'><strong>et</strong></span> <span class='ocrx_word' id='word_1_511' title='bbox 2925 2747 3047 2804; x_wconf 87' lang='lat' dir='ltr'><strong>Filii</strong></span> <span class='ocrx_word' id='word_1_512' title='bbox 3072 2749 3394 2810; x_wconf 86' lang='lat' dir='ltr'><strong>nitentibus,</strong></span> <span class='ocrx_word' id='word_1_513' title='bbox 3418 2755 3471 2802; x_wconf 89' lang='lat' dir='ltr'><strong>et</strong></span> <span class='ocrx_word' id='word_1_514' title='bbox 3491 2746 3705 2802; x_wconf 50' lang='lat' dir='ltr'><strong>caluma</strong></span> 
     </span>
    </p>
   </div>
   <div class='ocr_carea' id='block_1_69' title="bbox 2132 2830 3697 2912">
    <p class='ocr_par' dir='ltr' id='par_1_69' title="bbox 2132 2830 3697 2912">
     <span class='ocr_line' id='line_1_70' title="bbox 2132 2830 3697 2912; baseline -0.006 -12"><span class='ocrx_word' id='word_1_515' title='bbox 2132 2830 2280 2900; x_wconf 90' lang='lat' dir='ltr'><strong>niam</strong></span> <span class='ocrx_word' id='word_1_516' title='bbox 2316 2847 2441 2900; x_wconf 86' lang='lat' dir='ltr'><strong>inde</strong></span> <span class='ocrx_word' id='word_1_517' title='bbox 2465 2846 2806 2900; x_wconf 87' lang='lat' dir='ltr'><strong>struentibus</strong></span> <span class='ocrx_word' id='word_1_518' title='bbox 2840 2862 2857 2912; x_wconf 88' lang='lat'><strong>;</strong></span> <span class='ocrx_word' id='word_1_519' title='bbox 2890 2854 2953 2899; x_wconf 91' lang='lat' dir='ltr'><strong>ut</strong></span> <span class='ocrx_word' id='word_1_520' title='bbox 2980 2844 3024 2898; x_wconf 90' lang='lat' dir='ltr'><strong>si</strong></span> <span class='ocrx_word' id='word_1_521' title='bbox 3062 2842 3280 2912; x_wconf 87' lang='lat' dir='ltr'><strong>quidem</strong></span> <span class='ocrx_word' id='word_1_522' title='bbox 3330 2840 3697 2896; x_wconf 81' lang='lat' dir='ltr'><strong>consubstan-</strong></span> 
     </span>
    </p>
   </div>
   <div class='ocr_carea' id='block_1_70' title="bbox 2137 2931 3697 3008">
    <p class='ocr_par' dir='ltr' id='par_1_70' title="bbox 2137 2931 3697 3008">
     <span class='ocr_line' id='line_1_71' title="bbox 2137 2931 3697 3008; baseline -0.005 -17"><span class='ocrx_word' id='word_1_523' title='bbox 2137 2939 2281 2992; x_wconf 90' lang='lat' dir='ltr'><strong>tialis</strong></span> <span class='ocrx_word' id='word_1_524' title='bbox 2313 2941 2386 2993; x_wconf 92' lang='lat' dir='ltr'><strong>slt</strong></span> <span class='ocrx_word' id='word_1_525' title='bbox 2415 2936 2576 2991; x_wconf 86' lang='lat' dir='ltr'><strong>Pater</strong></span> <span class='ocrx_word' id='word_1_526' title='bbox 2606 2936 2765 3000; x_wconf 89' lang='lat' dir='ltr'><strong>Filio,</strong></span> <span class='ocrx_word' id='word_1_527' title='bbox 2807 2936 3157 3008; x_wconf 86' lang='lat' dir='ltr'><strong>ejusdemque</strong></span> <span class='ocrx_word' id='word_1_528' title='bbox 3201 2934 3476 3000; x_wconf 85' lang='lat' dir='ltr'><strong>essentiae,</strong></span> <span class='ocrx_word' id='word_1_529' title='bbox 3512 2931 3697 2994; x_wconf 86' lang='lat' dir='ltr'><strong>ambo,</strong></span> 
     </span>
    </p>
   </div>
   <div class='ocr_carea' id='block_1_71' title="bbox 2712 3024 3697 3083">
    <p class='ocr_par' dir='ltr' id='par_1_71' title="bbox 2712 3024 3697 3083">
     <span class='ocr_line' id='line_1_72' title="bbox 2712 3024 3697 3083; baseline -0.007 0"><span class='ocrx_word' id='word_1_530' title='bbox 2712 3029 2821 3083; x_wconf 92' lang='lat' dir='ltr'><strong>duo</strong></span> <span class='ocrx_word' id='word_1_531' title='bbox 2862 3029 3195 3082; x_wconf 90' lang='lat' dir='ltr'><strong>inducantur</strong></span> <span class='ocrx_word' id='word_1_532' title='bbox 3239 3024 3438 3079; x_wconf 81' lang='lat' dir='ltr'><strong>fratres</strong></span> <span class='ocrx_word' id='word_1_533' title='bbox 3494 3039 3560 3077; x_wconf 77' lang='lat' dir='ltr'><strong>ex</strong></span> <span class='ocrx_word' id='word_1_534' title='bbox 3587 3037 3697 3076; x_wconf 83' lang='lat' dir='ltr'><strong>una</strong></span> 
     </span>
    </p>
   </div>
   <div class='ocr_carea' id='block_1_72' title="bbox 2131 3116 3704 3190">
    <p class='ocr_par' dir='ltr' id='par_1_72' title="bbox 2131 3116 3704 3190">
     <span class='ocr_line' id='line_1_73' title="bbox 2131 3116 3704 3190; baseline -0.006 -16"><span class='ocrx_word' id='word_1_535' title='bbox 2131 3122 2367 3175; x_wconf 83' lang='lat' dir='ltr'><strong>essentia</strong></span> <span class='ocrx_word' id='word_1_536' title='bbox 2397 3139 2410 3175; x_wconf 95' lang='lat'>:</span> <span class='ocrx_word' id='word_1_537' title='bbox 2445 3129 2609 3190; x_wconf 86' lang='lat' dir='ltr'><strong>atque</strong></span> <span class='ocrx_word' id='word_1_538' title='bbox 2640 3122 2703 3175; x_wconf 90' lang='lat' dir='ltr'><strong>ad</strong></span> <span class='ocrx_word' id='word_1_539' title='bbox 2733 3122 2830 3175; x_wconf 85' lang='lat' dir='ltr'><strong>has</strong></span> <span class='ocrx_word' id='word_1_540' title='bbox 2859 3120 3228 3174; x_wconf 88' lang='lat' dir='ltr'><strong>absurditates</strong></span> <span class='ocrx_word' id='word_1_541' title='bbox 3261 3116 3554 3178; x_wconf 85' lang='lat' dir='ltr'><strong>devolutis,</strong></span> <span class='ocrx_word' id='word_1_542' title='bbox 3588 3128 3704 3166; x_wconf 88' lang='lat' dir='ltr'><strong>ma-</strong></span> 
     </span>
    </p>
   </div>
   <div class='ocr_carea' id='block_1_73' title="bbox 2130 3209 3704 3285">
    <p class='ocr_par' dir='ltr' id='par_1_73' title="bbox 2130 3209 3704 3285">
     <span class='ocr_line' id='line_1_74' title="bbox 2130 3209 3704 3285; baseline -0.006 -17"><span class='ocrx_word' id='word_1_543' title='bbox 2130 3231 2266 3285; x_wconf 79' lang='lat' dir='ltr'><strong>gnus</strong></span> <span class='ocrx_word' id='word_1_544' title='bbox 2298 3212 2531 3267; x_wconf 58' lang='lat' dir='ltr'><strong>Basilius</strong></span> <span class='ocrx_word' id='word_1_545' title='bbox 2578 3212 2829 3267; x_wconf 89' lang='lat' dir='ltr'><strong>concedit</strong></span> <span class='ocrx_word' id='word_1_546' title='bbox 2859 3210 3079 3279; x_wconf 91' lang='lat' dir='ltr'><strong>quidem</strong></span> <span class='ocrx_word' id='word_1_547' title='bbox 3130 3209 3372 3272; x_wconf 82' lang='lat' dir='ltr'><strong>interim,</strong></span> <span class='ocrx_word' id='word_1_548' title='bbox 3415 3222 3535 3277; x_wconf 69' lang='lat' dir='ltr'><strong>qua:</strong></span> <span class='ocrx_word' id='word_1_549' title='bbox 3577 3220 3704 3275; x_wconf 80' lang='lat' dir='ltr'><strong>ger-</strong></span> 
     </span>
    </p>
   </div>
   <div class='ocr_carea' id='block_1_74' title="bbox 2133 3300 3700 3371">
    <p class='ocr_par' dir='ltr' id='par_1_74' title="bbox 2133 3300 3700 3371">
     <span class='ocr_line' id='line_1_75' title="bbox 2133 3300 3700 3371; baseline -0.006 -12"><span class='ocrx_word' id='word_1_550' title='bbox 2133 3322 2291 3361; x_wconf 90' lang='lat' dir='ltr'><strong>mana</strong></span> <span class='ocrx_word' id='word_1_551' title='bbox 2326 3307 2456 3371; x_wconf 90' lang='lat' dir='ltr'><strong>sint,</strong></span> <span class='ocrx_word' id='word_1_552' title='bbox 2493 3305 2725 3363; x_wconf 87' lang='lat' dir='ltr'><strong>invicem</strong></span> <span class='ocrx_word' id='word_1_553' title='bbox 2754 3302 3238 3360; x_wconf 86' lang='lat' dir='ltr'><strong>consubstantialia</strong></span> <span class='ocrx_word' id='word_1_554' title='bbox 3269 3300 3377 3355; x_wconf 89' lang='lat' dir='ltr'><strong>dici</strong></span> <span class='ocrx_word' id='word_1_555' title='bbox 3414 3315 3426 3352; x_wconf 90' lang='lat'><strong>:</strong></span> <span class='ocrx_word' id='word_1_556' title='bbox 3461 3300 3554 3354; x_wconf 89' lang='lat' dir='ltr'><strong>sed</strong></span> <span class='ocrx_word' id='word_1_557' title='bbox 3584 3306 3700 3353; x_wconf 91' lang='lat' dir='ltr'><strong>tum</strong></span> 
     </span>
    </p>
   </div>
   <div class='ocr_carea' id='block_1_75' title="bbox 2134 3391 3701 3475">
    <p class='ocr_par' dir='ltr' id='par_1_75' title="bbox 2134 3391 3701 3475">
     <span class='ocr_line' id='line_1_76' title="bbox 2134 3391 3701 3475; baseline -0.004 -24"><span class='ocrx_word' id='word_1_558' title='bbox 2134 3398 2398 3467; x_wconf 77' lang='lat' dir='ltr'><strong>profecto,</strong></span> <span class='ocrx_word' id='word_1_559' title='bbox 2429 3412 2551 3475; x_wconf 83' lang='lat' dir='ltr'><strong>cum</strong></span> <span class='ocrx_word' id='word_1_560' title='bbox 2585 3405 2639 3450; x_wconf 89' lang='lat' dir='ltr'><strong>et</strong></span> <span class='ocrx_word' id='word_1_561' title='bbox 2662 3410 2847 3461; x_wconf 87' lang='lat' dir='ltr'><strong>causa,</strong></span> <span class='ocrx_word' id='word_1_562' title='bbox 2879 3402 2933 3449; x_wconf 90' lang='lat' dir='ltr'><strong>et</strong></span> <span class='ocrx_word' id='word_1_563' title='bbox 2957 3396 3102 3463; x_wconf 84' lang='lat' dir='ltr'><strong>quod</strong></span> <span class='ocrx_word' id='word_1_564' title='bbox 3133 3408 3198 3446; x_wconf 77' lang='lat' dir='ltr'><strong>ex</strong></span> <span class='ocrx_word' id='word_1_565' title='bbox 3242 3407 3407 3447; x_wconf 89' lang='lat' dir='ltr'><strong>causa</strong></span> <span class='ocrx_word' id='word_1_566' title='bbox 3438 3391 3701 3446; x_wconf 83' lang='lat' dir='ltr'><strong>substan-</strong></span> 
     </span>
    </p>
   </div>
   <div class='ocr_carea' id='block_1_76' title="bbox 2134 3485 3701 3560">
    <p class='ocr_par' dir='ltr' id='par_1_76' title="bbox 2134 3485 3701 3560">
     <span class='ocr_line' id='line_1_77' title="bbox 2134 3485 3701 3560; baseline -0.006 -14"><span class='ocrx_word' id='word_1_567' title='bbox 2134 3490 2263 3546; x_wconf 89' lang='lat' dir='ltr'><strong>tiam</strong></span> <span class='ocrx_word' id='word_1_568' title='bbox 2294 3490 2484 3556; x_wconf 88' lang='lat' dir='ltr'><strong>habet,</strong></span> <span class='ocrx_word' id='word_1_569' title='bbox 2512 3490 2760 3560; x_wconf 87' lang='lat' dir='ltr'><strong>ejusdem</strong></span> <span class='ocrx_word' id='word_1_570' title='bbox 2816 3498 3025 3544; x_wconf 65' lang='lat' dir='ltr'><strong>natura:</strong></span> <span class='ocrx_word' id='word_1_571' title='bbox 3083 3487 3311 3542; x_wconf 83' lang='lat' dir='ltr'><strong>fuerint.</strong></span> <span class='ocrx_word' id='word_1_572' title='bbox 3368 3486 3436 3540; x_wconf 81' lang='lat' dir='ltr'><strong>Et</strong></span> <span class='ocrx_word' id='word_1_573' title='bbox 3485 3485 3637 3540; x_wconf 90' lang='lat' dir='ltr'><strong>addit</strong></span> <span class='ocrx_word' id='word_1_574' title='bbox 3685 3500 3701 3537; x_wconf 88' lang='lat'><strong>:</strong></span> 
     </span>
    </p>
   </div>
   <div class='ocr_carea' id='block_1_77' title="bbox 2139 3578 3706 3651">
    <p class='ocr_par' dir='ltr' id='par_1_77' title="bbox 2139 3578 3706 3651">
     <span class='ocr_line' id='line_1_78' title="bbox 2139 3578 3706 3651; baseline -0.001 -18"><span class='ocrx_word' id='word_1_575' title='bbox 2139 3604 2153 3633; x_wconf 86' lang='grc' dir='ltr'><strong>ι</strong></span> <span class='ocrx_word' id='word_1_576' title='bbox 2181 3579 2297 3635; x_wconf 88' lang='lat' dir='ltr'><strong>Non</strong></span> <span class='ocrx_word' id='word_1_577' title='bbox 2312 3580 2457 3636; x_wconf 90' lang='lat' dir='ltr'><strong>enim</strong></span> <span class='ocrx_word' id='word_1_578' title='bbox 2472 3594 2730 3651; x_wconf 83' lang='lat' dir='ltr'><strong>germana</strong></span> <span class='ocrx_word' id='word_1_579' title='bbox 2745 3580 2999 3644; x_wconf 90' lang='lat' dir='ltr'><strong>dicimus,</strong></span> <span class='ocrx_word' id='word_1_580' title='bbox 3024 3578 3119 3634; x_wconf 89' lang='lat' dir='ltr'><strong>sed</strong></span> <span class='ocrx_word' id='word_1_581' title='bbox 3142 3578 3352 3633; x_wconf 88' lang='lat' dir='ltr'><strong>Patrem</strong></span> <span class='ocrx_word' id='word_1_582' title='bbox 3377 3578 3706 3633; x_wconf 76' lang='lat' dir='ltr'><strong>confitemur</strong></span> 
     </span>
    </p>
   </div>
   <div class='ocr_carea' id='block_1_78' title="bbox 2130 3666 3705 3741">
    <p class='ocr_par' dir='ltr' id='par_1_78' title="bbox 2130 3666 3705 3741">
     <span class='ocr_line' id='line_1_79' title="bbox 2130 3666 3705 3741; baseline -0.003 -15"><span class='ocrx_word' id='word_1_583' title='bbox 2130 3683 2184 3726; x_wconf 91' lang='lat' dir='ltr'><strong>et</strong></span> <span class='ocrx_word' id='word_1_584' title='bbox 2209 3669 2428 3736; x_wconf 85' lang='lat' dir='ltr'><strong>Filium,</strong></span> <span class='ocrx_word' id='word_1_585' title='bbox 2450 3671 2708 3741; x_wconf 85' lang='lat' dir='ltr'><strong>quoniam</strong></span> <span class='ocrx_word' id='word_1_586' title='bbox 2736 3669 3039 3739; x_wconf 81' lang='lat' dir='ltr'><strong>ingenitum</strong></span> <span class='ocrx_word' id='word_1_587' title='bbox 3071 3668 3293 3739; x_wconf 89' lang='lat' dir='ltr'><strong>quidem</strong></span> <span class='ocrx_word' id='word_1_588' title='bbox 3329 3667 3511 3723; x_wconf 89' lang='lat' dir='ltr'><strong>lumen</strong></span> <span class='ocrx_word' id='word_1_589' title='bbox 3544 3666 3705 3722; x_wconf 86' lang='lat' dir='ltr'><strong>Pater</strong></span> 
     </span>
    </p>
   </div>
   <div class='ocr_carea' id='block_1_79' title="bbox 2130 3755 3698 3829">
    <p class='ocr_par' dir='ltr' id='par_1_79' title="bbox 2130 3755 3698 3829">
     <span class='ocr_line' id='line_1_80' title="bbox 2130 3755 3698 3829; baseline -0.003 -13"><span class='ocrx_word' id='word_1_590' title='bbox 2130 3769 2236 3823; x_wconf 86' lang='lat' dir='ltr'><strong>est,</strong></span> <span class='ocrx_word' id='word_1_591' title='bbox 2275 3759 2516 3829; x_wconf 88' lang='lat' dir='ltr'><strong>genitum</strong></span> <span class='ocrx_word' id='word_1_592' title='bbox 2551 3773 2682 3813; x_wconf 89' lang='lat' dir='ltr'><strong>vero</strong></span> <span class='ocrx_word' id='word_1_593' title='bbox 2714 3758 2895 3813; x_wconf 91' lang='lat' dir='ltr'><strong>lumen</strong></span> <span class='ocrx_word' id='word_1_594' title='bbox 2924 3757 3115 3813; x_wconf 83' lang='lat' dir='ltr'><strong>Filius.</strong></span> <span class='ocrx_word' id='word_1_595' title='bbox 3146 3776 3165 3810; x_wconf 75' lang='grc' dir='ltr'><strong>ι</strong></span> <span class='ocrx_word' id='word_1_596' title='bbox 3208 3755 3377 3823; x_wconf 84' lang='lat' dir='ltr'><strong>Quasi</strong></span> <span class='ocrx_word' id='word_1_597' title='bbox 3421 3766 3475 3811; x_wconf 90' lang='lat' dir='ltr'><strong>et</strong></span> <span class='ocrx_word' id='word_1_598' title='bbox 3505 3758 3557 3810; x_wconf 93' lang='lat' dir='ltr'><strong>in</strong></span> <span class='ocrx_word' id='word_1_599' title='bbox 3591 3757 3698 3823; x_wconf 88' lang='lat' dir='ltr'><strong>his,</strong></span> 
     </span>
    </p>
   </div>
   <div class='ocr_carea' id='block_1_80' title="bbox 2135 3841 3701 3920">
    <p class='ocr_par' dir='ltr' id='par_1_80' title="bbox 2135 3841 3701 3920">
     <span class='ocr_line' id='line_1_81' title="bbox 2135 3841 3701 3920; baseline -0.003 -14"><span class='ocrx_word' id='word_1_600' title='bbox 2135 3865 2257 3920; x_wconf 64' lang='lat' dir='ltr'><strong>quae</strong></span> <span class='ocrx_word' id='word_1_601' title='bbox 2288 3841 2612 3918; x_wconf 82' lang='lat' dir='ltr'><strong>simpliciter</strong></span> <span class='ocrx_word' id='word_1_602' title='bbox 2661 3848 3151 3904; x_wconf 88' lang='lat' dir='ltr'><strong>consubstantialia</strong></span> <span class='ocrx_word' id='word_1_603' title='bbox 3206 3849 3487 3914; x_wconf 87' lang='lat' dir='ltr'><strong>cuutsint,</strong></span> <span class='ocrx_word' id='word_1_604' title='bbox 3540 3857 3595 3903; x_wconf 89' lang='lat' dir='ltr'><strong>et</strong></span> <span class='ocrx_word' id='word_1_605' title='bbox 3630 3862 3701 3902; x_wconf 79' lang='lat' dir='ltr'><strong>ex</strong></span> 
     </span>
    </p>
   </div>
   <div class='ocr_carea' id='block_1_81' title="bbox 2130 3938 3700 4009">
    <p class='ocr_par' dir='ltr' id='par_1_81' title="bbox 2130 3938 3700 4009">
     <span class='ocr_line' id='line_1_82' title="bbox 2130 3938 3700 4009; baseline -0.003 -13"><span class='ocrx_word' id='word_1_606' title='bbox 2130 3958 2239 3996; x_wconf 90' lang='lat' dir='ltr'><strong>uno</strong></span> <span class='ocrx_word' id='word_1_607' title='bbox 2268 3941 2627 3996; x_wconf 89' lang='lat' dir='ltr'><strong>substantiam</strong></span> <span class='ocrx_word' id='word_1_608' title='bbox 2660 3939 2917 4003; x_wconf 87' lang='lat' dir='ltr'><strong>habeant,</strong></span> <span class='ocrx_word' id='word_1_609' title='bbox 2944 3939 3015 3994; x_wconf 89' lang='lat' dir='ltr'><strong>sit</strong></span> <span class='ocrx_word' id='word_1_610' title='bbox 3063 3940 3284 4009; x_wconf 89' lang='lat' dir='ltr'><strong>quidem</strong></span> <span class='ocrx_word' id='word_1_611' title='bbox 3341 3938 3650 4009; x_wconf 80' lang='lat' dir='ltr'><strong>proprietas</strong></span> <span class='ocrx_word' id='word_1_612' title='bbox 3683 3954 3700 3991; x_wconf 91' lang='lat'><strong>:</strong></span> 
     </span>
    </p>
   </div>
   <div class='ocr_carea' id='block_1_82' title="bbox 2130 4028 3705 4087">
    <p class='ocr_par' dir='ltr' id='par_1_82' title="bbox 2130 4028 3705 4087">
     <span class='ocr_line' id='line_1_83' title="bbox 2130 4028 3705 4087; baseline -0.003 0"><span class='ocrx_word' id='word_1_613' title='bbox 2130 4033 2289 4087; x_wconf 89' lang='lat' dir='ltr'><strong>sicuti</strong></span> <span class='ocrx_word' id='word_1_614' title='bbox 2321 4038 2375 4086; x_wconf 92' lang='lat' dir='ltr'><strong>et</strong></span> <span class='ocrx_word' id='word_1_615' title='bbox 2406 4030 2699 4086; x_wconf 82' lang='lat' dir='ltr'><strong>multitudo</strong></span> <span class='ocrx_word' id='word_1_616' title='bbox 2749 4028 3035 4085; x_wconf 89' lang='lat' dir='ltr'><strong>hominum</strong></span> <span class='ocrx_word' id='word_1_617' title='bbox 3071 4031 3175 4086; x_wconf 92' lang='lat' dir='ltr'><strong>sibi</strong></span> <span class='ocrx_word' id='word_1_618' title='bbox 3204 4031 3434 4086; x_wconf 90' lang='lat' dir='ltr'><strong>invicem</strong></span> <span class='ocrx_word' id='word_1_619' title='bbox 3464 4030 3705 4085; x_wconf 84' lang='lat' dir='ltr'><strong>consub-</strong></span> 
     </span>
    </p>
   </div>
   <div class='ocr_carea' id='block_1_83' title="bbox 2130 4122 3765 4196">
    <p class='ocr_par' dir='ltr' id='par_1_83' title="bbox 2130 4122 3765 4196">
     <span class='ocr_line' id='line_1_84' title="bbox 2130 4122 3765 4196; baseline -0.001 -16"><span class='ocrx_word' id='word_1_620' title='bbox 2130 4125 2417 4181; x_wconf 89' lang='lat' dir='ltr'><strong>stantialcs</strong></span> <span class='ocrx_word' id='word_1_621' title='bbox 2448 4134 2594 4190; x_wconf 90' lang='lat' dir='ltr'><strong>sunt,</strong></span> <span class='ocrx_word' id='word_1_622' title='bbox 2626 4140 2750 4179; x_wconf 93' lang='lat' dir='ltr'><strong>cum</strong></span> <span class='ocrx_word' id='word_1_623' title='bbox 2789 4141 2857 4180; x_wconf 81' lang='lat' dir='ltr'><strong>ex</strong></span> <span class='ocrx_word' id='word_1_624' title='bbox 2887 4140 2995 4180; x_wconf 92' lang='lat' dir='ltr'><strong>uno</strong></span> <span class='ocrx_word' id='word_1_625' title='bbox 3025 4134 3176 4195; x_wconf 88' lang='lat' dir='ltr'><strong>patre</strong></span> <span class='ocrx_word' id='word_1_626' title='bbox 3203 4126 3369 4179; x_wconf 78' lang='lat' dir='ltr'><strong>Adam</strong></span> <span class='ocrx_word' id='word_1_627' title='bbox 3397 4126 3706 4196; x_wconf 87' lang='lat' dir='ltr'><strong>generatio-</strong></span> <span class='ocrx_word' id='word_1_628' title='bbox 3748 4122 3765 4133; x_wconf 66' lang='grc'><strong>““</strong></span> 
     </span>
    </p>
   </div>
   <div class='ocr_carea' id='block_1_84' title="bbox 2131 4215 3705 4288">
    <p class='ocr_par' dir='ltr' id='par_1_84' title="bbox 2131 4215 3705 4288">
     <span class='ocr_line' id='line_1_85' title="bbox 2131 4215 3705 4288; baseline 0.002 -19"><span class='ocrx_word' id='word_1_629' title='bbox 2131 4232 2253 4270; x_wconf 90' lang='lat' dir='ltr'><strong>nem</strong></span> <span class='ocrx_word' id='word_1_630' title='bbox 2284 4215 2539 4280; x_wconf 89' lang='lat' dir='ltr'><strong>habeant,</strong></span> <span class='ocrx_word' id='word_1_631' title='bbox 2596 4232 2705 4270; x_wconf 91' lang='lat' dir='ltr'><strong>non</strong></span> <span class='ocrx_word' id='word_1_632' title='bbox 2737 4228 2917 4285; x_wconf 88' lang='lat' dir='ltr'><strong>tamen</strong></span> <span class='ocrx_word' id='word_1_633' title='bbox 2954 4226 3099 4271; x_wconf 87' lang='lat' dir='ltr'><strong>tanta</strong></span> <span class='ocrx_word' id='word_1_634' title='bbox 3144 4227 3227 4273; x_wconf 91' lang='lat' dir='ltr'><strong>est</strong></span> <span class='ocrx_word' id='word_1_635' title='bbox 3258 4219 3341 4274; x_wconf 91' lang='lat' dir='ltr'><strong>eis</strong></span> <span class='ocrx_word' id='word_1_636' title='bbox 3394 4218 3705 4288; x_wconf 86' lang='lat' dir='ltr'><strong>proprietas</strong></span> 
     </span>
    </p>
   </div>
   <div class='ocr_carea' id='block_1_85' title="bbox 2128 4308 3696 4378">
    <p class='ocr_par' dir='ltr' id='par_1_85' title="bbox 2128 4308 3696 4378">
     <span class='ocr_line' id='line_1_86' title="bbox 2128 4308 3696 4378; baseline 0.001 -13"><span class='ocrx_word' id='word_1_637' title='bbox 2128 4308 2287 4365; x_wconf 88' lang='lat' dir='ltr'><strong>sicuti</strong></span> <span class='ocrx_word' id='word_1_638' title='bbox 2324 4324 2445 4362; x_wconf 91' lang='lat' dir='ltr'><strong>cum</strong></span> <span class='ocrx_word' id='word_1_639' title='bbox 2476 4323 2665 4362; x_wconf 86' lang='lat' dir='ltr'><strong>eorum</strong></span> <span class='ocrx_word' id='word_1_640' title='bbox 2698 4325 2818 4378; x_wconf 75' lang='lat' dir='ltr'><strong>qua:</strong></span> <span class='ocrx_word' id='word_1_641' title='bbox 2848 4309 3093 4376; x_wconf 88' lang='lat' dir='ltr'><strong>ejusdem</strong></span> <span class='ocrx_word' id='word_1_642' title='bbox 3126 4318 3332 4365; x_wconf 71' lang='lat' dir='ltr'><strong>natum</strong></span> <span class='ocrx_word' id='word_1_643' title='bbox 3361 4322 3511 4375; x_wconf 87' lang='lat' dir='ltr'><strong>sunt,</strong></span> <span class='ocrx_word' id='word_1_644' title='bbox 3546 4310 3696 4366; x_wconf 87' lang='lat' dir='ltr'><strong>aliud</strong></span> 
     </span>
    </p>
   </div>
   <div class='ocr_carea' id='block_1_86' title="bbox 455 4388 3707 4471">
    <p class='ocr_par' dir='ltr' id='par_1_86' title="bbox 455 4388 3707 4471">
     <span class='ocr_line' id='line_1_87' title="bbox 455 4388 3707 4471; baseline 0 -14"><span class='ocrx_word' id='word_1_645' title='bbox 455 4413 636 4457; x_wconf 77' lang='lat' dir='ltr'><strong>auum</strong></span> <span class='ocrx_word' id='word_1_646' title='bbox 665 4418 784 4457; x_wconf 90' lang='lat' dir='ltr'><strong>esse</strong></span> <span class='ocrx_word' id='word_1_647' title='bbox 809 4398 931 4455; x_wconf 83' lang='lat' dir='ltr'><strong>Filii</strong></span> <span class='ocrx_word' id='word_1_648' title='bbox 957 4398 1221 4468; x_wconf 79' lang='lat' dir='ltr'><strong>Spiritum</strong></span> <span class='ocrx_word' id='word_1_649' title='bbox 1252 4410 1541 4453; x_wconf 62' lang='lat' dir='ltr'><strong>aeternum.</strong></span> <span class='ocrx_word' id='word_1_650' title='bbox 1570 4397 1855 4469; x_wconf 70' lang='lat' dir='ltr'><strong>Nunquam</strong></span> <span class='ocrx_word' id='word_1_651' title='bbox 1879 4402 2024 4454; x_wconf 89' lang='lat' dir='ltr'><strong>enim</strong></span> <span class='ocrx_word' id='word_1_652' title='bbox 2056 4388 2103 4448; x_wconf 75' lang='grc' dir='ltr'>υ</span> <span class='ocrx_word' id='word_1_653' title='bbox 2129 4407 2215 4455; x_wconf 91' lang='lat' dir='ltr'><strong>est</strong></span> <span class='ocrx_word' id='word_1_654' title='bbox 2243 4412 2420 4462; x_wconf 84' lang='lat' dir='ltr'><strong>causa,</strong></span> <span class='ocrx_word' id='word_1_655' title='bbox 2450 4398 2598 4453; x_wconf 69' lang='lat' dir='ltr'><strong>aliud</strong></span> <span class='ocrx_word' id='word_1_656' title='bbox 2625 4400 2878 4466; x_wconf 87' lang='lat' dir='ltr'><strong>causale;</strong></span> <span class='ocrx_word' id='word_1_657' title='bbox 2904 4411 3031 4455; x_wconf 92' lang='lat' dir='ltr'><strong>tunc</strong></span> <span class='ocrx_word' id='word_1_658' title='bbox 3060 4401 3205 4455; x_wconf 88' lang='lat' dir='ltr'><strong>enim</strong></span> <span class='ocrx_word' id='word_1_659' title='bbox 3230 4404 3448 4471; x_wconf 89' lang='lat' dir='ltr'><strong>proprie</strong></span> <span class='ocrx_word' id='word_1_660' title='bbox 3468 4404 3707 4457; x_wconf 83' lang='lat' dir='ltr'><strong>consub-</strong></span> 
     </span>
    </p>
   </div>
   <div class='ocr_carea' id='block_1_87' title="bbox 461 4487 2026 4560">
    <p class='ocr_par' dir='ltr' id='par_1_87' title="bbox 461 4487 2026 4560">
     <span class='ocr_line' id='line_1_88' title="bbox 461 4487 2026 4560; baseline -0.001 -15"><span class='ocrx_word' id='word_1_661' title='bbox 461 4490 706 4560; x_wconf 81' lang='lat' dir='ltr'><strong>profectu</strong></span> <span class='ocrx_word' id='word_1_662' title='bbox 735 4491 879 4560; x_wconf 87' lang='lat' dir='ltr'><strong>quod</strong></span> <span class='ocrx_word' id='word_1_663' title='bbox 917 4487 1213 4558; x_wconf 85' lang='lat' dir='ltr'><strong>temporale</strong></span> <span class='ocrx_word' id='word_1_664' title='bbox 1243 4496 1348 4552; x_wconf 85' lang='lat' dir='ltr'><strong>est,</strong></span> <span class='ocrx_word' id='word_1_665' title='bbox 1388 4487 1507 4554; x_wconf 83' lang='lat' dir='ltr'><strong>ejus</strong></span> <span class='ocrx_word' id='word_1_666' title='bbox 1534 4503 1702 4543; x_wconf 89' lang='lat' dir='ltr'><strong>causa</strong></span> <span class='ocrx_word' id='word_1_667' title='bbox 1745 4491 1868 4543; x_wconf 81' lang='lat' dir='ltr'><strong>esse</strong></span> <span class='ocrx_word' id='word_1_668' title='bbox 1899 4504 2026 4558; x_wconf 81' lang='lat' dir='ltr'><strong>pos-</strong></span> 
     </span>
    </p>
   </div>
   <div class='ocr_carea' id='block_1_88' title="bbox 459 4577 2023 4653">
    <p class='ocr_par' dir='ltr' id='par_1_88' title="bbox 459 4577 2023 4653">
     <span class='ocr_line' id='line_1_89' title="bbox 459 4577 2023 4653; baseline -0.002 -14"><span class='ocrx_word' id='word_1_669' title='bbox 459 4596 565 4648; x_wconf 88' lang='lat' dir='ltr'><strong>set,</strong></span> <span class='ocrx_word' id='word_1_670' title='bbox 605 4584 747 4653; x_wconf 85' lang='lat' dir='ltr'><strong>quod</strong></span> <span class='ocrx_word' id='word_1_671' title='bbox 780 4598 945 4652; x_wconf 91' lang='lat' dir='ltr'><strong>supra</strong></span> <span class='ocrx_word' id='word_1_672' title='bbox 976 4592 1190 4649; x_wconf 90' lang='lat' dir='ltr'><strong>tempus</strong></span> <span class='ocrx_word' id='word_1_673' title='bbox 1221 4588 1323 4634; x_wconf 89' lang='lat' dir='ltr'><strong>est.</strong></span> <span class='ocrx_word' id='word_1_674' title='bbox 1360 4577 1520 4645; x_wconf 85' lang='lat' dir='ltr'><strong>Nam,</strong></span> <span class='ocrx_word' id='word_1_675' title='bbox 1555 4582 1600 4634; x_wconf 92' lang='lat' dir='ltr'><strong>si</strong></span> <span class='ocrx_word' id='word_1_676' title='bbox 1662 4581 1869 4635; x_wconf 90' lang='lat' dir='ltr'><strong>homini</strong></span> <span class='ocrx_word' id='word_1_677' title='bbox 1901 4598 2023 4651; x_wconf 88' lang='lat' dir='ltr'><strong>pro-</strong></span> 
     </span>
    </p>
   </div>
   <div class='ocr_carea' id='block_1_89' title="bbox 458 4673 2024 4747">
    <p class='ocr_par' dir='ltr' id='par_1_89' title="bbox 458 4673 2024 4747">
     <span class='ocr_line' id='line_1_90' title="bbox 458 4673 2024 4747; baseline -0.001 -16"><span class='ocrx_word' id='word_1_678' title='bbox 458 4678 635 4747; x_wconf 88' lang='lat' dir='ltr'><strong>prium</strong></span> <span class='ocrx_word' id='word_1_679' title='bbox 669 4677 862 4746; x_wconf 87' lang='lat' dir='ltr'><strong>ipsius.</strong></span> <span class='ocrx_word' id='word_1_680' title='bbox 905 4675 959 4728; x_wconf 90' lang='lat' dir='ltr'><strong>in</strong></span> <span class='ocrx_word' id='word_1_681' title='bbox 1016 4681 1283 4741; x_wconf 87' lang='lat' dir='ltr'><strong>quantum</strong></span> <span class='ocrx_word' id='word_1_682' title='bbox 1344 4673 1504 4736; x_wconf 65' lang='lat' dir='ltr'><strong>vivit,</strong></span> <span class='ocrx_word' id='word_1_683' title='bbox 1543 4688 1757 4743; x_wconf 84' lang='lat' dir='ltr'><strong>semper</strong></span> <span class='ocrx_word' id='word_1_684' title='bbox 1803 4690 1923 4728; x_wconf 91' lang='lat' dir='ltr'><strong>cum</strong></span> <span class='ocrx_word' id='word_1_685' title='bbox 1956 4690 2024 4729; x_wconf 85' lang='lat' dir='ltr'><strong>eo</strong></span> 
     </span>
    </p>
   </div>
   <div class='ocr_carea' id='block_1_90' title="bbox 457 4760 2019 4836">
    <p class='ocr_par' dir='ltr' id='par_1_90' title="bbox 457 4760 2019 4836">
     <span class='ocr_line' id='line_1_91' title="bbox 457 4760 2019 4836; baseline -0.001 -13"><span class='ocrx_word' id='word_1_686' title='bbox 457 4780 562 4832; x_wconf 87' lang='lat' dir='ltr'><strong>est,</strong></span> <span class='ocrx_word' id='word_1_687' title='bbox 599 4770 770 4822; x_wconf 91' lang='lat' dir='ltr'><strong>multo</strong></span> <span class='ocrx_word' id='word_1_688' title='bbox 803 4768 857 4822; x_wconf 89' lang='lat' dir='ltr'><strong>id</strong></span> <span class='ocrx_word' id='word_1_689' title='bbox 889 4767 1058 4836; x_wconf 77' lang='lat' dir='ltr'><strong>magis</strong></span> <span class='ocrx_word' id='word_1_690' title='bbox 1093 4767 1145 4819; x_wconf 94' lang='lat' dir='ltr'><strong>in</strong></span> <span class='ocrx_word' id='word_1_691' title='bbox 1180 4760 1275 4819; x_wconf 88' lang='lat' dir='ltr'><strong>Dei</strong></span> <span class='ocrx_word' id='word_1_692' title='bbox 1310 4765 1486 4819; x_wconf 85' lang='lat' dir='ltr'><strong>Verbo</strong></span> <span class='ocrx_word' id='word_1_693' title='bbox 1512 4767 1615 4819; x_wconf 85' lang='lat' dir='ltr'><strong>erit</strong></span> <span class='ocrx_word' id='word_1_694' title='bbox 1650 4781 1664 4832; x_wconf 91' lang='lat'><strong>;</strong></span> <span class='ocrx_word' id='word_1_695' title='bbox 1700 4775 1863 4836; x_wconf 88' lang='lat' dir='ltr'><strong>atque</strong></span> <span class='ocrx_word' id='word_1_696' title='bbox 1913 4784 2019 4822; x_wconf 86' lang='lat' dir='ltr'><strong>una</strong></span> 
     </span>
    </p>
   </div>
   <div class='ocr_carea' id='block_1_91' title="bbox 460 4855 2019 4926">
    <p class='ocr_par' dir='ltr' id='par_1_91' title="bbox 460 4855 2019 4926">
     <span class='ocr_line' id='line_1_92' title="bbox 460 4855 2019 4926; baseline -0.001 -12"><span class='ocrx_word' id='word_1_697' title='bbox 460 4860 710 4915; x_wconf 88' lang='lat' dir='ltr'><strong>minister</strong></span> <span class='ocrx_word' id='word_1_698' title='bbox 739 4865 906 4920; x_wconf 89' lang='lat' dir='ltr'><strong>esset,</strong></span> <span class='ocrx_word' id='word_1_699' title='bbox 939 4855 1082 4925; x_wconf 92' lang='lat' dir='ltr'><strong>quod</strong></span> <span class='ocrx_word' id='word_1_700' title='bbox 1112 4870 1219 4909; x_wconf 91' lang='lat' dir='ltr'><strong>non</strong></span> <span class='ocrx_word' id='word_1_701' title='bbox 1273 4871 1368 4921; x_wconf 90' lang='lat' dir='ltr'><strong>per</strong></span> <span class='ocrx_word' id='word_1_702' title='bbox 1420 4856 1618 4924; x_wconf 79' lang='lat' dir='ltr'><strong>ipsum,</strong></span> <span class='ocrx_word' id='word_1_703' title='bbox 1675 4864 1731 4910; x_wconf 89' lang='lat' dir='ltr'><strong>et</strong></span> <span class='ocrx_word' id='word_1_704' title='bbox 1777 4873 1841 4909; x_wconf 81' lang='lat' dir='ltr'><strong>ex</strong></span> <span class='ocrx_word' id='word_1_705' title='bbox 1898 4857 2019 4926; x_wconf 90' lang='lat' dir='ltr'><strong>ipso</strong></span> 
     </span>
    </p>
   </div>
   <div class='ocr_carea' id='block_1_92' title="bbox 458 4944 2023 5016">
    <p class='ocr_par' dir='ltr' id='par_1_92' title="bbox 458 4944 2023 5016">
     <span class='ocr_line' id='line_1_93' title="bbox 458 4944 2023 5016; baseline -0.001 -13"><span class='ocrx_word' id='word_1_706' title='bbox 458 4948 778 5003; x_wconf 88' lang='lat' dir='ltr'><strong>naturaliter</strong></span> <span class='ocrx_word' id='word_1_707' title='bbox 809 4948 1129 5016; x_wconf 88' lang='lat' dir='ltr'><strong>procederet</strong></span> <span class='ocrx_word' id='word_1_708' title='bbox 1176 4948 1335 5002; x_wconf 90' lang='lat' dir='ltr'><strong>dans.</strong></span> <span class='ocrx_word' id='word_1_709' title='bbox 1380 4944 1703 5016; x_wconf 88' lang='lat' dir='ltr'><strong>Quanquam</strong></span> <span class='ocrx_word' id='word_1_710' title='bbox 1746 4947 1792 5002; x_wconf 89' lang='lat' dir='ltr'><strong>si</strong></span> <span class='ocrx_word' id='word_1_711' title='bbox 1830 4963 2023 5002; x_wconf 82' lang='lat' dir='ltr'><strong>secun-</strong></span> 
     </span>
    </p>
   </div>
   <div class='ocr_carea' id='block_1_93' title="bbox 453 5038 2022 5109">
    <p class='ocr_par' dir='ltr' id='par_1_93' title="bbox 453 5038 2022 5109">
     <span class='ocr_line' id='line_1_94' title="bbox 453 5038 2022 5109; baseline -0.001 -14"><span class='ocrx_word' id='word_1_712' title='bbox 453 5045 581 5095; x_wconf 90' lang='lat' dir='ltr'><strong>dum</strong></span> <span class='ocrx_word' id='word_1_713' title='bbox 619 5040 859 5109; x_wconf 87' lang='lat' dir='ltr'><strong>aliquam</strong></span> <span class='ocrx_word' id='word_1_714' title='bbox 900 5038 1489 5093; x_wconf 84' lang='lat' dir='ltr'><strong>consubstantialitatis</strong></span> <span class='ocrx_word' id='word_1_715' title='bbox 1519 5038 1812 5104; x_wconf 87' lang='lat' dir='ltr'><strong>rationem,</strong></span> <span class='ocrx_word' id='word_1_716' title='bbox 1843 5039 2022 5109; x_wconf 85' lang='lat' dir='ltr'><strong>qualis</strong></span> 
     </span>
    </p>
   </div>
   <div class='ocr_carea' id='block_1_94' title="bbox 454 5129 2022 5200">
    <p class='ocr_par' dir='ltr' id='par_1_94' title="bbox 454 5129 2022 5200">
     <span class='ocr_line' id='line_1_95' title="bbox 454 5129 2022 5200; baseline -0.002 -14"><span class='ocrx_word' id='word_1_717' title='bbox 454 5131 522 5186; x_wconf 87' lang='lat' dir='ltr'><strong>de</strong></span> <span class='ocrx_word' id='word_1_718' title='bbox 539 5131 748 5185; x_wconf 88' lang='lat' dir='ltr'><strong>duobus</strong></span> <span class='ocrx_word' id='word_1_719' title='bbox 763 5130 1037 5199; x_wconf 85' lang='lat' dir='ltr'><strong>aliquibus</strong></span> <span class='ocrx_word' id='word_1_720' title='bbox 1052 5129 1609 5184; x_wconf 85' lang='lat' dir='ltr'><strong>consubstantialibus</strong></span> <span class='ocrx_word' id='word_1_721' title='bbox 1627 5139 1728 5196; x_wconf 88' lang='lat' dir='ltr'><strong>est,</strong></span> <span class='ocrx_word' id='word_1_722' title='bbox 1745 5130 1799 5184; x_wconf 94' lang='lat' dir='ltr'><strong>in</strong></span> <span class='ocrx_word' id='word_1_723' title='bbox 1821 5130 2022 5200; x_wconf 87' lang='lat' dir='ltr'><strong>quibus</strong></span> 
     </span>
    </p>
   </div>
   <div class='ocr_carea' id='block_1_95' title="bbox 459 5222 2041 5293">
    <p class='ocr_par' dir='ltr' id='par_1_95' title="bbox 459 5222 2041 5293">
     <span class='ocr_line' id='line_1_96' title="bbox 459 5222 2041 5293; baseline -0.001 -14"><span class='ocrx_word' id='word_1_724' title='bbox 459 5226 687 5279; x_wconf 87' lang='lat' dir='ltr'><strong>alterum</strong></span> <span class='ocrx_word' id='word_1_725' title='bbox 711 5240 807 5293; x_wconf 86' lang='lat' dir='ltr'><strong>per</strong></span> <span class='ocrx_word' id='word_1_726' title='bbox 827 5224 1056 5278; x_wconf 86' lang='lat' dir='ltr'><strong>alterunt</strong></span> <span class='ocrx_word' id='word_1_727' title='bbox 1087 5238 1194 5277; x_wconf 91' lang='lat' dir='ltr'><strong>non</strong></span> <span class='ocrx_word' id='word_1_728' title='bbox 1215 5231 1316 5283; x_wconf 87' lang='lat' dir='ltr'><strong>est,</strong></span> <span class='ocrx_word' id='word_1_729' title='bbox 1343 5235 1486 5278; x_wconf 85' lang='lat' dir='ltr'><strong>esset</strong></span> <span class='ocrx_word' id='word_1_730' title='bbox 1504 5222 1742 5292; x_wconf 88' lang='lat' dir='ltr'><strong>Spiritus</strong></span> <span class='ocrx_word' id='word_1_731' title='bbox 1766 5225 2041 5293; x_wconf 30' lang='lat' dir='ltr'><strong>proprius!</strong></span> 
     </span>
    </p>
   </div>
   <div class='ocr_carea' id='block_1_96' title="bbox 456 5311 2022 5385">
    <p class='ocr_par' dir='ltr' id='par_1_96' title="bbox 456 5311 2022 5385">
     <span class='ocr_line' id='line_1_97' title="bbox 456 5311 2022 5385; baseline -0.002 -16"><span class='ocrx_word' id='word_1_732' title='bbox 456 5316 599 5384; x_wconf 87' lang='lat' dir='ltr'><strong>Filii,</strong></span> <span class='ocrx_word' id='word_1_733' title='bbox 634 5326 797 5385; x_wconf 85' lang='lat' dir='ltr'><strong>atque</strong></span> <span class='ocrx_word' id='word_1_734' title='bbox 818 5332 881 5370; x_wconf 80' lang='lat' dir='ltr'><strong>ex</strong></span> <span class='ocrx_word' id='word_1_735' title='bbox 902 5314 1200 5369; x_wconf 85' lang='lat' dir='ltr'><strong>substantia</strong></span> <span class='ocrx_word' id='word_1_736' title='bbox 1226 5313 1346 5368; x_wconf 87' lang='lat' dir='ltr'><strong>Filii</strong></span> <span class='ocrx_word' id='word_1_737' title='bbox 1374 5322 1523 5369; x_wconf 88' lang='lat' dir='ltr'><strong>esset</strong></span> <span class='ocrx_word' id='word_1_738' title='bbox 1554 5315 1741 5382; x_wconf 86' lang='lat' dir='ltr'><strong>utique</strong></span> <span class='ocrx_word' id='word_1_739' title='bbox 1767 5324 1821 5368; x_wconf 90' lang='lat' dir='ltr'><strong>ct</strong></span> <span class='ocrx_word' id='word_1_740' title='bbox 1850 5311 2022 5366; x_wconf 83' lang='lat' dir='ltr'><strong>Filius</strong></span> 
     </span>
    </p>
   </div>
   <div class='ocr_carea' id='block_1_97' title="bbox 457 5406 2022 5477">
    <p class='ocr_par' dir='ltr' id='par_1_97' title="bbox 457 5406 2022 5477">
     <span class='ocr_line' id='line_1_98' title="bbox 457 5406 2022 5477; baseline -0.001 -16"><span class='ocrx_word' id='word_1_741' title='bbox 457 5408 628 5461; x_wconf 85' lang='lat' dir='ltr'><strong>sancti</strong></span> <span class='ocrx_word' id='word_1_742' title='bbox 658 5409 895 5477; x_wconf 86' lang='lat' dir='ltr'><strong>Spiritus</strong></span> <span class='ocrx_word' id='word_1_743' title='bbox 943 5407 1214 5476; x_wconf 90' lang='lat' dir='ltr'><strong>proprius,</strong></span> <span class='ocrx_word' id='word_1_744' title='bbox 1273 5420 1325 5460; x_wconf 89' lang='lat' dir='ltr'><strong>et</strong></span> <span class='ocrx_word' id='word_1_745' title='bbox 1350 5422 1416 5460; x_wconf 81' lang='lat' dir='ltr'><strong>ex</strong></span> <span class='ocrx_word' id='word_1_746' title='bbox 1442 5407 1751 5461; x_wconf 85' lang='lat' dir='ltr'><strong>substantia</strong></span> <span class='ocrx_word' id='word_1_747' title='bbox 1785 5406 2022 5473; x_wconf 82' lang='lat' dir='ltr'><strong>Spiritus</strong></span> 
     </span>
    </p>
   </div>
   <div class='ocr_carea' id='block_1_98' title="bbox 454 5496 2017 5567">
    <p class='ocr_par' dir='ltr' id='par_1_98' title="bbox 454 5496 2017 5567">
     <span class='ocr_line' id='line_1_99' title="bbox 454 5496 2017 5567; baseline -0.002 -16"><span class='ocrx_word' id='word_1_748' title='bbox 454 5510 673 5567; x_wconf 78' lang='lat' dir='ltr'><strong>prOpter</strong></span> <span class='ocrx_word' id='word_1_749' title='bbox 707 5499 1119 5554; x_wconf 85' lang='lat' dir='ltr'><strong>conversionem</strong></span> <span class='ocrx_word' id='word_1_750' title='bbox 1161 5497 1476 5567; x_wconf 89' lang='lat' dir='ltr'><strong>hujusmodi</strong></span> <span class='ocrx_word' id='word_1_751' title='bbox 1514 5496 2017 5552; x_wconf 85' lang='lat' dir='ltr'><strong>consubstantialis.</strong></span> 
     </span>
    </p>
   </div>
   <div class='ocr_carea' id='block_1_99' title="bbox 449 5588 2012 5660">
    <p class='ocr_par' dir='ltr' id='par_1_99' title="bbox 449 5588 2012 5660">
     <span class='ocr_line' id='line_1_100' title="bbox 449 5588 2012 5660; baseline -0.001 -19"><span class='ocrx_word' id='word_1_752' title='bbox 449 5592 520 5641; x_wconf 75' lang='lat' dir='ltr'><strong>At</strong></span> <span class='ocrx_word' id='word_1_753' title='bbox 555 5588 701 5643; x_wconf 87' lang='lat' dir='ltr'><strong>istud</strong></span> <span class='ocrx_word' id='word_1_754' title='bbox 763 5605 940 5659; x_wconf 90' lang='lat' dir='ltr'><strong>neque</strong></span> <span class='ocrx_word' id='word_1_755' title='bbox 969 5588 1176 5644; x_wconf 85' lang='lat' dir='ltr'><strong>dictum</strong></span> <span class='ocrx_word' id='word_1_756' title='bbox 1227 5597 1310 5644; x_wconf 91' lang='lat' dir='ltr'><strong>est</strong></span> <span class='ocrx_word' id='word_1_757' title='bbox 1339 5590 1408 5645; x_wconf 89' lang='lat' dir='ltr'><strong>ab</strong></span> <span class='ocrx_word' id='word_1_758' title='bbox 1455 5589 1637 5660; x_wconf 88' lang='lat' dir='ltr'><strong>aliquo</strong></span> <span class='ocrx_word' id='word_1_759' title='bbox 1676 5598 2012 5653; x_wconf 86' lang='lat' dir='ltr'><strong>sanctorum,</strong></span> 
     </span>
    </p>
   </div>
   <div class='ocr_carea' id='block_1_100' title="bbox 521 5766 1546 5837">
    <p class='ocr_par' dir='ltr' id='par_1_100' title="bbox 521 5766 1546 5837">
     <span class='ocr_line' id='line_1_101' title="bbox 521 5766 1546 5837; baseline 0.003 -17"><span class='ocrx_word' id='word_1_760' title='bbox 521 5766 563 5796; x_wconf 63' lang='grc'><strong>⁸⁸</strong></span> <span class='ocrx_word' id='word_1_761' title='bbox 600 5770 871 5832; x_wconf 68' lang='lat' dir='ltr'><strong>Joau.xr,</strong></span> <span class='ocrx_word' id='word_1_762' title='bbox 910 5770 995 5821; x_wconf 53' lang='lat'><strong>‘26.</strong></span> <span class='ocrx_word' id='word_1_763' title='bbox 1077 5766 1120 5799; x_wconf 67' lang='lat'><strong>&#39;*°</strong></span> <span class='ocrx_word' id='word_1_764' title='bbox 1152 5766 1169 5819; x_wconf 87' lang='lat' dir='ltr'><strong>l</strong></span> <span class='ocrx_word' id='word_1_765' title='bbox 1201 5769 1325 5824; x_wconf 86' lang='lat' dir='ltr'><strong>Cor.</strong></span> <span class='ocrx_word' id='word_1_766' title='bbox 1367 5787 1423 5837; x_wconf 87' lang='lat' dir='ltr'><strong>ll,</strong></span> <span class='ocrx_word' id='word_1_767' title='bbox 1464 5771 1546 5824; x_wconf 77' lang='lat'><strong>12.</strong></span> 
     </span>
    </p>
   </div>
   <div class='ocr_carea' id='block_1_101' title="bbox 1664 5766 2123 5827">
    <p class='ocr_par' dir='ltr' id='par_1_101' title="bbox 1664 5766 2123 5827">
     <span class='ocr_line' id='line_1_102' title="bbox 1664 5766 2123 5827; baseline 0.007 -9"><span class='ocrx_word' id='word_1_768' title='bbox 1664 5768 1700 5800; x_wconf 74' lang='grc' dir='ltr'><strong>ἰι</strong></span> <span class='ocrx_word' id='word_1_769' title='bbox 1751 5766 1905 5819; x_wconf 80' lang='lat' dir='ltr'><strong>Ju&#39;an.</strong></span> <span class='ocrx_word' id='word_1_770' title='bbox 1938 5781 2010 5827; x_wconf 74' lang='grc' dir='ltr'><strong>γι,</strong></span> <span class='ocrx_word' id='word_1_771' title='bbox 2040 5767 2123 5821; x_wconf 75' lang='grc'><strong>33.</strong></span> 
     </span>
    </p>
   </div>
   <div class='ocr_carea' id='block_1_102' title="bbox 2127 4487 2718 4544">
    <p class='ocr_par' dir='ltr' id='par_1_102' title="bbox 2127 4487 2718 4544">
     <span class='ocr_line' id='line_1_103' title="bbox 2127 4487 2718 4544; baseline 0 -1"><span class='ocrx_word' id='word_1_772' title='bbox 2127 4488 2405 4543; x_wconf 88' lang='lat' dir='ltr'><strong>stantialia</strong></span> <span class='ocrx_word' id='word_1_773' title='bbox 2437 4487 2718 4544; x_wconf 90' lang='lat' dir='ltr'><strong>dicuntur.</strong></span> 
     </span>
    </p>
   </div>
   <div class='ocr_carea' id='block_1_103' title="bbox 2196 4580 3701 4652">
    <p class='ocr_par' dir='ltr' id='par_1_103' title="bbox 2196 4580 3701 4652">
     <span class='ocr_line' id='line_1_104' title="bbox 2196 4580 3701 4652; baseline 0.003 -17"><span class='ocrx_word' id='word_1_774' title='bbox 2196 4581 2350 4636; x_wconf 87' lang='lat' dir='ltr'><strong>Sicut</strong></span> <span class='ocrx_word' id='word_1_775' title='bbox 2385 4580 2549 4652; x_wconf 78' lang='lat' dir='ltr'><strong>igitur</strong></span> <span class='ocrx_word' id='word_1_776' title='bbox 2572 4582 2741 4636; x_wconf 87' lang='lat' dir='ltr'><strong>Filius</strong></span> <span class='ocrx_word' id='word_1_777' title='bbox 2761 4599 2825 4636; x_wconf 81' lang='lat' dir='ltr'><strong>ex</strong></span> <span class='ocrx_word' id='word_1_778' title='bbox 2857 4580 3015 4638; x_wconf 85' lang='lat' dir='ltr'><strong>Patre</strong></span> <span class='ocrx_word' id='word_1_779' title='bbox 3044 4599 3163 4640; x_wconf 86' lang='lat' dir='ltr'><strong>esse</strong></span> <span class='ocrx_word' id='word_1_780' title='bbox 3194 4583 3401 4640; x_wconf 90' lang='lat' dir='ltr'><strong>habens</strong></span> <span class='ocrx_word' id='word_1_781' title='bbox 3457 4588 3701 4641; x_wconf 89' lang='lat' dir='ltr'><strong>consub-</strong></span> 
     </span>
    </p>
   </div>
   <div class='ocr_carea' id='block_1_104' title="bbox 2122 4671 3700 4743">
    <p class='ocr_par' dir='ltr' id='par_1_104' title="bbox 2122 4671 3700 4743">
     <span class='ocr_line' id='line_1_105' title="bbox 2122 4671 3700 4743; baseline 0.003 -16"><span class='ocrx_word' id='word_1_782' title='bbox 2122 4672 2397 4727; x_wconf 88' lang='lat' dir='ltr'><strong>stantialis</strong></span> <span class='ocrx_word' id='word_1_783' title='bbox 2421 4671 2498 4727; x_wconf 94' lang='lat' dir='ltr'><strong>illi</strong></span> <span class='ocrx_word' id='word_1_784' title='bbox 2528 4680 2634 4737; x_wconf 89' lang='lat' dir='ltr'><strong>est,</strong></span> <span class='ocrx_word' id='word_1_785' title='bbox 2654 4675 2937 4743; x_wconf 83' lang='lat' dir='ltr'><strong>atqueista</strong></span> <span class='ocrx_word' id='word_1_786' title='bbox 2958 4674 3184 4730; x_wconf 86' lang='lat' dir='ltr'><strong>invicem</strong></span> <span class='ocrx_word' id='word_1_787' title='bbox 3213 4676 3700 4733; x_wconf 77' lang='lat' dir='ltr'><strong>consubstantialia</strong></span> 
     </span>
    </p>
   </div>
   <div class='ocr_carea' id='block_1_105' title="bbox 2121 4764 3686 4837">
    <p class='ocr_par' dir='ltr' id='par_1_105' title="bbox 2121 4764 3686 4837">
     <span class='ocr_line' id='line_1_106' title="bbox 2121 4764 3686 4837; baseline 0.003 -19"><span class='ocrx_word' id='word_1_788' title='bbox 2121 4773 2282 4827; x_wconf 87' lang='lat' dir='ltr'><strong>sunt;</strong></span> <span class='ocrx_word' id='word_1_789' title='bbox 2311 4778 2435 4819; x_wconf 89' lang='lat' dir='ltr'><strong>esse</strong></span> <span class='ocrx_word' id='word_1_790' title='bbox 2467 4764 2613 4818; x_wconf 89' lang='lat' dir='ltr'><strong>enim</strong></span> <span class='ocrx_word' id='word_1_791' title='bbox 2637 4780 2701 4819; x_wconf 83' lang='lat' dir='ltr'><strong>ex</strong></span> <span class='ocrx_word' id='word_1_792' title='bbox 2742 4764 2946 4834; x_wconf 89' lang='lat' dir='ltr'><strong>Spiritu</strong></span> <span class='ocrx_word' id='word_1_793' title='bbox 2988 4764 3209 4831; x_wconf 86' lang='lat' dir='ltr'><strong>Filium,</strong></span> <span class='ocrx_word' id='word_1_794' title='bbox 3250 4782 3545 4837; x_wconf 85' lang='lat' dir='ltr'><strong>processus</strong></span> <span class='ocrx_word' id='word_1_795' title='bbox 3574 4771 3686 4831; x_wconf 88' lang='lat' dir='ltr'><strong>ille.</strong></span> 
     </span>
    </p>
   </div>
   <div class='ocr_carea' id='block_1_106' title="bbox 2132 4855 3706 4930">
    <p class='ocr_par' dir='ltr' id='par_1_106' title="bbox 2132 4855 3706 4930">
     <span class='ocr_line' id='line_1_107' title="bbox 2132 4855 3706 4930; baseline 0.004 -21"><span class='ocrx_word' id='word_1_796' title='bbox 2132 4856 2430 4909; x_wconf 90' lang='lat' dir='ltr'><strong>secundum</strong></span> <span class='ocrx_word' id='word_1_797' title='bbox 2458 4868 2619 4924; x_wconf 92' lang='lat' dir='ltr'><strong>quem</strong></span> <span class='ocrx_word' id='word_1_798' title='bbox 2648 4870 2713 4910; x_wconf 63' lang='lat' dir='ltr'><strong>et</strong></span> <span class='ocrx_word' id='word_1_799' title='bbox 2745 4855 2907 4911; x_wconf 90' lang='lat' dir='ltr'><strong>Patre</strong></span> <span class='ocrx_word' id='word_1_800' title='bbox 2935 4872 3030 4926; x_wconf 88' lang='lat' dir='ltr'><strong>per</strong></span> <span class='ocrx_word' id='word_1_801' title='bbox 3064 4856 3261 4912; x_wconf 88' lang='lat' dir='ltr'><strong>Filium</strong></span> <span class='ocrx_word' id='word_1_802' title='bbox 3306 4861 3549 4929; x_wconf 78' lang='lat' dir='ltr'><strong>procedit</strong></span> <span class='ocrx_word' id='word_1_803' title='bbox 3584 4859 3706 4930; x_wconf 81' lang='grc' dir='ltr'><strong>8ρί-</strong></span> 
     </span>
    </p>
   </div>
   <div class='ocr_carea' id='block_1_107' title="bbox 2130 4945 3704 5013">
    <p class='ocr_par' dir='ltr' id='par_1_107' title="bbox 2130 4945 3704 5013">
     <span class='ocr_line' id='line_1_108' title="bbox 2130 4945 3704 5013; baseline 0.006 -15"><span class='ocrx_word' id='word_1_804' title='bbox 2130 4945 2288 5008; x_wconf 85' lang='lat' dir='ltr'><strong>ritus,</strong></span> <span class='ocrx_word' id='word_1_805' title='bbox 2316 4945 2539 4999; x_wconf 90' lang='lat' dir='ltr'><strong>minime</strong></span> <span class='ocrx_word' id='word_1_806' title='bbox 2562 4945 2847 5013; x_wconf 89' lang='lat' dir='ltr'><strong>permittit:</strong></span> <span class='ocrx_word' id='word_1_807' title='bbox 2870 4948 2944 5000; x_wconf 90' lang='lat' dir='ltr'><strong>ita</strong></span> <span class='ocrx_word' id='word_1_808' title='bbox 2971 4948 3116 4999; x_wconf 86' lang='lat' dir='ltr'><strong>enim</strong></span> <span class='ocrx_word' id='word_1_809' title='bbox 3139 4948 3458 5003; x_wconf 86' lang='lat' dir='ltr'><strong>cavebimus</strong></span> <span class='ocrx_word' id='word_1_810' title='bbox 3484 4962 3538 5004; x_wconf 89' lang='lat' dir='ltr'><strong>et</strong></span> <span class='ocrx_word' id='word_1_811' title='bbox 3563 4951 3704 5007; x_wconf 88' lang='lat' dir='ltr'><strong>duos</strong></span> 
     </span>
    </p>
   </div>
   <div class='ocr_carea' id='block_1_108' title="bbox 2131 5036 3701 5106">
    <p class='ocr_par' dir='ltr' id='par_1_108' title="bbox 2131 5036 3701 5106">
     <span class='ocr_line' id='line_1_109' title="bbox 2131 5036 3701 5106; baseline 0.005 -16"><span class='ocrx_word' id='word_1_812' title='bbox 2131 5038 2273 5093; x_wconf 88' lang='lat' dir='ltr'><strong>lilios</strong></span> <span class='ocrx_word' id='word_1_813' title='bbox 2300 5039 2353 5092; x_wconf 92' lang='lat' dir='ltr'><strong>in</strong></span> <span class='ocrx_word' id='word_1_814' title='bbox 2385 5047 2572 5095; x_wconf 88' lang='lat' dir='ltr'><strong>sancta</strong></span> <span class='ocrx_word' id='word_1_815' title='bbox 2608 5036 2879 5093; x_wconf 89' lang='lat' dir='ltr'><strong>Trinitate</strong></span> <span class='ocrx_word' id='word_1_816' title='bbox 2926 5040 3198 5106; x_wconf 85' lang='lat' dir='ltr'><strong>conliteri,</strong></span> <span class='ocrx_word' id='word_1_817' title='bbox 3250 5051 3304 5096; x_wconf 89' lang='lat' dir='ltr'><strong>et</strong></span> <span class='ocrx_word' id='word_1_818' title='bbox 3331 5045 3701 5098; x_wconf 87' lang='lat' dir='ltr'><strong>consubstan-</strong></span> 
     </span>
    </p>
   </div>
   <div class='ocr_carea' id='block_1_109' title="bbox 2131 5130 3693 5190">
    <p class='ocr_par' dir='ltr' id='par_1_109' title="bbox 2131 5130 3693 5190">
     <span class='ocr_line' id='line_1_110' title="bbox 2131 5130 3693 5190; baseline 0.003 -5"><span class='ocrx_word' id='word_1_819' title='bbox 2131 5130 2412 5187; x_wconf 89' lang='lat' dir='ltr'><strong>tialitatem</strong></span> <span class='ocrx_word' id='word_1_820' title='bbox 2443 5133 2680 5187; x_wconf 81' lang='lat' dir='ltr'><strong>maxime</strong></span> <span class='ocrx_word' id='word_1_821' title='bbox 2713 5132 3013 5188; x_wconf 89' lang='lat' dir='ltr'><strong>reddimus.</strong></span> <span class='ocrx_word' id='word_1_822' title='bbox 3055 5132 3123 5187; x_wconf 87' lang='lat' dir='ltr'><strong>Et</strong></span> <span class='ocrx_word' id='word_1_823' title='bbox 3154 5133 3282 5188; x_wconf 89' lang='lat' dir='ltr'><strong>illttd</strong></span> <span class='ocrx_word' id='word_1_824' title='bbox 3318 5133 3482 5189; x_wconf 88' lang='lat' dir='ltr'><strong>simul</strong></span> <span class='ocrx_word' id='word_1_825' title='bbox 3514 5144 3693 5190; x_wconf 86' lang='lat' dir='ltr'><strong>osten-</strong></span> 
     </span>
    </p>
   </div>
   <div class='ocr_carea' id='block_1_110' title="bbox 2127 5221 3700 5295">
    <p class='ocr_par' dir='ltr' id='par_1_110' title="bbox 2127 5221 3700 5295">
     <span class='ocr_line' id='line_1_111' title="bbox 2127 5221 3700 5295; baseline 0.003 -19"><span class='ocrx_word' id='word_1_826' title='bbox 2127 5222 2298 5284; x_wconf 80' lang='lat' dir='ltr'><strong>ditur,</strong></span> <span class='ocrx_word' id='word_1_827' title='bbox 2332 5225 2475 5291; x_wconf 89' lang='lat' dir='ltr'><strong>quod</strong></span> <span class='ocrx_word' id='word_1_828' title='bbox 2510 5221 2609 5277; x_wconf 91' lang='lat' dir='ltr'><strong>nisi</strong></span> <span class='ocrx_word' id='word_1_829' title='bbox 2649 5222 2721 5276; x_wconf 91' lang='lat' dir='ltr'><strong>sit</strong></span> <span class='ocrx_word' id='word_1_830' title='bbox 2745 5238 2808 5277; x_wconf 83' lang='lat' dir='ltr'><strong>ex</strong></span> <span class='ocrx_word' id='word_1_831' title='bbox 2846 5221 2984 5277; x_wconf 85' lang='lat' dir='ltr'><strong>Filio</strong></span> <span class='ocrx_word' id='word_1_832' title='bbox 3012 5222 3271 5292; x_wconf 87' lang='lat' dir='ltr'><strong>Spiritus,</strong></span> <span class='ocrx_word' id='word_1_833' title='bbox 3305 5238 3564 5295; x_wconf 89' lang='lat' dir='ltr'><strong>germana</strong></span> <span class='ocrx_word' id='word_1_834' title='bbox 3594 5226 3700 5280; x_wconf 89' lang='lat' dir='ltr'><strong>sibi</strong></span> 
     </span>
    </p>
   </div>
   <div class='ocr_carea' id='block_1_111' title="bbox 2125 5311 3700 5384">
    <p class='ocr_par' dir='ltr' id='par_1_111' title="bbox 2125 5311 3700 5384">
     <span class='ocr_line' id='line_1_112' title="bbox 2125 5311 3700 5384; baseline 0.003 -16"><span class='ocrx_word' id='word_1_835' title='bbox 2125 5312 2359 5368; x_wconf 90' lang='lat' dir='ltr'><strong>invicem</strong></span> <span class='ocrx_word' id='word_1_836' title='bbox 2382 5322 2544 5368; x_wconf 87' lang='lat' dir='ltr'><strong>erunt</strong></span> <span class='ocrx_word' id='word_1_837' title='bbox 2569 5311 2740 5370; x_wconf 86' lang='lat' dir='ltr'><strong>Filius</strong></span> <span class='ocrx_word' id='word_1_838' title='bbox 2770 5323 2825 5369; x_wconf 88' lang='lat' dir='ltr'><strong>et</strong></span> <span class='ocrx_word' id='word_1_839' title='bbox 2858 5314 3115 5384; x_wconf 86' lang='lat' dir='ltr'><strong>Spiritus.</strong></span> <span class='ocrx_word' id='word_1_840' title='bbox 3142 5316 3336 5371; x_wconf 88' lang='lat' dir='ltr'><strong>Dicens</strong></span> <span class='ocrx_word' id='word_1_841' title='bbox 3378 5318 3549 5382; x_wconf 90' lang='lat' dir='ltr'><strong>enim,</strong></span> <span class='ocrx_word' id='word_1_842' title='bbox 3577 5317 3700 5372; x_wconf 89' lang='lat' dir='ltr'><strong>Noli</strong></span> 
     </span>
    </p>
   </div>
   <div class='ocr_carea' id='block_1_112' title="bbox 2127 5404 3697 5478">
    <p class='ocr_par' dir='ltr' id='par_1_112' title="bbox 2127 5404 3697 5478">
     <span class='ocr_line' id='line_1_113' title="bbox 2127 5404 3697 5478; baseline 0.003 -21"><span class='ocrx_word' id='word_1_843' title='bbox 2127 5404 2239 5457; x_wconf 92' lang='lat' dir='ltr'><strong>duo</strong></span> <span class='ocrx_word' id='word_1_844' title='bbox 2273 5420 2338 5458; x_wconf 84' lang='lat' dir='ltr'><strong>ex</strong></span> <span class='ocrx_word' id='word_1_845' title='bbox 2376 5421 2483 5459; x_wconf 90' lang='lat' dir='ltr'><strong>uno</strong></span> <span class='ocrx_word' id='word_1_846' title='bbox 2505 5406 2679 5460; x_wconf 90' lang='lat' dir='ltr'><strong>divisa</strong></span> <span class='ocrx_word' id='word_1_847' title='bbox 2729 5406 3056 5476; x_wconf 81' lang='lat' dir='ltr'><strong>intelligere,</strong></span> <span class='ocrx_word' id='word_1_848' title='bbox 3104 5421 3209 5460; x_wconf 89' lang='lat' dir='ltr'><strong>non</strong></span> <span class='ocrx_word' id='word_1_849' title='bbox 3241 5407 3387 5460; x_wconf 90' lang='lat' dir='ltr'><strong>enim</strong></span> <span class='ocrx_word' id='word_1_850' title='bbox 3443 5424 3697 5478; x_wconf 84' lang='lat' dir='ltr'><strong>germana</strong></span> 
     </span>
    </p>
   </div>
   <div class='ocr_carea' id='block_1_113' title="bbox 2128 5497 3696 5570">
    <p class='ocr_par' dir='ltr' id='par_1_113' title="bbox 2128 5497 3696 5570">
     <span class='ocr_line' id='line_1_114' title="bbox 2128 5497 3696 5570; baseline 0.003 -20"><span class='ocrx_word' id='word_1_851' title='bbox 2128 5497 2384 5561; x_wconf 86' lang='lat' dir='ltr'><strong>dicimus,</strong></span> <span class='ocrx_word' id='word_1_852' title='bbox 2428 5500 2613 5553; x_wconf 82' lang='lat' dir='ltr'><strong>decuit</strong></span> <span class='ocrx_word' id='word_1_853' title='bbox 2635 5518 2648 5553; x_wconf 89' lang='lat'><strong>:</strong></span> <span class='ocrx_word' id='word_1_854' title='bbox 2672 5502 2925 5568; x_wconf 91' lang='lat' dir='ltr'><strong>quoniam</strong></span> <span class='ocrx_word' id='word_1_855' title='bbox 2953 5501 2998 5555; x_wconf 92' lang='lat' dir='ltr'><strong>si</strong></span> <span class='ocrx_word' id='word_1_856' title='bbox 3029 5516 3134 5570; x_wconf 91' lang='lat' dir='ltr'><strong>qua</strong></span> <span class='ocrx_word' id='word_1_857' title='bbox 3166 5511 3373 5565; x_wconf 82' lang='lat' dir='ltr'><strong>essent,</strong></span> <span class='ocrx_word' id='word_1_858' title='bbox 3404 5517 3470 5556; x_wconf 75' lang='lat' dir='ltr'><strong>ex</strong></span> <span class='ocrx_word' id='word_1_859' title='bbox 3503 5502 3696 5557; x_wconf 87' lang='lat' dir='ltr'><strong>eodem</strong></span> 
     </span>
    </p>
   </div>
   <div class='ocr_carea' id='block_1_114' title="bbox 2133 5587 3695 5660">
    <p class='ocr_par' dir='ltr' id='par_1_114' title="bbox 2133 5587 3695 5660">
     <span class='ocr_line' id='line_1_115' title="bbox 2133 5587 3695 5660; baseline 0.003 -19"><span class='ocrx_word' id='word_1_860' title='bbox 2133 5587 2499 5656; x_wconf 87' lang='lat' dir='ltr'><strong>solummodo,</strong></span> <span class='ocrx_word' id='word_1_861' title='bbox 2556 5590 2858 5644; x_wconf 89' lang='lat' dir='ltr'><strong>secundum</strong></span> <span class='ocrx_word' id='word_1_862' title='bbox 2925 5592 3066 5660; x_wconf 90' lang='lat' dir='ltr'><strong>quod</strong></span> <span class='ocrx_word' id='word_1_863' title='bbox 3122 5607 3188 5644; x_wconf 79' lang='lat' dir='ltr'><strong>ex</strong></span> <span class='ocrx_word' id='word_1_864' title='bbox 3247 5591 3436 5645; x_wconf 85' lang='lat' dir='ltr'><strong>eodem</strong></span> <span class='ocrx_word' id='word_1_865' title='bbox 3488 5599 3695 5652; x_wconf 84' lang='lat' dir='ltr'><strong>essent.</strong></span> 
     </span>
    </p>
   </div>
   <div class='ocr_carea' id='block_1_115' title="bbox 2244 5768 2858 5838">
    <p class='ocr_par' dir='ltr' id='par_1_115' title="bbox 2244 5768 2858 5838">
     <span class='ocr_line' id='line_1_116' title="bbox 2244 5768 2858 5838; baseline -0.003 -17"><span class='ocrx_word' id='word_1_866' title='bbox 2244 5769 2285 5799; x_wconf 65' lang='grc'><strong>³³</strong></span> <span class='ocrx_word' id='word_1_867' title='bbox 2317 5768 2481 5825; x_wconf 75' lang='lat' dir='ltr'><strong>Zach.</strong></span> <span class='ocrx_word' id='word_1_868' title='bbox 2530 5782 2603 5829; x_wconf 84' lang='lat' dir='ltr'><strong>tv,</strong></span> <span class='ocrx_word' id='word_1_869' title='bbox 2642 5768 2675 5820; x_wconf 68' lang='grc' dir='ltr'>ἓ</span> <span class='ocrx_word' id='word_1_870' title='bbox 2706 5784 2858 5838; x_wconf 78' lang='lat' dir='ltr'><strong>seqq.</strong></span> 
     </span>
    </p>
   </div>
  </div>
