4106 6438
355 338 426 401 39
1443 339 1849 404 ADVERSUS
1881 342 2199 404 caecos
2242 346 2392 407 me.
2431 349 2520 409 Il.
3540 349 3618 415 90

358 452 601 524 germani
653 452 849 511 merito
883 454 1188 526 fratresque
1241 455 1577 514 dicerentur.
1610 459 1796 531 Itaque
1829 476 1922 517 co-
1952 464 2000 519 Α
2030 462 2430 529 beatissimum,
2480 474 2783 536 contraque
2843 465 2965 537 ejus
3013 466 3304 523 duodecim
3353 470 3617 538 capitula,

360 555 577 616 geritur,
629 546 723 617 qui
783 555 838 603 et
885 547 1107 613 Filium,
1144 560 1196 604 et
1250 550 1539 620 Spiritum,
1573 567 1639 607 ex
1692 553 1831 617 solo,
1878 565 1932 608 et

359 638 672 694 immediate
712 655 779 693 ex
813 639 973 695 Patre
1006 641 1198 697 ambos
1227 641 1439 707 dicunt,
1472 644 1611 699 duos
1660 645 1714 699 in
1751 644 1933 699 Triui-

367 741 474 786 tate
505 730 700 788 fratres
731 732 999 800 conﬁteri,
1031 734 1251 805 duoque
1279 752 1344 791 cx
1378 752 1487 792 uno
1517 738 1693 794 divisa
1724 738 1929 793 intelli-

362 840 489 893 gere
521 840 536 877 :
572 835 630 877 ut
674 839 849 893 neque
900 840 1115 880 summa
1151 828 1745 886 consubstantialitatis
1794 831 1933 885 ratio

363 916 639 980 reddatur,
664 925 828 986 atque
853 932 959 971 una
989 919 1123 973 ordo
1154 920 1243 974 ille
1271 922 1577 989 personalis
1606 922 1672 977 ad
1700 922 1929 979 invicem

366 1008 591 1064 onmino
641 1009 958 1076 auferatur;
1022 1012 1296 1083 simulque
1360 1013 1607 1071 Trinitas
1659 1032 1768 1072 non
1828 1018 1936 1072 erit

372 1100 532 1156 Deus.
565 1100 666 1156 Sed
697 1101 797 1157 ista
830 1116 956 1158 sunt
999 1105 1416 1173 absurdissima,
1466 1117 1522 1163 et
1568 1106 1699 1164 illud
1753 1111 1935 1177 itaque

365 1192 681 1258 absurdum,
706 1197 854 1265 quod
901 1197 1004 1252 ista
1035 1200 1353 1255 necessario
1379 1199 1652 1271 sequitur.

438 1303 617 1372 Neque
664 1321 793 1360 vero
842 1307 1080 1363 absurda
1140 1319 1348 1390 tantum
1406 1315 1712 1379 sunt,-sed
1766 1322 1932 1370 etiam

370 1394 746 1462 impossibilia,
799 1399 1075 1456 stantibus
1122 1401 1298 1457 initiis
1342 1402 1487 1468 ﬁdei,
1538 1398 1937 1476 doctorumque

372 1486 652 1540 sententiis
707 1502 936 1556 prorsus
988 1490 1405 1549 obsistentibus.
1468 1495 1694 1551 Addens
1751 1506 1934 1552 autem

371 1587 594 1634 sanctus
646 1579 732 1634 vir
787 1582 1040 1638 essentia;
1098 1583 1475 1653 identitatem,
1553 1588 1808 1658 quoniam
1868 1605 1938 1645 ex

372 1669 532 1725 Patre
592 1669 759 1727 Filius
820 1674 910 1739 sit,
978 1677 1239 1743 ostendit,
1303 1680 1936 1745 consubstatialitatem

374 1761 517 1818 Patri
558 1770 611 1819 et
653 1764 794 1822 Filio
820 1766 1036 1835 adesse,
1068 1780 1355 1841 propterea
1387 1773 1534 1842 quod
1567 1785 1716 1830 esset
1765 1773 1940 1831 Filius
1970 1796 2011 1848 Β

370 1872 438 1911 ex
468 1857 647 1913 Patre.
679 1858 832 1915 Unde
860 1871 1078 1917 constat
1107 1864 1159 1918 in
1187 1864 1387 1922 divinis
1419 1868 1665 1933 personis
1694 1867 1936 1925 consub-

371 1948 624 2004 stantiale
656 1949 708 2002 in
758 1963 924 2006 causa
955 1962 1009 2006 et
1038 1953 1244 2008 causali
1271 1957 1518 2025 conspici
1556 1977 1570 2014 :
1605 1973 1715 2013 non
1752 1967 1937 2015 autem

372 2055 404 2094 e
429 2048 639 2105 contra,
657 2040 869 2098 etiamsi
899 2044 1306 2117 coniungantur
1330 2049 1590 2115 invicem,
1617 2051 1778 2107 sicuti
1811 2060 1941 2108 ante

372 2133 590 2195 causale
619 2148 782 2189 causa
816 2136 1110 2205 cogitatur.
1154 2138 1276 2193 Non
1308 2153 1439 2209 ergo
1470 2138 1642 2195 Filius
1672 2150 1727 2196 et
1767 2140 1940 2211 Spiri-

375 2235 466 2281 tus
500 2227 605 2281 sibi
651 2227 881 2282 invicem
911 2237 1094 2285 essent
1128 2232 1642 2299 consubstantialia,
1673 2235 1780 2289 nisi
1815 2236 1941 2289 alte-

374 2336 495 2374 rum
515 2330 658 2375 esset
686 2335 748 2375 ex
781 2322 973 2387 altero,
995 2324 1234 2380 maxime
1267 2325 1397 2395 quia
1433 2325 1599 2380 etiam
1635 2329 1938 2382 secundum

375 2413 835 2467 consulistantialo
885 2429 1054 2468 unum
1109 2430 1233 2470 cum
1275 2416 1412 2481 sint,
1472 2417 1619 2471 nulla
1681 2418 1941 2475 discretio

380 2504 714 2573 inspiciatur,
747 2506 853 2564 nisi
898 2508 1169 2578 praecedat
1221 2509 1434 2575 relatio,
1468 2526 1590 2581 qua:
1632 2514 1938 2568 secundum

388 2610 595 2660 causam
620 2607 724 2654 εει.

451 2711 523 2766 Ex
579 2713 661 2768 bis
696 2723 877 2770 autem
910 2729 1033 2783 quae
1062 2716 1267 2787 scripta
1314 2725 1462 2783 sunt,
1495 2727 1730 2785 constat,
1760 2727 1817 2774 et
1845 2734 1943 2774 eos

378 2801 471 2869 qui
532 2806 597 2856 de
653 2806 873 2875 scriptis
932 2805 1249 2863 Theodoriti
1311 2818 1500 2864 contra
1561 2793 1941 2864 beatissimum

376 2892 633 2964 Cyrillum
674 2900 984 2965 opinionem
1020 2916 1177 2955 suam
1224 2910 1472 2958 astruere
1504 2899 1779 2967 nituntur,
1820 2916 1945 2958 san-

380 3003 592 3044 ctorum
616 2991 829 3046 Patrum
861 2994 1223 3049 intentionem
1248 2994 1781 3065 intelligentiamque
1832 3010 1939 3049 non

380 3084 619 3151 assequi.
660 3083 753 3139 llle
777 3086 921 3138 enim
948 3085 1014 3140 de
1040 3094 1231 3142 sancto
1265 3085 1470 3159 Cyrillo
1500 3087 1640 3141 dixit
1676 3105 1691 3142 :
1727 3106 1746 3140 ‹
1781 3085 1938 3154 Quod
1968 3122 2016 3184 ο

378 3176 422 3231 si
457 3175 601 3230 dicat
655 3175 918 3245 Spiritum
953 3193 1076 3233 esse
1128 3179 1412 3248 proprium
1460 3177 1608 3242 Filii,
1659 3178 1816 3249 quasi
1873 3194 1941 3233 ex

382 3265 538 3333 Filio,
569 3268 647 3323 vel
674 3282 772 3336 per
803 3262 1001 3323 Filium
1036 3269 1399 3324 substantiam
1434 3270 1747 3333 habentem,
1783 3271 1942 3341 quasi

380 3359 748 3427 blasphemum
787 3371 840 3415 et
894 3361 1119 3428 impium
1151 3361 1493 3430 abjiciemus.
1524 3381 1542 3413 ι
1586 3361 1733 3416 Dixit
1760 3372 1942 3419 autem

379 3450 632 3522 Cyrillus,
664 3464 722 3506 ut
755 3469 820 3507 ex
855 3452 1237 3522 superioribus
1293 3463 1460 3522 patet,
1499 3455 1780 3524 proprium
1821 3456 1944 3510 Filii

381 3544 641 3616 Spiritum
676 3555 732 3599 et
769 3544 820 3599 in
874 3549 1013 3613 ipso,
1071 3557 1124 3600 et
1156 3562 1219 3600 ex
1260 3546 1379 3614 ipso
1410 3562 1549 3610 csse,
1587 3548 1941 3616 quemadmov

378 3639 508 3695 dum
538 3647 591 3693 et
622 3637 674 3692 in
719 3637 838 3707 ipso
877 3639 1007 3703 Deo,
1039 3648 1092 3693 et
1137 3640 1189 3692 in
1224 3638 1382 3693 Patre
1420 3654 1542 3695 esse
1592 3640 1945 3711 intelligitur;

376 3740 432 3786 et
468 3730 608 3786 sicut
636 3730 910 3800 proprium
944 3730 1139 3799 ipsius,
1167 3744 1264 3799 per
1289 3746 1412 3785 eum
1448 3732 1748 3799 procedere
1788 3718 1945 3787 natu-

377 3806 563 3878 raliter
585 3821 734 3877 dixit.
767 3821 894 3877 Ideo
952 3829 1007 3877 et
1050 3837 1171 3892 qua
1201 3821 1322 3890 ejus
1350 3832 1478 3878 sunt
1526 3823 1773 3893 accipere
1808 3826 1945 3879 dici-

378 3924 489 3980 tur,
536 3928 711 3984 neque
742 3912 1010 3969 serviliter
1041 3913 1278 3968 alienum
1312 3914 1614 3969 immittere
1658 3914 1944 3986 Spiritum,

379 4007 472 4062 sed
510 4021 654 4072 eum,
687 4005 779 4076 qui
817 4020 883 4060 ex
922 4020 987 4060 eo
1016 4006 1378 4075 propriusque
1406 4005 1527 4075 eius
1557 4015 1661 4062 est.

449 4141 514 4197 Et
569 4143 676 4198 alio
707 4142 760 4196 iu
789 4142 932 4207 loco,
977 4142 1335 4211 proﬂuentem
1392 4158 1455 4199 ex
1514 4143 1626 4199 Deo
1657 4142 1817 4198 Patre
1851 4160 1948 4215 per

381 4235 573 4291 Filium
601 4236 919 4290 naturaliter
947 4234 1212 4306 Spiritum
1239 4248 1488 4292 sanctum
1514 4237 1677 4292 veluti
1701 4238 1752 4290 in
1777 4238 1945 4307 ﬁgura

384 4326 752 4395 respirationis
781 4326 893 4381 oris
942 4327 1141 4389 nostri,
1194 4327 1473 4397 protiriam
1509 4328 1670 4383 nobis
1703 4329 1947 4383 indicare

380 4417 732 4473 substantiam
766 4418 970 4483 docuit.
1032 4417 1155 4473 llaec
1205 4427 1386 4472 autem
1436 4429 1621 4489 aperte
1670 4422 1945 4476 contraria

380 4518 544 4572 sunt;
583 4524 756 4576 neque
796 4508 1129 4563 erubescunt
1175 4508 1570 4565 Theodoritum
1628 4510 1945 4565 lucretioqu

378 4600 687 4663 hominem,
740 4609 903 4669 atque
960 4601 1012 4655 in
1079 4602 1429 4673 dogmatibus
1495 4613 1684 4657 sancto
1747 4603 1947 4674 Cyrillo

380 4692 749 4759 adversarium
817 4692 871 4746 in
920 4708 1103 4748 causae
1156 4708 1271 4748 sua!
1323 4693 1690 4764 patrocinium
1754 4705 1947 4749 contra

378 4793 627 4838 sanctum
659 4784 834 4838 virum
869 4794 1061 4839 testem
1113 4784 1384 4854 proferre.
1414 4784 1571 4853 Quod
1603 4786 1749 4840 enim
1773 4786 1947 4841 luere-

380 4874 521 4928 ticus
554 4874 839 4929 homo-ille
866 4873 1048 4934 fuerit.
1079 4886 1244 4946 atque
1274 4876 1534 4932 Ecclesia:
1563 4888 1731 4945 septis
1761 4877 1950 4947 repul-

377 4982 493 5031 sus,
531 4967 746 5035 publica
790 4977 940 5037 gesta
971 4978 1265 5024 testantur.
1322 4969 1525 5043 Sancta
1573 4970 1722 5023 enim
1759 4970 1948 5039 quinta

379 5059 709 5114 universalis
742 5060 983 5130 synodus
1013 5061 1066 5115 in
1108 5077 1228 5132 cap.
1256 5063 1322 5117 15
1351 5062 1422 5116 ita
1466 5059 1721 5115 deﬁnivit
1775 5079 1789 5115 :
1832 5079 1848 5111 ι
1889 5059 1949 5114 Si

376 5149 501 5217 quis
538 5150 687 5221 impii
725 5149 1045 5207 Theodoriti
1080 5154 1305 5222 scriptis
1338 5152 1556 5218 laverit,
1598 5168 1720 5223 (iure
1755 5161 1945 5206 contra

378 5241 535 5296 ﬁdem
598 5252 799 5298 rectam
865 5255 918 5301 et
977 5246 1278 5318 Cyrillum,
1340 5245 1745 5316 duodecimque
1801 5244 1947 5299 illius

377 5334 634 5402 capitula,
684 5336 882 5405 quibus
930 5338 1046 5407 ipse
1098 5340 1313 5401 eadem,
1343 5352 1465 5407 quae
1498 5336 1820 5391 Theodorus
1885 5351 1950 5392 ac

379 5424 656 5484 Nestorius
728 5430 967 5498 praedicti
1024 5433 1262 5487 sensisse
1331 5429 1798 5500 deprehenditur,
1859 5443 1954 5484 eos

378 5516 704 5588 illorumque
765 5522 1101 5590 impietatem
1158 5522 1381 5585 fovens,
1450 5536 1625 5591 neque
1689 5518 1949 5591 praedicta

380 5608 541 5678 impia
602 5615 804 5681 scripta
863 5614 1428 5680 anathematizaverit,
1489 5623 1653 5682 atque
1689 5627 1794 5666 una
1853 5626 1950 5667 eos

378 5701 469 5769 qui
532 5703 659 5758 talia
726 5716 1020 5763 senserunt
1081 5716 1138 5762 et
1201 5709 1467 5774 sentiunt,
1523 5715 1577 5760 ct
1625 5719 1818 5759 omnes
1853 5703 1946 5773 qui

380 5794 715 5867 scripserunt
779 5810 967 5853 contra
1036 5808 1236 5855 rectam
1313 5803 1501 5864 ﬁdem,
1569 5797 1944 5870 Cyrillumqui-

2034 565 2089 611 et
2118 557 2172 610 in
2216 558 2307 612 tali
2340 558 2618 628 impietate
2644 561 2846 615 mortui
2878 572 3030 624 sunt,
3057 560 3349 615 anathema
3381 563 3470 617 sit.
3515 582 3533 614 ι

2109 648 2309 703 Sancta
2336 665 2469 704 vero
2498 659 2552 703 et
2578 651 2906 707 universalis
2933 661 3088 707 sexta
3116 655 3361 723 synodus
3386 654 3440 707 in
3471 669 3619 709 nono

2035 740 2275 809 capitulo
2303 750 2582 810 gestorum
2619 757 2849 798 suorum
2883 743 2955 797 ita
2985 743 3231 798 deﬁnivit
3275 760 3291 798 :
3339 763 3357 795 ε
3401 742 3458 798 Si
3495 744 3620 811 quis

2038 848 2144 885 non
2172 833 2599 888 anathematizat
2624 834 2943 890 Tlteodoriti
2975 844 3167 889 contra
3221 845 3428 889 rectam
3460 836 3619 889 ﬁdem

2035 936 2090 979 et
2125 934 2372 979 sanctum
2434 924 2697 994 Cyrillum
2754 925 2983 995 scripta,
3046 934 3103 979 et
3140 923 3437 995 Epistulam
3497 940 3621 995 quae

2038 1019 2240 1074 dicitur
2284 1020 2397 1079 lha.
2433 1027 2488 1073 et
2523 1017 2870 1073 Theodorum
2916 1017 3366 1087 Mopsuestenum
3403 1017 3623 1085 episco-

2037 1126 2190 1181 pum,
2242 1118 2299 1163 et
2358 1111 2563 1181 scripta
2617 1110 2776 1180 ejus;
2847 1117 2901 1164 et
2947 1110 2992 1164 si
3050 1110 3176 1179 quis
3227 1126 3334 1164 non
3391 1109 3623 1178 suscipit

2038 1204 2306 1273 opuscula
2342 1203 2517 1272 ipsius
2562 1205 2739 1259 sancti
2788 1201 2999 1273 Cyrilli,
3029 1211 3087 1255 et
3139 1202 3381 1256 maxime
3430 1211 3621 1256 contra

2048 1294 2411 1360 t‘heodorum,
2481 1303 2537 1349 et
2586 1294 2884 1358 Andream,
2936 1303 2992 1349 et
3041 1293 3377 1360 Nestorium,
3421 1309 3624 1365 eosque

2039 1388 2132 1456 qui
2174 1387 2285 1443 illis
2311 1388 2399 1441 vel
2429 1387 2522 1441 uni
2549 1402 2743 1443 eorum
2784 1389 2987 1443 similia
3022 1401 3313 1443 senserunt
3370 1399 3465 1442 aut
3499 1402 3623 1442 sena

2041 1479 2202 1544 tiunt,
2233 1480 2523 1534 anathema
2549 1480 2641 1536 sit.
2674 1498 2693 1531 ι

2112 1570 2312 1626 Eadem
2367 1570 2482 1628 fere
2533 1578 2586 1627 et
2638 1582 2834 1642 quarta
2885 1581 2942 1626 et
3006 1573 3239 1643 septima
3296 1568 3622 1625 universalis

2041 1664 2282 1735 synodus
2311 1666 2619 1720 continent.
2678 1666 2743 1718 Et
2794 1665 2995 1720 mirum
3047 1680 3202 1730 sane,
3245 1663 3390 1733 quod
3429 1662 3624 1730 hujus-

2044 1754 2189 1807 modi
2222 1756 2591 1823 patrocinium
2625 1756 2710 1811 isti
2743 1772 2808 1811 ex
2841 1756 2922 1811 eis
2955 1756 3301 1826 potissimum
3331 1753 3623 1810 duodecim

2043 1847 2354 1903 Theodoriti
2408 1849 2664 1918 capitulis
2711 1849 3089 1914 consciscunt,
3158 1863 3280 1916 qua».
3332 1856 3521 1916 aperte
3569 1853 3625 1900 et

2041 1940 2323 1996 nominate
2377 1957 2407 1995 a
2450 1941 2656 1996 sanctis
2708 1942 2929 2013 synodis
2985 1940 3324 1997 anathemati
3378 1938 3624 2008 subjecta

2042 2041 2193 2087 sunt.
2232 2031 2365 2098 Quae
2410 2033 2556 2087 cnim
2607 2032 2768 2088 divus
2798 2032 3037 2102 Cyrillus
3067 2042 3258 2110 contra
3305 2030 3620 2087 Nestorium

2043 2125 2326 2179 duodecim
2378 2125 2639 2194 capitulis
2693 2126 3048 2194 conscripsit,
3114 2125 3196 2181 eis
3254 2124 3626 2180 Theodoritus

2043 2217 2266 2273 totidem
2319 2216 2570 2286 capitulis
2616 2217 2997 2272 contradicere
3033 2218 3408 2286 praesumpsit.
3444 2217 3624 2283 Atque

2044 2310 2098 2364 in
2138 2324 2284 2364 nono
2312 2309 2591 2378 proprium
2628 2308 2750 2363 Filii
2784 2295 3050 2378 Spiritum
3075 2306 3284 2378 C'yrillo
3314 2299 3623 2369 asserente.

2046 2403 2137 2456 εειε
2185 2403 2240 2456 in
2304 2416 2450 2456 nono
2506 2415 2608 2456 suo
2662 2400 2869 2456 dictum
2924 2399 3056 2454 illud
3098 2400 3328 2454 evomit.
3383 2399 3516 2466 Imo,
3569 2407 3630 2454 ut

2044 2494 2290 2565 apertius
2324 2492 2427 2548 viii
2479 2493 2653 2548 sancti
2711 2492 3020 2547 innotescat
3065 2491 3320 2558 intentio,
3355 2491 3470 2562 ipsa
3507 2490 3628 2562 eius

2047 2586 2210 2641 verba
2240 2597 2633 2654 apponamus.

2048 2697 2132 2754 Ea:
2164 2697 2446 2752 duodecim
2479 2695 2728 2764 capitulis
2755 2708 2944 2749 contra
2974 2695 3281 2749 hwreticum
3317 2692 3627 2747 Nestorium

2223 2787 2253 2821 α
2292 2766 2353 2823 S.
2386 2766 2589 2838 Cyrillo
2617 2767 2831 2836 scriptis
2854 2806 2869 2831 ,
2906 2765 3199 2835 capitulum
3226 2781 3448 2818 nonum.

2122 2902 2141 2933 c
2183 2881 2240 2937 Si
2285 2882 2428 2952 quis,
2476 2881 2680 2950 inquit,
2715 2895 2884 2934 unum
2918 2878 3209 2934 Dominum
3251 2878 3439 2933 Jesum
3471 2873 3627 2932 Chri-

2046 2982 2190 3030 stum
2227 2991 2257 3030 a
2306 2982 2500 3029 sancto
2556 2972 2761 3043 Spiritu
2822 2972 3186 3028 clariticatnm
3242 2984 3387 3033 esse,
3427 2970 3630 3023 virtute

2047 3082 2146 3123 sua
2197 3067 2390 3135 ipsius,
2430 3064 2591 3136 quasi
2647 3067 2827 3120 aliena
2864 3073 3136 3130 utentem,
3174 3073 3339 3131 atque
3387 3062 3456 3115 ah
3508 3061 3629 3126 ipso

2045 3160 2344 3229 accepisse,
2403 3167 2460 3213 nt
2523 3167 2714 3214 contra
2774 3156 3087 3211 immundos
3148 3153 3382 3223 spiritus
3446 3161 3632 3220 posset

2045 3250 2285 3321 operari.
2332 3250 2628 3318 divinaque
2679 3249 2733 3302 in
2772 3246 3090 3301 hominibus
3120 3245 3275 3312 signa
3323 3243 3626 3310 perﬁcere;

2044 3359 2110 3397 ac
2140 3358 2248 3397 non
2282 3341 2455 3409 magis
2503 3341 2785 3408 preprium
2815 3339 2990 3408 ipsius
3021 3336 3288 3407 Spiritum
3321 3334 3493 3398 dicit,
3533 3348 3631 3400 per

2045 3450 2208 3506 quem
2255 3433 2437 3488 divina
2479 3432 2807 3486 mortalibus
2854 3431 3008 3501 signa
3042 3426 3455 3493 monstraverit,
3488 3439 3628 3480 ana-

2049 3528 2233 3581 thema
2263 3526 2357 3582 sit.
2393 3542 2412 3576 ι

2053 3637 2354 3694 υεειαναιὶο
2382 3636 2644 3705 ejusdem
2699 3633 2922 3703 capituli
2956 3632 3012 3686 in
3063 3630 3269 3699 Epheso
3318 3629 3530 3705 habito,
3566 3631 3630 3681 ab

2117 3710 2299 3763 eodem
2329 3706 2393 3762 Β.
2431 3701 2666 3776 ’συνειιω
2715 3701 2835 3758 cum
2867 3720 2988 3758 eum
3020 3719 3179 3776 sacro
3207 3701 3450 3776 synodus
3482 3714 3634 3776 oras-

2117 3790 2219 3843 set,
2254 3787 2310 3832 ut
2342 3778 2419 3832 eis
2456 3765 2691 3843 a'pertius
2737 3782 3048 3845 exponeret,
3088 3772 3217 3842 quid
3243 3765 3345 3823 Sibi
3390 3770 3495 3823 ista
3528 3765 3634 3822 vel-

2119 3850 2249 3903 lent.
3412 3876 3415 3881 -

2124 3984 2143 4017 ι
2173 3962 2373 4024 Homo,
2404 3960 2604 4029 inquit,
2630 3959 2805 4014 factus
2836 3956 2927 4012 Dei
2974 3954 3292 4025 unigenitus
3317 3952 3513 4019 Filius,
3550 3953 3634 4007 sic

2055 4060 2223 4114 etiam
2290 4053 2595 4127 permansit
2647 4049 2792 4107 Deus
2834 4048 3018 4104 omnia
3071 4048 3345 4104 exsistens
3411 4061 3532 4116 quae
3581 4056 3636 4101 ct

2050 4153 2233 4216 Pater,
2283 4155 2479 4220 praeter
2531 4145 2733 4210 solum,
2776 4144 2996 4198 Patrem
3051 4155 3194 4203 esse,
3234 4140 3635 4210 propriumque

2049 4244 2258 4298 habens
2283 4254 2348 4295 ex
2397 4240 2584 4308 seipso
2633 4235 3017 4306 prodeuntem,
3074 4243 3238 4303 atque
3264 4233 3635 4293 essentialitcr

2049 4335 2151 4391 sibi
2185 4332 2490 4404 ingenitum
2524 4327 2789 4399 Spiritum
2834 4336 3112 4393 sanctum,
3145 4326 3331 4383 divina
3381 4328 3633 4397 patrahat

2052 4426 2228 4495 signa.
2260 4423 2450 4491 Itaque
2480 4431 2533 4475 et
2573 4421 2739 4474 homo
2766 4418 2966 4483 factus,
3000 4422 3082 4474 sic
3114 4431 3335 4488 quoque
3367 4432 3634 4487 perman-

2056 4514 2128 4567 sit
2162 4501 2390 4566 Deus.»
2444 4508 2674 4577 Propria
2737 4507 2903 4576 igitur
2954 4507 3156 4560 virtute
3212 4520 3308 4574 per
3367 4503 3633 4574 Spiritum

2063 4624 2079 4656 ι
2118 4602 2356 4659 faciebat
2387 4580 2683 4654 mirabilia.
2718 4596 2822 4663 Qui
2853 4606 3035 4651 autem
3065 4597 3276 4660 dicunt,
3316 4609 3442 4649 eum
3476 4594 3631 4663 quasi

2058 4710 2225 4749 unum
2255 4708 2319 4748 ex
2354 4690 2516 4746 nobis
2550 4687 2829 4744 hominem
2866 4696 3118 4740 sanctum
3148 4683 3434 4738 cﬁicientia
3464 4683 3637 4755 Spiri-

2056 4793 2167 4854 tus,
2219 4799 2327 4839 non
2403 4792 2461 4836 ut
2515 4779 2731 4851 propria
2792 4776 2988 4846 magis,
3038 4775 3133 4830 sed
3192 4784 3252 4829 ut
3301 4774 3476 4830 aliena
3536 4788 3635 4830 nec

2056 4881 2238 4936 divina
2277 4884 2545 4935 utentem,
2577 4880 2631 4926 ct
2665 4871 2830 4926 veluti
2867 4870 2921 4924 in
2967 4881 3119 4940 parte
3149 4868 3339 4940 gratiae
3365 4884 3394 4922 a
3424 4866 3633 4938 Spiritu

2056 4967 2454 5038 accipientem,
2521 4975 2810 5016 ascensum
2881 4958 2948 5014 ad
3003 4958 3210 5025 caelos,
3269 4956 3638 5010 anathematis

2058 5061 2257 5116 merito
2316 5055 2606 5113 sententiae
2663 5053 2988 5109 subdentur.
3028 5071 3046 5103 ι
3094 5052 3205 5107 Sed
3262 5051 3407 5114 enim
3462 5049 3640 5120 ipsius

2057 5168 2278 5226 quoque
2341 5148 2661 5205 'l‘lieodoriti
2723 5147 2932 5201 dictum
3001 5146 3129 5200 illud
3194 5159 3428 5214 arguens
3491 5143 3634 5197 ait:

2062 5267 2080 5300 ι
2114 5245 2383 5314 Quoniam
2408 5254 2541 5297 vero
2571 5239 2858 5296 Nestorius
2889 5238 3063 5293 aliena
3100 5240 3298 5292 virtute
3325 5250 3485 5291 usum
3513 5247 3638 5290 esse
3702 5246 3707 5250 ·

2054 5341 2363 5400 Christum,
2394 5337 2541 5393 sicut
2572 5333 2734 5391 etiam
2767 5340 3083 5387 sanctorum
3121 5330 3349 5402 singuli,
3395 5328 3634 5385 dicebat,

2054 5434 2259 5487 idcirco
2282 5429 2564 5500 preprium
2601 5425 2721 5480 Filii
2752 5424 2886 5478 dixi.
2922 5421 3051 5478 Erat
3077 5423 3246 5487 enim,
3270 5430 3324 5476 ct
3357 5427 3441 5475 est
3475 5418 3638 5473 istius

2059 5526 2321 5597 Spiritus,
2353 5518 2816 5594 quemadmodum
2868 5516 3084 5572 scilicet
3132 5526 3188 5572 et
3219 5514 3424 5572 Patris.
3460 5515 3639 5583 Atque

2062 5622 2169 5675 hoc
2198 5617 2357 5673 nobis
2387 5615 2632 5671 insinuat
2660 5611 2869 5667 Paulus
2921 5610 3204 5680 apostolus
3265 5608 3454 5663 dicens
3487 5625 3502 5663 :
3533 5607 3640 5672 Qui

2059 5717 2235 5763 autem
2267 5708 2323 5762 in
2350 5722 2509 5762 carne
2546 5715 2689 5773 sunt,
2724 5703 2833 5760 Deo
2862 5701 3071 5774 placere
3101 5716 3205 5753 non
3235 5707 3481 5767 possunt.
3536 5698 3638 5751 Vos

2057 5811 2234 5856 autem
2266 5818 2369 5856 non
2402 5801 2527 5855 estis
2559 5801 2611 5854 in
2641 5814 2819 5862 carne,
2883 5794 2975 5851 sed
2998 5794 3051 5847 in
3083 5792 3289 5861 Spiritu
3324 5809 3342 5847 :
3371 5790 3632 5862 siquidem
