4106 6438
537 354 601 416 91
1794 367 2190 426 lll.‘..\'-UEl.lS
2222 367 2524 426 CALECE
3706 369 3776 431 9"!

535 467 768 532 Spiritus
804 464 897 519 Dei
930 465 1134 519 habitat
1167 468 1220 519 iu
1255 468 1419 535 vobis.
1447 469 1506 525 Si
1546 472 1664 541 quis
1714 486 1889 527 autem
1924 473 2091 544 Spiri-
2124 480 2170 536 Α
2269 473 2640 544 Constatergo
2670 489 2732 529 ex
2754 473 3126 543 superioribus
3149 475 3535 530 Theodoritum
3569 477 3784 532 lueretu—

535 565 648 608 tum
681 555 876 611 Christi
905 571 1007 609 non
1037 556 1214 620 habet,
1246 559 1330 611 hic
1371 576 1472 613 non
1503 568 1579 614 est
1607 563 1717 631 ejus
1746 565 1808 615 ⁸⁸.
1839 565 2090 619 Procedit

534 647 679 698 enim
737 662 804 700 ex
859 646 969 702 Deo
1027 655 1081 702 et
1137 647 1297 702 Patre
1351 649 1588 718 Spiritus
1643 667 1891 720 sanctus,
1945 656 2095 724 juxta

536 732 836 788 Salvatoris
860 751 1066 789 vocem.
1094 739 1186 791 Est
1213 747 1391 792 autem
1424 756 1600 810 neque
1631 744 1839 800 alienus
1867 762 1892 798 a
1923 746 2095 814 Filio;

534 827 718 879 omnia
755 828 897 880 enim
937 829 1026 883 ille
1057 843 1178 884 cum
1211 828 1369 885 Patre
1403 833 1586 889 habet.
1623 856 1642 888 ι

611 919 684 968 lix
715 917 796 970 his
825 919 989 985 igitur
1013 922 1186 974 sancti
1213 921 1312 975 viri
1346 938 1498 978 mens
1526 925 1812 995 diligenter
1843 930 2098 984 intuenda

532 1019 638 1071 est,
668 1017 833 1077 utque
866 1009 958 1063 ille
991 1011 1258 1066 intellexit
1287 1018 1567 1084 proprium
1601 1033 1720 1074 esse
1761 1020 1884 1076 Filii
1927 1022 2101 1093 Spiri-

535 1109 650 1152 tum
711 1110 992 1167 sanctum;
1048 1104 1173 1172 quis
1226 1107 1372 1160 enim
1421 1112 1761 1166 commodior
1817 1124 1870 1168 et
1927 1118 2102 1184 aptior

531 1192 820 1245 verborum
877 1208 1100 1248 suorum
1138 1196 1406 1264 interpres
1433 1215 1552 1256 esse
1581 1206 1775 1272 possit,
1812 1221 1972 1276 quam
2012 1209 2102 1264 ille

530 1280 666 1346 ipse,
697 1283 792 1348 qui
831 1284 1091 1351 scripsit?
1145 1284 1434 1356 Proprium
1479 1292 1651 1352 enim.
1710 1303 1768 1347 ut
1825 1298 2100 1365 propriam
2145 1284 2147 1288 ’

530 1367 654 1422 Filii
711 1373 990 1434 virtutem,
1038 1373 1175 1430 dixit
1223 1377 1484 1446 Spiritum
1542 1392 1815 1450 sanctum,
1865 1402 2097 1458 eumque

530 1475 630 1526 per
660 1460 832 1529 ipsam
871 1473 1155 1532 operatum
1192 1485 1205 1518 :
1244 1476 1408 1537 atque
1457 1471 1580 1525 ideo
1604 1476 1968 1530 essentialiter
2001 1479 2103 1547 ipsi

533 1549 778 1604 iunatmn
803 1551 995 1620 fuisse,
1024 1563 1190 1625 atque
1218 1571 1286 1610 ex
1321 1573 1387 1612 eo
1412 1576 1556 1625 esse,
1581 1565 1875 1634 omniaque
1903 1567 2105 1623 habere

535 1639 752 1706 Filium,
809 1661 931 1714 quae
965 1648 1127 1703 habet
1160 1648 1341 1712 Pater,
1393 1661 1590 1719 praeter
1641 1658 1840 1723 solum,
1889 1658 2102 1716 Patrem

531 1747 676 1786 esse.
708 1733 810 1788 Sed
844 1748 897 1791 et
929 1740 1199 1795 rationem
1231 1744 1464 1801 reddens
1510 1747 1635 1802 dicti
1670 1751 1775 1814 sui,
1809 1767 1930 1805 cum
1961 1753 2108 1809 dice—

531 1834 638 1889 ret,
693 1824 954 1894 Spiritum
987 1841 1233 1887 sanetum
1291 1835 1412 1890 Filii
1461 1855 1600 1902 esse,
1637 1841 1777 1895 sicut
1822 1852 1876 1896 et
1907 1844 2104 1913 Patris,

534 1931 713 1984 neque
765 1920 908 1973 enim
963 1937 1091 1977 esse
1150 1926 1218 1979 ab
1275 1942 1340 1980 eo
1393 1929 1652 1996 alienum,
1709 1935 1836 2003 quia
1896 1939 2109 1996 scilicet

533 2006 714 2063 Patris
743 2014 924 2067 omnia
961 2030 1084 2069 cum
1130 2015 1289 2072 Patre
1339 2019 1606 2077 haberet:
1651 2026 1851 2095 quippe
1882 2038 2106 2083 natura-

531 2099 664 2152 lium
695 2101 788 2156 Dei
845 2116 898 2158 et
935 2104 1112 2161 Patris
1146 2109 1410 2164 bonorum
1458 2113 1629 2168 haeres
1664 2115 1832 2171 Filius
1858 2135 1983 2172 cum
2013 2123 2106 2187 sit,

535 2187 699 2242 habet
726 2201 779 2244 et
827 2194 1113 2262 Spiritum,
1177 2201 1629 2266 quemadmodum
1663 2215 1716 2260 et
1746 2208 1798 2260 in
1846 2210 1962 2277 ipso
1997 2211 2106 2266 Deo

522 2289 584 2332 et
620 2281 776 2336 Patre
812 2283 1153 2356 intelligitur,
1183 2299 1378 2359 praeter
1415 2293 1593 2348 solum
1621 2295 1833 2352 Patrem
1867 2317 2010 2367 esse,
2047 2312 2106 2357 ut

528 2371 639 2427 alio
669 2375 718 2426 in
753 2375 873 2431 loco
910 2379 1007 2444 ait,
1043 2384 1284 2437 ostendit
1316 2401 1375 2439 se
1407 2388 1582 2457 magis
1618 2405 1956 2476 assev’erare,
1985 2410 2105 2463 quae

530 2462 585 2515 in
618 2479 760 2520 novo
808 2469 1051 2537 capitulo
1097 2474 1329 2538 dixerat,
1379 2492 1543 2545 quam
1581 2462 1870 2549 abnegare,
1929 2501 2107 2555 neque

530 2549 1185 2632 Thcodoritippinionem
1212 2566 1438 2622 omnino
1463 2569 1764 2638 suscipere,
1789 2580 1848 2626 ut
1871 2576 2107 2631 maxime

529 2646 921 2710 perniciosam.

601 2734 697 2790 Est
728 2752 859 2805 ergo
894 2739 1174 2809 indignum
1209 2757 1342 2800 sane
1381 2756 1434 2800 et
1456 2748 1890 2820 iniquissimum,
1923 2757 2106 2812 Theo-

531 2826 696 2880 doriti
728 2829 974 2898 proferre
1005 2835 1264 2903 capitula,
1297 2853 1417 2906 quae
1461 2841 1725 2898 oblivioni
1754 2861 2028 2917 perpetuae
2053 2863 2107 2908 et

533 2919 802 2976 oblationi
841 2925 1100 2980 tradenda
1135 2935 1242 2982 tota
1287 2931 1532 2999 synodus
1562 2935 1764 3000 sanxit,
1813 2939 2008 3012 hisque
2037 2947 2106 3001 de

535 3014 677 3066 beati
708 3013 895 3085 Cyrilli
943 3030 1121 3074 mente
1151 3021 1418 3078 indicare.
1450 3026 1640 3083 Pelius
1666 3042 1846 3085 autem
1895 3049 1958 3088 ex
1994 3037 2102 3104 bis,

2206 580 2328 618 cum
2366 563 2551 628 fuisse,
2590 575 2754 634 atque
2788 565 2841 618 in
2868 568 2951 620 his
2979 567 3216 620 maxime
3239 583 3359 636 qua:
3383 579 3572 621 contra
3596 567 3778 640 D.Cy-

2201 655 2382 708 rillum
2424 655 2666 723 scripsit.
2702 653 3020 722 Huiusmodi
3055 667 3235 710 autem
3261 657 3478 725 scriptis
3503 661 3568 713 ad
3603 673 3781 713 astru-

2200 747 2396 800 endam
2419 747 2664 800 veritatis
2710 748 2947 817 regulam
2973 749 3048 801 uti
3070 749 3290 802 minime
3316 752 3588 805 convenit.
3617 751 3783 805 Porro

2202 840 2246 892 si
2303 839 2426 907 quis
2483 853 2605 892 eum
2665 841 3006 908 postmodum
3058 841 3124 892 ah
3176 838 3417 896 Ecclesia
3471 854 3780 913 susceptum

2201 943 2322 984 esse
2370 929 2510 998 (52)
2555 931 2908 998 pmnitentem
2963 932 3128 994 dicat,
3183 932 3315 985 nihil
3367 935 3432 987 ad
3483 950 3620 990 rem.
3691 936 3780 989 Illa

2202 1021 2366 1085 enim,
2393 1025 2533 1073 unde
2559 1018 2872 1076 Theodoriti
2903 1023 3046 1076 dicta
3081 1022 3450 1090 proferuntur,
3470 1027 3536 1079 ab
3571 1028 3787 1080 univcr-

2204 1111 2410 1163 salibus
2439 1111 2659 1180 synodis
2683 1112 2939 1166 damnata
2972 1122 3122 1166 sunt.

2273 1198 2467 1268 Liquet
2507 1211 2685 1254 autem
2713 1210 2766 1256 et
2797 1203 2846 1254 id
2898 1203 3042 1270 quod
3071 1203 3282 1270 opinari
3319 1219 3490 1274 neque
3518 1221 3584 1262 ex
3625 1204 3783 1271 Filio,

2204 1303 2378 1359 neque
2397 1305 2490 1364 per
2518 1289 2709 1344 Filium
2741 1293 3003 1360 Spiritum
3031 1304 3278 1348 sanetum
3306 1296 3505 1350 habere
3529 1297 3787 1352 substan-

2207 1379 2359 1446 tiam,
2391 1371 2574 1448 opinio
2605 1381 2838 1436 Nestorii
2879 1393 3003 1446 est;
3041 1385 3127 1438 cui
3164 1385 3529 1440 Theodoritns
3549 1403 3778 1441 consors

2207 1467 2328 1533 fuit,
2358 1478 2414 1522 ut
2444 1486 2530 1526 res
2562 1471 2688 1538 ipsa:
2716 1480 3004 1528 testantur.
3042 1473 3111 1528 Et
3138 1475 3252 1544 ipse
3284 1488 3464 1530 autem
3500 1476 3783 1534 Nestorius

2207 1559 2260 1613 in
2282 1561 2528 1627 symbolo
2552 1562 2674 1616 ﬁdei
2706 1579 2816 1617 sua!
2837 1565 2906 1640 ita
2933 1567 3327 1633 pronuntiavit.
3368 1567 3520 1633 Quod
3555 1573 3598 1625 si
3628 1571 3790 1640 hujus

2207 1659 2367 1699 causa
2408 1660 2595 1730 apt‘te
2621 1665 2724 1704 non
2762 1635 3128 1721 insimulatur,
3162 1671 3266 1710 non
3301 1657 3352 1710 id
3385 1666 3512 1716 tunc
3551 1673 3670 1714 erat
3699 1677 3790 1730 sy-

2211 1740 2351 1793 nodo
2376 1745 2731 1810 propositum,
2757 1760 2930 1813 neque
2956 1748 3080 1801 inde
3107 1748 3326 1813 plurimi
3359 1749 3672 1803 scandalum
3700 1769 3794 1819 pa-

2213 1831 2508 1894 tiebantur,
2540 1849 2661 1887 cum
2695 1849 2724 1886 a
2757 1834 3005 1903 plurimis
3032 1853 3098 1890 ne
3120 1849 3510 1908 agnosceretur
3543 1843 3792 1909 quidem,

2208 1935 2385 1991 neque
2438 1921 2646 1978 idcirco
2682 1926 2923 1994 synodus
2977 1927 3206 1982 collecta
3257 1940 3425 1983 esset.
3475 1929 3592 1984 Etsi
3641 1933 3792 1986 enim

2207 2022 2325 2067 erat
2365 2023 2648 2081 peccatum
2687 2033 2749 2071 ac
2805 2019 3148 2073 mendacium
3195 2022 3444 2076 deterius
3486 2033 3542 2076 et
3590 2025 3796 2093 majus,
3883 2075 3887 2078 .

2206 2104 2352 2157 circa
2385 2105 2750 2169 divinitatem,
2783 2124 2948 2176 quam
2981 2111 3124 2164 circa
3172 2113 3526 2168 humanitatis
3573 2115 3801 2183 dispen-

2207 2194 2499 2256 sationem,
2535 2196 2878 2265 blasphemiae
2902 2198 3054 2252 frena
3077 2202 3261 2255 laxare
3284 2219 3299 2266 ;
3325 2205 3463 2258 ratio
3481 2215 3661 2260 tamen
3720 2209 3803 2261 in-

2209 2298 2360 2336 Curti:
2379 2287 2575 2338 tionem
2603 2296 2727 2342 tunc
2745 2290 2917 2356 magis
2939 2292 3182 2361 urgebat.
3208 2292 3623 2350 Periclitabatur
3647 2300 3798 2352 enitr.

2211 2385 2336 2428 tunc
2367 2375 2497 2429 ﬁdes
2525 2416 2538 2438 ,
2570 2393 2692 2432 eum
2746 2395 2921 2449 neque
2950 2379 3188 2438 Verbum
3220 2388 3527 2455 suscepisse
3551 2403 3798 2454 carnem,

2208 2482 2382 2535 neque
2412 2468 2577 2522 Deum
2611 2469 2886 2526 hominem
2914 2474 3116 2529 factum
3146 2477 3314 2532 fuisse
3337 2479 3552 2546 plurimi
3587 2497 3802 2537 assere-

2211 2568 2350 2623 rent,
2383 2573 2898 2633 sacramentumque
2925 2569 3363 2637 dispensationis,
3401 2572 3451 2624 in
3485 2588 3594 2640 quo
3636 2574 3800 2628 Clui-

2208 2651 2508 2707 stianorum
2538 2653 2683 2710 salus
2715 2663 2819 2722 est,
2846 2671 3044 2713 nomen
3082 2662 3286 2728 potius,
3341 2677 3506 2740 quam
3545 2679 3629 2719 res
3670 2679 3802 2720 esse

2211 2746 2511 2807 videretur,
2560 2762 2736 2816 neque
2762 2763 2897 2828 sane
2946 2762 3311 2819 opportunmn
3367 2764 3504 2816 erat.
3554 2758 3796 2822 omisso,

2211 2847 2432 2904 propter
2449 2838 2591 2905 quod
2617 2850 3008 2908 convenerant,
3034 2851 3088 2898 et
3107 2855 3329 2913 prepter
3354 2849 3491 2914 quod
3522 2849 3802 2916 periclita-

2213 2932 2371 2983 batur
2409 2931 2674 2997 Ecclesia,
2701 2935 2766 2987 de
2805 2932 2891 2989 his
2923 2950 3042 3003 quae
3089 2937 3223 2990 nihil
3289 2941 3555 3012 urgepant
3583 2980 3598 3006 ,
3630 2945 3800 2997 verba

2211 3036 2449 3091 movere,
2494 3039 2614 3078 cum
2661 3027 2980 3094 principalis
3023 3031 3256 3097 quaestio
3309 3031 3476 3084 multo
3553 3042 3802 3101 tempore

533 3121 649 3170 qum
698 3107 935 3175 scipsum
979 3127 1282 3181 exponens,
1345 3118 1446 3182 ait,
1507 3134 1737 3192 qumque
1769 3125 1896 3182 alibi
1939 3129 2110 3198 ριηη,
2137 3134 2178 3189 C
2217 3115 2510 3184 multisque
2541 3119 2902 3184 sermonibus,
2937 3122 3796 3193 utenodariposset,iudigeret:

535 3198 639 3251 mis
675 3197 727 3249 iu
778 3198 916 3254 locis
969 3205 1214 3272 scripsit,
1263 3224 1418 3264 mens
1473 3214 1593 3281 ejus
1641 3197 1947 3288 colligenda
2001 3232 2106 3278 est.

532 3285 608 3338 Ex
643 3289 849 3355 quibus
873 3293 1114 3360 proiecto
1149 3298 1497 3356 manifestum
1529 3285 1838 3376 legentibus
1872 3314 1954 3376 lit,
1983 3330 2105 3369 cum

531 3395 749 3448 semper
795 3389 1096 3453 proprium,
1149 3393 1294 3457 quod
1344 3393 1498 3460 dixit,
1561 3407 1656 3453 aut
1715 3414 1821 3455 non
1869 3405 2106 3461 alienum

530 3485 656 3524 esse
711 3489 740 3526 a
774 3474 910 3529 Filio
963 3476 1247 3546 Spiritum.
1286 3500 1383 3551 pro
1419 3501 1485 3539 eo
1517 3493 1661 3556 quod
1721 3503 1823 3557 est,
1869 3510 1932 3548 ex
1969 3495 2108 3552 Filio

531 3576 654 3617 esse
681 3563 966 3631 Spiritum,
999 3569 1365 3635 intellexisse:
1401 3577 1544 3632 sicul
1566 3581 1740 3640 etiam.
1758 3601 1821 3637 ex
1856 3591 2105 3655 superio-

531 3652 684 3708 ribus
723 3659 1005 3713 manifeste
1031 3663 1472 3731 deprehenditur.
1497 3669 1763 3742 Quodque
1797 3678 2106 3738 mirabilius

527 3755 631 3806 est.
656 3763 780 3800 cum
807 3749 1169 3808 Theodoritus
1203 3769 1450 3814 sanctum
1474 3761 1740 3832 Cyrillum
1777 3771 2102 3836 quihusdam

525 3839 771 3904 epistolis
806 3843 1152 3910 insimulatis,
1192 3849 1399 3905 diceret
1433 3865 1686 3910 sanctum
1717 3861 1896 3916 virum
1939 3870 2105 3923 omis-

529 3929 628 3992 sis,
668 3946 790 3996 quze
837 3944 1025 3988 contra
1060 3937 1370 3994 Nestorium
1407 3943 1616 4000 dixerat
1662 3963 1726 4003 ac
1783 3952 2101 4022 scripse'at,

528 4019 634 4086 ipsi
665 4019 1001 4079 Theodorito
1045 4032 1375 4086 concordem
1427 4035 1681 4091 effectum
1730 4055 1872 4102 esse,
1898 4019 2105 4115 easque

526 4112 786 4179 epistolas
818 4109 1061 4172 misisset
1095 4130 1160 4173 ad
1211 4123 1508 4190 plurimos;
1560 4128 1748 4199 illique
1799 4133 1941 4189 hanc
1987 4109 2102 4207 ejus

531 4206 889 4260 mutationem
960 4211 1293 4266 mirarentur
1362 4224 1525 4282 atque
1609 4206 2100 4297 obstupescereut;

525 4307 809 4364 comperta
869 4299 1181 4368 calumnia,
1237 4306 1427 4360 beatus
1489 4309 1728 4380 Cyrillus
1775 4321 2102 4378 ‘rescribcns

527 4389 664 4441 dixit
696 4407 710 4442 :
743 4408 759 4440 ι
792 4389 1037 4457 Domine,
1068 4393 1234 4448 libera
1259 4401 1490 4452 animum
1528 4417 1697 4457 meam
1740 4424 1772 4460 a
1819 4409 1974 4465 labiis
2000 4416 2101 4468 ini-

2216 3223 2284 3261 ne
2315 3207 2359 3262 si
2395 3209 2461 3261 ab
2485 3207 2752 3276 instituto,
2783 3227 2841 3265 re
2866 3212 3086 3276 infecta,
3117 3214 3438 3278 resilissent,
3466 3219 3804 3276 confundere

2215 3297 2397 3353 omnia
2433 3314 2496 3353 ac
2555 3303 2784 3356 miscere
2821 3304 3158 3368 viderentur,
3193 3307 3458 3376 dmnque,
3506 3312 3649 3376 quod
3682 3322 3805 3366 erat

2218 3392 2568 3459 inmanibus,
2601 3395 2875 3464 corrigere
2916 3397 3200 3464 deberent,
3262 3415 3434 3469 neque
3492 3401 3594 3456 hoc
3640 3405 3805 3472 digne

2219 3482 2483 3549 facerent,
2515 3487 2856 3556 nequeillud,
2887 3492 3030 3558 quod
3059 3491 3438 3558 intempestive
3459 3495 3802 3551 molirentur.

2217 3573 2544 3630 Necessariis
2585 3570 3024 3647 itaque‘omissis
3047 3583 3282 3647 caeteris,
3323 3583 3423 3637 hoc
3441 3601 3628 3653 unum,
3660 3590 3802 3658 quod

2217 3667 2461 3735 urgebat,
2499 3682 2689 3723 curare
2721 3671 3097 3739 perStiterunt.

2284 3756 2418 3811 Nam
2455 3767 2508 3812 et
2549 3759 2912 3829 sapientiores
2951 3763 3149 3832 quique
3213 3763 3406 3818 medici
3455 3782 3577 3819 cum
3647 3769 3802 3824 inﬁr-

2217 3864 2358 3901 mum
2383 3851 2596 3920 gemino
2619 3853 2810 3907 morbo
2835 3855 3082 3910 laborare
3104 3857 3591 3914 animadverterint
3616 3868 3804 3917 adver~

2215 3956 2306 3995 sus
2347 3955 2470 3995 eum
2499 3943 2590 4012 qui
2637 3946 2922 4013 perturbat
2950 3948 3143 4016 magis,
3170 3933 3233 4005 et
3271 3953 3514 4007 sectione
3577 3955 3799 4022 indiget,

2213 4033 2317 4086 etsi
2369 4033 2420 4086 in
2475 4049 2574 4088 suo
2635 4051 2839 4104 genere
2898 4039 3080 4094 minor
3136 4057 3259 4096 esse
3313 4045 3599 4110 videatur,
3655 4049 3805 4113 prius

2213 4132 2514 4180 armantur.
2543 4126 2609 4181 Et
2653 4129 2866 4197 judiccs
2917 4147 3311 4201 saepenumero,
3363 4151 3516 4189 reum
3562 4138 3803 4206 aliquem

2217 4219 2356 4270 nacti
2392 4219 2643 4286 plurimis
2674 4223 3001 4279 criminibus
3057 4226 3376 4290 obnoxium,
3424 4228 3555 4282 illud
3610 4246 3802 4298 unum,

2212 4311 2264 4363 iu
2297 4325 2406 4378 quo
2439 4307 2814 4380 deprehensus
2843 4314 3028 4381 fuerit,
3057 4319 3278 4374 omissis
3301 4319 3521 4374 interim
3565 4324 3802 4389 caeteris,

2213 4401 2288 4454 illi
2322 4403 2559 4457 maxime
2585 4405 2876 4475 objiciunt.
3171 4426 3204 4453 ο

519 4480 664 4547 quis,
699 4490 748 4533 et
782 4498 812 4534 a
845 4481 1026 4552 lingua
1054 4484 1238 4540 dolosa
1271 4488 1337 4542 “.
1381 4492 1601 4545 Invenio
1651 4499 1796 4551 enim
1831 4504 2096 4572 meipsum

2279 4494 2462 4563 Neque
2482 4513 2614 4552 sane
2639 4499 2969 4564 mirandum,
3003 4499 3045 4555 si
3071 4517 3130 4554 ea
3155 4501 3389 4557 Nestorii
3409 4505 3592 4572 Opinio
3620 4523 3649 4561 a
3676 4523 3806 4563 San-

526 4571 676 4624 lalsze
709 4574 995 4628 calumnia:
1031 4579 1361 4645 expositum.
1399 4599 1416 4632 I
1472 4583 1602 4652 Ista,
1649 4590 1741 4657 qui
1779 4571 2096 4650 Theodoriti

529 4667 830 4728 patrocinio
863 4669 1127 4734 nituntur,
1154 4669 1228 4724 ita
1269 4673 1572 4738 proferunt.
1602 4684 1757 4748 quasi
1797 4685 1941 4741 dicta
1989 4691 2099 4744 sint

528 4767 626 4819 pro
661 4753 976 4810 allirmanda
1008 4756 1323 4813 Theodoriti
1353 4767 1654 4833 sententia;
1687 4773 1834 4838 quod
1873 4787 2099 4834 sanctus

530 4843 632 4898 vir.
687 4853 888 4898 mutata
923 4849 1214 4913 sententia,
1251 4865 1348 4919 per
1382 4852 1578 4910 Filium
1629 4865 1794 4929 atque
1838 4879 1907 4918 ex
1957 4866 2097 4922 Filio

523 4949 647 4986 (sse
673 4945 920 4990 sanetum
951 4937 1212 5005 Spiritum
1241 4953 1420 5011 neget.
1455 4944 1568 5002 Hoc
1596 4961 1776 5004 autem
1807 4963 1885 5009 est
1921 4956 2094 5012 homi-

525 5039 658 5077 num
712 5037 901 5079 contra
936 5029 1094 5082 [idem
1151 5045 1358 5094 rerum,
1413 5049 1713 5107 contraque
1777 5055 2091 5102 sanctorum

525 5126 786 5181 mentem,
849 5119 1096 5186 improbe
1141 5122 1300 5178 nimis
1352 5129 1759 5188 mentientium.
1819 5133 1882 5189 lli
1922 5139 2092 5209 enim,

527 5219 586 5260 ut
641 5223 804 5276 supra
865 5211 1198 5268 declaratum
1263 5228 1381 5282 est,
1448 5235 1574 5274 cum
1645 5235 1835 5280 sancto
1890 5229 2095 5300 Cyrillo

520 5297 788 5366 Spiritum
823 5313 1072 5357 sanctum
1114 5321 1211 5374 per
1243 5307 1440 5363 Filium
1486 5312 1850 5372 substantiam
1896 5297 2097 5380 habere

521 5403 800 5458 asserunt,
831 5403 994 5462 atque
1017 5413 1138 5453 esse
1159 5413 1223 5453 ex
1251 5397 1408 5467 Filio,
1430 5407 1572 5472 quod
1591 5411 1890 5474 procedens
1913 5430 2094 5470 sermo

523 5485 763 5550 apertius
793 5487 1026 5542 docebit.

596 5621 638 5650 “
671 5622 831 5676 Rom.
865 5641 982 5692 vm,
1019 5627 1072 5691 8,
1099 5628 1150 5680 9.
1271 5631 1314 5662 “
1347 5631 1490 5687 Psal.
1521 5649 1666 5701 cxtx,
1702 5637 1753 5691 2.

601 5742 711 5812 (52)
755 5745 808 5798 lu
841 5750 1074 5806 concilio
1100 5752 1560 5818 Ultalccdoneusi.

2207 4591 2306 4643 etis
2338 4589 2588 4646 Patribus
2627 4602 2751 4646 tunc
2781 4594 2862 4647 vel
2895 4595 3227 4661 existimata,
3264 4597 3348 4650 vel
3379 4599 3653 4652 confutata
3694 4617 3802 4656 non

2208 4681 2394 4747 fuerit,
2419 4695 2541 4734 eum
2574 4692 2704 4736 ante
2730 4683 2879 4737 illum
2905 4684 3155 4749 etArius,
3175 4697 3229 4740 et
3253 4701 3465 4751 omnes,
3489 4689 3578 4758 qui
3603 4689 3803 4744 Filium

2210 4772 2677 4838 blasphemabant,
2713 4775 2765 4828 in
2825 4774 3084 4846 Spiritum
3128 4787 3374 4833 sanctmn
3411 4795 3626 4849 quoque
3649 4782 3807 4836 dete-

2210 4861 2324 4914 rius
2350 4861 2648 4931 blasphemi
2680 4863 2900 4920 iuerint.
2925 4865 3137 4936 Quippe
3155 4877 3208 4921 et
3231 4875 3568 4936 assumptam
3595 4886 3622 4922 a
3644 4871 3806 4924 Chri-

2208 4961 2293 5006 sto
2327 4969 2449 5006 cum
2481 4969 2644 5010 carne
2700 4957 2932 5011 animam
2985 4969 3110 5014 ante
3166 4959 3321 5015 Verbi
3368 4960 3801 5017 incarnationem

2207 5048 2612 5114 prmexstitisse,
2645 5048 2966 5120 reditusque
2991 5051 3140 5105 illam
3169 5053 3482 5117 advenisse,
3513 5057 3674 5108 Arius
3710 5072 3802 5110 as-

2207 5138 2516 5192 severabat.
2546 5141 2864 5196 Animarum
2889 5143 3090 5197 etenim
3117 5146 3580 5214 praeexsistentias
3606 5156 3660 5201 et
3686 5147 3804 5216 ipse

2207 5231 2483 5296 credebat,
2511 5248 2613 5286 nec
2644 5245 2820 5289 tamen
2861 5237 2962 5290 hoc
3004 5235 3078 5290 illi
3133 5239 3342 5292 crimen
3376 5238 3648 5315 objectum
3688 5248 3797 5303 est,

2207 5325 2488 5390 solumque
2519 5326 2661 5393 quod
2686 5325 2880 5381 Filium
2909 5339 3217 5383 creaturam
3250 5329 3479 5393 diceret,
3509 5329 3576 5383 ab
3607 5327 3799 5382 Eccle-

2203 5415 2281 5468 sia
2315 5411 2526 5487 fugatus
2556 5428 2611 5472 et
2634 5419 2840 5490 ejectus
2894 5433 2996 5484 est,
3068 5431 3388 5492 cteterazque
3438 5421 3798 5489 blaSpbemiae

2202 5506 2342 5562 illius
2375 5509 2426 5564 in
2459 5511 2717 5566 memoria
2747 5527 2850 5567 non
2871 5519 3015 5580 sunt,
3051 5527 3228 5583 neque
3255 5513 3471 5582 publice
3498 5511 3566 5568 de
3595 5513 3688 5566 illo
3715 5509 3798 5563 di-
