2053 3224
198 200 233 230 93
732 198 931 228 ADVERSUS
944 197 1100 229 GRAECOS
1119 201 1193 230 LIB.
1214 201 1253 232 II.
1795 198 1832 230 94

198 251 278 281 citur,
291 249 361 283 quod
375 250 504 284 Spiritum
522 258 646 280 sanctum
659 254 898 287 hlasphemavcrit.
921 263 983 282 cum
1001 256 1023 286 Δ
1035 265 1097 284 cum
1113 258 1158 285 vix
1176 258 1270 292 paucis
1285 262 1349 285 tunc
1362 262 1436 286 eaeet
1453 256 1613 292 cognitum?
1631 263 1664 282 ac
1675 261 1832 290 propterea,

199 299 273 321 certe
292 300 318 321 et
333 297 420 323 sancti
434 292 550 331 Spiriius
567 298 652 325 hostis
670 300 843 327 nihilominus
860 301 951 327 fuerit.

235 339 309 372 Quod
326 341 347 367 si
364 342 424 375 quis
450 343 585 380 opinetur,
612 344 737 372 debuisse
766 351 829 373 tunc
855 347 986 381 synodum

199 386 279 413 ctiam
306 387 459 420 hujusmudi
487 389 670 423 blasphemias
698 392 794 419 saltem
811 393 985 426 redarguere,

201 433 394 466 reprehensum
411 438 474 461 tunc
490 436 651 469 generaliter
663 438 763 469 audiet,
775 446 835 465 cum
848 439 985 466 dicerent:

201 478 308 506 Nemini
332 479 409 507 ﬁdem
431 482 543 509 alteram
572 483 704 516 proferre,
736 490 780 512 aut
800 487 986 519 censeribere,

201 532 249 552 seu
264 533 428 561 componere
443 527 533 561 liceat,
552 534 649 564 praeter
660 539 731 564 eam,
742 539 822 565 quant
836 534 922 559 sancti
936 533 987 559 Pa-

203 574 258 597 tres
279 572 459 606 tradiderunt,
475 573 510 600 ita
525 574 559 603 de
577 575 622 602 illa
638 581 788 604 statuentes
805 578 986 609 sentiendum,

202 616 283 643 sicuti
302 617 452 651 symbolum
464 620 593 653 centiuet,
607 623 753 649 secundum
770 623 896 650 videlicet
917 625 988 651 beati

204 660 297 695 Cyrilli
313 663 522 701 expositionem,
541 670 567 692 et
594 668 746 694 secundum
764 668 904 702 epistolas,
920 677 987 703 quas

205 707 273 733 idem
302 709 342 736 vir
362 709 394 736 ad
420 709 572 738 Nestorium
590 714 720 747 scripsit:
735 714 760 740 in
781 715 878 748 quibus
895 722 988 750 aperte

205 754 347 781 confitetur
363 755 493 789 Spiritum
513 764 637 785 sanctum
656 768 687 786 ex
706 760 783 791 Filio,
794 766 874 795 atque
888 770 935 796 per
945 762 989 790 Fi-

205 799 269 825 liunt
289 800 387 828 habere
408 802 598 830 substantiam.
618 804 665 831 Sin
682 813 744 831 vero
760 812 915 833 sanctorum
931 809 989 842 opi-

206 844 311 877 nioest,
327 853 374 880 per
391 846 489 875 Filium
515 848 646 883 Spiritqu
675 856 797 878 sanctum
830 854 989 880 naturaliter

206 895 286 926 atque
298 892 479 920 essentialiter
503 899 529 921 et
540 900 641 922 teterne
667 898 826 930 procedere,
843 901 989 932 procedere

207 939 306 967 autem,
316 938 385 971 quod
398 939 498 966 dicitur
508 948 554 974 per
564 949 734 975 processum,
745 944 879 978 signiﬁcat
895 946 993 974 habere

206 982 398 1016 substantiam,
412 985 484 1013 sicut
499 992 526 1013 et
545 989 617 1015 nasci
636 997 683 1023 per
696 992 866 1018 nativitatem
879 1001 887 1020 :
900 993 993 1021 beatus

208 1027 272 1055 item
286 1029 401 1065 Cyrillus
419 1040 467 1066 per
480 1041 586 1060 omnem
601 1035 686 1063 ferme
703 1038 866 1072 scriptorum
882 1047 994 1067 suorum

207 1079 321 1107 textum,
335 1078 495 1105 naturaliter
524 1088 571 1114 per
593 1080 689 1109 Filium
709 1086 868 1117 procedere.
888 1091 916 1113 ut
931 1094 994 1120 pro-

208 1122 295 1155 prium
308 1123 389 1156 ipsius
402 1123 544 1159 Spiritum,
554 1129 747 1162 propriamque
763 1131 890 1157 Virtutem
905 1139 995 1165 suam,

208 1173 289 1203 atque
315 1171 418 1205 exipso
447 1179 517 1203 esse,
548 1174 647 1201 divinis
663 1176 814 1203 rationibus
844 1178 952 1209 asserit,
970 1184 996 1206 et

210 1222 321 1249 qumque
348 1217 398 1243 alia
425 1218 551 1251 praedicta
580 1224 643 1247 sunt
662 1228 669 1246 :
688 1223 823 1254 quomodo
841 1231 893 1249 non
921 1224 995 1251 illum

213 1261 344 1288 hominem
368 1264 456 1298 arguit
474 1266 602 1300 synodus,
619 1267 663 1301 qui
683 1267 814 1302 Spiritum
837 1277 884 1303 per
896 1269 994 1297 Filium

215 1306 387 1334 substantiam
416 1309 514 1338 habere
542 1312 669 1344 negabat,
706 1313 757 1339 etsi
785 1314 817 1340 de
843 1314 995 1347 huiusmodi

213 1352 345 1385 opinione,
361 1359 472 1388 propter
487 1363 517 1382 ea
534 1364 594 1390 qua:
610 1357 740 1389 diximus,
752 1358 832 1385 latius
844 1359 911 1386 nihil
923 1361 997 1387 dixe-

212 1403 274 1425 runt
285 1399 296 1424 9

248 1447 329 1478 Quam
344 1446 424 1479 igitur
441 1448 585 1474 absurdum
602 1455 652 1480 est.
670 1458 717 1484 per
733 1451 887 1484 hujusmodi
911 1453 996 1481 silen—

213 1492 278 1518 tium
296 1497 390 1526 putare
418 1500 540 1521 sanctam
569 1496 701 1530 synodum
733 1498 851 1525 haeretici
879 1499 997 1527 hominis

213 1537 386 1571 hlaSphemils
405 1540 585 1574 aequis-visus,
603 1543 674 1575 quod
690 1543 793 1570 scilicet
808 1544 925 1578 Spiritus
943 1554 995 1572 non

213 1590 261 1615 per
278 1582 372 1610 Filium
388 1586 566 1612 substantiam
591 1587 710 1620 haberet,
729 1596 789 1615 cum
814 1590 838 1616 id
856 1590 997 1618 manifeste

213 1629 377 1655 contrarium
405 1630 451 1663 sit,
475 1636 502 1657 et
527 1636 685 1659 sanctorum
713 1634 823 1661 Patrum
845 1637 998 1669 praeceden-

214 1673 291 1702 tium.
306 1678 332 1701 et
347 1675 417 1703 beati
437 1676 528 1711 Cyrilli
542 1679 664 1712 scriptis.
685 1687 745 1713 qua:
769 1682 888 1716 synodus
906 1687 999 1709 secuta

214 1726 266 1751 est,
279 1725 305 1748 et
322 1722 455 1755 sequenda
477 1724 580 1750 caeteris
602 1726 709 1753 statuit.
728 1726 784 1754 Hoc
800 1729 870 1755 enim
892 1734 932 1756 est
951 1729 1000 1756 Ec-

213 1767 302 1794 clesia:
317 1775 415 1796 sanctas
430 1770 590 1798 calumniam
615 1777 733 1801 struere.

248 1811 382 1840 Prasterea
411 1814 616 1842 stolidissimum
647 1819 760 1845 omnino
786 1825 837 1852 est,
864 1821 916 1854 his,
940 1829 1000 1856 qua:

213 1859 298 1885 sancti
313 1859 405 1887 Patres
421 1860 571 1889 innumeris
587 1863 613 1889 in
626 1863 692 1891 locis
702 1866 935 1899 conscripserunt,
947 1877 999 1894 non

215 1907 398 1938 acquiescere,
416 1908 461 1934 sed
477 1908 516 1935 eis
535 1909 666 1943 neglectis
689 1918 719 1937 ea
737 1911 798 1938 illos
815 1912 916 1940 dixisse
934 1922 1001 1940 con-

212 1953 307 1986 jicere,
324 1961 384 1988 qme
408 1962 545 1988 nunquam
562 1956 700 1989 dixerunt,
723 1964 803 1993 atque
821 1967 851 1986 ex
871 1960 923 1991 his,
942 1969 1001 1993 quac

216 1997 251 2024 illi
273 2003 424 2032 tacuerunt,
441 2000 509 2027 velle
524 2008 682 2035 argumenta
702 2005 822 2036 trahcrc,
840 2006 918 2038 quasi
946 2008 1000 2032 dis-

215 2046 352 2079 putatione
377 2046 482 2072 sublata
502 2047 588 2073 solum
619 2048 769 2083 silentium,
796 2058 855 2085 quzc
883 2053 908 2078 in
926 2061 999 2086 qure-

215 2091 301 2119 stione
314 2098 387 2123 sunt,
397 2094 542 2126 explanare
560 2095 683 2128 sufﬁciat,
698 2104 757 2123 cum
772 2104 845 2125 certe
860 2099 999 2133 Scriptura

216 2137 287 2163 dicat
301 2146 309 2163 :
326 2137 366 2163 Ea:
379 2138 462 2164 verbis
477 2140 526 2165 tuis
537 2139 733 2174 justi/icaberis,
759 2147 783 2168 et
800 2151 831 2168 ex
847 2145 929 2170 verbis
950 2146 1001 2170 luis

216 2183 426 2211 condemnaberis
442 2184 485 2216 u’;
508 2190 587 2218 atque
613 2187 646 2212 ita
668 2187 746 2213 facile
763 2188 794 2214 de
812 2190 892 2215 rebus
908 2191 1001 2217 arduis

217 2229 282 2256 velle
299 2230 477 2257 concludere!
488 2231 567 2264 Atqui
589 2233 736 2259 secundum
755 2241 814 2260 eam
832 2235 1000 2268 facilitatem,

1041 311 1128 339 neque
1147 304 1333 331 ecclesiastica
1345 312 1427 332 causa
1445 303 1579 331 inﬁrmior
1602 307 1685 333 esset,
1701 308 1788 335 neque
1805 300 1830 327 id

1041 349 1111 377 ullus
1136 354 1275 384 argueret.
1304 349 1465 384 Quanquam
1494 349 1547 376 dici
1572 353 1675 383 posset,
1706 352 1829 374 sanctam

1030 396 1172 430 synodum
1192 396 1245 422 alio
1268 396 1411 426 intentam,
1428 395 1461 421 nd
1485 395 1649 422 calumniam
1675 392 1831 427 hujusmodi

1041 442 1158 468 fortasse
1173 448 1224 468 non
1248 441 1315 468 satis
1331 441 1487 468 instructam
1500 448 1531 468 ac
1542 445 1662 474 paratam
1676 439 1832 469 advenisse,

1041 489 1099 517 sive
1115 489 1197 517 etiam
1215 493 1334 522 putasse,
1357 488 1499 515 eliminata
1514 488 1548 515 de
1573 486 1760 514 incarnatione
1775 484 1831 511 Do-
1879 522 1882 525 '

1042 535 1118 567 mini,
1137 535 1183 569 qni
1197 539 1347 563 emerserat
1357 541 1463 567 errore,
1480 539 1506 561 et
1517 534 1589 560 hunc
1605 532 1687 560 etiam
1703 538 1756 558 una
1772 537 1836 566 pro-

1040 581 1203 616 jiciendum.

1078 627 1155 654 lianc
1169 625 1434 660 autem.opinionem
1452 625 1538 652 fuisse
1551 623 1682 656 Nestor-ii,
1707 630 1739 650 ex
1755 627 1832 650 vete-

1041 673 1119 702 ribus
1140 672 1234 707 liquet,
1259 672 1358 707 quibus
1373 678 1439 698 cura
1457 670 1510 697 fuit
1531 670 1582 697 ista
1597 669 1695 697 litteris
1712 669 1832 695 tradere.

1042 719 1109 746 Nam
1123 726 1156 746 ex
1175 718 1236 745 fidei
1254 726 1311 746 suae
1324 717 1453 753 Symbolo
1468 717 1513 743 vix
1533 720 1652 747 constet,
1667 715 1689 742 si
1702 715 1762 748 quis
1775 713 1833 748 pie-

1042 769 1098 791 tate
1121 769 1277 796 contentus,
1305 771 1366 798 quae
1387 762 1433 790 ille
1447 762 1527 794 dixit,
1553 761 1595 796 pie
1611 760 1676 787 velit
1698 760 1832 794 accipere.

1043 812 1087 839 Ait
1102 812 1185 842 enim,
1198 818 1207 835 ι
1225 809 1357 844 Spiritum
1368 813 1493 838 sanctum
1510 816 1541 835 ex
1556 808 1609 835 Deo
1621 814 1682 835 esse
1696 810 1833 840 putamus,

1043 864 1096 884 non
1120 856 1265 884 creationis
1287 863 1381 887 causa,
1411 855 1460 882 sed
1477 863 1508 882 ex
1534 853 1628 882 divina
1654 852 1792 884 essentia;
1808 855 1836 878 et

1044 911 1133 938 neque
1149 902 1245 929 Filium
1263 906 1401 936 putamus,
1417 908 1506 935 neque
1519 908 1567 932 per
1581 899 1679 927 Filium
1696 897 1838 932 accepisse

1046 950 1237 977 substantiam.
1257 958 1266 974 ι
1285 947 1384 975 Dicens
1398 955 1463 981 ergo
1478 955 1511 974 ex
1529 945 1575 973 Dei
1602 946 1715 973 essentia
1729 952 1795 976 (sse,
1809 947 1837 969 et

1046 1003 1128 1029 neque
1146 994 1248 1021 Filium
1263 999 1398 1028 putamus,
1418 992 1532 1027 intelligi
1552 992 1610 1024 dat,
1626 991 1690 1026 quia
1705 990 1836 1024 Spiritum

1046 1041 1118 1068 hunc
1128 1046 1155 1068 et
1181 1048 1213 1068 ex
1234 1041 1288 1068 Deo
1314 1047 1383 1072 esse,
1400 1044 1427 1066 et
1442 1046 1475 1065 ex
1497 1038 1570 1066 illius
1595 1037 1713 1065 eesentia
1738 1034 1837 1065 credit,

1046 1086 1118 1122 quod
1135 1091 1237 1119 autem,
1254 1094 1307 1113 non
1324 1084 1470 1114 creationis
1487 1091 1583 1116 causa,
1601 1083 1688 1115 dicit,
1710 1087 1736 1109 et
1751 1081 1837 1113 addit,

1053 1141 1063 1157 ι
1080 1139 1168 1166 neque
1192 1139 1239 1166 per
1260 1131 1358 1158 Filium
1376 1130 1560 1157 substantiam
1577 1127 1695 1161 cepisse,
1715 1136 1724 1151 1
1744 1132 1839 1152 rursus

1047 1178 1252 1213 intelligendum
1266 1177 1349 1207 dedit.
1378 1176 1452 1211 quia,
1469 1183 1522 1201 non
1537 1175 1609 1202 sicut
1627 1177 1691 1200 sunt
1706 1176 1839 1200 creaturae

1047 1233 1079 1252 ex
1094 1224 1148 1252 Deo
1168 1231 1216 1259 per
1231 1223 1338 1255 Filium,
1356 1223 1392 1250 ita
1416 1227 1443 1249 et
1457 1221 1578 1256 Spiritus
1594 1224 1706 1247 sanctus
1721 1225 1754 1245 ex
1780 1216 1837 1245 Deo

1045 1278 1094 1306 per
1104 1270 1199 1297 Filium
1212 1269 1391 1297 substantiam
1404 1268 1500 1300 habet;
1514 1268 1565 1295 hoc
1578 1271 1668 1294 autem
1682 1272 1773 1293 verum
1787 1268 1839 1291 est.

1048 1318 1081 1345 Et
1098 1316 1178 1345 simul
1192 1317 1218 1343 id
1234 1320 1361 1347 constat,
1395 1314 1457 1349 qnia
1479 1314 1513 1341 de
1534 1320 1577 1346 eo,
1600 1313 1671 1347 quod
1686 1319 1739 1339 non
1759 1311 1795 1338 sit
1807 1317 1839 1337 ex

1047 1364 1115 1392 Filio
1135 1363 1266 1397 Spiritus,
1282 1361 1348 1389 nihil
1366 1361 1411 1388 hic
1432 1359 1510 1391 dixit,
1538 1358 1585 1386 sed
1606 1357 1678 1385 enim
1703 1357 1841 1397 quomodo

1047 1418 1099 1438 non
1116 1410 1201 1437 Filius
1218 1416 1279 1437 esse
1297 1412 1449 1443 putaretur,
1471 1407 1521 1445 nisi
1538 1413 1585 1441 per
1603 1404 1700 1432 Filium
1727 1403 1843 1430 haberet

1048 1456 1241 1486 substantiam.
1270 1454 1321 1481 hoc
1339 1450 1390 1484 cel.
1410 1461 1458 1488 per
1474 1451 1571 1479 Filium
1597 1450 1764 1486 procederet.
1783 1449 1840 1476 Ita-

1047 1507 1110 1535 que,
1126 1499 1257 1534 siquidem
1271 1498 1315 1524 hic
1329 1502 1458 1524 aeternam
1486 1504 1534 1531 per
1547 1495 1643 1523 Filium
1660 1492 1842 1530 substantiam

1048 1546 1306 1582 processionemqne
1317 1545 1443 1576 denegat,
1456 1543 1592 1577 quomodo
1604 1549 1659 1569 non
1673 1540 1778 1567 sanctis
1792 1539 1845 1565 Pa-

1012 1608 1031 1635 ε
1050 1592 1138 1619 tribus
1151 1595 1244 1625 aperte
1260 1588 1433 1624 refragatur?
1447 1588 1543 1615 Nonne
1554 1587 1610 1622 jam
1627 1586 1783 1614 necessario
1795 1593 1842 1611 co-

1050 1644 1128 1673 getur
1157 1637 1255 1664 Filium
1280 1635 1417 1668 confiteri,
1442 1635 1524 1662 etiam
1558 1633 1690 1668 Spiritum
1718 1635 1841 1659 sanctum

1051 1686 1139 1719 ipsum
1156 1685 1215 1711 sine
1228 1682 1316 1710 medio
1332 1690 1364 1709 ex
1379 1681 1459 1708 Patre
1475 1688 1536 1707 esse
1548 1680 1674 1710 credens,
1690 1677 1841 1706 secundum

1049 1731 1155 1759 scilicet
1179 1729 1323 1764 pradictas
1348 1728 1514 1755 asset-tiones
1538 1726 1671 1754 Patrum?

1086 1777 1152 1804 Cum
1170 1776 1253 1811 igitur
1270 1775 1439 1809 simpliciter,
1460 1782 1492 1801 ac
1513 1775 1558 1808 pia
1582 1770 1761 1806 intelligentia
1779 1776 1844 1805 pos«

1051 1823 1087 1850 sit
1101 1823 1199 1858 accipi,
1216 1821 1286 1857 quod
1303 1822 1405 1848 dictum
1423 1824 1474 1852 est,
1501 1818 1551 1846 etsi
1569 1826 1620 1845 nos
1650 1825 1704 1845 non
1718 1825 1749 1844 ea
1768 1824 1844 1842 men-

1052 1873 1078 1895 te
1093 1869 1194 1896 dictum
1207 1867 1357 1899 fateamur;
1375 1871 1457 1901 atque
1471 1866 1527 1892 haec
1543 1864 1636 1900 opinio
1663 1863 1776 1890 necdum
1796 1870 1846 1897 pn-

1052 1913 1135 1947 blica,
1153 1922 1203 1941 nec
1220 1913 1326 1948 vulgata
1342 1917 1427 1943 esset,
1456 1919 1488 1938 ac
1503 1915 1647 1945 propterea
1665 1908 1731 1935 nihil
1750 1915 1783 1934 ex
1811 1914 1844 1933 eo

1053 1959 1148 1992 religio
1160 1957 1317 1985 Christiana
1332 1956 1488 1988 laederetur,
1506 1961 1640 1989 nemoque
1653 1953 1710 1981 fere
1728 1953 1845 1980 insimu-

1052 2005 1131 2037 laret,
1146 2003 1284 2038 verbaque
1299 2004 1355 2037 ipsa
1368 2002 1493 2030 subtilius
1505 2001 1670 2036 disquireret
1685 2000 1764 2027 rebus
1776 2007 1845 2033 prae-

1053 2056 1127 2078 terca
1157 2050 1276 2077 maxime
1293 2049 1459 2076 necessariis
1480 2047 1650 2082 urgentibus,
1681 2054 1714 2073 ne
1740 2045 1846 2073 scilicet

1052 2096 1252 2124 incarnationis
1278 2099 1484 2122 sacramentum
1512 2093 1595 2121 verba
1620 2092 1793 2127 simpliciter,
1813 2100 1847 2118 ac

1054 2142 1213 2177 prgdicatio
1231 2142 1322 2168 inanis
1338 2138 1791 2174 videretur:ambagibttsomissis
1810 2138 1844 2165 ad

1054 2190 1091 2220 id,
1102 2194 1213 2223 propter
1225 2187 1296 2222 quod
1307 2191 1502 2218 convenerant,
1513 2193 1543 2213 se
1554 2186 1739 2213 contulerunt.
1750 2184 1847 2218 Liquet

1053 2239 1156 2266 autem,
1173 2234 1236 2269 quia
1250 2234 1296 2268 qui
1315 2233 1448 2268 Spiritum
1462 2232 1619 2260 nonetiam
1636 2239 1698 2258 esse
1722 2230 1787 2258 dicit
1811 2237 1843 2257 cs

216 2281 250 2300 ne
262 2275 429 2308 pernicosatn
442 2276 575 2302 levitatem
589 2278 714 2309 dixerim,
730 2278 860 2312 Spiritum
876 2287 1000 2308 sanctum
1019 2279 1040 2305 Ι)
1056 2281 1133 2314 Filio,
1146 2282 1283 2309 Christum
1302 2289 1353 2307 non
1371 2280 1448 2314 quasi
1467 2279 1576 2313 propria
1595 2278 1707 2316 virtute,
1722 2277 1770 2304 sed
1788 2277 1845 2303 vel-

218 2320 299 2347 Deum
323 2327 416 2347 verum
443 2322 474 2348 de
502 2321 557 2349 Deo
577 2330 640 2350 vero
672 2325 881 2358 appellabimus,
914 2335 1000 2361 ttequc

216 2365 288 2392 Patri
303 2370 329 2392 et
344 2365 413 2394 Filio
440 2367 699 2396 consubstantialem
718 2371 920 2404 confitebimur,
935 2382 1001 2407 quo-

217 2412 289 2438 niam
308 2412 334 2438 in
350 2412 478 2446 Symbolo
493 2413 566 2445 ﬁdei,
586 2422 636 2441 non
656 2421 683 2442 ut
705 2417 737 2442 de
756 2417 833 2447 Filio,
858 2419 895 2444 ita
915 2424 942 2446 et
969 2421 1001 2447 de

218 2457 317 2491 Spiritu
330 2463 431 2485 sancto
447 2458 473 2485 id
491 2464 615 2486 notattnn
633 2466 673 2488 est
689 2471 695 2488 :
721 2462 764 2489 hic
782 2471 876 2497 nempe
892 2472 923 2490 ex
948 2465 1000 2495 his.

217 2510 278 2536 qua:
294 2504 401 2530 silentio
417 2511 561 2538 suppressa
583 2510 657 2536 sunt,
682 2507 832 2534 volentibus
860 2508 1000 2542 tnalignati

217 2551 338 2584 aperitur
354 2549 453 2577 aditus.
469 2551 533 2583 Qua:
550 2559 612 2578 vero
636 2555 668 2579 de
686 2552 788 2585 Spiritu
818 2554 842 2580 in
872 2546 1002 2589 SS'mbolo

216 2597 370 2631 conscripta
398 2603 470 2629 sunt,
500 2597 570 2624 Patri
602 2597 897 2633 Filioquecommunia
928 2602 1003 2628 inve-

216 2643 339 2670 ninntnr.

253 2690 327 2722 Quod
338 2675 362 2717 si
381 2690 464 2716 sancti
489 2690 582 2716 Patres
612 2698 642 2718 ea
663 2699 776 2725 quorum
800 2694 885 2726 gratia
906 2702 1003 2721 rom-c-

218 2741 324 2769 nerant,
340 2745 393 2773 non
407 2738 627 2770 enuntiaverunt,
645 2738 670 2765 in
691 2740 808 2766 secunda
828 2740 932 2767 scilicet
957 2749 1003 2775 sy-

219 2783 299 2815 nodo,
314 2783 416 2811 cordati
429 2783 490 2810 licet
507 2788 589 2818 atque
602 2785 809 2818 sapientissimi,
822 2787 885 2819 quid
901 2787 999 2813 mirum

216 2829 241 2858 si
255 2829 281 2856 id
295 2830 447 2859 omiserunt
463 2835 573 2865 propter
593 2831 662 2864 quod
679 2831 791 2858 minimc
806 2839 1000 2865 convenerant,

252 2922 273 2937 “
291 2921 383 2949 Matth.
405 2931 450 2956 xu,
467 2924 510 2951 57.
550 2924 570 2939 ³⁸
589 2923 666 2951 han.
685 2934 701 2957 ι,
724 2926 762 2952 ll.

823 2924 842 2939 ‘7
861 2924 924 2950 Luc.
946 2933 981 2953 vt,
1008 2924 1047 2950 19.

1052 2332 1078 2353 ut
1099 2327 1187 2354 aliena
1219 2335 1296 2353 nsum
1314 2326 1501 2353 confitebitur.
1518 2324 1601 2351 Porro
1625 2324 1651 2351 id
1671 2324 1852 2350 anathemate.

1053 2373 1195 2399 multatum
1213 2377 1265 2399 est.

1089 2418 1153 2444 Sive
1172 2418 1263 2451 igitur,
1284 2416 1412 2450 quoniam
1438 2415 1527 2450 imago
1547 2414 1634 2442 Patris
1647 2414 1732 2442 Filius
1751 2414 1850 2441 estiu—

1053 2463 1266 2494 commutabilis,
1279 2462 1426 2496 omniaque
1439 2461 1531 2488 Patris
1547 2460 1640 2493 habet,
1656 2460 1787 2495 praeteriti
1801 2468 1853 2487 so-

1054 2509 1121 2541 lum,
1134 2509 1206 2544 quod
1217 2507 1299 2535 Pater
1309 2516 1363 2534 non
1375 2513 1416 2534 est
1426 2516 1434 2540 ;
1445 2507 1512 2541 sive,
1523 2507 1585 2541 quia
1594 2507 1721 2535 Christus
1734 2506 1854 2541 propria:

1054 2556 1165 2588 virtute,
1182 2562 1235 2581 non
1253 2554 1340 2581 aliena
1364 2554 1467 2589 Spiritu
1483 2558 1579 2581 sancto
1599 2554 1696 2585 utitur,
1714 2558 1744 2580 ut
1768 2558 1795 2579 et
1821 2552 1856 2579 id!

1053 2602 1192 2635 credatur,
1208 2602 1282 2636 quod
1299 2600 1414 2628 dicitur:
1433 2597 1546 2627 Verbum
1562 2608 1627 2627 caro
1642 2600 1743 2635 factum
1755 2604 1793 2626 est
1808 2598 1853 2632 “,_.

1054 2658 1167 2678 necesse
1177 2653 1219 2676 est
1233 2649 1313 2676 etiam
1336 2655 1369 2675 ex
1395 2646 1463 2674 Filio
1477 2655 1536 2675 esse
1564 2646 1694 2683 Spiritum
1723 2650 1851 2673 sanctqu

1054 2696 1189 2724 conﬁteri.
1214 2695 1270 2723 Hoc
1291 2696 1364 2722 enitn
1386 2694 1488 2721 idcirco
1513 2693 1653 2721 Ncstorius
1678 2692 1804 2725 negabat,
1817 2695 1852 2717 ut;

1054 2747 1149 2770 contra
1159 2742 1385 2776 dispensationem
1394 2739 1588 2767 incarnationis
1601 2747 1630 2766 sc
1638 2738 1757 2773 apertius
1767 2744 1851 2763 exsc-

1058 2795 1139 2817 rcrrl.
1171 2789 1307 2823 Scriptum
1332 2792 1373 2814 est
1401 2788 1464 2813 item
1504 2785 1531 2812 in
1558 2784 1723 2820 Evangelia:
1756 2781 1851 2810 Sciens

1056 2839 1145 2862 autent
1166 2834 1235 2862 'rsus
1252 2834 1336 2861 exisse
1350 2841 1381 2860 ca:
1409 2840 1436 2859 se
1451 2832 1573 2859 virtutem
1589 2831 1622 2858 ".
1638 2830 1676 2857 Ac
1692 2836 1799 2856 rursum
1819 2828 1848 2855 in
