4106 6452
451 397 523 462 θῖ
1713 388 2102 450 hIANUELlS
2141 387 2442 449 CALECE
3631 381 3701 444 96

452 510 639 563 eodem
668 524 686 565 :
720 506 863 574 Quia
908 508 1071 560 virtus
1103 505 1164 559 de
1209 504 1298 558 illo
1343 501 1617 567 exibat,"
1655 501 1879 555 sanabat
1909 515 2015 553 om-
2053 503 2094 559 Δ
2125 513 2186 553 es
2228 497 2411 553 divina
2456 498 2694 553 essentia
2737 497 2918 552 divina
2977 499 3186 551 ratione
3232 494 3468 567 profluit,
3509 500 3601 565 qui
3634 513 3696 553 es

453 616 540 654 iter
572 599 639 652 “.
670 598 921 668 Languor
950 612 1165 666 quoque
1190 597 1646 650 daemoniacorum
1674 609 1739 646 ex
1773 593 1854 646 bis
1886 607 2025 646 unus

454 700 589 753 erat,
616 705 753 757 quos
798 689 1025 742 sanabat
1054 686 1236 741 Jesus.
1270 685 1523 739 Aitenim
1560 684 1714 752 ipse:
1749 681 1808 737 Si
1849 695 2024 771 agitem

453 782 507 833 iu
541 778 743 848 Spiritu
786 780 879 834 Dei
924 781 1078 846 ejicio
1100 776 1443 832 dtemoniu“.
1482 774 1637 829 Patet
1680 775 1867 844 igitur,
1899 776 2025 844 quia

454 885 682 923 manans
712 885 774 923 ex
805 883 870 922 eo
904 869 1099 932 virtus,
1130 875 1355 921 sanctus
1402 864 1643 933 Spiritus
1671 872 1809 918 erat.

524 979 640 1033 IIoc
669 988 847 1034 autem
880 980 1005 1034 inde
1041 980 1205 1034 etiam
1237 988 1471 1041 constat,
1497 977 1642 1046 quod
1678 974 1771 1029 Dei
1807 973 2024 1044 quidem

453 1081 558 1135 est,
589 1070 770 1123 omnia
797 1085 1005 1135 amare,
1038 1070 1210 1123 virtus
1241 1078 1419 1122 autem
1450 1067 1539 1120 illa
1564 1066 1791 1120 sanabat.
1821 1065 2023 1120 omnia.

454 1156 686 1212 Net-esse
742 1168 826 1212 est
875 1175 1004 1229 ergo
1053 1159 1217 1212 Deum
1269 1172 1392 1212 esse
1441 1156 1701 1226 Spiritum
1752 1163 2025 1217 sanctum,

455 1268 615 1319 quem
646 1254 807 1308 etiam
843 1262 1063 1308 sanctus
1107 1253 1342 1323 Cyrillus
1393 1252 1529 1307 dicit
1572 1265 1693 1307 esse
1746 1251 2025 1320 proprium

453 1342 597 1407 Filii,
634 1352 693 1398 ut
724 1344 980 1398 virtutem
1023 1343 1162 1413 eius,
1206 1343 1527 1397 naturaliter
1558 1358 1652 1409 per
1677 1357 1801 1397 eum
1836 1356 2026 1412 proce-

453 1433 691 1494 dentem,
718 1428 881 1500 atque
911 1432 1032 1487 ideo
1066 1444 1133 1487 ne
1166 1432 1400 1487 alienam
1437 1432 1650 1500 quidem
1690 1448 1831 1486 esse.

523 1544 807 1601 Inventum
831 1554 916 1601 est
937 1559 1066 1615 ergo
1088 1544 1138 1599 in
1191 1544 1499 1615 Evangelia,
1528 1545 1788 1613 Spiritum
1847 1558 1910 1600 es
1936 1543 2028 1599 Fi-

456 1639 529 1691 lio
560 1638 876 1707 procedere,
908 1639 1051 1708 quod
1086 1638 1175 1693 isti
1205 1647 1283 1691 tot
1322 1638 1717 1705 quastionihus
1745 1637 2024 1693 ventilant.

455 1723 746 1791 Praeterea,
777 1727 919 1796 quod
950 1727 1148 1781 dicitur
1174 1742 1268 1794 per
1293 1724 1485 1780 Filium
1527 1728 1839 1795 procedere,
1876 1727 2024 1781 omni

455 1833 558 1874 nos
606 1819 913 1887 huiusmodi
966 1820 1181 1875 curiosa
1237 1820 1587 1887 inquisitione
1632 1830 1867 1874 coercet.
1922 1816 2029 1873 Per
2058 1828 2100 1884 Β

457 1910 626 1975 enim,
657 1918 710 1965 et
743 1926 831 1974 ex,
856 1912 1189 1965 tantumdem
1223 1912 1423 1975 valere,
1464 1911 1749 1965 doctorum
1796 1912 2027 1965 auctori-

460 2014 541 2057 tas
571 2004 776 2070 docuit,
812 2003 1167 2073 veritatisque
1209 2005 1349 2058 ratio
1382 2017 1504 2059 sese
1546 2003 1783 2073 undique
1832 2004 2025 2072 aperit.

460 2089 965 2155 Vernmenimvcro,
1023 2108 1144 2161 qua:
1180 2109 1211 2148 ιι
1242 2094 1448 2148 sanctis
1509 2090 1764 2146 Patrlbus
1793 2092 2027 2149 lucidius

456 2198 674 2252 quoque
730 2187 797 2240 de
848 2185 951 2240 hac
983 2200 1042 2239 re
1095 2185 1300 2253 scripta
1351 2184 1680 2252 sunt,juvat
1734 2194 2026 2254 apponere.

457 2275 690 2332 Sanctus
720 2275 863 2331 enim
915 2275 1153 2348 Cyrillus
1184 2276 1453 2345 quoddam
1487 2276 1779 2344 capitulum
1812 2292 1849 2330 ιι
1888 2277 2026 2331 The-

455 2382 729 2421 saurorum
753 2366 896 2431 libri,
926 2368 998 2422 ita
1023 2367 1306 2422 inscribit:
1334 2366 1485 2433 Quod
1506 2383 1571 2422 ea:
1590 2367 1771 2422 Patris
1800 2366 2031 2438 Filiique

454 2458 752 2512 substantia
788 2468 1001 2513 sanctus
1028 2457 1255 2524 Spiritus
1289 2467 1384 2512 est.
1418 2458 1571 2524 Quod
1601 2458 1645 2513 si
1679 2460 1780 2514 hoc
1801 2460 1883 2513 vir
1905 2474 2032 2514 san-

456 2556 577 2601 etus
596 2557 974 2617 proposuerat,
996 2549 1122 2619 quis
1147 2548 1410 2617 ambigat,
1440 2549 1774 2617 propositum
1797 2549 2033 2605 voluisse

456 2639 770 2694 conﬁcere?
800 2640 853 2692 In
892 2640 1008 2708 ipso
1039 2640 1207 2708 igitur
1238 2640 1311 2692 ita
1347 2640 1611 2707 inscripto
1650 2640 1884 2707 capitulo
1922 2641 2030 2696 ait:

465 2750 484 2782 ι
522 2730 787 2796 Quoniam
821 2731 987 2799 igitur
1038 2729 1277 2799 Spiritus
1324 2743 1548 2785 sanctus
1599 2746 1723 2786 cum
1760 2732 1815 2784 in
1877 2734 2033 2785 nobis

462 2821 644 2884 fuerit,
691 2822 999 2877 conformes
1026 2837 1125 2877 nos
1165 2822 1410 2907 ostendit
1446 2822 1555 2878 Deo
1591 2839 1606 2876 :
1644 2823 1891 2891 procedit
1936 2841 2033 2878 an-

462 2921 570 2965 tem
602 2927 668 2965 ex
715 2910 874 2967 Patre
921 2922 974 2966 et
1012 2912 1172 2977 Filio,
1217 2924 1450 2979 constat,
1500 2916 1626 2984 quia
1672 2916 1871 2972 divinae
1904 2919 2034 2969 sub-

460 3003 675 3056 stantia:
694 3014 796 3067 est,
818 3005 1180 3059 essentialiter
1198 3008 1250 3057 in
1269 3006 1405 3072 ipsa,
1425 3016 1473 3060 et
1493 3020 1559 3061 ex
1580 3006 1693 3075 ipsa
1722 3008 1995 3076 prodiens.
2012 3026 2030 3059 ι

460 3094 673 3149 Rursus
693 3096 744 3149 in
776 3097 998 3150 eodem:
1025 3113 1045 3148 ι
1069 3096 1331 3166 Proprias
1359 3106 1441 3152 est
1464 3106 1642 3151 autem
1661 3098 1882 3152 omnino
1911 3097 2037 3167 Spi-

463 3186 597 3241 ritus
621 3186 763 3252 Filii,
790 3199 965 3257 neque
996 3186 1334 3243 extrinsecus
1363 3187 1690 3244 ‘subsistens.
1731 3207 1752 3240 ι

533 3297 590 3350 In
626 3296 730 3349 alio
770 3296 1003 3351 iterum:
1038 3314 1057 3348 ι
1095 3296 1291 3368 Legem
1335 3299 1516 3370 itaque
1550 3301 1756 3355 ferente
1796 3300 2034 3365 Christo,

464 3389 698 3456 Spiritus
730 3388 896 3457 ipsius
929 3389 1063 3443 utin
1103 3389 1239 3456 ipso,
1272 3397 1435 3458 atque
1458 3403 1525 3444 ex
1548 3389 1684 3459 ipso,
1719 3390 2039 3445 naturaliter

460 3480 733 3534 exsis'ens
770 3479 938 3546 legem
966 3479 1089 3534 fert.
1137 3498 1156 3530 ι
1188 3481 1265 3533 Ac
1294 3495 1482 3535 rursus
1508 3480 1560 3533 in
1598 3480 1742 3534 alio:
1771 3500 1789 3533 ι
1826 3480 2035 3536 Nullam

463 3570 625 3640 igitur
644 3570 788 3621 novit
812 3568 1011 3624 Paulus
1042 3580 1249 3625 natura:
1269 3569 1389 3625 Filii
1412 3569 1756 3641 Spiritusque
1778 3570 2037 3626 ditioren-

462 3660 592 3715 tiam
620 3678 633 3727 ;
661 3660 776 3722 sed,
798 3672 854 3714 ut
878 3674 942 3715 ex
974 3661 1089 3730 ipso
1106 3662 1455 3716 exsistentem
1485 3662 1832 3726 naturaliter,
1863 3662 2039 3716 domi-

463 3754 697 3807 natiOnis
724 3754 940 3808 nomine
971 3752 1224 3820 appellat.
1260 3772 1278 3802 ι
1303 3750 1366 3804 Ει
1396 3755 1587 3806 iterum
1615 3754 1665 3806 in
1696 3754 1804 3807 alio
1831 3770 1847 3810 :
1884 3772 1901 3804 ι
1933 3752 2039 3809 Ne-

461 3860 614 3899 ressc
639 3853 723 3899 est
755 3843 910 3898 fateri
933 3842 1197 3911 Spiritum
1218 3860 1281 3898 ex
1307 3844 1480 3913 ipsius
1504 3848 1738 3899 essentia
1760 3844 1884 3901 Filii
1916 3860 2037 3902 esse

460 3934 845 3990 substantiam.
878 3952 895 3984 ι
921 3933 985 3987 Et
1003 3934 1054 3987 in
1074 3934 1179 3987 alio
1200 3933 1399 3988 iterum
1425 3952 1439 3988 :
1475 3934 1503 3986 τ
1526 3936 1616 3990 Est
1641 3936 1805 4006 igitur
1821 3952 1884 3991 ex
1915 3935 2035 3991 Filii

461 4027 700 4080 essentia
749 4024 1043 4094 Spiritus.»

532 4138 665 4192 Item
701 4151 866 4206 super
893 4135 1180 4199 Joannem,
1211 4152 1374 4205 super
1411 4138 1544 4192 illud
1572 4156 1587 4194 :
1618 4137 1689 4191 Et
1742 4138 1881 4194 Deus
1921 4151 2037 4195 erat

461 4228 696 4290 verbum,
720 4247 738 4278 ι
779 4225 896 4282 Non
932 4242 1083 4295 ergo,
1110 4229 1303 4296 inquit,
1342 4228 1518 4283 minor
1540 4238 1642 4290 cst,
1663 4230 1755 4299 qui
1793 4234 2038 4288 eamdem

462 4335 584 4374 eum
623 4320 862 4387 perfecto
888 4318 1051 4372 Patre
1075 4320 1237 4373 habet
1261 4319 1631 4386 operationem
1664 4322 2039 4393 genitorisque

465 4409 735 4473 S,irituur
776 4409 1005 4478 prepria:
1052 4419 1253 4463 natura:
1283 4409 1445 4464 habet
1496 4411 1715 4477 bonum,
1749 4413 2038 4484 vivumque

2126 589 2238 657 ipsa
2266 599 2370 644 est.
2414 608 2432 639 ι

2196 679 2338 732 Idem
2373 682 2423 733 in
2452 695 2501 732 vt
2530 679 2599 733 ad
2642 678 2912 734 Hermian:
2943 679 3019 732 ait
3050 695 3067 735 :
3112 697 3129 729 ι
3163 677 3252 740 Ει,
3299 677 3343 731 si
3381 676 3578 730 divina:
3607 692 3702 729 na-

2128 778 2262 823 tura:
2292 780 2512 838 accepto
2535 768 2739 838 Spiritu
2774 771 3063 839 participes
3104 768 3393 833 efﬁcimur,
3430 767 3699 836 quomodo

2127 861 2401 915 secundus
2444 863 2551 918 erit
2593 880 2621 915 a
2656 862 2864 932 Spiritu
2901 861 3099 925 Filius,
3145 869 3240 915 aut
3281 859 3555 929 quomodo
3592 860 3699 912 erit

2128 949 2370 1019 Spiritus
2428 952 2547 1022 ipso
2580 952 2951 1022 prmetautior,
3005 963 3188 1005 etnon
3227 951 3422 1020 magis.
3468 958 3527 1004 ut
3552 950 3696 1020 ipse-

2128 1057 2255 1110 que,
2286 1054 2341 1098 et
2390 1044 2461 1101 ab
2510 1046 2629 1115 ipso
2676 1044 2917 1114 Spiritus
2951 1043 3070 1113 ejus
3103 1053 3270 1096 totam
3327 1041 3702 1111 habens‘cjus

2127 1135 2525 1205 operationem,
2551 1136 2831 1205 ipsiusque
2863 1134 3334 1204 participationem
3369 1132 3655 1187 tribuens?
3681 1152 3700 1185 ι

2197 1225 2342 1281 Idem
2375 1226 2430 1279 in
2460 1227 2634 1295 primo
2676 1225 2743 1280 de
2773 1226 3045 1294 spirituali
3071 1226 3241 1289 cultu,
3267 1238 3387 1279 cum
3412 1234 3708 1292 exponeret

2129 1316 2231 1370 tria
2271 1314 2411 1370 facta
2464 1331 2561 1384 per
2616 1315 2835 1388 Moysen
2873 1317 3050 1384 signa,
3083 1315 3135 1367 iu
3182 1314 3287 1370 line
3318 1314 3386 1369 de
3426 1314 3711 1369 circumci-

2126 1410 2283 1465 sione
2332 1408 2423 1464 filii
2450 1410 2613 1481 Moysi
2654 1411 2927 1465 disserens
2960 1410 3073 1463 ait:
3106 1427 3123 1460 ι
3154 1407 3320 1474 Quem
3375 1421 3507 1462 sane
3541 1404 3709 1459 tilium

2129 1501 2511 1557 intellectualis
2567 1501 2835 1570 Sephora,
2875 1503 2978 1557 hoc
3030 1511 3111 1556 est
3169 1499 3433 1564 Ecclesia,
3464 1512 3584 1568 qua:
3644 1513 3712 1551 ex

2126 1592 2339 1649 Madim
2373 1604 2535 1663 atque
2562 1612 2625 1648 ex
2663 1595 2913 1662 gentilms
2952 1605 3055 1660 est,
3087 1592 3431 1648 circumcidit
3478 1590 3713 1646 calculo.

2126 1684 2320 1756 Figura
2359 1694 2443 1739 est
2482 1686 2583 1739 ista
2610 1686 2779 1740 sancti
2820 1685 3074 1754 Spiritus,
3113 1695 3333 1754 propter
3418 1683 3714 1738 maximam

2127 1776 2246 1847 ejus
2299 1776 2691 1847 infractamqne
2737 1777 3077 1845 potentiam;
3126 1777 3250 1847 quia
3306 1777 3477 1830 ctiam
3526 1791 3591 1828 ex
3615 1789 3717 1843 pe-

2130 1874 2213 1920 tra
2242 1882 2258 1933 ;
2294 1867 2545 1923 Christus
2568 1869 2713 1923 enim
2744 1877 2828 1923 est
2848 1869 3107 1934 Spiritus,
3139 1878 3289 1938 petra
3325 1877 3504 1921 autem
3557 1864 3723 1920 Chri—

2128 1969 2268 2025 stus,
2294 1960 2437 2015 sicut
2464 1969 2518 2013 et
2552 1958 2747 2014 Paulus
2776 1970 2823 2015 et
2860 1960 3259 2028 sapientissime
3287 1958 3426 2013 dixit
3449 1958 3516 2013 ".
3542 1976 3560 2008 ι

2199 2071 2331 2126 Item
2356 2073 2421 2125 ad
2459 2070 2757 2126 Palladium
2818 2073 3069 2128 scribens
3113 2073 3169 2127 in
3222 2072 3398 2142 primo
3419 2071 3629 2124 scilicet
3648 2071 3720 2126 de

2129 2163 2353 2232 spiritali
2376 2162 2545 2217 cultu:
2582 2181 2599 2215 ι
2628 2160 2943 2225 Variabilis,
2990 2163 3192 2234 inquit,
3238 2162 3480 2232 profecto
3544 2161 3723 2232 Spiri-

2130 2261 2220 2307 tus
2277 2269 2383 2306 non
2418 2261 2551 2319 est;
2592 2263 2688 2308 aut
2727 2254 2773 2309 si
2838 2254 3155 2309 variationis
3215 2254 3459 2324 subiacet
3495 2252 3717 2311 morbo,

2131 2345 2197 2397 ad
2229 2343 2399 2411 ipsam
2434 2342 2675 2397 divinam
2711 2355 2957 2397 naturam
2984 2346 3215 2399 recurrit
3261 2344 3495 2399 macula.
3537 2344 3728 2411 Siqui-

2132 2435 2252 2489 dem
2291 2443 2373 2489 est
2407 2434 2522 2501 Dei,
2555 2443 2607 2491 et
2631 2433 2833 2498 Patris,
2860 2436 2952 2490 sed
2987 2446 3040 2492 et
3062 2435 3185 2491 Filii
3234 2434 3499 2507 Spiritus,
3526 2451 3725 2489 esseu-

2134 2524 2333 2579 tialiter
2351 2538 2418 2581 ex
2440 2534 2691 2595 utroque,
2724 2539 2786 2579 ex
2810 2521 2970 2580 Patre
2996 2524 3201 2581 scilicet
3223 2538 3319 2595 per
3350 2520 3544 2577 Filium
3603 2538 3729 2576 nu:-
3806 2550 3813 2555 ι

2133 2630 2290 2672 usus.
2328 2634 2348 2669 ι

2206 2730 2350 2784 Idem
2399 2729 2453 2786 in
2483 2729 2708 2799 epistola
2742 2730 2809 2785 ad
2843 2729 3149 2785 Nestorium
3186 2729 3370 2795 tertia,
3401 2728 3559 2797 cujus
3616 2730 3728 2784 iui-

2137 2824 2270 2876 tium
2292 2832 2379 2879 est
2413 2840 2428 2878 :
2469 2822 2574 2889 Qui
2596 2831 2741 2877 amat
2796 2831 2998 2891 patrem
3034 2831 3126 2877 aut
3168 2808 3386 2877 matrem
3416 2821 3534 2890 plus
3560 2838 3731 2892 quam

2138 2930 2237 2980 tne,
2263 2930 2366 2969 non
2390 2924 2466 2970 est
2498 2931 2576 2969 me
2629 2914 2820 2984 dignus
2851 2917 2918 2979 ",
2952 2932 2972 2967 ι
3023 2914 3155 2981 Etsi,
3191 2913 3388 2982 inquit,
3417 2913 3469 2967 in
3499 2914 3730 2981 speciali

2138 3006 2439 3060 substantia
2461 3017 2540 3060 est
2561 3006 2797 3077 Spiritus
2814 3014 3054 3070 sanctus,
3076 3020 3139 3060 ac
3158 3005 3457 3061 secundum
3479 3006 3731 3073 seipsum

2141 3096 2478 3166 intelligitur,
2516 3098 2817 3153 secundum
2854 3098 2997 3167 quod
3044 3096 3280 3166 Spiritus
3329 3108 3430 3162 est,
3492 3104 3547 3152 et
3615 3110 3731 3151 non

2064 3162 2106 3218 ο
2140 3162 2341 3255 Filius:
2366 3205 2473 3244 non
2509 3199 2589 3246 est
2620 3199 2800 3245 tamen
2844 3162 2912 3246 ab
2937 3204 3002 3245 eo
3029 3162 3257 3244 alienus.
3296 3187 3530 3258 Spiritus
3577 3189 3730 3246 enim

2138 3280 2382 3335 veritatis
2417 3282 2726 3337 nominatus
2771 3291 2876 3346 est,
2904 3289 2959 3335 et
2985 3290 3069 3337 est
3098 3282 3347 3342 Christus
3398 3280 3622 3346 veritas,
3644 3292 3735 3334 at-

2137 3388 2242 3443 que
2271 3374 2338 3427 ab
2368 3388 2431 3428 eo
2461 3373 2699 3441 profluit,
2723 3375 2882 3429 sicuti
2912 3385 2966 3429 et
2997 3389 3025 3428 a
3059 3374 3219 3429 Patre
3248 3373 3481 3429 scilicet.
3524 3392 3543 3426 ι

2209 3460 2354 3516 Idem
2386 3478 2548 3532 super
2581 3460 2712 3529 Ioel,
2742 3479 2867 3518 cum
2894 3463 3024 3518 illud
3058 3471 3352 3533 exponeret
3380 3482 3395 3517 :
3436 3460 3730 3532 Eﬂuudam

2137 3556 2201 3609 de
2230 3553 2435 3621 Spiritu
2470 3571 2582 3609 meo
2605 3555 2686 3622 ⁸³,
2724 3574 2743 3608 t
2782 3553 3087 3611 Secundum
3109 3556 3251 3608 enim
3286 3555 3428 3623 quod
3454 3556 3593 3610 Deus
3644 3568 3733 3612 est

2139 3657 2302 3716 atque
2330 3663 2393 3702 ex
2428 3649 2536 3702 Deo
2563 3648 2859 3703 secundum
2897 3658 3141 3702 naturam
3160 3645 3332 3703 Filius
3357 3664 3371 3701 :
3398 3658 3557 3703 natus
3579 3648 3730 3703 enim

2140 3749 2224 3791 est
2254 3752 2319 3791 ex
2353 3736 2461 3792 Deo
2492 3746 2545 3791 et
2596 3736 2777 3799 Patre,
2806 3736 3061 3807 proprius
3111 3736 3305 3806 ipsius,
3337 3735 3464 3789 etin
3498 3736 3638 3805 ipso,
3675 3747 3733 3791 et

2138 3844 2204 3882 ex
2224 3828 2343 3899 ipso
2372 3838 2455 3883 est
2478 3826 2740 3897 Spiritus,
2769 3846 2788 3882 ι
2822 3829 2965 3884 sicut
2998 3828 3254 3885 videlicet
3287 3843 3353 3882 ex
3383 3830 3499 3899 ipso
3530 3828 3639 3883 Deo
3671 3840 3732 3883 et

2140 3919 2301 3975 Patre
2332 3920 2672 3991 intelligitur.

2214 4030 2357 4088 Idem
2376 4033 2428 4088 in
2458 4032 2706 4087 laudibus
2728 4032 3017 4088 Theodosii
3049 4032 3392 4102 imperatoris
3415 4033 3493 4086 ait
3518 4049 3533 4084 :
3573 4052 3592 4084 ι
3626 4031 3735 4086 Ba-

2140 4128 2450 4200 ptizautem,
2477 4128 2672 4196 inquit,
2702 4126 2867 4198 igitur
2899 4126 2951 4181 in
2986 4125 3111 4196 igne
3132 4136 3185 4180 et
3228 4135 3421 4181 saneto
3477 4125 3685 4196 Spiritu
3714 4145 3730 4193 ;

2140 4231 2246 4271 non
2278 4217 2513 4270 alienum
2547 4216 2832 4284 baptizatis
2884 4215 3202 4286 largientem
3258 4215 3520 4285 Spiritum
3540 4257 3557 4281 ,
3583 4218 3731 4270 servi

2141 4305 2349 4360 srilicet
2407 4319 2471 4358 ac
2537 4304 2775 4359 ministri
2836 4304 2889 4359 in
2950 4319 3202 4359 morem:
3269 4307 3385 4369 sed,
3442 4313 3499 4358 ut
3556 4303 3731 4360 Deum

2140 4396 2441 4451 secundum
2488 4406 2760 4461 naturam,
2788 4410 2912 4450 cum
2961 4407 3213 4464 suprema
3261 4403 3532 4465 potestate
3570 4410 3733 4449 suum

465 4512 518 4553 et
542 4501 969 4555 substantialiter
1001 4501 1244 4564 insitum,
1284 4503 1422 4556 sicut
1458 4502 1707 4558 videlicet
1731 4515 1784 4560 et
1815 4504 2027 4561 Pater.»
2067 4495 2111 4550 Ι)
2141 4489 2439 4558 Proprium»
2490 4495 2545 4543 ει
2585 4488 2678 4557 qui
2720 4504 2783 4542 οι
2833 4489 2951 4557 ipso
2994 4496 3098 4542 ⁸³⁸·
3153 4506 3173 4539 ³
3212 4488 3276 4541 Ei
3324 4497 3446 4557 Ροεί
3508 4502 3679 4556 Pam“
3716 4505 3731 4541 ³

465 4594 607 4645 Idem
645 4608 810 4662 super
835 4592 999 4648 illud:
1046 4591 1115 4646 Et
1146 4609 1237 4662 ego
1282 4596 1472 4665 rogabo
1508 4594 1739 4661 Patrem,
1775 4607 1823 4652 et
1848 4586 2033 4651 latium

465 4684 799 4739 Puracletum
828 4688 976 4740 dabit
1003 4688 1143 4741 vobis
1173 4688 1239 4754 ”,
1269 4707 1287 4739 ι
1333 4688 1422 4742 Dei
1453 4678 1617 4755 enim,
1639 4691 1834 4760 inquit,
1861 4702 1912 4745 ct
1939 4692 2038 4745 Pa-

465 4779 563 4831 tris
604 4779 933 4832 naturalium
974 4781 1234 4833 bonorum
1259 4794 1481 4834 consors
1503 4781 1868 4836 essentialiter
1890 4784 2037 4837 exsi-

465 4879 613 4924 steas
637 4868 830 4935 Filius,
865 4871 1023 4925 habet
1047 4870 1310 4940 Spiritum
1332 4874 1627 4928 secundum
1650 4876 1897 4930 eumdem
1916 4892 2034 4931 mo-

465 4964 614 5022 dum,
648 4961 943 5015 secundum
973 4978 1131 5030 quem
1160 4973 1215 5017 et
1249 4963 1407 5017 Pater
1445 4966 1643 5020 habere
1677 4966 2035 5036 intelligitur:

468 5070 515 5106 ut
544 5069 575 5106 ιι
634 5054 998 5119 inductitium,
1046 5070 1219 5125 neque
1248 5057 1585 5112 extrinsecus
1635 5058 2035 5113 advenientem.

467 5147 701 5199 Stultum
752 5148 949 5217 quippe
1001 5158 1056 5201 et
1115 5148 1363 5202 insanum
1398 5159 1502 5216 est,
1557 5149 1634 5203 ita
1670 5150 1899 5204 sentire.
1930 5149 2038 5207 Sed

464 5238 608 5291 sicut
641 5238 803 5292 etiam
844 5237 1216 5307 unusquisque
1274 5249 1519 5293 nostrum
1566 5238 1846 5309 proprium
1882 5238 1935 5292 itt
1977 5255 2039 5295 se

462 5334 579 5400 ιιι-ο
617 5331 863 5403 spiritum
896 5332 1159 5395 continet,
1190 5343 1243 5386 et
1293 5347 1357 5385 ex
1385 5330 1592 5385 intimis
1629 5330 1934 5387 visceribus
1973 5333 2042 5388 ad

459 5426 730 5479 exteriora
758 5423 1053 5494 profundit.
1087 5423 1297 5478 Idcirco
1322 5422 1466 5477 enim
1499 5431 1552 5476 et
1579 5425 1938 5494 corporaliter
1957 5426 2040 5495 ip-

462 5532 579 5567 sum
614 5516 909 5569 insulilavit
947 5513 1222 5575 Christus,
1276 5527 1332 5566 ut
1370 5513 1698 5579 ostenderet,
1735 5516 1859 5583 quia
1897 5517 2041 5571 sicut

457 5621 522 5660 ex
556 5608 792 5661 humano
824 5622 921 5661 ore
957 5606 1314 5673 corporaliter
1371 5607 1614 5673 procedit
1662 5607 1927 5676 spiritus:
1962 5608 2036 5662 ita

530 5720 573 5749 ⁸⁸
615 5720 742 5772 Luc.
780 5737 848 5782 Vt,
884 5724 968 5777 19.

459 5790 574 5824 θίν’
602 5792 756 5845 Joau.
796 5808 881 5860 xx,
917 5793 1008 5846 22.
1085 5791 1127 5823 ⁶⁰
1153 5789 1285 5842 30.ιιι
1339 5805 1393 5843 ιιι
1446 5791 1531 5845 3|.

1050 5721 1092 5752 ιε’
1129 5720 1314 5791 Matth.
1352 5734 1445 5781 xu,
1468 5720 1558 5773 9.8.
1636 5724 1681 5755 ⁸⁸
1712 5723 1869 5779 Joan.
1903 5742 2011 5790 xiv,

2133 5768 2137 5778 .
2206 5726 2246 5758 "
2286 5726 2305 5784 Ι
2339 5727 2461 5782 Cor.
2497 5745 2548 5790 χ,
2583 5729 2635 5781 4.
2713 5727 2969 5785 "Matth.
3003 5746 3057 5791 κ,
3094 5729 3182 5784 57.

2147 4599 2166 4633 ι
2198 4580 2427 4635 Peccato
2471 4579 2759 4634 absolvens
2794 4593 2939 4644 eum,
2963 4578 3053 4646 qui
3087 4578 3188 4633 sibi
3225 4579 3464 4633 cohaeret
3510 4580 3735 4648 preprio

2144 4674 2353 4742 inungit
2382 4670 2611 4742 Spiritu,
2639 4686 2800 4741 quem
2834 4671 3080 4726 immittit
3110 4673 3229 4741 ipse
3263 4672 3508 4741 quidem,
3566 4684 3625 4725 ut
3662 4689 3732 4727 cx

2147 4765 2255 4819 Deo
2272 4762 2435 4818 Patre
2469 4762 2726 4828 Verbum,
2762 4771 2928 4832 atque
2962 4778 3027 4818 ex
3066 4763 3282 4833 propria
3322 4766 3479 4818 nobis
3507 4763 3736 4831 profun-

2141 4855 2220 4909 dit
2243 4864 2459 4908 natura.
2486 4852 2840 4909 Communem
2872 4867 3024 4917 vero,
3063 4862 3318 4921 tanquam
3352 4867 3467 4907 rem
3508 4853 3732 4922 dispen-

2136 4948 2334 5002 sationi
2385 4946 2567 5000 Carnis
2618 4945 2937 5015 adiungens,
3002 4955 3055 5000 et
3088 4954 3145 4998 ut
3194 4945 3356 4999 homo
3415 4944 3734 5013 insulilabat

2136 5038 2513 5110 corporaliter.
2539 5037 2837 5093 insniilavit
2857 5038 3025 5101 enim,
3057 5046 3108 5092 et
3129 5036 3304 5092 dixit:
3341 5037 3573 5106 Accipite
3602 5034 3731 5103 Spi-

2136 5133 2296 5186 ritum
2342 5139 2583 5184 sauctum
2604 5130 2746 5183 “'5’.
2771 5126 2837 5182 Et
2879 5146 2893 5183 :
2914 5126 3039 5182 Non
3053 5128 3121 5181 ad
3141 5144 3443 5182 mensuram
3465 5130 3563 5182 dat
3590 5128 3731 5182 Deus

2136 5223 2588 5294 Spiritum,justa
2643 5221 2868 5277 Joannis
2892 5236 3076 5278 vocem
3094 5222 3178 5286 “;
3214 5222 3305 5276 sed
3335 5221 3452 5291 ipse
3486 5221 3732 5276 immittit
3802 5218 3811 5225 ’

2144 5329 2211 5369 ex
2250 5314 2450 5382 seipse,
2488 5312 2646 5367 sicuti
2680 5310 2931 5371 videlicet
2957 5325 3012 5366 et
3033 5311 3212 5365 Pater.
3247 5328 3267 5363 ι
3468 5306 3475 5313 ’

2228 5427 2285 5482 In
2342 5427 2509 5498 gestis
2543 5427 2671 5483 item
2725 5426 2915 5497 primae
2965 5426 3020 5482 in
3062 5426 3237 5483 Nicaea
3289 5428 3506 5498 synodi,
3561 5427 3618 5483 in
3644 5426 3731 5482 bis

2145 5534 2265 5588 qua:
2321 5520 2575 5574 dixerunt
2601 5517 2796 5574 Patres
2822 5532 2919 5589 per
2945 5521 3258 5589 episcOpum
3306 5518 3618 5584 Leontium,
3653 5518 3725 5571 ita

2146 5612 2413 5666 habetur:
2452 5629 2471 5662 ι
2503 5610 2760 5666 Inventus
2776 5621 2861 5666 est
2892 5611 3150 5681 Spiritus,
3176 5614 3476 5680 procedens
3503 5609 3726 5680 quidem

3297 5727 3343 5760 "
3376 5724 3512 5782 Jocl.
3545 5743 3602 5794 ιι,
3633 5729 3719 5785 28.
