4106 6442
416 387 490 450 97
1006 354 1007 357 γ
1535 373 2005 438 ADVERSUSL

2111 375 2296 435 ecus
2337 376 2614 440 LlB.ll.
2708 410 2713 415 η
3618 372 3690 437 93

413 517 475 553 ea
494 498 673 558 ωηο,
692 491 943 563 prapt-ius
966 498 1143 542 autem
1162 483 1304 550 Filii,
1323 492 1484 554 atque
1502 498 1567 538 ex
1591 484 1711 551 ipso
1733 498 2012 537 manans.»
2045 486 2095 544 Α
2125 487 2343 558 pionem
2381 503 2395 540 :
2433 484 2579 540 Unus
2626 486 2764 541 enim
2786 526 2801 554 ,
2831 485 3028 557 inquit,
3062 484 3261 554 Filius,
3290 503 3408 541 cum
3433 489 3502 545 sit
3523 490 3696 545 visens

482 585 705 655 Magnus
745 595 963 650 quoque
1011 568 1345 632 Aihanasius
1385 574 1439 627 in
1475 574 1613 628 libro
1634 572 1708 628 De
1725 573 2000 639 dispensa-

419 683 554 731 tione
578 674 980 736 incarnationis,
1014 670 1170 740 cujus
1219 667 1432 723 initium
1464 678 1549 722 est
1579 684 1592 721 :
1628 665 1732 732 Qui
1766 682 2003 736 perverse

414 770 617 821 diuinas
642 762 950 833 Scripturas
982 761 1155 814 volunt
1180 757 1470 829 intelligere
1501 798 1517 821 ,
1559 777 1577 809 ι
1621 757 1764 828 Ipse,
1805 757 2000 826 inquit,

415 877 538 912 eum
586 872 820 925 superne
859 853 1003 907 misit
1052 853 1212 912 Deus.
1261 863 1313 905 et
1361 853 1475 919 ipse
1514 866 1636 904 eum
1674 850 1898 902 inferius
1943 856 2004 901 ut

418 952 578 1005 hoino
613 947 871 1015 suscepit.
922 945 997 998 Et
1032 947 1147 1014 ipso
1175 945 1340 1013 igitur
1374 944 1425 997 in
1479 951 1656 1012 ipsum
1719 940 2003 995 descendit

416 1059 485 1095 ex
515 1043 711 1095 deitate
747 1042 799 1093 in
844 1038 1239 1090 humanitatem
1292 1034 1432 1103 ejus.
1464 1053 1483 1087 ι
1513 1034 1750 1111 Sanctus
1779 1047 2001 1102 (pioque

417 1133 854 1203 Chrysostmnus,
887 1131 941 1182 in
984 1140 1238 1182 sermone
1289 1127 1354 1181 de
1408 1126 1753 1181 humanitate
1785 1125 2002 1180 Domini.

419 1222 591 1276 nostri
646 1219 805 1275 Jesus
847 1218 1074 1281 Christi,
1123 1214 1280 1284 cujus
1302 1215 1519 1270 initium
1574 1224 1704 1270 est:
1745 1213 1875 1269 Vere
1903 1230 2001 1283 ap-
2038 1226 2047 1231 ‘

415 1314 595 1383 paruit
644 1312 790 1365 nobis
849 1309 1034 1380 gratia
1076 1308 1170 1361 Dei
1208 1347 1224 1372 ,
1271 1325 1290 1357 ι
1354 1305 1537 1372 Venit,
1582 1306 1777 1376 inquit,
1807 1309 1873 1360 ad
1901 1321 2001 1360 nos

421 1407 693 1470 Christus,
719 1403 869 1458 dedit
893 1401 1048 1455 nobis
1072 1399 1335 1469 Spiritum
1358 1413 1423 1454 ex
1442 1413 1502 1453 se
1531 1407 1866 1457 manantem.
1901 1413 2000 1451 no-

420 1507 706 1566 strumque
736 1494 976 1562 suscepit
1005 1505 1222 1560 corpus.
1272 1507 1292 1541 ι
1378 1502 1393 1517 δ

492 1590 633 1643 Idem
683 1588 736 1640 in
782 1600 1056 1649 sermone,
1100 1585 1194 1653 qui
1247 1581 1566 1638 inscribitur
1615 1581 1991 1651 [lpocpoiaurt-

422 1681 517 1735 κὺν
550 1696 653 1748 quo
685 1678 895 1733 scilicet
928 1676 1203 1730 adversus
1237 1677 1469 1730 haereses
1532 1674 1715 1728 ﬁdeles
1750 1674 2003 1729 homines

422 1770 746 1843 praemunire
781 1768 999 1836 satagit,
1022 1767 1175 1833 cujus
1210 1765 1425 1820 initium
1460 1778 1542 1819 est
1578 1782 1592 1819 :
1629 1764 1898 1831 Quoniam
1929 1770 1999 1818 ad

2125 577 2372 640 Verbum,
2417 593 2579 631 unam
2628 592 2740 631 esse
2793 587 2993 647 oportet
3033 578 3315 648 perfectam
3367 597 3430 633 ac
3463 581 3693 650 plenam,

2108 671 2535 738 sanctificantem
2573 678 2620 723 et
2666 668 3053 723 illuminantem
3086 670 3270 746 uitam,
3312 685 3430 740 qua:
3459 674 3696 740 operatio

2109 763 2277 835 ipsius
2301 771 2348 815 et
2398 776 2590 814 munus
2652 768 2752 828 est,
2800 777 2917 830 qua:
2975 776 3039 813 ex
3072 758 3232 813 Patre
3281 764 3561 824 procedere
3613 762 3697 814 die

2108 857 2268 917 citur;
2332 852 2586 921 quoniam
2651 856 2711 905 α’
2752 850 2917 917 Filio,
2961 853 3048 922 qui
3105 869 3171 907 ea:
3220 853 3386 909 Patre
3408 871 3520 909 esse
3574 872 3699 910 cou-

2108 947 2335 1006 ceditur,
2409 945 2622 1009 emicat,
2682 955 2727 996 et
2790 944 3040 1010 mittitur,
3101 955 3152 998 et
3205 951 3389 1000 datur.

2180 1037 2318 1091 Item
2363 1037 2414 1089 in
2475 1036 2822 1091 confessione
2879 1036 3001 1091 ﬁdei
3058 1051 3192 1103 sine,
3253 1038 3409 1107 ettjus
3475 1038 3693 1094 initium

2108 1139 2193 1183 est
2233 1145 2246 1180 :
2286 1128 2600 1197 Quicunque
2628 1128 2734 1180 vult
2778 1129 2957 1180 salvus
3005 1144 3137 1193 esse,
3170 1137 3291 1180 ante
3331 1128 3512 1183 omnia
3564 1146 3696 1197 opus

2107 1231 2208 1284 est,
2255 1231 2308 1272 ut
2353 1230 2523 1272 teneat
2564 1218 2876 1271 catholicam
2921 1219 3105 1288 ﬁdem,
3147 1219 3263 1273 ait:
3297 1217 3530 1287 Spiritus
3564 1239 3695 1274 san-

2107 1320 2222 1364 ctus
2262 1326 2329 1364 ea:
2358 1307 2518 1363 Patre
2562 1321 2609 1363 et
2654 1307 2793 1362 Filio
2823 1322 2921 1378 est,
2968 1326 3070 1364 non
3104 1311 3305 1380 factus,
3348 1329 3451 1366 non
3482 1326 3694 1367 creatus

2109 1418 2202 1457 nec
2221 1404 2450 1472 genitus,
2481 1401 2570 1455 sed
2604 1401 2912 1471 procedens.

2187 1492 2421 1547 Sanctus
2448 1492 2805 1563 Epiphanius,
2833 1493 2888 1546 in
2926 1493 3065 1547 lihro
3088 1508 3209 1559 suo,
3234 1509 3394 1563 quem
3418 1495 3698 1566 inscripsit

2114 1586 2458 1640 Anchorum:
2498 1583 2734 1653 Spiritus
2758 1624 2774 1648 ,
2838 1585 2953 1649 ait,
3011 1587 3549 1651 incom,.rcliensibilis
3596 1601 3695 1652 est,

2113 1692 2216 1728 non
2267 1675 2473 1728 alienus
2522 1692 2552 1727 α
2586 1675 2748 1730 Patre
2807 1686 2856 1729 et
2901 1674 3061 1739 Filio,
3112 1693 3275 1748 neque
3317 1679 3696 1748 conglutinatto

2103 1777 2178 1820 est
2226 1765 2406 1819 Patris
2459 1783 2523 1819 ac
2566 1765 2719 1821 Filii.
2760 1768 2822 1821 Et
2867 1779 2987 1837 post
3017 1784 3190 1837 pauca
3223 1786 3237 1824 :
3268 1767 3507 1838 Spiritus
3565 1788 3694 1824 san-

420 1868 611 1917 bonum
635 1860 797 1914 Deum
821 1863 1100 1924 tendimus,
1145 1876 1163 1910 ι
1205 1856 1590 1913 Obset-vandus
1627 1869 1683 1912 et
1728 1860 2003 1935 cavendus
2036 1857 2080 1915 Β
2107 1864 2223 1907 ctus
2275 1871 2379 1908 non
2446 1855 2625 1909 Patris
2682 1856 2892 1924 frater,
2955 1857 3046 1910 sed
3077 1872 3142 1911 ea:
3214 1859 3396 1911 eadem
3452 1864 3697 1912 essentia

421 1954 576 2008 nobis
606 1953 726 2008 boui
759 1952 1106 2005 adversarius
1139 1950 1409 2014 diabolus,
1447 1950 1544 2014 ait,
1577 1959 1631 2004 et
1676 1953 1747 2003 ita
1774 1965 1875 2005 nos
1903 1966 1998 2004 cu-

420 2046 615 2101 stodiet
638 2042 873 2112 Spiritus
902 2056 931 2095 a
966 2041 1184 2096 Christo
1233 2055 1481 2103 manans,
1513 2043 1567 2093 in
1598 2041 1740 2095 diem
1805 2040 2000 2096 futura:

418 2135 822 2206 redemptionis.
858 2151 877 2184 ι

494 2233 705 2286 Simeon
740 2243 953 2299 quoque
991 2225 1387 2296 Metaphrasms
1446 2224 1807 2280 c0uscribens
1870 2238 2001 2295 pas-

422 2329 630 2381 sionem
654 2325 825 2378 sancti
860 2320 1100 2392 Dionysii
1132 2320 1495 2388 AreOpagitte,
1557 2320 1631 2372 ita
1678 2318 1995 2372 inchoavit:

431 2430 451 2463 ε
511 2412 643 2466 Olim
677 2410 896 2479 quidem
922 2408 1110 2477 ﬁguris
1135 2416 1189 2461 et
1213 2407 1595 2475 mitigatatibus
1625 2407 1745 2461 lidei
1799 2415 1998 2477 myste-

434 2501 514 2554 ria
565 2499 992 2565 involvebantur,
1049 2508 1103 2551 et
1160 2498 1406 2550 veritatis
1455 2494 1620 2566 jubar
1681 2496 1998 2551 umbrarum

434 2592 567 2646 nube
596 2592 894 2661 tegebatur.
924 2588 1118 2643 Pustea
1182 2602 1308 2642 vero
1334 2602 1496 2656 quam
1522 2603 1777 2657 maguum
1803 2590 1998 2645 salutis

428 2692 815 2737 sacramentum
842 2685 997 2737 nobis
1026 2690 1398 2751 comparatum
1431 2690 1533 2746 est,
1560 2690 1614 2735 et
1640 2682 1687 2735 is
1706 2683 1798 2752 qui
1833 2683 1994 2737 corda

428 2787 609 2832 nostra
661 2774 1011 2845 singulariter
1062 2773 1240 2838 ﬁnxit,
1296 2774 1516 2842 propi'ie
1543 2773 1687 2827 circa
1715 2790 1812 2828 nos
1841 2775 1997 2828 beni-

426 2868 648 2942 gnitatis
697 2867 1048 2921 miseratione
1086 2866 1203 2919 sine
1250 2874 1476 2934 peccato
1509 2866 1685 2919 lactus
1728 2874 1813 2918 est
1840 2858 1998 2919 simi-

426 2961 493 3014 lis
544 2959 695 3013 nobis
725 2975 740 3024 ;
774 2960 987 3025 aliaque
1011 2959 1200 3021 subiit,
1226 2972 1347 3027 quise
1373 2961 1623 3011 humana:
1655 2956 1997 3011 infirmitatis

425 3059 571 3111 sunt,
602 3061 659 3101 ut
685 3064 783 3117 ego
809 3048 1041 3117 ptimum
1074 3044 1330 3115 recipiam
1368 3047 1729 3108 nobilitatem,
1783 3060 1848 3099 ac
1880 3057 2000 3099 tan-

2104 2041 2263 2102 diazit,
2318 2052 2472 2109 atque
2526 2058 2590 2095 ea:
2636 2042 2798 2095 Patre
2852 2044 3285 2110 procedentem:

2109 1945 2289 2000 Patris
2316 1963 2378 1999 ac
2396 1944 2549 2000 Filii.
2577 1946 2700 2017 Ipse
2728 1948 2866 2003 enim
2897 1946 3203 2018 Unigenitus
3226 1947 3409 2015 Patris
3439 1946 3699 2018 Spiritum

3344 2051 3393 2095 et
3421 2044 3484 2095 de
3544 2059 3657 2095 meo
3678 2082 3694 2106 ,

2110 2133 2308 2201 inquit,
2367 2134 2630 2201 accipiet;
2704 2149 2766 2186 ne
2813 2132 3047 2186 alienum
3090 2150 3121 2186 a
3161 2131 3341 2198 Patre,
3386 2134 3516 2186 vela
3554 2132 3695 2186 Filio

2110 2226 2399 2278 existimes.
2434 2224 2499 2277 Et
2534 2232 2655 2292 post
2692 2239 2860 2293 pauca
2896 2221 3021 2277 :Ea:
3055 2223 3213 2276 Patre
3238 2235 3287 2276 et
3318 2222 3482 2287 Filio,
3507 2228 3697 2277 tertias

2110 2314 2482 2382 appellatione.
2539 2316 2603 2369 Et
2639 2325 2761 2383 post
2814 2315 2985 2370 multa
3021 2329 3034 2367 :
3065 2316 3234 2367 Ambo
3286 2316 3341 2369 in
3373 2316 3582 2368 homine
3604 2316 3699 2385 ju-

2107 2417 2187 2459 sto
2238 2406 2851 2473 in’habitant,‘Christus
2894 2418 2943 2462 et
2990 2406 3220 2476 Spiritus
3265 2408 3404 2478 ejus.
3433 2407 3492 2464 Si
3518 2421 3698 2465 autem

2107 2496 2345 2553 Christus
2375 2515 2438 2553 ex
2471 2498 2633 2553 Patre
2663 2500 2898 2554 creditur
2938 2499 3078 2553 Deus
3117 2517 3180 2553 ea:
3202 2499 3334 2565 Deo,
3378 2512 3427 2553 et
3457 2500 3694 2569 Spiritus

2107 2606 2141 2642 a
2188 2588 2422 2656 Christo,
2476 2592 2585 2645 sive
2614 2591 2676 2645 ab
2724 2604 2970 2661 utroque,
3019 2600 3076 2644 ut
3121 2593 3197 2644 ait
3244 2564 3507 2656 Christu‘g,
3543 2596 3632 2663 qui
3664 2613 3696 2646 α

2108 2676 2274 2731 Patre
2330 2682 2588 2748 procedit,
2641 2691 2690 2735 et
2747 2681 2830 2734 hic
2860 2683 2925 2736 de
2989 2699 3103 2736 meo
3153 2685 3398 2751 accipiet.
3459 2684 3525 2737 Et
3576 2696 3700 2755 post

2108 2787 2279 2830 ttauca
2310 2791 2322 2827 :
2359 2773 2463 2828 Sed
2501 2778 2636 2828 dicet
2658 2767 2887 2845 aliquis:
2933 2760 3075 2846 Ergo
3101 2775 3238 2830 duos
3284 2792 3396 2830 esse
3436 2777 3579 2846 ﬁlios
3616 2780 3701 2832 ai-

2108 2867 2308 2929 cimusz
2339 2866 2407 2919 Et
2436 2870 2699 2938 quontodo
2751 2868 2850 2920 erit
2909 2866 3220 2936 Umgeudus
3244 2868 3270 2921 ἔ)
3310 2885 3328 2918 t
3367 2866 3445 2920 Tu
3472 2870 3588 2938 quis
3608 2886 3696 2933 es,

2109 2966 2199 3032 qui
2223 2964 2540 3034 re'spondeas
2568 2962 2672 3014 Deo
2693 2962 2785 3013 "‘i
2839 2979 2856 3010 ι
2892 2959 2958 3015 Si
2989 2961 3127 3014 enim
3157 2958 3358 3014 Filium
3390 2971 3622 3015 vocales:
3646 2980 3700 3014 se

2112 3068 2317 3120 natum,
2358 3054 2615 3125 Spiritum
2648 3066 2825 3107 autem
2877 3064 3139 3114 sanctum,
3197 3054 3289 3121 qui
3352 3052 3417 3105 ab
3476 3064 3699 3120 utroque

428 3141 550 3193 dem
576 3140 752 3194 CIUCiS
776 3140 1042 3209 SUppiiCiO
1075 3138 1298 3194 aﬂ‘ectus
1322 3149 1408 3194 est
1460 3145 1802 3207 mortemque
1834 3138 2004 3191 susti-
2030 3172 2076 3232 ϐ
2112 3160 2184 3204 εει
2220 3166 2233 3203 ε
2265 3163 2384 3217 qum
2441 3145 2612 3200 solum
2654 3145 3023 3214 intelliguntur
3055 3160 3088 3196 α
3122 3145 3346 3208 sanctis,
3376 3142 3579 3209 lucida,
3616 3143 3697 3196 ιιι-

429 3230 565 3283 nuit.
631 3231 695 3282 Et
732 3247 796 3284 ne
854 3228 1064 3299 singula
1090 3243 1438 3297 persequar:
1497 3229 1663 3281 multa
1717 3228 1862 3282 enim
1948 3230 2000 3283 in

432 3322 611 3375 taedio
637 3320 851 3376 fuerunt
879 3321 1037 3388 ejus”
1057 3320 1484 3390 dispensationis
1515 3330 1863 3374 sacramenta
1893 3316 1915 3385 ;’
1940 3321 2004 3370 li-

431 3412 552 3470 nem
572 3415 690 3484 ejus
719 3413 1023 3485 corporalis
1062 3411 1387 3468 inhabitatio
1419 3411 1655 3479 suscepit
1683 3427 1697 3463 :
1733 3411 2003 3479 Spiritus-

429 3507 759 3578 queinclteat
786 3508 981 3577 gratia,
1000 3514 1055 3561 et
1084 3505 1135 3559 in
1160 3504 1326 3560 caelos
1348 3519 1502 3557 meus
1530 3502 1783 3558 Chrstus
1807 3503 2008 3570 fertur,

435 3612 487 3655 at
507 3616 593 3670 ,ue
645 3602 708 3655 ad
741 3610 1027 3670 paternum
1084 3598 1280 3652 solium
1314 3598 1477 3660 redit,
1507 3596 2007 3666 procedentemque

430 3709 494 3748 es
515 3708 572 3748 se
604 3692 863 3763 Spiritum
908 3706 1008 3760 pro
1053 3689 1411 3745 informandis
1464 3688 1776 3742 inﬁdelibus
1824 3688 2003 3757 genti-

430 3785 531 3838 bus
563 3785 836 3851 diseipulis
863 3785 1049 3838 mittit.
1099 3799 1119 3834 ι

502 3875 733 3930 Sanctus
768 3876 1095 3929 Anastasius
1143 3872 1520 3926 Antiochenus
1576 3869 1895 3940 patriarcha
1951 3870 2005 3924 in

434 3970 571 4024 libro
610 3967 690 4022 De
734 3968 887 4022 rectis
940 3965 1187 4020 Ecclesite
1210 3965 1563 4033 dogmatibus,
1595 3964 1674 4016 ait
1708 3979 1723 4015 :
1759 3962 2008 4032 Corporis

435 4078 553 4115 rero
580 4063 944 4131 proprietatem
994 4074 1089 4128 pro
1132 4059 1364 4125 exemplo
1423 4067 1685 4110 sumentes
1706 4054 2006 4113 divinarum

435 4170 767 4222 personarum
828 4159 895 4206 ad
947 4149 1452 4218 invicem,ltabitum
1512 4162 1606 4217 per
1651 4145 2005 4198 membrorum

435 4248 815 4318 proportionem
836 4285 853 4314 ,
881 4262 942 4299 ac
993 4244 1405 4298 similitudinem
1457 4240 1824 4295 commendare
1855 4238 2011 4291 insti-

437 4341 652 4393 tuimus.
712 4336 813 4392 llic
868 4338 1056 4391 etenim
1102 4338 1319 4406 spiritus
1352 4349 1459 4387 om
1501 4332 1617 4402 ejus
1641 4332 1685 4363 ⁸³
1712 4372 1727 4397 ,
1771 4331 2008 4385 videlicet

438 4432 532 4487 Dei
564 4433 789 4500 Spiritus
841 4441 1053 4484 sanctus
1094 4427 1313 4491 dicitur,
1338 4441 1454 4479 cum
1489 4442 1545 4478 os
1579 4423 1890 4494 Unigeuitus
1917 4423 2009 4489 sit;

2123 3246 2306 3317 ciﬂua,
2360 3246 2695 3312 lucidamque
2743 3241 3072 3313 efﬁcientiam
3116 3242 3382 3296 habentia.
3441 3241 3518 3296 Ac
3576 3250 3702 3312 post

2115 3353 2284 3408 pauca
2333 3356 2348 3391 :
2399 3335 2636 3405 Spiritus
2679 3344 2898 3387 sanctus
2957 3334 3179 3402 spiritus
3213 3335 3451 3391 veritatis
3483 3347 3583 3403 est,
3613 3338 3701 3391 lu-

2113 3447 2231 3484 men
2289 3429 2505 3483 tertium
2561 3444 2593 3480 a
2650 3425 2816 3481 Patre
2862 3435 2911 3479 et
2955 3425 3121 3481 Filio.
3187 3425 3254 3480 Et
3287 3437 3409 3497 post
3469 3445 3695 3500 pauca:

2114 3515 2568 3582 Quemadmodum
2600 3516 2740 3568 enim
2765 3513 2980 3568 Patrem
3012 3531 3163 3569 nemo
3196 3518 3354 3579 novit,
3379 3518 3482 3571 nisi
3506 3518 3553 3570 F
3556 3521 3698 3583 ilius,

2114 3623 2274 3677 neque
2293 3605 2493 3661 Filium
2521 3605 2624 3659 nisi
2654 3604 2838 3662 Pater:
2866 3605 2945 3658 ita
2980 3607 3148 3658 audeo
3170 3606 3363 3673 dicere,
3393 3626 3554 3678 neque
3577 3610 3701 3679 Sp:-

2111 3702 2271 3756 ritum
2296 3710 2555 3763 sanctum,
2591 3698 2692 3752 nisi
2729 3697 2894 3751 Pater
2921 3707 2968 3750 et
3001 3696 3050 3749 F
3054 3699 3089 3750 il
3100 3699 3203 3759 ius,
3233 3715 3266 3751 a
3288 3715 3391 3768 quo
3439 3705 3698 3768 procedit,

2056 3804 2063 3812 '
2117 3803 2164 3845 et
2218 3810 2252 3847 a
2306 3807 2407 3861 quo
2468 3789 2676 3858 accipit.
2734 3787 2802 3842 Et
2849 3804 3013 3858 neque
3084 3787 3304 3853 Filium,
3381 3801 3431 3844 et
3480 3789 3697 3847 Patrem

2114 3884 2219 3938 nisi
2261 3883 2490 3953 Spiritus
2541 3888 2783 3948 sanctus,
2847 3880 2939 3948 qui
2990 3879 3246 3932 ueraciter
3284 3879 3568 3950 gloriﬁcat,
3607 3885 3699 3953 qui

2114 3978 2265 4028 docet
2321 3973 2518 4032 omnia,
2574 3978 2666 4040 qut
2719 3988 2750 4024 a
2802 3967 2969 4022 Patre
3015 3979 3065 4023 et
3111 3968 3249 4023 {tilio
3309 3980 3408 4023 est.

2182 4067 2250 4121 Et
2299 4065 2570 4139 aliquibus
2633 4062 2977 4133 interpositis
3028 4080 3041 4115 :
3086 4060 3275 4132 Itaque
3316 4075 3362 4116 et
3394 4062 3560 4117 Pater
3584 4076 3697 4119 erat

2108 4175 2333 4228 semper,
2359 4167 2404 4210 et
2461 4154 2509 4208 F
2513 4158 2634 4210 ilius
2668 4167 2780 4209 erat
2832 4171 3057 4226 semper,
3097 4152 3436 4224 ehSpiritus
3480 4168 3697 4211 sanctus

2111 4270 2176 4308 ex
2221 4252 2381 4306 Patre
2423 4251 2589 4320 spirat
2637 4262 2682 4303 et
2738 4248 2898 4303 Filio.
2958 4245 3024 4300 Et
3098 4253 3287 4302 rursus
3345 4249 3395 4300 in
3460 4251 3696 4302 eodem:

2121 4365 2139 4398 ι
2200 4344 2395 4399 Emitte
2427 4384 2443 4410 ,
2497 4344 2573 4396 ait
2623 4341 2837 4405 David,
2891 4338 3061 4392 lucem
3114 4334 3288 4402 tuam,
3354 4349 3400 4393 et
3430 4351 3700 4394 veritatem

2115 4446 2259 4490 tuam
2321 4435 2388 4491 ⁵⁸,
2460 4453 2477 4485 ι
2536 4432 2657 4503 Ipse
2690 4443 2763 4486 est
2821 4432 3101 4496 Dominus,
3166 4432 3256 4497 qui
3311 4431 3441 4485 dixit
3490 4448 3505 4483 :
3565 4448 3587 4481 ι
3633 4431 3700 4484 In

436 4536 484 4578 et
508 4524 735 4593 Spiritus
764 4538 977 4575 rursum
1007 4536 1071 4574 ea:
1101 4522 1213 4589 ipso
1241 4520 1526 4588 procedens
1546 4555 1561 4582 ,
1602 4527 1650 4569 et
1678 4519 1872 4567 missus
1904 4530 2004 4567 nou
2045 4528 2085 4581 ι)
2116 4531 2413 4586 ηυυίεείηιίε
2461 4528 2646 4582 diem“
2692 4526 2960 4595 agundam
2990 4526 3054 4578 de
3113 4523 3320 4591 Spiritu
3380 4540 3491 4577 meo
3546 4541 3703 4592 super

436 4620 607 4671 solum
631 4633 663 4669 a
699 4613 884 4681 Patre,
937 4614 1027 4666 sed
1065 4614 1225 4665 etiam
1280 4626 1312 4662 a
1348 4607 1516 4662 Filio.
1554 4609 1619 4661 Et
1663 4621 1777 4676 pos;
1816 4622 2008 4675 pauca:

438 4710 673 4780 Apostolj
703 4709 840 4762 enim
875 4709 1236 4775 deprecantes,
1265 4714 1315 4758 et
1345 4713 1401 4757 ut
1450 4702 1673 4756 Domino
1716 4700 2015 4767 supplican-

439 4816 537 4870 tes,
566 4806 645 4856 Itis
692 4802 781 4872 qui
804 4800 947 4854 illius
999 4801 1223 4852 adventu
1284 4797 1430 4866 digni
1491 4807 1703 4855 essent,
1756 4791 2015 4859 S,iiitnm

442 4904 719 4957 sanctum,
781 4903 834 4944 ut
879 4893 954 4943 ita
1000 4889 1265 4955 dixerim,
1321 4888 1649 4942 extrinsecus
1702 4882 2017 4953 inferebant.

442 4988 687 5045 Salvator
720 4998 896 5039 autem
924 4995 1122 5048 noster,
1160 4998 1224 5038 ea:
1241 4985 1432 5051 seipso,
1471 4981 1628 5035 veluti
1681 4994 1745 5033 ea:
1770 4982 2014 5032 thesauro

440 5084 692 5151 quodam,
716 5080 820 5143 his,
860 5081 948 5147 qui
982 5092 1075 5143 per
1129 5076 1249 5129 titte
1301 5073 1620 5128 munditiam
1648 5072 1824 5125 idonei
1849 5082 1896 5124 et
1931 5071 2014 5123 di-

440 5175 528 5246 gni
579 5184 746 5238 erant,
775 5172 927 5224 idum
974 5171 1261 5238 prwbebat.
1320 5169 1467 5222 Idem
1520 5171 1570 5221 in
1607 5172 1794 5220 eodem
1829 5168 2009 5217 Itbto:

443 5266 669 5336 Spiritus
692 5281 931 5331 sauc.us,
964 5267 1159 5333 inquit,
1186 5263 1407 5332 spiritus
1430 5262 1534 5315 oris
1558 5260 1657 5314 Dei
1689 5261 2010 5330 appellatur.

444 5359 517 5414 0s
538 5360 672 5413 enim
710 5357 924 5422 Patris,
974 5354 1164 5409 Filius.
1211 5358 1427 5408 ltnrsus
1478 5354 1531 5406 in
1567 5355 1759 5405 eodem
1794 5370 1807 5405 :
1842 5349 2013 5419 Spiri-

442 5459 527 5507 tus
575 5461 787 5503 sanctus
837 5448 1069 5501 veritatis
1103 5454 1178 5499 est
1208 5445 1471 5514 spiritus:
1514 5442 1596 5496 hic
1641 5458 1673 5494 a
1704 5440 1871 5496 Patre
1900 5443 2021 5512 qui-

440 5544 555 5598 dem
575 5543 832 5611 procedit,
859 5540 1052 5608 accipit
1081 5547 1256 5591 autem
1295 5553 1328 5591 a
1354 5534 1520 5591 Filio.

514 5636 735 5705 Magnus
791 5636 918 5687 item
961 5633 1314 5695 Athanasius,
1381 5632 1432 5683 in
1478 5628 1705 5698 epistola
1751 5628 1819 5683 ad
1852 5627 2017 5683 Sera-

2113 4637 2317 4676 omnem
2374 4635 2606 4685 carnem,
2682 4631 2728 4671 et
2798 4618 3188 4687 prophetabunt
3245 4614 3348 4682 lilii
3410 4617 3621 4681 eorum,
3651 4630 3699 4671 et

2103 4716 2323 4783 juvenes
2352 4728 2535 4766 eorunt
2565 4711 2786 4764 uisiones
2826 4710 3072 4762 videbunt
3106 4707 3173 4761 “.

2187 4806 2254 4860 Et
2299 4822 2359 4860 ea
2405 4803 2645 4873 quidem,
2696 4816 2818 4870 quae
2861 4817 2891 4853 a
2925 4803 3128 4856 sanctis
3184 4801 3439 4854 dicuntur
3512 4800 3703 4873 hujus-

2118 4900 2281 4962 ntodi,
2330 4899 2404 4951 ita
2441 4908 2626 4967 aperta
2673 4905 2799 4950 sunt
2845 4909 3014 4963 pauca
3063 4910 3127 4949 ex
3163 4895 3409 4965 pluribus
3450 4896 3698 4950 collecta.

2120 4991 2389 5059 Quoniam
2440 4990 2602 5060 igitur
2648 5002 2872 5058 magnus
2921 4989 3187 5054 Basilius,
3241 4988 3292 5041 in
3343 4990 3571 5065 epistola
3633 4994 3700 5041 al

2123 5085 2435 5138 Terentium
2489 5082 2779 5144 comitem,
2814 5077 2947 5133 ait:
2993 5080 3167 5145 Quam
3230 5082 3487 5133 rationem
3549 5083 3700 5134 habet

2119 5184 2389 5224 commune
2428 5170 2495 5221 ad
2537 5181 2829 5236 proprium,
2859 5167 2992 5220 hanc
3032 5152 3182 5220 habet
3222 5169 3447 5223 essentia
3480 5171 3547 5221 ad
3575 5170 3701 5222 sub-
3788 5210 3793 5215 .

2123 5262 2395 5314 stantiam.
2442 5260 2506 5312 Et
2545 5259 2685 5315 idem
2719 5274 2905 5335 rursus
2937 5259 2991 5313 in
3031 5261 3254 5329 epistola
3279 5263 3347 5314 ad
3378 5259 3699 5330 Gregorium

2126 5353 2348 5408 fratrem
2381 5353 2447 5407 de
2493 5352 2795 5407 diﬂerentia
2847 5356 3104 5407 essentia:
3157 5365 3317 5423 atque
3358 5354 3700 5416 substantiae,

2119 5446 2297 5514 inquit
2339 5461 2352 5498 :
2399 5442 2804 5499 Communitatis
2858 5443 3070 5513 quidem
3130 5447 3265 5498 ratio
3304 5446 3372 5499 ad
3421 5447 3699 5501 essentiam

2119 5536 2367 5605 refertur.
2426 5534 2742 5590 Sabstantia
2813 5550 2929 5589 vero
2982 5540 3257 5604 prolirium
3312 5535 3565 5606 cujusque
3620 5540 3700 5591 si—

2120 5645 2281 5698 gnum
2315 5639 2413 5681 est.
2449 5629 2813 5681 Uamascenus
2853 5642 3068 5696 (pioque
3117 5630 3171 5681 in
3220 5644 3335 5683 SUIS
3382 5631 3698 5701 thedtogitis

549 5823 593 5856 ⁶¹
622 5826 763 5881 Ροιιι.
798 5842 959 5887 nm.
1004 5828 1056 5881 ϐ.
1133 5828 1176 5859 ⁶²
1210 5825 1372 5882 Rom.
1405 5840 1484 5893 ix,
1515 5823 1607 5879 20.
1708 5822 1753 5855 ⁸³
1789 5818 1934 5879 Psal.
1969 5841 1995 5878 ι

2135 5824 2187 5876 '5.
2309 5821 2350 5851 ⁶¹⁵
2379 5819 2494 5876 ιυυι
2531 5837 2591 5886 ll,
2634 5820 2723 5876 i8.
