4106 6482
485 426 555 489 9)
643 364 655 374 υ
1743 407 2058 469 MANUEI.

2178 380 2481 468 CALEGE

851 533 1159 589 Substantia
1206 541 1280 587 est
1325 545 1598 583 commune
1638 545 1756 581 cum
1799 525 2014 595 proprio
2042 561 2055 586 ,
2085 527 2133 581 Α
2161 528 2480 579 stantiamm
2541 523 2809 595 intelligo,
2852 524 3141 596 perfectum
3201 524 3369 581 Deum
3422 527 3593 595 ipsam
3643 544 3751 583 esse

480 537 732 608 capitulis
783 553 797 590 :

483 642 708 693 constat,
743 630 901 699 quia,
940 627 1148 696 quando
1196 624 1477 693 conjuncte
1521 622 1741 675 dicimus
1777 618 2059 674 essentiam

486 720 637 785 Filii,
684 720 930 790 quoniam
975 715 1147 770 Filius
1214 732 1401 769 nomen
1437 729 1502 768 eat
1520 712 1746 784 propriis
1774 722 1873 775 est,
1915 726 2062 764 com-

486 831 643 868 mune
666 830 783 867 cum
808 810 1035 880 propriis
1067 810 1452 881 significamus.
1485 808 1592 863 Sed
1627 819 1913 861 commune
1940 818 2062 860 cum

486 906 702 975 proprio
746 903 1046 957 substantia
1098 913 1202 957 est.
1243 902 1323 957 Ita
1346 904 1490 956 enim
1526 897 1893 953 Damasceuus
1932 894 2067 951 deii-

400 1016 422 1037 ο
486 997 584 1049 nit.
651 994 841 1064 Itaque
894 993 1148 1061 quoniam
1179 1008 1246 1047 ex
1303 991 1541 1047 essentia
1588 985 1708 1043 Filii
1767 988 1942 1042 dictus
1983 996 2066 1040 est

487 1085 761 1152 Spiritus,
815 1099 878 1139 ex
934 1085 1235 1139 substantia
1283 1083 1403 1153 ejus
1437 1082 1614 1137 dictus
1656 1088 1746 1135 .est
1788 1096 1804 1133 :
1844 1078 2064 1148 sicque,

484 1175 628 1243 quod
651 1174 1021 1244 quaerebatur,
1059 1174 1390 1228 invenimus.

555 1266 706 1332 Quod
736 1275 913 1320 autem
937 1266 991 1319 in
1012 1264 1211 1319 divinis
1230 1261 1529 1333 Scriptnris
1547 1261 1688 1316 idem
1706 1261 2065 1328 sit,quantum

483 1357 549 1410 ad
606 1372 742 1421 rem,
789 1355 1096 1426 proprietas
1143 1363 1305 1423 atque
1346 1353 1688 1418 substantia,
1742 1353 1857 1406 sive
1900 1350 2064 1403 etiam

486 1462 748 1518 persona,
791 1447 1138 1500 manitestunt
1169 1455 1274 1501 est.
1310 1444 1604 1514 Gregorius
1631 1443 1774 1498 enim
1834 1440 2068 1497 Theolo—

487 1555 588 1609 gus
619 1539 672 1591 in
726 1551 985 1592 sermone
1014 1537 1082 1591 ad
1122 1536 1327 1591 lumina
1370 1536 1507 1609 dixit
1540 1554 1553 1593 :
1593 1533 1686 1588 Dei
1738 1542 1923 1587 autem.
1948 1548 2068 1585 cunt

485 1630 799 1692 dixero,uno
843 1627 1038 1683 lumine
1070 1645 1130 1682 ac
1151 1628 1313 1681 tribus
1338 1626 1681 1680 ξηαπταηὶπὶ
1706 1642 1722 1679 :
1750 1624 1917 1678 tribus
1945 1625 2091 1693 (γαί-ι

484 1719 625 1784 ἄρηι,
668 1719 955 1773 secundum
983 1718 1354 1787 proprietates.
1375 1718 1771 1787 Esponensque
1798 1715 1932 1787 quid
1985 1716 2068 1771 di-

488 1810 634 1864 xerit
668 1808 1054 1879 proprietates,
1104 1809 1375 1881 adiungit,
1420 1810 1526 1863 sive
1570 1809 1917 1873 substantias,
1959 1807 2067 1863 sive

486 1916 740 1972 personas
794 1917 980 1956 vocare
1042 1901 1232 1970 placet.
1291 1903 1424 1954 Item
1456 1902 1507 1954 in
1568 1900 1823 1956 laudibus
1891 1900 2067 1955 sancti

488 1993 792 2058 Athanasii,
840 2008 965 2048 cum
1001 1995 1225 2047 dixisset
1271 2009 1284 2046 :
1326 1990 1443 2046 Una
1476 1995 1612 2047 enim
1638 1991 1904 2056 essentia,
1942 1999 2073 2044 tres-

486 2102 586 2155 que
622 2085 955 2150 substantias;
993 2100 1115 2140 cum
1152 2086 1402 2139 dicantur
1430 2085 1648 2153 quidem
1693 2098 1723 2137 a
1768 2083 1944 2148 nobis,
1985 2082 2073 2151 pie

486 2180 734 2248 protinus
782 2179 1027 2247 adjunxit
1083 2197 1097 2230 :
1144 2175 1309 2232 Aliud
1366 2177 1506 2230 enim
1554 2184 1799 2229 naturam
1827 2174 2067 2238 indicat;

488 2269 639 2323 aliud
681 2270 837 2322 trium
886 2268 1252 2338 proprietates.
1302 2266 1416 2321 Illic
1444 2281 1576 2334 ergo
1612 2280 1738 2321 cum
1765 2264 2070 2335 proprieta-

488 2372 566 2414 tes
598 2358 899 2426 posuisset,
940 2358 1275 2413 substantias
1303 2356 1587 2426 exposuit:
1622 2355 1709 2410 hic
1727 2363 1906 2410 autem
1937 2353 2068 2409 sub-

485 2451 755 2514 stantias,
806 2450 1187 2519 proprietates.
1236 2447 1315 2523 Ex
1363 2463 1469 2516 quo
1518 2460 1650 2502 sane
1705 2445 2065 2500 manifestum

488 2550 573 2595 est
602 2542 727 2608 quia
759 2541 1144 2610 proprietatem
1186 2549 1241 2594 et
1267 2538 1630 2593 substantiam
1668 2536 1813 2590 Idem
1835 2530 2067 2603 intelligi

485 2630 599 2685 vult
622 2671 637 2695 ,
666 2629 939 2700 simulque
988 2640 1239 2683 naturam
1269 2642 1325 2682 et
1359 2614 1662 2683 essentiam
1693 2627 1748 2681 in
1780 2625 1891 2682 Deo
1917 2625 2070 2681 testi.

487 2731 620 2786 mat;
650 2737 815 2776 unam
843 2722 989 2777 enim
1023 2720 1320 2775 essentiam
1352 2729 1601 2774 naturam
1624 2710 1892 2788 exposuit.
1916 2717 2066 2784 Quo-

489 2813 638 2866 niam
683 2813 850 2883 igitur
904 2826 1194 2867 commune
1242 2811 1294 2865 in
1324 2812 1434 2866 Deo
1474 2811 1723 2866 essentia
1777 2822 1886 2866 tres
1938 2809 2068 2866 sub-

488 2905 706 2958 stantiae
748 2914 904 2969 sunt,
949 2918 1345 2973 communeqtte
1390 2903 1504 2957 haec
1537 2911 1621 2957 est
1664 2917 1783 2970 qua:
1836 2899 2066 2970 singulis

487 3003 572 3049 est
601 3005 654 3050 et
693 2995 914 3066 propria
960 2996 1228 3060 essentia;
1264 3011 1372 3048 una
1421 2993 1625 3065 quippe
1673 2993 1941 3049 extribus
1979 3001 2066 3047 est

486 3085 668 3156 aliqua
713 3101 982 3157 persona;
1026 3087 1279 3155 quodque
1325 3084 1523 3154 cuique
1555 3092 1673 3151 est,
1705 3085 1806 3139 hoc
1836 3082 2064 3136 mirabi-

3648 411 3748 476 100

2173 620 2282 673 scio
2309 618 2698 688 perfectamque
2731 617 3249 674 essentiam.Dicitur
3286 625 3468 673 autem
3514 633 3583 674 ex
3616 617 3735 674 Filii

2165 711 2401 765 essentia
2451 724 2571 766 esse
2603 708 2840 781 Spiritus
2892 727 2907 765 :
2957 710 3303 766 manifestum
3334 717 3459 776 est,
3513 711 3640 782 quia
3678 726 3744 766 ex

2165 802 2469 857 substantia
2503 803 2674 872 ipsius
2696 817 2816 857 esse
2837 802 3055 859 dicitur.
3087 802 3430 872 thuoniam
3467 802 3521 856 in
3543 802 3746 857 eisdem

2165 892 2240 946 ait
2275 911 2289 946 :
2324 893 2457 959 Quia
2495 894 2647 949 solus
2680 892 2851 949 Filius
2883 876 3099 964 genitus
3128 907 3250 959 est;
3281 909 3344 949 ex
3377 892 3558 947 Patris
3602 895 3745 947 enim

2164 987 2402 1040 essentia
2453 986 2570 1041 sine
2597 986 2865 1056 principio
2890 994 2944 1041 et
2990 985 3110 1041 sine
3157 990 3404 1054 tempore
3439 993 3525 1037 est
3550 993 3745 1048 natus;

2166 1088 2221 1133 et
2269 1077 2417 1132 solus
2465 1076 2701 1146 Spiritus
2745 1086 2963 1133 sanctus
3009 1092 3078 1134 ex
3125 1074 3299 1131 Patris
3344 1075 3593 1132 essentia
3642 1090 3748 1128 nun

2166 1171 2412 1242 genitus,
2468 1170 2562 1227 sed
2630 1171 2928 1241 procedens
2985 1179 3123 1226 est:
3169 1184 3236 1224 ex
3297 1167 3480 1224 Patris
3570 1177 3749 1221 autem

2165 1263 2405 1319 essentia
2424 1303 2440 1331 ,
2470 1277 2567 1331 pro
2591 1275 2653 1317 eo
2680 1301 2694 1326 ,
2720 1256 2865 1334 ‘quod
2897 1270 3012 1327 est,
3041 1277 3105 1329 es
3144 1260 3320 1316 Patris
3354 1257 3667 1315 substantia
3690 1265 3744 1312 et

2168 1352 2276 1409 iste
2318 1353 2481 1407 tradit
2514 1363 2567 1407 et
2591 1367 2782 1407 omnes
2804 1352 3174 1419 consentiunt,
3206 1352 3332 1420 quia
3364 1350 3602 1421 Spiritus
3625 1364 3751 1403 san-

2166 1455 2285 1500 ctus
2314 1453 2438 1499 cum
2492 1458 2560 1499 ex
2611 1442 2742 1515 Filii
2785 1443 3017 1499 essentia
3065 1458 3097 1498 a
3144 1441 3410 1512 theoIOgis
3458 1441 3748 1504 asseritur,

2166 1547 2223 1593 et
2247 1537 2414 1607 ipsius
2445 1536 2751 1591 substantia
2793 1546 2880 1590 est
2904 1553 2933 1589 :-
2952 1534 3095 1590 idem
3126 1536 3272 1591 enim
3299 1535 3541 1591 essentia
3592 1543 3752 1604 atque

2167 1629 2470 1685 substantia
2498 1628 2548 1683 in
2575 1629 2684 1684 Deo
2709 1635 2793 1685 est
2822 1628 3121 1683 secundum
3155 1642 3295 1681 rem.

2238 1719 2406 1775 Porro
2438 1721 2481 1775 si
2517 1720 2638 1788 quis
2663 1720 2766 1776 ista
2797 1721 2954 1775 aliter
2983 1720 3258 1790 accipiens
3278 1719 3410 1774 velit
3435 1716 3584 1773 aliud
3632 1716 3747 1786 qui-

2170 1816 2288 1869 dem
2315 1813 2370 1868 in
2417 1813 2528 1869 Deo
2559 1815 2885 1881 essentiam,
2933 1812 3078 1868 aliud
3131 1812 3492 1869 substantiam
3546 1809 3751 1882 signiti-

2175 1920 2340 1971 care,
2396 1905 2706 1961 necessario
2755 1903 2913 1960 fateri
2963 1906 3255 1961 essentiam
3288 1905 3407 1959 sine
3443 1890 3748 1959 substantia

2175 1998 2639 2068 substantiamque
2682 1997 2802 2053 sine
2850 1998 3091 2053 essentia
3147 2006 3397 2067 cogetur.
3453 1995 3535 2049 Ad
3582 2010 3743 2064 quam

2174 2089 2569 2145 absurditatem
2620 2104 2847 2161 magnus
2897 2104 3112 2159 quoque
3144 2087 3380 2143 Basilius
3412 2090 3467 2143 in
3498 2088 3749 2158 praedicta
3834 2130 3840 2135 .

2173 2181 2243 2237 ad
2267 2180 2581 2237 Terentium
2614 2181 2869 2236 comitem
2912 2180 3141 2251 epistola
3173 2181 3478 2235 orationem
3506 2191 3751 2233 necessa-

2173 2273 2255 2327 rio
2300 2272 2542 2327 deduxit.
2592 2270 2659 2325 Et
2716 2271 2973 2341 quoniam
3043 2264 3464 2327 indelerminate
3517 2267 3775 2337 theologi

2171 2364 2238 2420 de
2295 2364 2478 2420 divina
2521 2363 2644 2420 Filii
2700 2364 2986 2420 nativitate
3025 2364 3352 2419 disserentes
3408 2364 3585 2435 ipsum
3651 2362 3751 2416 ali-

2172 2454 2393 2523 quando
2422 2454 2643 2523 quidem
2682 2466 2746 2506 ex
2775 2451 2957 2509 Patris
3004 2452 3264 2520 essentia,
3295 2451 3595 2524 aliquando
3621 2465 3747 2506 vero

2176 2558 2239 2598 es
2269 2543 2411 2597 illius
2440 2542 2746 2598 substantia
2778 2551 2961 2598 natum
3015 2551 3300 2604 asserunt;
3326 2554 3418 2597 aut
3453 2544 3589 2598 duos
3608 2541 3749 2596 filios

2171 2643 2333 2689 natos
2395 2634 2746 2689 confitebitur
2784 2675 2802 2700 ,
2838 2634 3001 2689 alium
3070 2635 3285 2703 quidem
3343 2650 3416 2690 ex
3475 2633 3744 2697 essentia,

2167 2724 2331 2779 alium
2366 2738 2494 2779 vero
2527 2739 2590 2779 ex
2624 2723 2964 2789 substantia,
3005 2734 3096 2778 aut
3115 2738 3219 2778 non
3239 2737 3363 2778 esse
3394 2721 3517 2777 Filii
3538 2722 3743 2776 unicam

2166 2830 2232 2871 ac
2264 2815 2562 2886 simplicem
2613 2816 2955 2871 nativitatem
3006 2816 3171 2870 dicet.
3201 2813 3347 2869 Idem
3404 2829 3538 2871 vero
3599 2812 3745 2868 etde

2169 2906 2371 2976 Spiritu
2430 2914 2622 2962 sancto
2675 2906 2905 2961 dicetur.
2957 2903 3025 2958 Et
3049 2915 3197 2960 certe
3240 2906 3288 2960 si
3340 2905 3562 2973 quidem
3618 2908 3741 2956 sunt

2168 3009 2278 3054 tres
2324 2998 2639 3055 diderentes
2692 2997 2950 3067 aliudque
2978 2996 3152 3052 Patris
3211 2996 3543 3067 proprietas,
3604 2990 3742 3048 aliud

2165 3089 2344 3147 Patris
2384 3105 2647 3161 persona,
2684 3088 2830 3144 aliud
2882 3098 3105 3157 paterna
3137 3087 3479 3155 substantia,
3517 3095 3571 3141 et
3603 3084 3738 3138 aliud

486 3176 613 3231 liter
641 3177 805 3231 etiam
836 3191 1123 3232 commune
1149 3186 1263 3244 est;
1302 3193 1467 3230 unum
1508 3178 1651 3231 enim
1690 3176 1818 3239 tria,
1869 3184 1925 3229 et
1958 3174 2059 3227 tria

2162 3180 2345 3246 Pater,
2394 3180 2650 3251 aliudque
2677 3195 2891 3235 rursum
2927 3180 3163 3235 essentia
3196 3178 3365 3245 illius;
3396 3179 3647 3247 idemque
3678 3174 3742 3229 de

485 3288 652 3326 unum
678 3281 836 3339 sunt;
863 3272 918 3326 in
949 3271 1147 3340 quibus
1167 3279 1251 3326 est
1279 3272 1476 3337 deitas,
1503 3271 1618 3327 sive
1658 3281 1715 3326 ut
1744 3270 2058 3340 diligentius

486 3364 741 3427 dixerim,
761 3379 882 3433 quae
900 3364 1071 3417 deitas
1095 3372 1175 3417 est
1198 3364 1353 3431 juxta
1389 3361 1691 3432 theologum
1714 3361 2056 3431 Gregorium,

488 3454 838 3510 manifestum
889 3463 1012 3515 est.
1072 3454 1327 3522 quoniam
1390 3453 1529 3508 sicut
1591 3453 1751 3507 triutn
1817 3451 2056 3507 essentia

487 3544 795 3600 substantia
827 3553 942 3613 est,
975 3544 1050 3597 ita
1082 3558 1310 3614 quasque
1350 3543 1780 3598 substantiarum
1820 3540 2059 3597 essentia

485 3645 543 3689 et
595 3635 900 3691 substantia
950 3643 1054 3689 est.
1090 3634 1194 3689 Sed
1227 3643 1337 3690 tres
1368 3633 1681 3691 Subsmntias
1702 3632 1866 3687 Pater
1892 3638 1977 3686 est
2003 3640 2059 3686 et

481 3726 653 3784 Filius
704 3737 759 3783 et
816 3726 1054 3797 Spiritus
1094 3740 1368 3792 sanctus;
1413 3726 1708 3781 secundum
1752 3723 1898 3778 enim
1942 3723 2058 3779 haec

482 3820 708 3875 relative
743 3823 807 3874 ad
833 3819 1066 3874 invicem
1103 3818 1317 3888 proprie
1352 3818 1714 3885 accipiuntur.

555 3910 741 3978 Itaque
793 3923 978 3963 verum
1018 3905 1260 3976 proiecto
1295 3915 1379 3963 est
1433 3907 1578 3976 quod
1625 3906 1851 3973 dicitur,
1908 3904 2056 3976 quod

476 4002 701 4071 quando
750 3999 1040 4069 coniuncte
1098 3996 1220 4053 Filii
1271 4001 1566 4054 essentiam
1614 3999 1868 4064 dicimus,
1921 3996 2056 4053 sub-

477 4088 738 4144 stantiam
796 4089 914 4158 ejus
965 4088 1084 4142 sive
1134 4104 1419 4157 personam
1479 4090 1881 4157 signiﬁcamus;
1931 4102 2053 4143 cum

483 4195 771 4235 commune
798 4180 1012 4247 quidem
1041 4179 1331 4233 essentiam
1362 4179 1592 4234 dicendo
1635 4180 1902 4254 signetur,
1929 4192 2056 4247 pro-

477 4272 598 4339 pria
632 4285 761 4325 vero
804 4270 1105 4325 substantia
1168 4285 1263 4339 per
1321 4269 1601 4324 relativum
1669 4284 1866 4324 nomen
1927 4267 2050 4323 Filii

482 4362 788 4415 insinuetur
843 4375 859 4412 :
910 4360 1210 4415 substantia
1237 4360 1434 4429 quippe
1456 4373 1745 4414 commune
1774 4373 1894 4413 cum
1928 4374 2052 4428 pro-

2162 3272 2391 3341 reliquis
2422 3273 2747 3329 substantiis
2770 3270 3059 3327 dicendum
3093 3289 3106 3325 :
3140 3272 3339 3340 partim
3371 3271 3595 3341 quidem
3626 3266 3741 3321 Tri-

2160 3365 2306 3420 nitas
2349 3365 2507 3420 nobis
2548 3364 2853 3429 auferetur,
2892 3376 2947 3419 et
2978 3363 3231 3433 peribunt
3278 3364 3468 3418 omnia
3515 3374 3634 3431 quas
3677 3357 3739 3411 de

2161 3455 2277 3527 ipsa
2330 3457 2417 3523 pie
2464 3456 2662 3511 tradita
2744 3455 3086 3523 suscepimus
3117 3470 3133 3509 :
3164 3451 3360 3524 partim
3412 3450 3741 3523 compositus

2162 3547 2269 3603 erit
2315 3547 2476 3614 Deus,
2506 3560 2573 3601 ex
2622 3554 2735 3599 tam
2774 3545 3146 3602 diﬂerentibus
3177 3546 3243 3599 ad
3272 3546 3510 3601 invicem
3543 3557 3733 3599 secun-

2161 3639 2285 3694 dum
2329 3654 2444 3695 rem
2487 3647 2767 3694 constans.
2791 3638 2897 3695 Sed
2927 3638 3071 3694 enim
3108 3638 3208 3694 ista
3241 3638 3487 3694 absurda
3519 3646 3652 3694 sunt
3685 3640 3736 3690 et

2159 3729 2348 3798 impia.
2377 3727 2445 3783 Et
2475 3728 2604 3783 illttd
2643 3729 2803 3797 igitur
2829 3730 3118 3783 absurdum
3158 3727 3375 3798 pen'tus
3409 3740 3467 3785 et
3492 3726 3733 3797 impium,

2133 3835 2266 3890 ,quo
2301 3820 2476 3890 posito
2507 3820 2608 3876 ista
2644 3829 2964 3890 sequuntur.

2233 3909 2499 3977 Quoniam
2556 3910 2720 3979 igitur
2773 3909 3079 3966 substantia
3123 3909 3340 3980 quidem
3400 3919 3460 3966 et
3505 3918 3732 3979 persona

2163 4001 2303 4055 idem
2332 4010 2437 4064 est,
2477 4000 2779 4056 substantia
2809 4016 2940 4057 vero
2965 4011 3016 4057 et
3048 4003 3350 4071 proprietas
3382 4017 3541 4073 atque
3590 4000 3726 4054 idem

2156 4101 2258 4159 est,
2291 4093 2601 4149 substantia
2647 4102 2829 4148 autem
2860 4095 3096 4148 essentia
3117 4102 3221 4161 est,
3313 4101 3371 4146 ut
3396 4107 3466 4149 ex
3506 4094 3588 4147 his
3617 4103 3730 4159 qum

2158 4199 2317 4256 supra
2347 4185 2576 4240 diximus
2606 4193 2839 4249 constat,
2897 4172 3253 4241 madiiestum
3302 4195 3384 4241 est
3410 4186 3528 4241 haec
3556 4181 3728 4238 omnia

2157 4277 2299 4332 idem
2349 4277 2403 4331 itt
2459 4276 2567 4331 Deo
2616 4292 2741 4334 esse
2785 4280 3079 4333 secundum
3133 4293 3271 4333 rem.
3323 4275 3388 4330 Et
3425 4276 3557 4332 illud
3605 4274 3725 4327 item

2158 4365 2499 4421 manifestum
2556 4376 2641 4421 est
2666 4368 2833 4437 quod,
2863 4367 2909 4423 si
2932 4367 3076 4422 aliud
3097 4366 3358 4431 essentia,
3391 4367 3542 4423 aliud
3599 4361 3726 4417 ευδ-

476 4452 601 4520 ιιτίο
645 4458 728 4504 εει
757 4449 923 4505 άῖεῑει·
966 4449 1119 4516 Ουοά
1165 4465 1289 4503 cum
1319 4466 1383 4503 ex
1426 4449 1546 4503 Filii
1581 4448 1816 4505 essentia
1853 4449 2047 4503 dieitur
2083 4422 2132 4480 Β
2164 4458 2362 4512 stantia
2398 4472 2426 4511 a
2458 4422 2910 4528 sanctisilicitur;
2957 4460 3050 4513 sed
3079 4469 3255 4513 tamen
3285 4458 3584 4514 secundum
3615 4465 3723 4509 rem

481 4541 719 4609 Spiritus
749 4550 992 4601 Sanetus,
1027 4555 1091 4593 ex
1130 4538 1244 4607 ejus
1289 4539 1621 4594 substantia”
1651 4539 1873 4594 dicitur.
1905 4538 2050 4593 Idem

475 4632 647 4697 enim,
716 4640 978 4702 quantum
1041 4631 1106 4684 ad
1144 4645 1301 4696 rem,
1365 4629 1600 4685 essentia
1649 4641 1704 4684 et
1749 4631 2051 4685 substantia

478 4733 584 4778 est.

546 4811 922 4867 Datnascenus
970 4812 1303 4881 prtetereaiu
1354 4810 1471 4865 suis
1504 4809 1823 4880 tbeulogicis
1843 4810 2052 4878 capitu-

474 4903 566 4966 lis,
608 4884 820 4967 Deitas,
860 4903 1067 4970 inquit,
1109 4912 1357 4955 naturam
1430 4902 1709 4967 insinuat;
1752 4900 1917 4953 Pater
1950 4916 2048 4952 au-

470 5006 581 5049 tem
610 4996 773 5064 ~quod
815 4998 1012 5047 dicitur
1061 4994 1430 5060 substantiam,
1464 4994 1620 5047 sicuti
1650 5004 1703 5047 et
1743 4992 2050 5046 humanitas

471 5099 724 5142 naturam
790 5086 1153 5150 commendat,
1216 5085 1407 5139 Petrus
1481 5101 1601 5157 vero
1676 5085 2047 5138 substantiam.

474 5180 612 5245 Quia
674 5178 838 5247 igitur
897 5178 1350 5248 quemadmodum
1409 5176 1589 5234 Pater.
1657 5179 1728 5228 ita
1787 5185 1842 5230 et
1880 5173 2050 5227 Filius

473 5272 723 5326 similiter
803 5269 1165 5325 substantiam
1248 5267 1476 5334 indicat;
1554 5268 1856 5322 substantia
1916 5279 2049 5319 vero

468 5377 760 5417 commune
793 5376 913 5415 cum
946 5360 1201 5430 preprio,
1239 5360 1378 5414 sistit
1413 5360 1530 5427 ipse
1575 5358 1822 5413 deﬁnivit
1850 5372 1866 5422 ;
1895 5370 2046 5410 com-

472 5474 632 5511 mune
677 5467 855 5510 autem
911 5456 1094 5508 Deitas
1129 5452 1215 5508 vel
1245 5464 1472 5516 natura,
1519 5452 1603 5505 vel
1647 5450 1882 5505 essentia
1940 5460 2043 5504 eat.

475 5548 680 5601 Dicitur
738 5557 912 5600 autem
985 5560 1051 5598 ex
1129 5542 1254 5597 Filii
1299 5543 1534 5597 essentia
1588 5556 1709 5596 esse
1784 5540 2043 5609 Spiritum

469 5648 757 5700 sant-tum;
794 5635 1139 5690 manifestum
1170 5641 1291 5694 est,
1326 5632 1580 5701 quoniam
1627 5646 1691 5685 ex
1744 5631 2042 5687 substantia

471 5730 641 5797 ipsius
674 5739 777 5783 est.
1394 5782 1395 5785 η

541 5817 804 5884 Quoniam
832 5834 957 5875 vero
979 5818 1117 5875 idem
1137 5816 1190 5871 itt
1220 5814 1407 5872 iisdem
1433 5816 1507 5870 ait
1536 5812 1707 5869 :.Cum
1740 5830 1894 5866 uuam
1925 5818 2049 5868 sub-

2159 4549 2416 4603 dixerunt
2469 4564 2574 4603 non
2615 4549 2758 4605 aliud
2800 4549 3120 4615 essentiam,
3156 4549 3302 4605 aliud
3331 4564 3454 4606 esse
3483 4549 3725 4604 substan-

2156 4641 2309 4703 tiam,
2330 4640 2421 4696 sed
2448 4641 2742 4695 secundum
2767 4641 2907 4708 quod
2932 4656 3037 4695 una
3062 4652 3224 4710 atque
3245 4640 3432 4696 eadem
3462 4655 3548 4694 res
3571 4636 3724 4692 aliter

2153 4731 2370 4797 quidem
2417 4730 2661 4799 signatur
2705 4744 2770 4782 ex
2804 4731 3019 4783 nomine
3041 4729 3294 4784 essentia:
3324 4744 3421 4784 seu
3475 4736 3718 4783 naturas.

2153 4818 2314 4874 aliter
2333 4833 2397 4873 ex
2433 4819 2649 4873 nomine
2682 4818 2997 4873 substantia:
3015 4819 3127 4873 sive
3145 4815 3554 4889 personteJIIud
3577 4812 3718 4869 enim

2153 4909 2512 4962 communiter
2561 4917 2615 4962 et
2662 4906 2943 4973 absolute,
2977 4910 3082 4962 hoc
3113 4915 3292 4962 autem
3341 4905 3557 4977 proprie
3613 4912 3721 4954 ma-

2155 5001 2254 5068 gis,
2288 5015 2408 5053 cum
2444 5014 2508 5053 eo
2539 4998 2753 5054 scilicet
2799 4998 2940 5067 quod
2977 4999 3042 5052 ad
3080 4996 3287 5065 aliquid
3325 4989 3716 5066 quodammodo

2156 5093 2351 5144 habeat
2386 5108 2400 5141 :
2443 5090 2569 5160 quia
2622 5092 2766 5145 enim
2802 5090 3049 5145 absoluta
3081 5088 3148 5141 ab
3183 5087 3269 5141 his
3317 5103 3437 5157 quae
3462 5085 3712 5139 dicuntur

2150 5185 2215 5236 ad
2245 5182 2471 5251 aliquid,
2495 5179 2768 5247 din‘erunt;
2803 5195 2987 5235 eorum
3014 5194 3141 5233 vero
3167 5194 3284 5248 qttte
3310 5178 3362 5232 in
3390 5177 3499 5230 Deo
3528 5174 3712 5228 dicun-

2157 5284 2271 5339 tur,
2307 5274 2660 5343 alia.quidcm
2712 5273 2957 5327 absoluta
3013 5279 3140 5325 sunt
3170 5272 3383 5324 nomina
3410 5283 3527 5339 qua:
3552 5275 3709 5320 unum

2150 5365 2315 5419 Deum
2347 5366 2638 5419 indiscrete
2669 5364 2996 5434 signiﬁcant,
3053 5361 3156 5416 alia
3196 5374 3324 5416 vero
3373 5361 3592 5414 relative
3615 5355 3707 5406 ha-

2147 5458 2273 5510 bent
2305 5472 2425 5525 qua:
2465 5455 2670 5509 anobis
2726 5454 3050 5509 Trinitatem
3107 5454 3505 5511 commendant,
3552 5457 3603 5502 et
3629 5456 3711 5496 se-

2145 5547 2377 5600 cundum
2421 5562 2481 5599 ca
2533 5545 2787 5613 quidem,
2834 5559 2953 5614 quae
2993 5545 3240 5599 absoluta
3297 5552 3353 5597 et
3403 5531 3705 5597 communia

2148 5646 2303 5700 sunt,
2351 5637 2498 5690 unita
2543 5636 2836 5705 Theologia
2882 5645 3126 5697 constat,
3175 5634 3470 5689 secundum
3503 5619 3707 5682 τοιοῦδ’

2150 5744 2266 5794 quu-
2305 5729 2369 5779 ad
2390 5728 2619 5780 invicem
2650 5727 2872 5781 relativa
2906 5735 3070 5791 sunt,
3107 5737 3160 5780 et
3189 5728 3482 5781 secundum
3505 5736 3562 5774 es
3589 5728 3703 5785 quae

2160 5822 2223 5872 ad
2258 5819 2458 5886 aiiquid
2506 5819 2726 5883 habent,
2782 5819 3014 5874 discreta
3060 5824 3366 5874 contexitur
3402 5808 3702 5876 theologi“
