4106 6442
374 371 466 435 ibi

1444 368 1847 430 ADVERSUS
1877 367 2190 431 GRAECOS
2221 369 2364 432 LlB.
2410 374 2491 434 ll.

3521 352 3659 448 με’

370 490 544 544 tmitio
595 501 721 540 vero
768 493 928 556 atque
962 482 1216 563 discretio
1264 497 1371 537 non
1419 482 1561 538 idem
1596 493 1713 548 est;
1770 497 1943 550 neque
1975 489 2017 545 Α
2047 483 2348 536 secundum
2394 482 2757 553 proprietates
2804 501 2926 556 qua:
2987 486 3325 546 substantias
3372 493 3626 546 ostende-

369 583 511 635 cnim
554 579 924 633 relativum‘et
971 556 1276 631 absolutum
1326 575 1467 630 idem
1500 576 1796 629 secundum
1837 574 1939 627 boc

369 674 570 726 dictum
600 680 718 726 est:
744 669 987 738 sequitur
1008 684 1115 722 non
1146 668 1284 724 idem
1314 680 1436 721 esse
1459 667 1752 720 cssrntiam
1777 657 1941 733 aiqne

369 758 763 817 substantiam:
802 760 1063 816 Essentise
1108 759 1251 814 enim
1276 773 1472 812 nomen
1499 755 1753 826 quiddam
1778 755 1941 810 abso-

369 857 542 910 lutum
591 856 789 923 signat,
854 853 1155 909 substantia
1199 853 1311 923 (35)
1344 865 1472 905 vero
1521 850 1795 919 propriam
1838 864 1937 903 eu-

363 948 562 1017 jnsque
618 955 801 1000 nolam
877 949 1242 1010 commendat,
1294 945 1594 1000 secundum
1652 959 1812 1014 quam
1869 946 1936 998 ad

370 1037 529 1091 aliam
560 1036 792 1093 refertur
820 1050 1126 1105 personam.

444 1127 574 1181 Nam
598 1127 827 1196 exempli
857 1140 1043 1191 causa,
1076 1126 1265 1181 dexter
1298 1128 1463 1180 homo
1491 1128 1560 1181 ab
1595 1123 1662 1182 eo
1687 1127 1778 1197 qui
1803 1106 1953 1182 sim--

370 1219 579 1289 pliciter
627 1219 788 1273 homo
828 1227 910 1274 est
964 1219 1261 1273 secundum
1315 1219 1459 1289 quod
1508 1218 1830 1287 simpliciter
1882 1227 1936 1271 et

368 1313 550 1379 aliquo
573 1312 751 1377 modo,
771 1310 886 1366 sive
924 1312 1218 1367 secundum
1252 1323 1539 1365 commune
1567 1320 1619 1362 et
1657 1310 1934 1381 proprium

370 1403 582 1467 ditfert.
632 1388 735 1459 etsi
761 1405 1053 1458 secundum
1105 1418 1221 1457 rem
1250 1403 1393 1457 idem
1420 1403 1493 1457 sit
1521 1403 1711 1457 dexter
1736 1404 1931 1467 homo;

368 1496 564 1564 quippe
609 1506 660 1548 et
681 1495 871 1549 l‘etrns
918 1495 1082 1549 homo
1127 1504 1208 1549 est
1240 1502 1295 1549 et
1326 1494 1465 1548 ﬁlius
1520 1493 1708 1561 Jonze;
1748 1509 1933 1563 neque

369 1590 599 1640 alterum
646 1585 913 1655 signiﬁcat
970 1586 1058 1654 qui
1095 1587 1344 1640 eumdem
1380 1583 1600 1640 Petrum
1656 1586 1929 1639 hoinincm

369 1679 520 1743 dicit;
550 1676 775 1731 alterum
801 1690 949 1740 vero,
985 1689 1104 1731 eum
1132 1677 1379 1731 eumdem
1413 1675 1579 1731 ﬁliutn
1605 1675 1754 1732 Jonze
1783 1677 1936 1731 dixe—

371 1772 460 1823 rit.
501 1768 805 1823 Secundum
864 1782 1023 1830 vero,
1078 1767 1220 1839 quod
1245 1766 1568 1834 simpliciter
1626 1776 1683 1821 et
1751 1768 1933 1839 aliquo

372 1861 528 1914 modo
552 1860 767 1925 dicitur,
798 1858 1158 1914 diﬁ’erentiam
1188 1868 1397 1914 tantum
1430 1859 1631 1914 indicat
1657 1876 1675 1927 ;
1705 1859 1935 1914 dicendo
1970 1840 2009 1893 Β

371 1952 514 2007 enim
576 1947 793 2005 Petrum
836 1950 1108 2004 hominem
1147 1950 1398 2006 absoluto
1420 1960 1475 2006 et
1533 1952 1806 2005 communi
1836 1966 1932 2004 no-

372 2045 514 2096 mine
543 2041 861 2107 subjectum.
918 2040 1170 2098 eumdem
1223 2055 1351 2095 vero
1376 2051 1429 2095 et
1455 2037 1610 2096 Joua:
1651 2041 1817 2121 lilium
1849 2039 1934 2093 di-

371 2134 568 2193 t-eado.
598 2133 817 2202 proprio
847 2143 899 2186 et
941 2132 1162 2188 relativo
1183 2140 1237 2184 et
1269 2130 1489 2185 deﬁnito
1517 2130 1758 2197 nomine,
1782 2145 1935 2184 eum-

370 2227 489 2279 dem
517 2237 569 2277 et
602 2224 764 2277 tilium
802 2238 923 2278 esse
973 2237 1037 2276 ex
1072 2222 1294 2277 homine
1350 2219 1488 2276 Jona
1530 2222 1621 2290 qui
1675 2233 1828 2290 pater
1859 2221 1933 2275 illi

374 2316 495 2380 luit,
525 2317 738 2370 indicat.
794 2313 899 2367 Per
953 2323 1242 2381 utrumque
1266 2327 1399 2384 ergo
1438 2328 1635 2368 nomen
1669 2313 1825 2367 aliter
1880 2319 1936 2365 et

372 2399 529 2463 aliter
578 2407 713 2461 idem
753 2407 1132 2477 signiﬁcatur,
1184 2405 1409 2460 relative
1467 2406 1677 2460 scilicet
1698 2415 1752 2459 et
1779 2404 1936 2475 abso-

380 2502 722 2557 lutezsolnm
782 2508 962 2552 autem
1021 2498 1341 2567 simpliciter
1402 2504 1459 2552 et
1519 2497 1708 2566 aliquo
1774 2496 1934 2552 modo

383 2592 568 2646 ditt‘ert.
624 2589 781 2645 Aliud
821 2588 962 2644 enim
1018 2588 1309 2642 essentiam
1359 2587 1479 2641 sine
1508 2585 1695 2642 habitu
1725 2586 1935 2654 signiti-

378 2695 498 2750 cat;
553 2682 693 2738 aliud
746 2679 990 2735 eamdem
1050 2688 1105 2733 et
1152 2677 1221 2733 ad
1273 2677 1476 2748 aliquid
1535 2679 1934 2749 quodammodo

374 2781 671 2833 habentem.
1726 2758 1735 2765 ’

444 2875 741 2942 ᾼιιεεῑειιιι·
800 2881 980 2928 autem
1044 2870 1132 2928 bis
1172 2884 1290 2939 quas
1329 2870 1470 2925 dicta
1510 2876 1638 2923 sunt
1699 2867 1933 2936 primum

370 2966 587 3035 quidem
664 2978 888 3037 magnus
955 2962 1313 3030 Athanasius,
1351 2973 1536 3028 postea
1588 2974 1716 3013 vero
1770 2962 1934 3013 etiam

368 3066 595 3111 sanctus
640 3054 944 3121 Maximus,
1002 3065 1168 3125 atque
1236 3053 1482 3108 amboin
1533 3052 1765 3123 dialogis
1817 3051 1935 3106 suis

369 3148 628 3202 adversus
664 3148 1001 3201 Anomteum.
1043 3147 1305 3201 Anomtno
1339 3145 1483 3199 enim
1524 3145 1740 3199 dicente
1789 3142 1934 3197 aliud
1964 3173 2004 3229 ε

368 3240 681 3300 essentiam.
705 3238 846 3293 aliud
866 3251 986 3291 esse
1007 3238 1391 3300 substantiam,
1415 3246 1636 3290 sanctus
1659 3235 1931 3290 Maximus

372 3330 709 3400 respondet:
753 3328 916 3384 Aliud
957 3337 1004 3382 et
1054 3327 1202 3381 aliud
1262 3345 1365 3382 non
1414 3346 1564 3399 quasi
1593 3346 1735 3395 rent;
1766 3339 1930 3399 atque

374 3423 469 3477 illo
499 3423 760 3477 intercute
779 3436 794 3474 :
813 3418 957 3475 Nunt
985 3436 1106 3490 ergo
1125 3422 1424 3489 compositio
1439 3423 1463 3476 ἵ
1478 3420 1713 3475 Sanctus
1735 3420 1933 3488 adjun-

374 3517 488 3587 git:
524 3516 678 3569 Aliud
700 3523 746 3569 et
771 3515 917 3568 aliud
946 3514 1077 3582 dixi,
1110 3531 1212 3569 non
1240 3520 1393 3586 quasi
1412 3531 1540 3580 rem,
1569 3518 1658 3568 sed
1698 3528 1753 3568 ut
1781 3516 1930 3568 aliud

374 3606 571 3678 aliquid
597 3609 836 3675 essentia,
883 3607 1030 3660 aliud
1059 3600 1390 3678 significante
1425 3608 1750 3663 substantia.
1782 3607 1931 3661 Sicut

372 3718 593 3772 granum
616 3702 774 3756 tritici
802 3701 998 3756 dicitur
1022 3712 1068 3754 et
1127 3718 1299 3755 semen
1347 3711 1422 3755 est
1451 3711 1496 3755 et
1527 3703 1753 3770 fructus;
1785 3700 1932 3754 tiliutl

373 3806 545 3849 autem
576 3794 834 3862 quoddam
865 3794 1127 3864 signiﬁcat
1158 3809 1354 3859 semen,
1390 3792 1537 3845 aliud
1562 3792 1789 3859 fructus.

445 3887 755 3941 Cbnccdens
792 3902 920 3956 ergo
983 3897 1204 3940 sanctus
1235 3886 1369 3948 illic.
1411 3884 1556 3938 aliud
1593 3899 1715 3938 esse
1745 3896 1932 3937 essen-

373 3977 527 4041 tiam,
561 3977 700 4031 aliud
741 3978 1125 4044 substantiam,
1156 3986 1463 4031 nontamen
1500 3975 1771 4045 genuinam
1810 3972 1927 4026 dei-

376 4071 536 4115 tatem
568 4061 789 4131 intelligi
823 4063 1082 4130 permittit
1124 4078 1139 4115 :
1179 4068 1465 4130 propterea
1522 4058 1733 4114 scilicet
1785 4058 1933 4127 quod

374 4167 477 4207 non
513 4153 649 4205 idem
687 4152 867 4207 itidem
910 4153 1175 4222 signiﬁcet
1207 4153 1378 4207 deitas
1399 4160 1452 4204 et.
1483 4150 1812 4215 substantia,
1852 4154 1936 4206 vel

375 4242 607 4297 essentia
634 4251 688 4297 et
716 4244 1042 4297 substantia.
1068 4241 1218 4297 Licet
1250 4243 1414 4312 igitur
1445 4242 1585 4296 idem
1635 4241 1933 4295 essentiam

376 4346 441 4387 ac
478 4334 840 4388 substantiam
870 4334 1048 4389 dicere
1070 4335 1365 4389 secundum
1396 4348 1508 4387 rem
1548 4344 1613 4400 ,et
1670 4332 1821 4388 aliud
1848 4348 1937 4387 es-

375 4426 784 4487 sentiam.aliud
807 4427 1161 4481 substantiam
1222 4429 1514 4483 secundum
1576 4427 1937 4496 signiﬁcatita

2047 583 2188 639 rent,
2219 574 2455 629 nolebat.
2508 574 2565 632 Si
2599 577 2718 644 quis
2743 579 2888 632 enim
2941 590 3221 648 paternam
3264 581 3622 637 substantiam

2045 662 2328 718 relativum
2355 665 2538 731 dicat,
2586 681 2809 725 necesse
2839 679 2945 735 est,
2983 679 3039 724 et
3068 672 3135 725 ad
3171 673 3314 742 quod
3350 673 3621 741 refertur,

2052 754 2212 809 simul
2237 758 2505 811 conﬁteri.
2528 758 2844 829 llujusmodi
2872 763 3073 831 quippe
3098 774 3291 816 natura
3315 773 3405 819 est
3433 780 3621 820 earum

2045 864 2225 903 rerum
2261 863 2382 919 qua
2409 849 2477 904 ad
2523 846 2727 921 aliquid
2760 853 3037 909 dicuntur.
3089 855 3237 912 ldem
3287 870 3414 912 vero
3458 867 3512 912 et
3567 858 3622 912 in

2042 940 2348 994 substantia
2404 940 2584 1009 genita
2620 951 2675 994 et
2720 942 2772 994 in
2828 943 3153 1012 procedente
3186 944 3476 1003 dicendum
3519 957 3623 1003 est.

2046 1029 2158 1085 Hoc
2190 1040 2374 1084 autem
2406 1031 2457 1084 in
2492 1030 2600 1087 Deo
2628 1033 2804 1102 posito
2825 1072 2841 1100 ,
2871 1049 3090 1091 necesse
3119 1044 3205 1092 est
3232 1049 3342 1093 tres
3375 1039 3629 1094 substan-

2044 1122 2170 1186 tias,
2205 1137 2301 1176 seu
2327 1131 2440 1178 tres
2473 1138 2733 1193 personas
2780 1125 2941 1180 Deum
2999 1130 3295 1184 secundum
3333 1131 3451 1185 ﬁdei
3479 1134 3627 1201 posi-

2045 1214 2250 1268 tionem
2286 1230 2353 1269 ex
2404 1216 2783 1285 processibus,
2814 1217 2928 1272 sive
2972 1219 3325 1277 rtlatiouibus
3357 1237 3626 1292 apparen-

2044 1314 2127 1360 tes
2146 1305 2411 1372 conﬁteri,
2436 1305 2577 1374 quod
2603 1316 2715 1362 erat
2735 1310 3062 1364 contrarium
3083 1310 3301 1367 Sabellii
3327 1319 3620 1382 proposito.

2078 1393 2153 1447 De
2184 1393 2287 1448 hoc
2317 1396 2459 1462 quod
2496 1396 2832 1464 propositum
2880 1404 2984 1459 est.
3009 1407 3063 1453 et
3115 1413 3340 1468 magnus
3386 1399 3623 1455 Basilius

2044 1484 2096 1538 in
2133 1483 2434 1553 exemplari
2465 1483 2683 1540 dictatte
2709 1490 2775 1539 ab
2800 1501 2865 1542 eo
2895 1487 3041 1553 ﬁdei,
3068 1488 3225 1558 cujus
3256 1490 3466 1545 initium
3495 1502 3577 1548 est
3605 1511 3619 1547 :

2043 1574 2149 1629 Eos
2181 1576 2269 1645 qui
2294 1577 2545 1644 prteventi
2609 1586 2731 1629 sunt
2769 1579 2878 1631 alia
2910 1579 3034 1646 ﬁdei
3090 1579 3435 1647 confessione,
3489 1584 3558 1634 ait
3601 1599 3620 1636 :

2045 1666 2269 1731 Quidam
2305 1682 2423 1722 vero
2477 1666 2542 1720 ab
2581 1668 2847 1736 impietate
2901 1670 3027 1738 Afri
3071 1668 3295 1725 Sabellit'
3338 1673 3618 1739 uenientes.

2040 1758 2395 1812 substantiam
2430 1757 2789 1833 [Itypostasin}
2815 1773 2969 1834 atque
3000 1766 3293 1819 essentiam
3321 1765 3458 1819 idem
3509 1783 3628 1822 esse

2036 1853 2313 1918 suspicati,
2341 1852 2461 1906 inde
2488 1855 2786 1908 occasiones
2816 1856 3196 1910 concinnandae
3222 1874 3333 1913 sua:
3355 1859 3616 1928 blaspltec

2037 1947 2158 2000 mite
2183 1946 2431 2011 trahant,
2465 1962 2530 2000 ea:
2560 1962 2621 2001 eo
2645 1987 2663 2012 ,
2691 1947 2830 2015 quod
2857 1950 2918 2001 in
2960 1947 3064 2016 ﬁde
3092 1949 3348 2016 scriptum
3377 1951 3446 2003 sit
3499 1968 3517 2004 :
3555 1949 3619 2004 Si

2036 2038 2151 2104 quis
2186 2047 2363 2091 autem
2398 2054 2462 2092 ex
2510 2040 2617 2092 alia
2661 2041 2887 2093 essentia
2951 2040 3057 2093 sive
3088 2040 3385 2095 substantia
3411 2039 3616 2095 Filium

2035 2141 2145 2179 esse
2164 2124 2378 2190 dixerit,
2417 2126 2554 2178 hunc
2594 2126 3011 2180 anathematizat
3041 2127 3299 2182 catholica
3328 2137 3377 2182 et
3402 2139 3617 2195 aposto-

2045 2215 2148 2267 lica
2181 2213 2441 2269 Ecclesia.
2483 2213 2604 2267 Non
2639 2216 2775 2269 enim
2818 2216 2926 2270 illic
2962 2203 3395 2284 identidixerunt,
3440 2236 3617 2273 essen-

2038 2306 2167 2359 tiam
2204 2314 2360 2377 atque
2399 2307 2748 2362 substantiam
2771 2343 2787 2362 .
2820 2305 2881 2362 Si
2908 2309 3044 2361 enim
3084 2325 3244 2363 uuam
3287 2321 3441 2379 atque
3471 2327 3618 2364 eam-

2037 2396 2152 2448 dem
2187 2398 2592 2468 intelltgentiam
2624 2398 2957 2452 insinuarent
3009 2414 3193 2464 uoces,
3235 2401 3362 2471 quid
3407 2418 3617 2463 access:

2037 2499 2147 2542 erat
2182 2506 2426 2552 utrasque
2472 2492 2707 2555 ponere?
2757 2490 2979 2546 Constat
3031 2507 3147 2544 vero
3203 2494 3450 2560 quoniam
3495 2497 3616 2550 aliis

2037 2580 2248 2648 quidem
2294 2596 2359 2633 ea:
2412 2578 2592 2634 Patris
2635 2581 2785 2634 illum
2838 2582 3067 2634 essentia
3108 2598 3219 2637 esse
3257 2569 3612 2653 negantibus,

2037 2670 2158 2723 aliis
2207 2687 2321 2724 vero
2347 2671 2658 2733 dicentibus.
2701 2673 2826 2741 quia
2860 2687 3023 2740 neque
3058 2687 3123 2726 ea:
3157 2677 3402 2739 essentia.
3450 2666 3614 2734 neque

2037 2781 2100 2818 ea:
2137 2763 2428 2817 substantia
2453 2776 2610 2831 esset;
2635 2764 2710 2818 ita
2767 2778 2990 2832 utraque
3025 2774 3083 2818 ut
3112 2766 3287 2819 aliena
3337 2766 3402 2819 ab
3453 2768 3617 2821 eccle-

2037 2857 2256 2910 siastica
2298 2856 2650 2927 intelligentia
2688 2857 3101 2912 interdixerunt.
3154 2856 3254 2910 Ubi
3298 2859 3437 2911 enim
3489 2875 3613 2912 sen-

2039 2965 2156 3002 sum
2204 2966 2358 3003 suum
2402 2960 2789 3019 expresserunt,
2828 2965 2893 3004 ea:
2926 2948 3106 3003 Patris
3139 2951 3370 3004 essentia
3410 2948 3609 3004 Filium
3698 2986 3717 2994 -

2039 3039 2309 3107 dixerunt;
2348 3054 2450 3092 non
2464 3038 2584 3107 jam
2625 3038 2934 3107 adjicientes
2972 3049 3021 3092 et
3048 3055 3112 3093 es:
3140 3040 3462 3094 substantia.
3495 3039 3613 3105 Ita-

2038 3102 2236 3198 que'et
2288 3102 2423 3180 illud
2464 3102 2705 3197 quidem
2741 3144 2837 3198 pro
2894 3128 3176 3182 abolitione
3230 3132 3473 3197 pessimae
3523 3102 3612 3183 in-

2039 3220 2341 3291 telligentite
2384 3218 2616 3289 positum
2659 3228 2761 3282 est,
2800 3220 2895 3273 hoc
2932 3227 3107 3274 autem
3141 3219 3384 3274 salutare
3417 3218 3613 3289 dogma

2033 3312 2366 3382 manifestat.

2105 3426 2221 3483 Hoc
2253 3426 2306 3481 in
2337 3425 2454 3482 loco
2476 3438 2707 3493 magnus
2729 3421 2961 3481 Basilius
2981 3420 3293 3479 dicentibus
3315 3420 3610 3476 Patribns:

2036 3517 2093 3573 Si
2124 3517 2248 3589 quis
2273 3530 2401 3572 vero
2425 3515 2642 3579 dixerit,
2672 3528 2740 3569 ex
2769 3513 2873 3567 alia
2901 3513 3159 3576 essetuia.
3193 3527 3289 3567 Seu
3309 3511 3619 3567 substantia

2033 3608 2253 3672 Filium,
2284 3609 2428 3662 hunc
2458 3607 2885 3663 anatbematizat
2919 3604 3186 3659 catholica
3231 3614 3284 3658 et
3317 3603 3617 3672 apostolica

2035 3701 2400 3768 Ecclesia,eos
2422 3701 2515 3771 qui
2551 3700 2678 3756 hinc
2709 3694 3089 3758 conﬁciebant,
3138 3694 3278 3747 idem
3330 3707 3452 3746 esse
3478 3693 3625 3744 sub-

2034 3794 2288 3850 stantiam
2366 3802 2528 3862 atque
2576 3790 2869 3870 essentiam
2903 3827 2919 3853 ,
2951 3786 3134 3855 culpat
3212 3792 3267 3838 et
3332 3785 3409 3836 ait
3447 3802 3462 3836 :
3497 3782 3614 3837 Non

2037 3890 2204 3953 enim,
2229 3887 2355 3957 quia
2390 3886 2800 3948 illicdixerunt,
2834 3897 2900 3936 ex
2935 3880 3043 3934 alia
3075 3879 3330 3939 essentia.
3357 3878 3471 3933 sive
3490 3878 3621 3933 sub-

2038 3983 2256 4040 stantia.
2306 3980 2432 4035 inde
2484 3978 2754 4047 colligitur
2828 3977 2971 4031 idem
3032 3988 3151 4028 esse
3203 3972 3494 4027 essentiam
3537 3982 3620 4022 at—

2038 4049 2146 4142 que
2176 4070 2538 4125 substantiam
2567 4086 2583 4135 ;
2612 4070 2709 4123 sed
2753 4067 3109 4136 quorumdam
3146 4061 3429 4133 opiniones
3466 4059 3627 4112 lalla-

2039 4179 2130 4218 ccs
2150 4163 2219 4218 ab
2249 4162 2489 4218 Ecclesia
2518 4161 2860 4216 eliminantes
2887 4197 2902 4222 .
2949 4156 3196 4224 utrisque
3225 4153 3345 4208 istis
3393 4152 3622 4206 vocibus

2041 4253 2121 4307 usi
2155 4261 2304 4308 sunt.
2339 4251 2396 4307 Si
2428 4253 2570 4307 enim
2605 4251 2748 4305 idem
2770 4251 2942 4304 ambae
2967 4248 3361 4316 signiﬁcarent,
3392 4256 3625 4299 necesse

2041 4345 2281 4414 proiecto
2317 4360 2421 4398 non
2466 4352 2585 4398 erat
2619 4353 2878 4411 utrasque
2929 4353 3159 4410 ponere.
3201 4337 3309 4392 Sed
3361 4337 3622 4405 quoniam

2042 4434 2134 4488 alii
2184 4434 2401 4502 quidem
2464 4431 2733 4500 negabant
2793 4445 2856 4483 ex
2907 4427 3086 4481 Patris
3130 4427 3365 4482 essentia
3421 4424 3623 4480 Filium

378 4531 553 4569 rerum
587 4517 821 4572 nomina.
849 4517 912 4571 Et
945 4528 1235 4587 utrumque
1261 4529 1438 4602 tamen
1472 4534 1656 4574 verum
1690 4529 1789 4574 est.
1822 4517 1938 4573 Non
1975 4547 2019 4602 υ
2047 4539 2195 4591 esse,
2288 4522 2506 4593 quidam
2558 4536 2691 4577 vero
2733 4533 2909 4589 neque
2937 4534 3002 4572 ex
3042 4519 3301 4582 ess-uitia,
3345 4531 3519 4585 neque
3551 4530 3624 4570 ex

378 4607 519 4663 enim
551 4608 844 4661 secundum
872 4608 1015 4662 idem
1051 4610 1212 4662 etiam
1272 4590 1433 4664 ambo
1457 4611 1508 4663 in
1553 4618 1811 4678 quantum
1859 4624 1944 4663 es-

375 4700 545 4753 sentia
573 4698 785 4766 quidem
808 4713 1094 4754 commune
1140 4698 1453 4769 signiﬁcat,
1506 4709 1561 4753 et
1612 4701 1755 4754 idem
1800 4700 1942 4769 quod

379 4802 494 4844 (rat
527 4805 665 4844 esse.
707 4790 1017 4845 Substantia
1042 4805 1170 4846 vero
1220 4791 1384 4863 idem,
1409 4791 1543 4845 etad
1575 4790 1778 4861 aliquid
1802 4806 1942 4861 quo-

380 4880 664 4933 dammodo
713 4874 914 4936 habens
944 4882 1024 4934 vel
1046 4882 1339 4951 gignentis,
1370 4882 1450 4937 rei
1480 4881 1667 4953 geniti,
1707 4885 1787 4936 rei
1814 4898 1942 4954 pro-

377 4974 623 5026 cedentis
673 4973 754 5027 vel
787 4971 1031 5040 producti
1062 4974 1290 5027 ratione.
1712 4976 1719 4985 ί

458 5063 659 5127 Dictum
691 5074 773 5120 est
803 5073 979 5120 autem
1022 5080 1052 5120 a
1081 5065 1286 5120 sanctis
1324 5081 1428 5123 non
1467 5067 1608 5122 idem
1649 5066 1939 5122 essentiam

383 5171 506 5209 esse
534 5161 695 5224 atque
722 5156 1099 5221 substantiam,
1131 5167 1350 5226 propter
1373 5156 1661 5223 Sabelljum
1689 5161 1944 5215 maxime.

389 5248 486 5301 llic
531 5252 671 5303 enim
719 5263 881 5302 unam
925 5230 1208 5319 personam
1262 5251 1426 5304 Deum
1470 5265 1591 5304 esse
1640 5252 1944 5312 conﬁtens.

386 5342 520 5393 idem
553 5343 603 5393 in
640 5342 747 5394 er
774 5354 896 5396 esse
940 5342 1296 5396 substantiam
1342 5352 1397 5398 et
1433 5344 1728 5398 essentiam
1757 5360 1948 5399 secun-

385 5434 506 5487 dum
558 5448 693 5498 rem,
740 5442 794 5487 et
846 5433 1079 5488 libenter
1125 5436 1341 5504 quidem
1396 5435 1776 5491 conﬁtebatur.
1836 5436 1949 5490 llnc

384 5527 521 5581 enim
552 5526 625 5579 illi
659 5526 897 5579 maxime
927 5525 992 5578 ad
1026 5525 1075 5578 id
1107 5526 1248 5593 quod
1292 5526 1645 5593 moliebatur,
1699 5528 1949 5583 confere-

387 5620 551 5673 rebat.
579 5616 923 5674 Substantias
943 5630 1070 5671 vero
1094 5632 1186 5671 seu
1217 5632 1476 5688 personas
1499 5619 1785 5674 relativum
1808 5635 1948 5687 esse,

447 5804 558 5875 (55)
598 5804 813 5862 Accipit
853 5796 1211 5860 substantiam
1245 5820 1344 5875 pro
1380 5806 1687 5877 bypostasi.

2046 4614 2351 4671 substantia
2404 4612 2581 4691 l’atris
2644 4611 2790 4666 illum
2853 4623 2972 4664 esse
3026 4607 3359 4666 fatebantur,
3414 4605 3625 4659 idcirco

2046 4718 2275 4775 utraque
2304 4705 2727 4767 interdixerunt,
2765 4717 2861 4771 pro
2899 4698 3621 4766 deletiunepessimazintelo

2045 4796 2280 4864 “gentia:
2334 4795 2671 4850 anathemati
2733 4791 3120 4858 subjicientes,
3168 4788 3212 4841 si
3259 4787 3381 4855 quis
3421 4786 3625 4842 exalia

2048 4889 2284 4946 essentia
2311 4889 2424 4944 sive
2448 4886 2748 4943 substantia
2778 4884 2971 4940 Filium
3010 4881 3234 4937 dixerit.

2120 4982 2194 5036 Ea
2214 4980 2512 5051 quotliquet
2535 4989 2783 5033 sanctum
2817 4975 3162 5040 concludere,
3199 4988 3303 5028 non
3332 4971 3472 5027 idem
3499 4983 3630 5026 es-e

2051 5073 2344 5131 essentiam
2382 5082 2542 5141 atque
2591 5070 2973 5128 substantiam.
3031 5066 3183 5134 Quod
3219 5065 3439 5136 quidam
3480 5079 3628 5133 prac-

2056 5177 2136 5220 ter
2164 5166 2341 5222 sancti
2372 5167 2472 5219 viri
2498 5163 2857 5219 intentionem
2919 5169 3325 5230 perverteutes,
3374 5158 3425 5211 in
3459 5158 3632 5226 pluri-

2057 5272 2174 5311 mas
2209 5256 2573 5312 absurditates
2605 5252 2876 5309 incidunt.
2933 5251 3122 5321 Neque
3153 5250 3297 5306 enim
3352 5250 3473 5305 illus
3507 5250 3629 5303 cul-

2055 5357 2169 5419 pat.
2220 5348 2363 5416 quod
2429 5348 2726 5402 secundum
2810 5358 2925 5399 rem
2987 5343 3126 5398 idem
3173 5356 3294 5397 esse
3339 5344 3633 5421 essentiam

2057 5447 2219 5509 atque
2248 5438 2603 5495 substantiam
2644 5436 2904 5500 dixerint;
2966 5434 3068 5489 hoc
3096 5435 3241 5488 enim
3290 5448 3476 5487 verum
3511 5444 3641 5485 esse

2059 5531 2264 5585 veritas
2300 5546 2415 5601 Ipsa
2446 5545 2568 5585 cum
2600 5528 2809 5584 sanctis
2845 5523 3101 5581 Patribus
3123 5525 3387 5595 loquitur,
3411 5521 3643 5591 ipseque

2063 5627 2113 5681 in
2147 5626 2372 5695 cpistola
2406 5626 2471 5679 ad
2508 5624 2826 5695 Gregorium
2872 5620 3094 5676 fratrem
3165 5625 3459 5673 attestatur
3490 5633 3506 5684 ;
3542 5614 3646 5673 sed
