4106 6502
489 428 589 493 tm
1740 421 2130 482 MANUELIS
2171 417 2472 480 (IALECJZ
3663 416 3772 479 1οί

481 545 610 613 quia
671 538 964 595 secundum
1014 538 1275 591 rationem
1305 576 1319 598 .
1369 536 1481 590 sive
1526 534 1799 588 nominum
1839 534 2043 603 δὶόιιιὶἶο
2080 541 2122 592 Α
2225 530 2392 583 Porro
2417 536 2723 582 stsauctum
2752 525 3612 596 lsaac(54)proleratdicentem
3643 530 3782 584 :lllc

485 635 754 687 catiouem
778 670 792 692 ,
857 631 996 684 idem
1054 628 1345 684 essentiam
1407 635 1462 681 et
1516 626 1876 680 substantiam
1938 637 2060 678 esse
2166 631 2313 687 pater
2337 631 2458 674 tuus
2482 631 2576 683 est,
2607 626 2654 672 et
2679 634 2741 671 ea:
2768 625 2959 670 natura
2994 626 3083 676 tua
3105 629 3182 672 est
3206 635 3225 684 ;
3251 627 3305 672 al
3332 621 3387 672 id
3420 620 3648 688 quidem
3678 622 3782 676 dici

488 727 748 795 putabant
780 742 793 777 :
829 729 882 776 et
940 735 1041 774 non
1092 728 1149 772 ut
1185 720 1297 788 ipse
1343 717 1438 781 ait,
1495 717 1786 771 essentiam
1843 715 2061 786 quidem
2172 715 2250 768 las
2269 714 2438 777 est,in
2463 712 2659 779 quibus
2684 709 2860 764 nullus
2891 709 3024 763 ordo
3053 712 3414 779 conspicitur,
3437 712 3641 766 divisis
3664 714 3782 783 qui-

492 817 558 870 ad
617 826 920 876 commune,
977 822 1033 865 ut
1087 810 1406 878 simpliciter
1451 808 1722 862 ducebant
1759 824 1771 858 :
1810 809 2066 860 substan-
2169 808 2287 860 dem
2321 802 2616 858 secundum
2642 801 2947 862 materiam,
2984 801 3149 854 unitis
3190 812 3372 855 autem
3428 803 3786 859 solummodo

493 909 623 961 tiam
682 920 829 968 vero,
881 909 1061 956 notam
1113 901 1381 969 propriam
1437 901 1489 953 in
1539 915 1624 964 eo,
1687 901 1824 967 quod
1883 900 2066 967 aliquo
2173 898 2404 952 termino
2431 906 2636 949 naturae
2661 893 2924 956 mortalis,
2948 909 3042 963 per
3071 908 3230 962 quam
3267 894 3788 951 invicem'coosub-

494 999 654 1051 modo
701 996 768 1049 ad
810 995 952 1047 aliud
999 991 1245 1053 haberet,
1300 991 1650 1054 deﬁniebant,
1704 1000 1756 1044 et
1819 992 1884 1042 ab
1917 1002 2064 1044 utro-
2172 988 2454 1043 stantiales
2508 987 2804 1040 secundum
2839 986 3248 1039 conversionem
3287 987 3354 1037 ad
3409 984 3660 1041 invicem
3701 990 3786 1042 di-

493 1100 596 1154 que
633 1084 909 1138 nominum
944 1097 1104 1134 unam
1151 1082 1509 1150 eamdemque
1542 1082 1828 1150 capiebant
1863 1082 2064 1135 iltlt‘lli-
2171 1092 2388 1144 cuntur,
2413 1088 2465 1134 et
2495 1080 2786 1133 secundum
2815 1093 2974 1146 quam
3023 1077 3403 1147 unusquisque
3448 1093 3517 1132 ex
3551 1082 3786 1148 proximi

491 1177 726 1245 gentiam
769 1189 861 1244 per
887 1188 1050 1241 quam
1085 1187 1400 1241 processus,
1440 1173 1850 1242 relationesque,
1884 1173 2070 1228 sitnul-
2173 1171 2646 1235 nzuura,velutiex
2671 1173 2902 1239 quodam
2921 1170 3185 1237 subjecto,
3210 1171 3260 1222 in
3280 1171 3512 1238 pr0pria
3536 1173 3790 1225 substan-

489 1279 594 1334 que
625 1273 736 1317 tres
760 1278 1040 1333 personas
1071 1278 1192 1318 esse
1227 1265 1392 1316 Deum
1424 1262 1770 1318 attl‘erebant.
2175 1265 2269 1326 tia,
2289 1277 2352 1316 ac
2374 1261 2534 1315 veluti
2554 1276 2615 1313 ex
2643 1268 2752 1313 toto
2780 1274 2906 1342 pars
2938 1259 3159 1313 abusive
3180 1260 3484 1317 diceretur.
3507 1262 3790 1316 Caeterum

563 1354 749 1423 Itaque
808 1355 1139 1407 conﬁtentur
1201 1355 1419 1422 quidem
1485 1353 1741 1408 Ecclesiae
1803 1355 2067 1423 magistri,
2172 1349 3584 1421 insanctaTrinitate,cumunasitacsimplicissima
3607 1370 3793 1410 essen-

497 1445 635 1499 idem
665 1445 957 1498 essentiam
990 1452 1045 1498 et
1085 1444 1446 1498 substantiam
1479 1459 1597 1498 esse
1633 1461 1646 1497 :
1681 1456 1733 1498 et
1764 1445 1923 1498 iidem
1951 1462 2069 1499 rur—
2179 1444 2274 1505 tia,
2301 1440 2718 1508 diuerentiaque
2761 1440 2878 1494 solo
2919 1454 3271 1508 personarum
3303 1445 3374 1495 ab
3406 1441 3654 1496 invicem
3703 1460 3791 1496 or-

497 1549 589 1588 sus
613 1541 833 1603 negant,
863 1548 967 1589 ηοη
994 1534 1134 1588 idem
1163 1549 1288 1590 esse
1313 1535 1671 1588 substantiam
1696 1543 1858 1604 atque
1882 1549 2071 1590 essen-
2173 1533 2299 1585 diue
2348 1530 2703 1599 inspiciatur.
2759 1531 3052 1594 secundum
3118 1532 3321 1586 scilicet
3374 1534 3785 1589 substantiales

498 1625 629 1679 riam
654 1627 934 1692 dicentes,
967 1641 1076 1680 ηοη
1111 1627 1403 1681 secundm"
1463 1627 1602 1680 idem
1643 1635 1696 1681 ει
1726 1629 1905 1693 ambo,
1929 1631 2071 1682 sicut
2175 1623 2387 1675 illarum
2443 1633 2759 1690 processus,
2821 1621 3274 1689 quemadmodum
3322 1622 3683 1691 impossibile
3708 1637 3790 1680 ρει

498 1717 703 1770 dictum
743 1725 823 1770 est
855 1733 872 1784 ;
905 1718 1391 1772 contradictionem
1439 1720 1583 1772 enim
1619 1720 1672 1773 in
1703 1721 1892 1775 eodem
1929 1736 2071 1774 nun-
2171 1715 2387 1770 Patrem
2445 1729 2508 1766 ex
2544 1712 2682 1766 Filio
2712 1722 2762 1765 et
2794 1728 2860 1768 ex
2918 1711 3039 1766 Fdii
3090 1713 3324 1767 essentia
3384 1715 3524 1780 dici,
3559 1725 3616 1769 et
3644 1726 3790 1769 certe

497 1820 658 1875 quam
702 1807 858 1859 simul
904 1822 1085 1862 veram
1120 1822 1242 1863 esse
1280 1825 1459 1876 posse,
1497 1810 1655 1866 Aliud
1691 1813 1834 1865 enim
1870 1827 2069 1868 secun-
2107 1866 2144 1876 __
2176 1822 2298 1859 cum
2345 1819 2450 1858 una
2483 1806 2551 1858 sil
2578 1806 2878 1872 eademque
2917 1804 3157 1857 essentia
3193 1803 3369 1858 Patris
3399 1821 3467 1859 ac
3521 1805 3671 1868 Filii,
3720 1807 3790 1858 ila

501 1899 628 1948 dum
662 1910 798 1960 rem,
832 1895 973 1950 aliud
1013 1897 1308 1950 secundum
1353 1911 1547 1952 nomen
1589 1898 1874 1967 accipitur.

574 1985 775 2040 Deinde
792 1986 994 2054 adjicit,
1011 1989 1150 2054 quod
1184 1987 1270 2040 ubi
1302 2003 1456 2042 suum
1480 1987 1668 2044 Patres
1689 2004 1906 2045 sensum
1933 1989 2074 2045 indi-

500 2091 627 2132 care
663 2080 971 2142 voluerunt,
1003 2081 1260 2133 dixerunt
1293 2095 1355 2132 ex
1395 2079 1568 2135 Patris
1599 2083 1832 2136 essentia
1854 2081 2074 2148 Filium,

501 2169 638 2223 satis
688 2184 809 2224 esse
857 2180 1180 2238 putaverunt
1232 2173 1297 2225 ad
1350 2173 1756 2241 insinuandum,
1799 2173 1915 2228 Filii
1951 2176 2077 2230 sub-

506 2258 764 2311 stantiam
819 2273 886 2313 ex
933 2259 1093 2316 Patre
1127 2275 1288 2316 esse:
1332 2275 1395 2316 ac
1425 2264 1690 2331 proxime,
1729 2263 1894 2319 veluti
1930 2266 1972 2318 si
1995 2264 2077 2318 di-

503 2360 738 2416 ceretur,
763 2365 886 2405 eum
918 2365 1038 2407 esse
1059 2367 1122 2408 ex
1157 2362 1381 2422 paterna
1418 2357 1742 2412 substantia.
1779 2355 1893 2412 Hoc
1933 2359 2076 2412 enim

493 2442 997 2498 manifestalionem
1037 2446 1240 2500 habere
1272 2447 1527 2503 salutaris
1558 2449 1829 2518 dogmatis
1855 2464 2079 2505 asseve-

503 2545 643 2588 rant.
673 2534 925 2588 Salutare
952 2545 1132 2589 autem
1158 2537 1353 2604 dogma
1381 2545 1492 2602 est,
1543 2553 1605 2592 ex
1640 2539 1800 2594 Patre
1833 2541 2081 2597 substan-

506 2624 638 2676 tiam
673 2623 877 2679 babere
906 2623 1124 2687 Filium,
1174 2627 1474 2682 nativitatis
1528 2631 1733 2684 ratione
1782 2631 2028 2685 confiteri
2062 2649 2075 2684 :

503 2715 1016 2769 consubstantialem
1057 2715 1263 2770 scilicet
1293 2717 1364 2781 ei,
1403 2733 1467 2771 ex
1503 2732 1610 2787 quo
1641 2726 1747 2785 est,
1782 2721 1923 2789 quod
1951 2736 2080 2777 sane

509 2803 700 2871 dogma
740 2803 966 2858 indicari
1008 2804 1142 2860 dixit
1186 2821 1253 2861 ex
1297 2822 1382 2874 eo,
1415 2810 1558 2877 quod
1612 2811 1818 2865 dictum
1857 2822 1964 2876 est,
2013 2829 2081 2868 ex

506 2889 687 2946 Patris
711 2894 933 2948 essentia
966 2894 1168 2950 Filium
1209 2915 1343 2954 esse.
1373 2900 1514 2955 Idem
1546 2916 1676 2973 ergo
1699 2915 1783 2958 est
1806 2920 1869 2960 ex
1900 2899 2080 2959 Patris

510 2985 772 3048 essentia,
827 2993 990 3054 atque
1024 3001 1088 3042 ex
1136 2987 1312 3043 Patris
1342 2991 1643 3047 substantia
1691 2995 1892 3050 dicere.
1933 2997 2078 3052 idem

511 3086 575 3125 ex
630 3075 865 3128 essentia
911 3086 1074 3146 atque
1125 3078 1428 3132 substantia
1474 3091 1578 3146 est,
1611 3085 1903 3138 secundum
1943 3100 2075 3139 rem.

512 3163 573 3216 Et
595 3165 827 3219 essentia
855 3165 1033 3222 Patris
1063 3169 1364 3224 substantia
1398 3180 1481 3227 est
1520 3172 1714 3230 Patris.

585 3253 848 3318 Quoniam
897 3258 1058 3325 igitur
1105 3269 1154 3313 et
1197 3257 1434 3330 Spiritus
1465 3275 1684 3320 sanctus
1728 3280 1794 3322 ex
1831 3266 1950 3322 Filii
2005 3278 2092 3325 es-

512 3344 684 3397 sentia
732 3348 1018 3413 asseritur,
1051 3347 1217 3418 liquet
1255 3352 1442 3418 etiam,
1485 3357 1627 3422 quod
1679 3371 1744 3410 ex
1793 3360 2090 3414 substantia

512 3435 652 3488 illius
673 3436 744 3490 sit
768 3451 782 3486 :
810 3451 981 3505 neque
1000 3439 1141 3494 enim
1165 3452 1246 3495 est
1265 3441 1346 3496 vel
1369 3446 1600 3499 essentia
1623 3447 1737 3502 sine
1763 3449 2088 3515 substantia,

513 3524 595 3578 vel
659 3526 954 3580 substantia
1003 3530 1118 3584 sine
1177 3534 1432 3588 essentia.
1493 3535 1746 3601 Quamvis
1809 3546 1864 3595 et
1919 3543 2090 3610 prima

511 3612 752 3681 synodus
783 3615 836 3668 in
888 3616 1010 3671 ﬁdei
1043 3617 1303 3687 Symbolo
1339 3622 1417 3676 sic
1448 3625 1687 3680 tradidit:
1724 3627 1996 3682 Credimus
2041 3642 2089 3684 et

510 3696 565 3758 in
615 3701 812 3760 Filium
858 3705 954 3763 Dei
1009 3719 1188 3765 natum
1251 3726 1317 3767 ea:
1351 3710 1527 3780 Patre.
1559 3716 1882 3774 videlieetra:
1911 3719 2091 3778 Patris

509 3800 757 3853 essentia.

582 3886 805 3943 Constat
830 3892 989 3960 igitur
1023 3910 1117 3964 per
1143 3899 1346 3959 omnia,
1370 3900 1512 3967 quod
1546 3899 1658 3955 sive
1675 3917 1738 3956 ex
1766 3903 1883 3957 Filii
1905 3920 2090 3960 essen-

512 3977 582 4030 tia
612 3979 844 4046 Spiritus
868 3985 1082 4050 dicitur,
1107 3988 1220 4040 sive
1250 4003 1313 4042 ex
1361 3988 1514 4056 Filio,
1550 3972 1665 4047 sive
1690 4009 1754 4048 ex
1787 3994 1908 4048 Filii
1956 4002 2088 4051 sub-

476 4119 481 4126 .
512 4075 732 4136 stantia,
754 4073 1076 4130 nihildiﬂ'ert
1096 4079 1160 4132 ad
1182 4080 1297 4146 ejus
1312 4081 1667 4136 substantiam
1689 4086 2086 4142 insinuandam.

511 4163 971 4226 Quemadmodum
1018 4171 1162 4220 enim
1189 4185 1253 4223 ex
1279 4186 1342 4224 eo
1371 4175 1510 4239 quod
1535 4176 1735 4229 dicttun
1765 4188 1868 4244 est,
1892 4179 2086 4235 Filium

514 4270 636 4308 esse
665 4272 727 4310 ex
761 4257 937 4311 Patris
974 4261 1235 4324 essentia,
1271 4262 1573 4317 substantia
1615 4266 1755 4321 illius
1813 4269 1936 4324 inde
1970 4287 2088 4326 esse

515 4346 868 4416 intelligitur:
898 4350 970 4404 ita
992 4360 1048 4404 et
1080 4351 1313 4417 Spiritus
1338 4367 1577 4417 sanctus,
1598 4359 1851 4426 quoniam
1880 4377 1942 4415 ex
1967 4362 2085 4417 Filii

511 4442 744 4494 essentia
783 4457 810 4494 a
845 4442 1104 4512 theologis
1155 4445 1402 4512 traditur,
1436 4462 1501 4501 ex
1535 4450 1648 4518 ipso
1677 4452 1839 4505 etiam
1886 4455 2085 4511 habere

2107 1866 2148 1924 Β
2179 1893 2435 1963 possibile
2466 1902 2676 1948 nonest
2704 1866 2900 1946 Filium
2928 1909 2989 1947 ex
3027 1891 3258 1961 Spiritus
3283 1895 3400 1948 sive
3450 1896 3519 1948 de
3550 1894 3790 1964 Spiritus

2178 1985 2481 2040 substantia
2519 1999 2755 2052 unquam
2808 1985 2912 2037 dici
2951 1993 3166 2053 propter
3197 1985 3410 2038 ordinis
3458 1988 3785 2050 terminum,

2177 2077 2477 2133 secundum
2513 2091 2673 2146 quem
2708 2090 2772 2130 ex
2803 2075 2963 2130 Patre
2993 2090 3089 2144 per
3121 2075 3316 2129 Filium
3363 2078 3644 2145 procedit.

2249 2169 2710 2234 Quemadmodum
2760 2168 2946 2221 eadem
2991 2167 3200 2220 ratione
3259 2165 3465 2221 Flllllﬂl
3503 2184 3571 2222 ex
3630 2168 3789 2222 Patre

2179 2277 2274 2331 per
2347 2260 2611 2329 Spiritum
2689 2257 2835 2328 gigni
2911 2273 3221 2313 asseverare
3279 2275 3389 2312 non
3466 2275 3782 2328 possumus.

2179 2353 2444 2419 Quocirca
2465 2351 2563 2404 rite
2585 2349 2788 2403 dictum
2809 2357 2890 2403 est
2917 2349 3114 2403 :Filius
3138 2350 3311 2404 sancti
3340 2349 3592 2420 Spiritus
3616 2367 3787 2417 neque

2181 2453 2282 2506 cst,
2321 2456 2493 2511 neque
2525 2441 2742 2504 dicitur,
2795 2454 2968 2509 neque
3021 2444 3363 2497 convertitur
3417 2444 3642 2497 habitus
3686 2443 3781 2496 ista

2181 2535 2590 2602 causequentia.

2251 2627 2475 2681 Constat
2507 2636 2684 2680 autem
2716 2641 2779 2679 ex
2821 2624 2903 2678 bis
2947 2641 3065 2693 quae
3097 2626 3240 2678 dicta
3292 2637 3465 2693 sunt,
3525 2636 3580 2683 et
3634 2627 3776 2697 quod

2183 2735 2405 2790 magnus
2429 2718 2758 2772 Athanasius
2797 2716 3000 2770 idcirco
3029 2717 3144 2769 ait:
3177 2714 3257 2769 Ea:
3300 2716 3470 2771 Patre
3501 2723 3782 2786 procedere

2182 2810 2374 2861 dicitur
2397 2849 2411 2875 ,
2435 2809 2682 2877 quoniam
2707 2822 2739 2858 a
2766 2804 2933 2859 Verbo
2949 2807 3158 2884 emicat,
3182 2815 3231 2859 et
3259 2807 3520 2874 mittitur,
3535 2819 3583 2861 et
3602 2811 3778 2862 datur.

2182 2900 2368 2969 itaque
2398 2900 2499 2952 nisi
2530 2913 2623 2967 per
2663 2896 2898 2951 Verbum
2945 2897 3094 2950 illum
3133 2895 3292 2950 Pater
3342 2900 3650 2964 emitteret,
3693 2912 3782 2951 ne-

2183 3007 2452 3061 quaquam
2483 2998 2625 3045 esset
2650 3003 2714 3043 ex
2739 2989 2897 3042 Patre
2927 2989 3228 3056 procedens
3253 3026 3266 3039 .
3295 2985 3618 3056 Proprietas
3639 2987 3778 3041 enim

2184 3083 2444 3153 Spiritus,
2473 3094 2529 3137 ut
2554 3082 2816 3147 diximus,
2844 3093 2926 3134 est
2957 3095 3021 3135 ex
3050 3079 3208 3134 Patre
3236 3093 3330 3148 per
3355 3078 3560 3134 Filium
3593 3093 3781 3149 proce-

2105 3201 2147 3256 ο
2181 3177 2331 3241 dere,
2369 3176 2482 3229 sive
2520 3190 2584 3229 ex
2632 3174 2806 3242 primo
2853 3188 2946 3242 per
2984 3172 3213 3226 medium
3247 3185 3396 3235 esse,
3450 3186 3657 3240 perque
3685 3170 3780 3222 bu-

2189 3269 2424 3338 jusmodi
2454 3281 2764 3336 processum
2789 3265 3084 3334 procedens
3111 3271 3211 3317 est.
3237 3261 3412 3318 Filius
3445 3265 3591 3318 enim
3617 3271 3777 3324 esset,

2196 3363 2239 3417 si
2276 3377 2342 3413 cx
2372 3359 2533 3413 Patre
2557 3360 2673 3412 sine
2706 3358 2881 3412 medio
2911 3357 3249 3423 procederet.
3296 3353 3461 3420 Nam,
3513 3368 3576 3408 cx
3623 3351 3780 3406 Patre

2193 3467 2313 3506 esse
2343 3452 2460 3504 sine
2513 3449 2709 3512 medio,
2743 3449 3047 3518 proprietas
3105 3445 3222 3498 Filii
3263 3456 3371 3509 cst,
3435 3446 3576 3500 sicut
3623 3445 3777 3499 etiam

2195 3558 2357 3612 supra
2397 3541 2715 3595 docuimus.
2768 3537 3045 3604 Quomodo
3099 3551 3227 3606 ergo
3253 3552 3360 3589 non
3415 3551 3598 3593 essea
3649 3535 3780 3589 Filio

2194 3635 2424 3695 dicatur,
2485 3632 2576 3700 qni
2637 3633 2837 3685 idcirco
2887 3631 3088 3684 dicitur
3114 3644 3181 3683 ex
3237 3627 3403 3680 Patre
3454 3629 3769 3697 procedere,

2193 3727 2318 3798 quia
2355 3735 2408 3781 ω
2437 3741 2463 3779 a
2525 3722 2660 3780 Filio
2695 3735 2748 3780 ω
2778 3739 2870 3796 per
2903 3723 3096 3780 Filium
3137 3720 3263 3778 est?
3296 3719 3359 3776 El
3421 3721 3554 3778 illud
3592 3720 3770 3777 itidem

2191 3829 2443 3886 constat,
2498 3826 2624 3890 quia
2683 3819 2958 3884 procedere
3031 3826 3088 3870 et
3159 3817 3394 3870 emicare
3461 3817 3600 3871 idem
3667 3825 3779 3865 esse

2192 3913 2487 3964 arbitratur
2525 3910 2876 3963 Atliauasitts.
2921 3908 3125 3961 ldcirro
3149 3909 3296 3961 enim
3321 3910 3402 3960 ait
3448 3924 3462 3961 :
3491 3903 3777 3960 Procedrre

2191 4016 2223 4051 α
2266 3998 2424 4052 Patro
2457 4000 2670 4064 dicitur,
2696 3998 2945 4067 quoniam
2988 4013 3018 4048 a
3055 3994 3217 4049 Verbo
3243 3997 3463 4061 emicat,
3511 3993 3663 4065 quasi
3701 3991 3779 4044 di-

2191 4101 2378 4154 ceret,
2431 4091 2556 4146 ldeo
2612 4092 2910 4160 procedens
2958 4103 3061 4153 est,
3117 4089 3242 4157 quia
3267 4104 3331 4143 cx
3367 4087 3536 4143 Patre
3569 4101 3662 4156 per
3689 4084 3779 4139 Fi-

2193 4184 2320 4236 lium
2363 4185 2638 4251 procedit;
2665 4185 2766 4236 nisi
2807 4183 2947 4235 enim
2981 4197 3076 4251 pcr
3111 4180 3302 4234 Fdium
3329 4223 3344 4247 ,
3385 4195 3662 4251 nunquam
3696 4176 3777 4230 di-

2188 4283 2404 4326 ceretur
2445 4288 2508 4325 ex
2547 4271 2704 4325 Patre
2737 4273 3046 4339 proca-iere,
3090 4271 3183 4324 sed
3224 4269 3402 4324 nasci.

2271 4362 2326 4416 Si
2357 4364 2523 4426 enim,
2559 4376 2614 4414 ut
2652 4363 2866 4430 quidam
2899 4361 3108 4425 volunt,
3147 4361 3382 4416 emicare
3417 4361 3560 4431 quod
3583 4359 3678 4421 ait,
3717 4357 3777 4408 dc

2191 4455 2508 4522 temporali,
2547 4468 2707 4523 quem
2770 4453 2842 4506 illi
2900 4452 3264 4511 introducunt,
3301 4467 3561 4520 processu
3621 4447 3774 4503 intel-

498 4531 868 4584 'SIIbstauliattt
918 4534 1247 4600 insinuatur,
1281 4540 1574 4592 secundum
1621 4557 1778 4611 quam
1819 4562 1882 4600 ex
1937 4549 2092 4604 Patre
2126 4537 2166 4589 υ
2200 4547 2286 4616 ligi
2345 4546 2555 4606 voluit,
2618 4545 3094 4612 quam-rationem
3151 4543 3450 4611 habuisset,
3505 4542 3664 4597 simul
3705 4539 3772 4591 ita

514 4637 608 4689 per
646 4622 840 4678 Filium
879 4629 1144 4694 procedit,
1205 4641 1254 4683 ct
1303 4634 1595 4688 secundum
1661 4653 1818 4704 quam
1875 4640 1942 4694 ab
1983 4642 2098 4708 ipso

514 4714 712 4769 habere
759 4731 882 4772 esse
921 4719 1138 4773 dicitur.
1177 4721 1254 4775 Ac
1294 4724 1432 4776 sicut
1475 4726 1842 4784 indiﬂ‘creuter
1869 4749 1896 4785 a
1951 4734 2102 4788 theo-

515 4805 670 4872 logis,
739 4809 852 4861 sive
905 4825 970 4861 ex
1006 4809 1182 4864 Patris
1238 4819 1493 4882 essent'a,
1529 4821 1651 4874 sive
1699 4839 1764 4876 ex
1811 4824 1926 4893 ejus
1975 4826 2103 4880 sub-

513 4897 714 4948 Stantia
747 4897 913 4953 Filitts
947 4901 1161 4964 dieitur.
1195 4906 1258 4957 ad
1289 4907 1664 4964 insinuandam
1722 4913 1836 4983 ejus
1888 4930 1950 4968 ex
2000 4917 2091 4970 ilfo

513 4986 910 5042 subStantiam:
947 4990 1017 5042 ita
1068 5004 1119 5045 et
1154 4992 1408 5062 Spiritum
1437 5015 1500 5052 ex
1533 4999 1689 5067 Filio,
1721 5005 1835 5057 sive
1884 5020 1949 5059 ex
1977 5008 2091 5075 ejus

511 5076 767 5138 essentia,
797 5077 908 5131 sive
948 5094 1011 5132 ex
1062 5084 1358 5138 substantia
1386 5089 1562 5144 dicere
1586 5091 1950 5147 indifferenter
1968 5109 2091 5162 pos-

513 5177 700 5218 suntus
770 5167 835 5221 ad
891 5173 1319 5239 oetendcndum,
1382 5179 1530 5232 illum
1585 5196 1648 5234 ex
1704 5181 1842 5237 Filio
1897 5185 2092 5242 habere

513 5269 674 5319 esse;
703 5256 801 5310 nisi
833 5259 950 5324 quis
985 5261 1048 5314 ad
1077 5266 1256 5316 omnia
1293 5267 1568 5336 impmlcns
1591 5272 1882 5337 essevelit.

590 5348 644 5401 Si
675 5351 794 5416 quis
819 5360 994 5404 autem
1030 5366 1083 5407 et
1106 5357 1193 5410 hic
1222 5373 1315 5424 per
1343 5362 1443 5413 hoc
1478 5362 1702 5415 indicari
1736 5367 2087 5418 consubstan-

513 5441 794 5497 tialitatctn
846 5445 1012 5512 dicat,
1053 5447 1220 5502 Filius
1267 5461 1412 5504 certe
1467 5454 1532 5507 de
1577 5455 1808 5522 Spiritus
1853 5461 2086 5512 essentia

515 5547 619 5584 non
649 5533 869 5602 dicitur,
911 5552 1087 5604 neque
1140 5541 1471 5594 convertitur
1515 5543 1727 5597 habitus
1772 5545 1869 5600 ista
1900 5564 2087 5601 consc-

508 5637 753 5691 quentia.

2195 4638 2560 4692 connectere?
2591 4635 2660 4690 Ut
2688 4637 2831 4690 enim
2859 4636 3004 4690 hunc
3030 4636 3194 4689 etiam
3229 4651 3352 4690 esse
3397 4633 3772 4692 concedamus,

2200 4730 2508 4799 temporalis
2543 4729 2631 4782 illa
2665 4728 2941 4797 processio
2985 4727 3114 4796 quid
3159 4728 3225 4780 ad
3275 4743 3394 4780 eam
3427 4725 3774 4791 confert,quaz

2199 4823 2316 4874 sine
2368 4832 2609 4889 tempore
2643 4819 2771 4874 est?
2821 4818 3066 4884 Quanam
3118 4832 3247 4872 vero
3300 4818 3509 4872 ratione
3558 4819 3773 4885 poneret

2202 4914 2340 4967 hanc
2394 4914 2739 4980 sempiternae
2775 4913 2920 4966 illius
2971 4911 3338 4981 processiouis
3365 4925 3485 4964 esse
3522 4900 3774 4962 causam?

2201 5003 2401 5055 Omnes
2438 5003 2634 5071 quippe
2681 5001 2933 5056 novimus
2961 5041 2975 5068 ,
3025 5002 3598 5069 quoniamhcausalcm
3655 5008 3772 5046 co"-

2197 5095 2534 5160 junt-tionetn
2575 5109 2672 5162 pro
2707 5108 2870 5147 causa
2905 5093 3097 5161 accipi.
3133 5091 3249 5146 Non
3297 5092 3464 5156 enim,
3520 5085 3768 5157 quioniam

2201 5203 2229 5237 a
2291 5183 2424 5238 Filio
2485 5186 2859 5251 (corporaliter
2918 5185 3136 5249 emicat,
3196 5185 3315 5237 ideo
3367 5199 3395 5235 a
3458 5184 3614 5237 Patre
3661 5176 3768 5228 sive

2200 5283 2443 5346 tempore
2498 5277 2756 5344 procedit.
2799 5277 2918 5330 Ideo
2953 5288 3127 5329 tamen
3189 5291 3252 5328 co
3303 5275 3464 5326 verbo
3500 5286 3628 5326 usus
3666 5273 3763 5323 ϐεεν

2198 5381 2254 5422 ut
2287 5373 2541 5438 emicare,
2585 5387 2680 5441 pro
2714 5388 2798 5438 eo,
2829 5372 2971 5441 quod
3036 5382 3118 5427 est
3186 5371 3482 5439 procedere,
3535 5368 3764 5419 diceret;

2197 5463 2448 5530 quoniam
2484 5465 2746 5532 Spiritum
2799 5466 3217 5527 illuminautcm,
3269 5465 3428 5517 vitam
3459 5456 3759 5528 appellavit,

2195 5557 2500 5610 alternatim
2547 5559 2752 5612 scilicet
2807 5559 3162 5613 conversione
3234 5557 3486 5612 dictionis
3545 5559 3694 5603 utens
3747 5554 3757 5588 :

2195 5663 2502 5715 quanquam
2541 5659 2592 5703 ct
2643 5650 3025 5719 magistrorum
3081 5648 3296 5718 plurimi
3356 5647 3575 5701 rmicare
3625 5629 3760 5705 (Ιυυί1

583 5809 694 5877 liii)
768 5810 917 5864 Isaac
974 5811 1288 5878 Ercmitam,
1327 5814 1482 5882 rnjns
1541 5826 1752 5871 exstant
1811 5820 2067 5888 opuscula
2111 5826 2364 5878 ascctica.
