4106 6456
351 422 452 489 105

1397 403 2169 504 ΑΒΥΕΒΞὉΞῸΒΧΕΟΟΞ
2209 407 2356 471 LIB.
2397 409 2502 472 II.

3508 406 3608 470 106

350 535 540 591 dicitur
579 531 635 585 in
683 525 1024 585 substantiali
1072 537 1429 601 personarum
1482 537 1738 595 processu
1788 537 1912 592 pro-
1941 526 1984 581 Α
2015 521 2067 575 ἰη
2097 521 2293 577 divinis
2316 520 2582 592 personis,
2616 529 2676 576 ut
2698 535 2859 593 supra
2895 520 3221 577 declaratum
3251 528 3355 586 est,
3406 521 3472 574 ab
3501 521 3611 574 ario

349 627 474 696 prite
500 622 816 678 substantiae
865 617 1248 690 praetulerunt;
1275 616 1414 672 sicut
1463 625 1548 672 est
1583 615 1738 682 illud,
1773 613 1918 684 quod

348 717 553 774 canitur
577 735 590 770 :
621 712 925 783 Unigem‘tus
955 709 1144 773 Filius,
1163 710 1254 779 qui
1273 725 1339 764 ea:
1369 708 1531 763 Patre
1555 708 1665 762 sine
1691 716 1920 777 tempore

343 806 572 879 eiulsit;
602 805 696 860 sed
726 804 888 858 etiam
921 799 1298 872 procedentem
1333 813 1398 853 ex
1444 797 1604 852 Patre
1657 796 1918 868 Spiritum

345 897 496 952 vitam
549 910 670 951 esse
712 885 942 947 viventis
1011 887 1171 944 Verbi
1231 887 1383 943 dixit.
1441 885 1498 941 Si
1567 894 1747 941 autem
1801 886 1912 939 vita

259 974 261 976 ’
343 1001 408 1042 ex
459 986 693 1044 vivente.
739 995 1012 1052 nunquam
1056 988 1202 1035 certe
1253 979 1356 1034 erit
1405 980 1524 1034 sine
1582 977 1781 1047 Spiritu
1830 976 1921 1031 Fio

345 1079 486 1133 lius:
532 1077 680 1132 Sicut
728 1077 871 1130 enim
900 1077 1067 1129 Pater
1119 1073 1272 1126 habet
1320 1072 1482 1126 vitam
1517 1073 1572 1125 in
1621 1071 1918 1139 semetipso,

345 1172 419 1225 sic
465 1171 606 1225 dedit
633 1179 685 1224 ct
711 1167 854 1223 Filio
893 1168 1052 1222 vitam
1085 1164 1275 1220 habere
1305 1165 1361 1218 in
1389 1166 1666 1232 semetipso
1697 1164 1765 1217 ⁸⁵.
1796 1163 1918 1217 Vita

300 1262 786 1336 .autemSpiritus
833 1267 1052 1316 sanctus
1084 1266 1187 1318 est.
1229 1271 1388 1326 quem
1432 1271 1539 1312 una
1571 1273 1695 1312 cum
1731 1256 1914 1310 Patris

343 1355 574 1415 essentia
609 1369 677 1409 ex
709 1353 875 1408 Patre
910 1364 1143 1406 nascens
1194 1349 1377 1404 trahit.
1409 1345 1598 1418 Neque
1645 1349 1788 1402 enim
1838 1354 1922 1401 est

341 1449 459 1503 sine
486 1448 612 1512 vita,
642 1447 731 1518 qui
763 1455 920 1500 natus
951 1453 1053 1501 est.
1089 1445 1144 1500 Id
1194 1445 1392 1523 quippe
1439 1453 1636 1514 praeter
1669 1441 1918 1511 impieta-

338 1551 446 1598 tem
490 1541 648 1598 etiam
684 1540 1088 1596 stolidissimum
1122 1552 1220 1608 est,
1253 1549 1311 1595 ut
1365 1539 1441 1594 ait
1475 1537 1918 1608 Chrysostomns,

339 1649 463 1690 cum
514 1633 639 1687 illud
687 1643 1020 1702 exponeret:
1071 1633 1225 1687 Dedit
1266 1633 1432 1686 auitam
1463 1671 1478 1686 .

412 1724 713 1788 Enimvero,
745 1725 995 1795 quoniam
1035 1725 1276 1795 operatio
1306 1723 1427 1778 Filii
1452 1722 1683 1792 Spiritus
1702 1726 1922 1774 sanctus

342 1827 460 1868 esse
500 1814 674 1868 dictus
705 1821 789 1867 est
831 1813 1134 1868 subsistens
1163 1823 1218 1867 et
1255 1810 1684 1867 substantialiter
1731 1808 1918 1869 insita,

347 1914 558 1960 constat
591 1902 713 1975 quia
750 1919 846 1974 per
878 1904 1137 1975 Spiritum
1189 1913 1445 1974 operatur
1471 1942 1484 1956 .
1509 1903 1623 1959 Hoc
1655 1909 1920 1957 autemet

339 1997 634 2052 communis
672 1997 920 2053 Ecclesiae
952 1997 1134 2067 opinio
1186 2007 1290 2065 est,
1323 1997 1557 2051 maxime
1606 2010 1727 2049 cum
1757 1993 1918 2048 etiam

342 2088 603 2143 Dominus
667 2089 900 2165 dixerit:
973 2085 1031 2142 Si
1097 2099 1272 2141 autem
1353 2102 1444 2157 ego
1494 2088 1548 2140 in
1613 2085 1780 2154 digito
1826 2076 1982 2137 Dei'-

339 2181 495 2244 eiicio
536 2181 811 2243 dtemonia,
841 2196 962 2251 ergo
994 2182 1222 2250 pervenit
1260 2181 1314 2234 in
1346 2195 1432 2233 vos
1479 2194 1695 2249 regnum
1735 2175 1829 2229 Dei
1851 2175 1918 2229 “.

338 2272 493 2338 Quod
543 2272 674 2326 alius
730 2272 1057 2344 evangelista
1095 2285 1370 2340 exponens
1401 2270 1478 2324 ait
1507 2289 1523 2324 :
1550 2270 1610 2323 Si
1657 2278 1834 2322 autem
1865 2267 1919 2320 in

346 2362 541 2430 Spiritu
608 2362 702 2417 Dei
743 2365 897 2434 ejicio
929 2364 1201 2418 ﬂamonia
1236 2362 1305 2417 ⁸⁷.
1334 2361 1504 2415 Filius
1567 2363 1753 2430 itaque
1814 2374 1916 2429 per

344 2455 600 2524 Spiritum
633 2454 748 2521 Dei,
779 2455 868 2526 qui
906 2456 1068 2511 etiam
1109 2469 1241 2510 suus
1285 2465 1369 2509 est
1419 2453 1676 2523 Spiritus,
1728 2467 1920 2523 opera-

353 2558 464 2601 tur.
507 2545 636 2601 lllud
701 2558 901 2614 autem,
953 2558 1050 2616 per
1107 2549 1249 2617 quod
1302 2547 1583 2614 quisquam
1638 2553 1915 2613 operatur,

355 2639 470 2693 sive
496 2641 640 2708 quasi
693 2653 916 2694 movens
946 2630 1056 2704 est;
1077 2650 1136 2692 ut
1183 2655 1298 2703 rex,
1326 2653 1422 2708 per
1465 2653 1624 2708 quem
1681 2637 1920 2694 civitatis

347 2727 687 2797 dispensator'
703 2728 1038 2786 administrat
1087 2745 1148 2785 ac
1175 2731 1312 2802 gerit
1337 2731 1557 2797 munia;
1593 2729 1730 2796 sive,
1763 2740 1919 2800 quasi

343 2821 578 2890 speciale
611 2831 664 2876 et
693 2823 762 2876 ab
811 2831 926 2876 arte
975 2823 1228 2890 veniens;
1260 2831 1318 2877 ut
1345 2823 1538 2878 artifex
1600 2837 1696 2892 per
1744 2835 1916 2877 artem

339 2923 634 2982 operatur;
665 2915 776 2969 sive
806 2929 902 2982 per
947 2929 1166 2970 causam
1199 2915 1462 2969 naturalis
1511 2914 1727 2969 virtutis
1779 2929 1910 2969 suae.

410 3004 528 3059 Non
559 3021 684 3075 ergo
698 3007 866 3062 virtus
887 3008 1160 3077 aperantis
1184 3021 1346 3062 causa
1373 3018 1478 3072 est,
1506 3008 1664 3063 sicuti
1688 3017 1740 3062 et
1763 3023 1919 3063 meus

337 3112 438 3167 per
473 3099 693 3152 verbum
734 3113 966 3169 operans
1008 3099 1160 3169 quasi
1193 3115 1288 3166 per
1340 3102 1446 3154 vim
1487 3115 1641 3155 suam
1689 3110 1914 3155 natura-

2022 627 2143 668 esse
2169 613 2460 684 signiﬁcat.
2490 613 2598 668 Per
2641 628 2799 684 quem
2853 613 3206 669 nihilominus
3260 627 3504 678 causam,
3550 623 3610 667 et

2021 705 2163 774 quod
2192 719 2257 760 ex
2282 719 2444 760 causa
2477 713 2586 773 est,
2621 705 2848 777 intelligi
2891 706 3083 761 voluit.
3113 703 3315 776 Nempe
3347 706 3489 760 enim
3540 706 3607 758 ab

2020 807 2086 850 eo
2113 811 2387 865 nunquam
2416 796 2637 852 daretur
2666 796 2768 851 nisi
2797 798 2964 850 etiam
3015 797 3083 850 ab
3111 811 3177 852 eo
3225 806 3373 852 esset
3402 815 3418 851 :
3449 796 3607 851 aliter
3684 807 3704 822 ‘

2021 887 2164 942 enim
2201 888 2438 945 ministri
2483 889 2794 960 fungeretur
2827 892 2963 946 vice.
3006 891 3052 944 A
3082 905 3188 960 quo
3232 899 3408 945 autem
3456 891 3604 945 illum

2021 983 2139 1038 dari
2175 985 2478 1052 oportebat,
2511 991 2570 1038 ut
2596 984 2712 1052 ipse
2741 984 3190 1050 aitAthanasius,
3240 983 3343 1038 nisi
3395 984 3463 1038 ab
3513 999 3603 1048 eo,

2021 1074 2178 1145 cujus
2209 1077 2336 1130 est?
2363 1075 2474 1130 Hoc
2503 1085 2682 1130 autem
2715 1092 2822 1130 non
2851 1076 3115 1148 itajesset,
3145 1077 3248 1130 nisi
3276 1084 3330 1130 et
3357 1078 3421 1128 ad
3453 1075 3600 1128 illum

2023 1169 2340 1222 referretur.
2373 1167 2583 1223 Relatio
2612 1179 2790 1225 autem
2823 1185 3067 1233 causam,
3103 1180 3157 1224 et
3203 1169 3424 1224 causale
3457 1183 3604 1223 com-

2033 1261 2273 1316 mendat.
2307 1261 2478 1316 Filius
2507 1277 2636 1332 ergo
2663 1277 2827 1318 causa
2859 1263 3032 1317 sancti
3063 1261 3297 1332 Spiritus
3330 1272 3434 1318 est.
3478 1262 3602 1330 Spi-

2022 1353 2164 1409 ritus
2216 1356 2360 1410 enim
2417 1363 2638 1411 sanctus
2713 1371 2810 1424 per
2880 1356 3074 1410 Filium
3125 1372 3230 1411 non
3303 1364 3602 1422 operatur;

2025 1459 2294 1514 causaque
2364 1444 2450 1500 illa
2507 1453 2629 1509 est,
2693 1446 2817 1516 quia
2893 1445 3065 1499 Filius
3139 1459 3204 1500 ex
3279 1444 3438 1500 Patre
3509 1425 3634 1513 pet,

2027 1534 2288 1607 Spiritum
2345 1551 2451 1590 non
2509 1536 2771 1606 gignitur.
2835 1536 3068 1606 Spiritus
3133 1546 3308 1592 autem
3340 1553 3403 1592 ex
3445 1536 3604 1590 Patre

2023 1643 2119 1699 per
2151 1626 2350 1682 Filium
2403 1628 2668 1696 procedit.
2703 1628 3006 1682 Secundum
3043 1642 3204 1698 quam
3260 1641 3391 1681 sane
3435 1626 3602 1680 ratio-

2024 1736 2170 1785 nem,
2204 1733 2302 1774 nec
2341 1718 2510 1774 Filius
2554 1720 2790 1789 Operatio
2839 1728 2888 1771 et
2937 1721 3103 1772 virtus
3151 1716 3386 1786 Spiritus
3428 1718 3602 1771 sancti

2024 1813 2200 1868 dictus
2229 1821 2330 1867 est.

2092 1903 2287 1970 Porro,
2325 1904 2368 1960 si
2409 1905 2530 1975 quis
2576 1904 2818 1974 ejusdem
2849 1903 3148 1959 beatissimi
3176 1901 3276 1956 viri
3305 1901 3504 1956 dictum
3545 1901 3598 1953 in

2019 1997 2142 2052 ﬁdei
2176 1997 2346 2068 ipsius
2362 1996 2708 2052 confessione
2737 1997 2848 2067 (53)
2873 1996 3311 2066 prmexpositum,
3344 2009 3452 2064 quo
3481 1993 3554 2048 ait
3581 2010 3599 2048 :

2019 2094 2248 2165 Spiritus
2291 2105 2529 2162 sanctus,
2563 2111 2628 2149 ex
2661 2094 2826 2148 Patre
2857 2103 2907 2148 et
2955 2093 3098 2147 Filio
3131 2109 3232 2146 non
3277 2092 3472 2162 fact’us,
3506 2105 3600 2142 nec

2019 2199 2246 2253 creatus,
2268 2206 2360 2243 nec
2388 2189 2616 2259 genitus,
2646 2193 2735 2241 sed
2759 2186 3060 2254 procedens,
3091 2185 3399 2254 ambiguum
3423 2189 3598 2252 putat,

2018 2289 2072 2334 et
2105 2280 2254 2348 quasi
2308 2279 2666 2333 adulter-annm
2719 2277 3080 2333 calumniatur
3127 2281 3158 2330 ε’
3194 2275 3428 2344 primum
3479 2273 3599 2340 qui-

2018 2370 2138 2425 dem
2172 2370 2222 2424 id
2263 2384 2447 2424 verum
2500 2383 2641 2434 esse,
2673 2366 2798 2422 inde
2837 2365 3180 2420 manifestum
3230 2373 3336 2432 est,
3366 2364 3490 2433 quia
3546 2372 3600 2417 et

2003 2461 2307 2531 theologus
2345 2461 2642 2530 Gregorius
2693 2459 2749 2514 in
2800 2458 3076 2513 Athanasii
3129 2457 3375 2511 laudibus
3429 2454 3598 2524 ipsius

2019 2553 2268 2608 meminit
2297 2554 2522 2607 dicens:
2554 2551 2710 2606 Solus
2760 2551 2849 2605 ille
2903 2550 2979 2603 vel
3011 2564 3128 2602 cum
3183 2548 3363 2616 paucis
3409 2545 3596 2599 admo—

2018 2644 2162 2709 dum,
2191 2659 2350 2697 ausus
2383 2653 2460 2698 est
2489 2645 2750 2696 ceritatem
2782 2642 2835 2695 in
2862 2641 3068 2710 scriptis
3089 2639 3325 2707 conﬁteri
3350 2653 3369 2702 ;
3397 2646 3446 2684 et
3479 2651 3598 2705 qua).

2017 2737 2131 2791 illic
2160 2737 2307 2791 addit
2329 2752 2512 2805 :quam
2546 2745 2672 2796 tunc
2707 2736 2963 2804 temporis
2991 2731 3358 2801 conscriptam
3397 2729 3464 2784 ad
3505 2727 3598 2782 Juv

2017 2827 2147 2881 lium
2185 2828 2488 2883 Romanum
2524 2826 2836 2897 pontiﬁcem
2883 2825 3052 2890 misit,
3085 2839 3207 2879 cum
3257 2821 3600 2877 insimulare.-

2020 2932 2109 2976 tnr
2138 2935 2240 2975 nou
2284 2928 2445 2974 rectae
2474 2935 2596 2975 esse
2631 2919 2776 2973 ﬁdei.
2805 2916 3029 2982 Deinde,
3063 2923 3116 2970 et
3147 2929 3209 2969 ex
3240 2929 3306 2973 eo
3358 2921 3594 2974 constat,

2021 3012 2188 3082 ipsius
2216 3027 2396 3066 veram
2419 3009 2539 3067 esse
2559 3049 2575 3074 ,
2597 3011 2738 3081 quod
2760 3024 2856 3079 per
2875 3023 3067 3062 omnes
3092 3006 3404 3062 Occidentis
3428 3006 3599 3060 eccle-

2019 3107 2131 3161 sias
2167 3104 2468 3160 Dominicis
2499 3119 2715 3174 semper
2748 3103 2938 3157 diebus
2966 3101 3238 3172 psallitur.
3267 3108 3429 3167 atque
3456 3097 3596 3152 adeo

342 3191 446 3245 lem
493 3201 550 3243 el
599 3185 980 3256 Θαὶοἱθηῑίθιιῐς
1026 3208 1192 3250 causa
1247 3203 1329 3249 est
1374 3194 1549 3258 verbi.
1584 3197 1675 3251 sed
1727 3210 1832 3252 oon
1881 3209 1909 3250 e
1937 3208 1980 3269 ο
2015 3200 2243 3260 celebris
2283 3207 2364 3255 est
2393 3209 2598 3264 auctor,
2634 3207 2693 3253 ut
2733 3211 2799 3253 ne
2838 3212 2867 3252 a
2903 3195 3086 3268 pueris
3118 3193 3332 3266 quidem
3377 3194 3596 3263 ignore-

335 3288 527 3334 contra
553 3297 570 3334 :
601 3283 798 3352 quippe
829 3285 1006 3337 omnis
1051 3283 1160 3350 vis,
1185 3295 1242 3340 et
1277 3288 1423 3341 actio
1467 3287 1788 3342 naturaliter
1819 3303 1911 3356 per

338 3371 576 3441 aliquem
623 3375 893 3442 prodiens.
946 3376 1109 3429 etiam
1146 3392 1213 3431 ex
1260 3377 1349 3431 illo
1381 3385 1485 3432 est.
1537 3379 1608 3430 At
1656 3387 1914 3446 operatur

348 3463 566 3530 quidem
621 3478 716 3533 per
773 3464 1026 3531 Verbum,
1084 3475 1237 3536 quasi
1283 3483 1379 3537 per
1411 3483 1560 3524 suam
1613 3469 1910 3524 naturalem

344 3554 474 3609 vim.
505 3554 768 3624 Operatur
799 3566 976 3613 autem
1006 3558 1172 3614 Filius
1193 3573 1290 3628 per
1310 3561 1593 3630 Spiritum,
1620 3565 1773 3632 quasi
1808 3576 1910 3632 per

344 3647 642 3701 naturalem
693 3659 853 3718 atque
902 3650 1120 3706 insitam
1171 3653 1602 3708 substantialiter
1653 3656 1909 3710 virtutem

343 3753 519 3792 suam.
535 3740 675 3806 Ideo,
693 3749 745 3797 et
774 3758 994 3811 magnus
1023 3743 1318 3798 Basiliusin
1346 3761 1398 3798 Iv
1418 3746 1778 3813 Quaestionum
1802 3749 1905 3802 ait:

345 3831 524 3901 Neque
555 3835 666 3888 sine
705 3833 846 3888 Filio
891 3835 1016 3903 facit
1052 3837 1316 3903 quippiam
1365 3838 1544 3903 Pater,
1583 3855 1745 3908 neque
1798 3841 1911 3894 sine

346 3923 548 3991 Spiritu
596 3925 782 3982 Filius.
811 3927 942 3982 Filii
974 3939 1148 3983 autem
1163 3930 1404 3995 Verbum,
1439 3931 1669 4002 Spiritus
1690 3947 1709 3984 :
1735 3951 1753 3982 ‹
1777 3931 1914 3987 Por-

347 4025 486 4078 tuus,
516 4017 880 4082 inquit,omnia
911 4026 1058 4074 verba
1087 4024 1292 4076 virtutis
1325 4040 1491 4088 suae,»

419 4107 496 4160 Ex
531 4111 724 4174 quibus
755 4111 994 4179 profecto
1027 4115 1278 4169 omnibus
1317 4124 1372 4170 et
1401 4118 1534 4171 ordo
1567 4119 1632 4171 ad
1679 4119 1911 4176 invicem
1964 4134 1980 4147 ”

345 4197 646 4254 divinarum
694 4215 1063 4269 personarum,
1093 4213 1144 4259 et
1199 4217 1256 4259 ut
1281 4221 1340 4262 se
1388 4207 1616 4263 invicem
1672 4220 1912 4277 teneant,

330 4293 556 4364 unaque
615 4297 912 4366 cogitentur
953 4309 1007 4353 et
1061 4299 1430 4370 intelligantur
1475 4306 1734 4362 constitit.
1771 4310 1915 4375 Quo~

347 4385 490 4439 niam
533 4386 695 4454 igitur
739 4389 976 4458 Spiritus
1003 4402 1225 4448 sanctus
1271 4394 1469 4450 donum
1503 4397 1652 4462 Filii,
1705 4409 1758 4451 et
1787 4414 1914 4468 ope-

349 4478 488 4534 ratio
507 4479 676 4550 ipsius
701 4491 782 4536 est
807 4500 822 4550 ;
853 4483 1094 4549 operatio
1119 4499 1245 4540 vero
1272 4485 1339 4539 ab
1368 4497 1647 4556 operante,
1683 4490 1906 4545 donum-

345 4584 451 4639 que
480 4588 510 4624 a
551 4573 795 4629 mittente
827 4573 1064 4645 effulget.
1109 4587 1162 4632 et
1203 4551 1459 4645 mittitur,
1496 4590 1550 4634 et
1597 4551 1802 4636 datur:
1838 4582 1905 4636 li-
1938 4551 1983 4606 Β

341 4672 495 4732 quet,
527 4663 650 4734 quia
707 4679 771 4720 ex
809 4664 946 4719 Filio
996 4676 1079 4720 est
1109 4665 1342 4735 Spiritus
1391 4679 1628 4726 sanctus.
1663 4669 1730 4725 Ut
1759 4672 1905 4726 enim

343 4754 512 4809 Filius
539 4769 637 4824 per
664 4770 820 4823 quem
849 4757 1006 4812 Pater
1029 4770 1302 4828 Operatur,
1326 4775 1389 4814 ex
1418 4759 1580 4816 Patre
1603 4772 1685 4818 est
1753 4764 1825 4816 ita
1853 4772 1910 4819 et

343 4846 410 4899 de
457 4855 646 4902 sancto
695 4847 894 4916 Spiritu
939 4849 1248 4917 dicendum,
1298 4867 1394 4922 per
1445 4868 1603 4922 quem
1653 4866 1908 4925 operatur

344 4933 533 4990 Filius.
564 4935 748 5006 Neque
775 4939 914 4993 enim
949 4940 1089 4995 sicut
1120 4943 1192 5007 id,
1224 4947 1368 5008 quod
1409 4954 1616 5008 monet,
1648 4955 1740 4999 aut
1764 4950 1906 5002 sicut

294 5059 298 5062 -
342 5028 658 5093 artiﬁcialis,
684 5037 843 5100 atque
870 5033 1193 5102 exemplaris
1219 5051 1403 5100 causa,
1436 5043 1576 5104 quod
1599 5044 1699 5106 per
1729 5055 1907 5111 quem,

339 5119 562 5184 dicitur,
601 5122 686 5175 bic
729 5122 901 5176 locum
945 5125 1128 5180 habet.
1166 5127 1370 5181 Donum
1403 5139 1582 5184 autem
1613 5130 1768 5198 dixit,
1799 5133 1906 5201 vel,

340 5208 470 5276 quia
526 5210 850 5280 aiternatitu,
878 5221 933 5267 et
986 5216 1166 5270 hocin
1221 5217 1340 5270 loco
1390 5221 1745 5276 conversione
1797 5225 1910 5276 dic-

348 5301 510 5355 tionis
557 5317 684 5358 usus
747 5315 846 5360 est.
899 5308 1101 5361 Donum
1159 5311 1304 5364 enim
1365 5309 1430 5362 ad
1463 5309 1603 5377 dari,
1631 5327 1694 5366 ac
1740 5293 1940 5376 mitti,

341 5391 488 5458 quod
519 5393 740 5460 dicitur,
769 5397 1043 5465 proprium
1067 5407 1172 5452 est.
1209 5396 1307 5454 Vel
1337 5401 1466 5468 quia
1498 5400 1638 5469 dari,
1665 5417 1727 5458 ac
1768 5405 1908 5460 mitti

421 5602 463 5630 ⁸⁵
495 5555 647 5656 Joan.
675 5616 730 5666 v,
760 5599 852 5656 26.
928 5601 972 5634 “
1009 5602 1140 5658 Luc.
1181 5618 1256 5664 ιι,
1280 5601 1372 5660 20.

584 5781 903 5853 Symbolum
965 5782 1419 5840 Athanasianum.

351 5868 500 5908 1⁵3111.

631 5914 900 6006 Ριτιιω..
952 5947 1066 6007 Gn.
1110 5949 1286 6008 ειη.

1483 5602 1527 5633 ⁸⁷
1563 5602 1752 5675 Matth.
1786 5620 1881 5670 xtl,
1909 5603 2000 5660 28.

2017 3307 2226 3360 tur;cx
2281 3293 2386 3353 illis
2431 3292 2647 3362 quidem
2694 3289 3028 3360 temporibus
3066 3285 3595 3357 ubiqne'diﬂ‘us‘uat-

2012 3409 2119 3464 que
2166 3398 2353 3447 contra
2389 3387 2726 3453 iAriauorum
2773 3383 3029 3447 ltmrcsiu,
3059 3391 3360 3450 contraque
3403 3395 3596 3436 omnes

2013 3496 2178 3541 rectae
2207 3484 2328 3538 ﬁdei
2363 3479 2726 3544 adversarios,
2756 3478 2809 3532 in
2842 3475 3052 3532 cunctis
3092 3474 3336 3531 ecclesiis
3381 3473 3593 3544 publice

2013 3579 2136 3632 cani
2170 3586 2464 3644 praecepta.

2086 3670 2197 3723 Aut
2223 3669 2391 3738 igitur
2415 3667 2574 3722 aliam
2631 3666 2869 3735 aliquam
2895 3657 3298 3718 confessionem
3327 3660 3465 3716 tanti
3493 3660 3593 3715 viri

2016 3764 2320 3828 proferant,
2352 3761 2506 3832 cujus
2531 3769 2585 3814 et
2613 3756 2922 3826 Theologus
2969 3753 3234 3816 meminit,
3258 3762 3313 3806 et
3361 3751 3444 3804 cui
3481 3759 3586 3803 tra-

2016 3855 2149 3911 ditio
2186 3853 2443 3909 Ecclesim
2472 3857 2795 3906 attestatur:
2834 3855 2926 3900 aut
2961 3849 3006 3900 si
3041 3845 3146 3900 hoe
3190 3857 3294 3897 non
3346 3853 3592 3912 possunt,

2016 3947 2175 4002 istam
2237 3960 2362 3998 eum
2416 3955 2580 4010 supra
2620 3939 2872 4008 exposito
2909 3939 3054 3992 dicto
3091 3936 3409 4005 suscipiant.
3457 3934 3593 3989 Tes--

2017 4047 2200 4094 tantur
2231 4042 2410 4089 autem
2440 4035 2576 4088 hanc
2604 4031 2774 4100 ipsam
2817 4031 2936 4085 ﬁdei
2990 4022 3386 4084 confessionem
3415 4028 3590 4082 sancti

2016 4126 2287 4192 viri‘esse,
2320 4135 2481 4195 atque
2516 4124 2568 4178 id
2603 4124 2802 4178 dictum
2832 4123 2902 4176 ita
2933 4137 2992 4176 se
3021 4123 3242 4183 habere,
3271 4121 3363 4188 qui
3403 4127 3593 4175 contra

2016 4221 2236 4276 Latinos
2271 4218 2437 4273 multo
2480 4230 2611 4271 ante
2649 4216 2986 4283 scripserunt
3027 4227 3211 4280 :quam
3243 4211 3344 4266 sibi
3404 4221 3461 4264 ut
3501 4215 3595 4266 ad—

2015 4327 2267 4375 versam,
2327 4308 2528 4364 frustra
2586 4307 2915 4362 labefactare
2974 4307 3242 4366 nituntur.
3300 4305 3595 4375 Atque,ut

2019 4403 2244 4472 intelligi
2266 4403 2446 4465 datur,
2481 4409 2608 4456 tunc
2633 4398 2850 4469 quidem
2879 4399 3054 4452 adhuc
3077 4397 3413 4461 servabatur,
3440 4405 3593 4466 post-

2018 4495 2236 4550 modum
2269 4507 2396 4547 vero
2425 4489 2814 4561 pertinaciores
2845 4488 2910 4541 ad
2933 4485 3413 4541 contradicendnm
3441 4486 3590 4551 facti,

2008 4589 2228 4643 omnino
2249 4585 2392 4640 illam
2411 4585 2628 4639 auferre
2655 4581 2958 4636 voluerunt.
2982 4577 3105 4633 Etsi
3136 4577 3294 4632 modo
3323 4579 3596 4632 nihilom’.

2009 4694 2112 4735 nus
2145 4675 2777 4745 curiose‘iuquirentibus
2811 4685 2937 4726 raro
2972 4669 3096 4725 licet
3124 4671 3177 4725 in
3207 4670 3594 4726 vetustissima

2009 4763 2286 4821 codicibus
2331 4763 2403 4815 ita
2451 4762 2652 4815 habere
2699 4756 2993 4814 invenitur.
3027 4753 3082 4807 Si
3111 4753 3230 4821 quis
3267 4761 3444 4809 tamen
3473 4755 3594 4808 (ΙὶΙὲ-

2011 4858 2222 4928 gentius
2267 4855 2544 4924 inspiciat,
2573 4851 2708 4906 nihil
2756 4850 2842 4903 hic
2875 4862 3076 4904 novum
3124 4849 3326 4904 dixisse
3350 4856 3592 4905 sanctum

2009 4948 2188 5002 virum
2244 4943 2562 5014 comperiet.
2613 4938 2866 4994 Plurimis
2909 4939 3054 4992 enim
3107 4938 3161 4995 in
3198 4938 3330 4994 locis
3374 4953 3470 5008 per
3499 4939 3590 4996 Fi-

2016 5039 2148 5093 lium
2188 5039 2336 5092 illum
2365 5050 2488 5091 esse
2514 5035 2608 5099 ait,
2636 5043 2690 5088 et
2718 5047 2747 5086 a
2778 5031 2918 5090 Filio
2951 5031 3214 5101 accipere,
3247 5041 3302 5087 et
3350 5031 3420 5085 ab
3478 5033 3594 5104 ipso

2012 5131 2224 5187 scilicet
2281 5129 2548 5199 accipere,
2581 5130 2724 5199 quod
2786 5125 3002 5196 accipit.
3035 5125 3091 5182 ld
3127 5137 3307 5184 autem
3346 5137 3431 5184 est
3479 5130 3597 5210 ejus

2011 5239 2151 5289 esse,
2179 5224 2432 5294 quodque
2459 5223 2618 5294 paulo
2647 5231 2771 5277 ante
2818 5222 3050 5285 diccbat,
3080 5237 3108 5275 a
3135 5220 3274 5276 Filio
3318 5219 3597 5291 eﬁ‘nlgere,

2012 5316 2269 5388 quocirca
2294 5331 2454 5386 quam
2485 5332 2515 5370 a
2548 5315 2708 5370 Patre
2740 5313 3121 5385 procedentem
3147 5314 3404 5370 virtutem
3437 5315 3594 5379 dixit,

2017 5405 2280 5479 Spiritum
2329 5419 2579 5464 sanctum
2635 5423 2666 5464 a
2723 5406 2889 5464 Patre
2932 5407 3335 5490 procedentem,
3367 5403 3597 5475 intelligi

1503 5785 1580 5843 De
1629 5785 1733 5842 hoc
1791 5785 2054 5858 Symbolo
2122 5789 2244 5847 vide
2310 5789 2584 5846 eruditam
2668 5789 3090 5862 disputationem
3191 5786 3404 5848 Nicolai
3498 5789 3603 5846 Se~

3172 5943 3210 6008 ἇ-
