  <div class='ocr_page' id='page_1' title='image "/cluster/home/n/w/nwhite01/storage/ocr_20150623/152/coo.31924054870575/061.png"; bbox 0 0 4106 6432; ppageno 0'>
   <div class='ocr_carea' id='block_1_1' title="bbox 471 379 589 440">
    <p class='ocr_par' dir='ltr' id='par_1_1' title="bbox 471 379 589 440">
     <span class='ocr_line' id='line_1_1' title="bbox 471 379 589 440; baseline 0.017 -2"><span class='ocrx_word' id='word_1_1' title='bbox 471 379 589 440; x_wconf 68' lang='grc'><strong>’107</strong></span> 
     </span>
    </p>
   </div>
   <div class='ocr_carea' id='block_1_2' title="bbox 1747 367 2496 430">
    <p class='ocr_par' dir='ltr' id='par_1_2' title="bbox 1747 367 2496 430">
     <span class='ocr_line' id='line_1_2' title="bbox 1747 367 2496 430; baseline -0.003 0"><span class='ocrx_word' id='word_1_2' title='bbox 1747 367 2148 430; x_wconf 78' lang='lat' dir='ltr'><strong>MANUELIS</strong></span> <span class='ocrx_word' id='word_1_3' title='bbox 2188 367 2496 429; x_wconf 62' lang='lat' dir='ltr'><strong>CALECM</strong></span> 
     </span>
    </p>
   </div>
   <div class='ocr_carea' id='block_1_3' title="bbox 3547 356 3737 436">
    <p class='ocr_par' dir='ltr' id='par_1_3' title="bbox 3547 356 3737 436">
     <span class='ocr_line' id='line_1_3' title="bbox 3547 356 3737 436; baseline 0 0"><span class='ocrx_word' id='word_1_4' title='bbox 3547 356 3737 436; x_wconf 72' lang='grc' dir='ltr'><strong>’ωε</strong></span> 
     </span>
    </p>
   </div>
   <div class='ocr_carea' id='block_1_4' title="bbox 490 479 3742 560">
    <p class='ocr_par' dir='ltr' id='par_1_4' title="bbox 490 479 3742 560">
     <span class='ocr_line' id='line_1_4' title="bbox 490 479 3742 560; baseline -0.002 -11"><span class='ocrx_word' id='word_1_5' title='bbox 490 494 654 549; x_wconf 76' lang='lat' dir='ltr'><strong>voluit</strong></span> <span class='ocrx_word' id='word_1_6' title='bbox 680 512 694 545; x_wconf 89' lang='lat'><strong>:</strong></span> <span class='ocrx_word' id='word_1_7' title='bbox 723 493 824 546; x_wconf 83' lang='lat' dir='ltr'><strong>hoc</strong></span> <span class='ocrx_word' id='word_1_8' title='bbox 846 488 1282 545; x_wconf 66' lang='lat' dir='ltr'><strong>autemes‘?atre</strong></span> <span class='ocrx_word' id='word_1_9' title='bbox 1303 500 1403 556; x_wconf 79' lang='lat' dir='ltr'><strong>per</strong></span> <span class='ocrx_word' id='word_1_10' title='bbox 1420 485 1613 541; x_wconf 78' lang='lat' dir='ltr'><strong>Filium</strong></span> <span class='ocrx_word' id='word_1_11' title='bbox 1638 498 1762 542; x_wconf 83' lang='lat' dir='ltr'><strong>esse</strong></span> <span class='ocrx_word' id='word_1_12' title='bbox 1799 499 2070 556; x_wconf 78' lang='lat' dir='ltr'><strong>acproce-</strong></span> <span class='ocrx_word' id='word_1_13' title='bbox 2101 493 2143 548; x_wconf 76' lang='grc' dir='ltr'>Α</span> <span class='ocrx_word' id='word_1_14' title='bbox 2174 481 2336 536; x_wconf 76' lang='lat' dir='ltr'><strong>tinnis</strong></span> <span class='ocrx_word' id='word_1_15' title='bbox 2371 481 2526 547; x_wconf 86' lang='lat' dir='ltr'><strong>inest,</strong></span> <span class='ocrx_word' id='word_1_16' title='bbox 2555 483 2695 560; x_wconf 82' lang='lat' dir='ltr'><strong>quod</strong></span> <span class='ocrx_word' id='word_1_17' title='bbox 2725 483 2896 537; x_wconf 80' lang='lat' dir='ltr'><strong>lumen</strong></span> <span class='ocrx_word' id='word_1_18' title='bbox 2931 482 3162 553; x_wconf 81' lang='lat' dir='ltr'><strong>genitum</strong></span> <span class='ocrx_word' id='word_1_19' title='bbox 3199 479 3372 538; x_wconf 80' lang='lat' dir='ltr'><strong>Filius</strong></span> <span class='ocrx_word' id='word_1_20' title='bbox 3407 485 3474 540; x_wconf 87' lang='lat' dir='ltr'><strong>sit</strong></span> <span class='ocrx_word' id='word_1_21' title='bbox 3506 502 3570 540; x_wconf 68' lang='lat' dir='ltr'><strong>ex</strong></span> <span class='ocrx_word' id='word_1_22' title='bbox 3594 485 3742 558; x_wconf 87' lang='lat' dir='ltr'><strong>inge-</strong></span> 
     </span>
    </p>
   </div>
   <div class='ocr_carea' id='block_1_5' title="bbox 489 577 2062 652">
    <p class='ocr_par' dir='ltr' id='par_1_5' title="bbox 489 577 2062 652">
     <span class='ocr_line' id='line_1_5' title="bbox 489 577 2062 652; baseline -0.004 -12"><span class='ocrx_word' id='word_1_23' title='bbox 489 590 637 640; x_wconf 83' lang='lat' dir='ltr'><strong>dere.</strong></span> <span class='ocrx_word' id='word_1_24' title='bbox 666 587 838 638; x_wconf 88' lang='lat' dir='ltr'><strong>Porro</strong></span> <span class='ocrx_word' id='word_1_25' title='bbox 867 583 964 638; x_wconf 87' lang='lat' dir='ltr'><strong>ista</strong></span> <span class='ocrx_word' id='word_1_26' title='bbox 1002 583 1110 646; x_wconf 85' lang='lat' dir='ltr'><strong>bis,</strong></span> <span class='ocrx_word' id='word_1_27' title='bbox 1139 595 1256 652; x_wconf 77' lang='lat' dir='ltr'><strong>qua:</strong></span> <span class='ocrx_word' id='word_1_28' title='bbox 1300 580 1354 634; x_wconf 84' lang='lat' dir='ltr'><strong>in</strong></span> <span class='ocrx_word' id='word_1_29' title='bbox 1394 578 1520 633; x_wconf 82' lang='lat' dir='ltr'><strong>lidei</strong></span> <span class='ocrx_word' id='word_1_30' title='bbox 1570 577 1908 648; x_wconf 70' lang='lat' dir='ltr'><strong>expositione</strong></span> <span class='ocrx_word' id='word_1_31' title='bbox 1963 591 2062 648; x_wconf 83' lang='lat' dir='ltr'><strong>po-</strong></span> 
     </span>
    </p>
   </div>
   <div class='ocr_carea' id='block_1_6' title="bbox 490 675 1223 740">
    <p class='ocr_par' dir='ltr' id='par_1_6' title="bbox 490 675 1223 740">
     <span class='ocr_line' id='line_1_6' title="bbox 490 675 1223 740; baseline -0.004 -10"><span class='ocrx_word' id='word_1_32' title='bbox 490 675 779 740; x_wconf 76' lang='lat' dir='ltr'><strong>Suit,valde</strong></span> <span class='ocrx_word' id='word_1_33' title='bbox 809 687 1043 728; x_wconf 87' lang='lat' dir='ltr'><strong>consona</strong></span> <span class='ocrx_word' id='word_1_34' title='bbox 1077 681 1223 727; x_wconf 87' lang='lat' dir='ltr'><strong>sunt.</strong></span> 
     </span>
    </p>
   </div>
   <div class='ocr_carea' id='block_1_7' title="bbox 561 760 2066 837">
    <p class='ocr_par' dir='ltr' id='par_1_7' title="bbox 561 760 2066 837">
     <span class='ocr_line' id='line_1_7' title="bbox 561 760 2066 837; baseline -0.007 -15"><span class='ocrx_word' id='word_1_35' title='bbox 561 769 798 837; x_wconf 71' lang='lat' dir='ltr'><strong>Apparet</strong></span> <span class='ocrx_word' id='word_1_36' title='bbox 820 765 986 822; x_wconf 86' lang='lat' dir='ltr'><strong>simul</strong></span> <span class='ocrx_word' id='word_1_37' title='bbox 1013 780 1077 820; x_wconf 81' lang='lat' dir='ltr'><strong>ex</strong></span> <span class='ocrx_word' id='word_1_38' title='bbox 1106 762 1494 832; x_wconf 78' lang='lat' dir='ltr'><strong>superioribus,</strong></span> <span class='ocrx_word' id='word_1_39' title='bbox 1521 761 1651 833; x_wconf 88' lang='lat' dir='ltr'><strong>quia</strong></span> <span class='ocrx_word' id='word_1_40' title='bbox 1681 767 1737 818; x_wconf 88' lang='lat' dir='ltr'><strong>et</strong></span> <span class='ocrx_word' id='word_1_41' title='bbox 1763 760 1992 830; x_wconf 86' lang='lat' dir='ltr'><strong>prodire,</strong></span> <span class='ocrx_word' id='word_1_42' title='bbox 2009 765 2066 815; x_wconf 81' lang='lat' dir='ltr'><strong>et</strong></span> 
     </span>
    </p>
   </div>
   <div class='ocr_carea' id='block_1_8' title="bbox 490 851 2063 930">
    <p class='ocr_par' dir='ltr' id='par_1_8' title="bbox 490 851 2063 930">
     <span class='ocr_line' id='line_1_8' title="bbox 490 851 2063 930; baseline -0.003 -21"><span class='ocrx_word' id='word_1_43' title='bbox 490 859 756 927; x_wconf 67' lang='lat' dir='ltr'><strong>profundi.</strong></span> <span class='ocrx_word' id='word_1_44' title='bbox 774 871 826 912; x_wconf 88' lang='lat' dir='ltr'><strong>et</strong></span> <span class='ocrx_word' id='word_1_45' title='bbox 847 857 1124 930; x_wconf 49' lang='lat' dir='ltr'><strong>pro/luere,</strong></span> <span class='ocrx_word' id='word_1_46' title='bbox 1146 865 1200 911; x_wconf 88' lang='lat' dir='ltr'><strong>et</strong></span> <span class='ocrx_word' id='word_1_47' title='bbox 1216 856 1493 917; x_wconf 82' lang='lat' dir='ltr'><strong>inundare.</strong></span> <span class='ocrx_word' id='word_1_48' title='bbox 1519 862 1572 910; x_wconf 87' lang='lat' dir='ltr'><strong>et</strong></span> <span class='ocrx_word' id='word_1_49' title='bbox 1595 865 1885 915; x_wconf 80' lang='lat' dir='ltr'><strong>manare,et</strong></span> <span class='ocrx_word' id='word_1_50' title='bbox 1907 851 2063 920; x_wconf 63' lang='lat' dir='ltr'><strong>efful-</strong></span> 
     </span>
    </p>
   </div>
   <div class='ocr_carea' id='block_1_9' title="bbox 493 945 2067 1017">
    <p class='ocr_par' dir='ltr' id='par_1_9' title="bbox 493 945 2067 1017">
     <span class='ocr_line' id='line_1_9' title="bbox 493 945 2067 1017; baseline -0.001 -17"><span class='ocrx_word' id='word_1_51' title='bbox 493 964 630 1017; x_wconf 87' lang='lat' dir='ltr'><strong>gere,</strong></span> <span class='ocrx_word' id='word_1_52' title='bbox 660 958 713 1002; x_wconf 90' lang='lat' dir='ltr'><strong>et</strong></span> <span class='ocrx_word' id='word_1_53' title='bbox 734 962 956 1016; x_wconf 69' lang='lat' dir='ltr'><strong>quaeque</strong></span> <span class='ocrx_word' id='word_1_54' title='bbox 985 946 1201 1010; x_wconf 88' lang='lat' dir='ltr'><strong>similia,</strong></span> <span class='ocrx_word' id='word_1_55' title='bbox 1221 947 1464 1000; x_wconf 78' lang='lat' dir='ltr'><strong>eamdem</strong></span> <span class='ocrx_word' id='word_1_56' title='bbox 1487 945 1719 1016; x_wconf 77' lang='lat' dir='ltr'><strong>Spiritus</strong></span> <span class='ocrx_word' id='word_1_57' title='bbox 1740 945 1911 998; x_wconf 82' lang='lat' dir='ltr'><strong>sancti</strong></span> <span class='ocrx_word' id='word_1_58' title='bbox 1943 945 2067 999; x_wconf 87' lang='lat' dir='ltr'><strong>sub-</strong></span> 
     </span>
    </p>
   </div>
   <div class='ocr_carea' id='block_1_10' title="bbox 492 1036 2067 1110">
    <p class='ocr_par' dir='ltr' id='par_1_10' title="bbox 492 1036 2067 1110">
     <span class='ocr_line' id='line_1_10' title="bbox 492 1036 2067 1110; baseline -0.003 -15"><span class='ocrx_word' id='word_1_59' title='bbox 492 1041 744 1095; x_wconf 76' lang='lat' dir='ltr'><strong>stantium</strong></span> <span class='ocrx_word' id='word_1_60' title='bbox 773 1041 1006 1110; x_wconf 77' lang='lat' dir='ltr'><strong>signare,</strong></span> <span class='ocrx_word' id='word_1_61' title='bbox 1037 1054 1194 1109; x_wconf 85' lang='lat' dir='ltr'><strong>quam</strong></span> <span class='ocrx_word' id='word_1_62' title='bbox 1222 1039 1388 1106; x_wconf 86' lang='lat' dir='ltr'><strong>ipsam</strong></span> <span class='ocrx_word' id='word_1_63' title='bbox 1411 1037 1574 1092; x_wconf 87' lang='lat' dir='ltr'><strong>etiam</strong></span> <span class='ocrx_word' id='word_1_64' title='bbox 1600 1037 1878 1106; x_wconf 75' lang='lat' dir='ltr'><strong><em>procedere</em></strong></span> <span class='ocrx_word' id='word_1_65' title='bbox 1902 1036 2067 1108; x_wconf 70' lang='lat' dir='ltr'><strong>signi-</strong></span> 
     </span>
    </p>
   </div>
   <div class='ocr_carea' id='block_1_11' title="bbox 497 1129 2065 1199">
    <p class='ocr_par' dir='ltr' id='par_1_11' title="bbox 497 1129 2065 1199">
     <span class='ocr_line' id='line_1_11' title="bbox 497 1129 2065 1199; baseline -0.004 -11"><span class='ocrx_word' id='word_1_66' title='bbox 497 1137 655 1199; x_wconf 72' lang='lat' dir='ltr'><strong>licat;</strong></span> <span class='ocrx_word' id='word_1_67' title='bbox 688 1148 796 1187; x_wconf 87' lang='lat' dir='ltr'><strong>non</strong></span> <span class='ocrx_word' id='word_1_68' title='bbox 841 1133 1054 1194; x_wconf 85' lang='lat' dir='ltr'><strong>solum,</strong></span> <span class='ocrx_word' id='word_1_69' title='bbox 1100 1131 1249 1199; x_wconf 81' lang='lat' dir='ltr'><strong>quia.</strong></span> <span class='ocrx_word' id='word_1_70' title='bbox 1277 1140 1335 1184; x_wconf 92' lang='lat' dir='ltr'><strong>ut</strong></span> <span class='ocrx_word' id='word_1_71' title='bbox 1389 1129 1588 1184; x_wconf 85' lang='lat' dir='ltr'><strong>dictum</strong></span> <span class='ocrx_word' id='word_1_72' title='bbox 1635 1138 1740 1192; x_wconf 86' lang='lat' dir='ltr'><strong>est,</strong></span> <span class='ocrx_word' id='word_1_73' title='bbox 1787 1130 1896 1184; x_wconf 88' lang='lat' dir='ltr'><strong>duo</strong></span> <span class='ocrx_word' id='word_1_74' title='bbox 1940 1143 2065 1198; x_wconf 89' lang='lat' dir='ltr'><strong>pro-</strong></span> 
     </span>
    </p>
   </div>
   <div class='ocr_carea' id='block_1_12' title="bbox 495 1218 2064 1291">
    <p class='ocr_par' dir='ltr' id='par_1_12' title="bbox 495 1218 2064 1291">
     <span class='ocr_line' id='line_1_12' title="bbox 495 1218 2064 1291; baseline -0.004 -15"><span class='ocrx_word' id='word_1_75' title='bbox 495 1238 677 1278; x_wconf 60' lang='lat' dir='ltr'><strong>cessus</strong></span> <span class='ocrx_word' id='word_1_76' title='bbox 708 1222 880 1278; x_wconf 82' lang='lat' dir='ltr'><strong>sancti</strong></span> <span class='ocrx_word' id='word_1_77' title='bbox 935 1222 1170 1291; x_wconf 90' lang='lat' dir='ltr'><strong>Spiritus</strong></span> <span class='ocrx_word' id='word_1_78' title='bbox 1205 1234 1307 1274; x_wconf 89' lang='lat' dir='ltr'><strong>n0u</strong></span> <span class='ocrx_word' id='word_1_79' title='bbox 1343 1225 1491 1282; x_wconf 83' lang='lat' dir='ltr'><strong>sunt,</strong></span> <span class='ocrx_word' id='word_1_80' title='bbox 1527 1227 1585 1273; x_wconf 94' lang='lat' dir='ltr'><strong>ut</strong></span> <span class='ocrx_word' id='word_1_81' title='bbox 1610 1219 1828 1288; x_wconf 86' lang='lat' dir='ltr'><strong>quidam</strong></span> <span class='ocrx_word' id='word_1_82' title='bbox 1858 1218 2064 1284; x_wconf 87' lang='lat' dir='ltr'><strong>volunt,</strong></span> 
     </span>
    </p>
   </div>
   <div class='ocr_carea' id='block_1_13' title="bbox 493 1309 2064 1378">
    <p class='ocr_par' dir='ltr' id='par_1_13' title="bbox 493 1309 2064 1378">
     <span class='ocr_line' id='line_1_13' title="bbox 493 1309 2064 1378; baseline -0.004 -10"><span class='ocrx_word' id='word_1_83' title='bbox 493 1324 545 1368; x_wconf 83' lang='lat' dir='ltr'><strong>ct</strong></span> <span class='ocrx_word' id='word_1_84' title='bbox 577 1313 778 1368; x_wconf 86' lang='lat' dir='ltr'><strong>idcirco</strong></span> <span class='ocrx_word' id='word_1_85' title='bbox 808 1314 907 1366; x_wconf 87' lang='lat' dir='ltr'><strong>ista</strong></span> <span class='ocrx_word' id='word_1_86' title='bbox 961 1312 1162 1376; x_wconf 80' lang='lat' dir='ltr'><strong>omnia,</strong></span> <span class='ocrx_word' id='word_1_87' title='bbox 1199 1312 1264 1363; x_wconf 84' lang='lat' dir='ltr'><strong>ad</strong></span> <span class='ocrx_word' id='word_1_88' title='bbox 1306 1309 1714 1364; x_wconf 84' lang='lat' dir='ltr'><strong>substantialem</strong></span> <span class='ocrx_word' id='word_1_89' title='bbox 1758 1324 2064 1378; x_wconf 84' lang='lat' dir='ltr'><strong>processum</strong></span> 
     </span>
    </p>
   </div>
   <div class='ocr_carea' id='block_1_14' title="bbox 496 1400 2066 1476">
    <p class='ocr_par' dir='ltr' id='par_1_14' title="bbox 496 1400 2066 1476">
     <span class='ocr_line' id='line_1_14' title="bbox 496 1400 2066 1476; baseline -0.004 -16"><span class='ocrx_word' id='word_1_90' title='bbox 496 1407 614 1476; x_wconf 78' lang='lat' dir='ltr'><strong>ejus</strong></span> <span class='ocrx_word' id='word_1_91' title='bbox 670 1405 972 1460; x_wconf 78' lang='lat' dir='ltr'><strong>reducenda</strong></span> <span class='ocrx_word' id='word_1_92' title='bbox 1022 1413 1180 1468; x_wconf 86' lang='lat' dir='ltr'><strong>sunt;</strong></span> <span class='ocrx_word' id='word_1_93' title='bbox 1211 1417 1330 1454; x_wconf 85' lang='lat' dir='ltr'><strong>cum</strong></span> <span class='ocrx_word' id='word_1_94' title='bbox 1383 1415 1478 1455; x_wconf 85' lang='lat' dir='ltr'><strong>eos</strong></span> <span class='ocrx_word' id='word_1_95' title='bbox 1525 1401 1612 1467; x_wconf 87' lang='lat' dir='ltr'><strong>qui</strong></span> <span class='ocrx_word' id='word_1_96' title='bbox 1663 1400 1909 1469; x_wconf 74' lang='lat' dir='ltr'><strong>genuinos</strong></span> <span class='ocrx_word' id='word_1_97' title='bbox 1935 1400 2066 1454; x_wconf 83' lang='lat' dir='ltr'><strong>istos</strong></span> 
     </span>
    </p>
   </div>
   <div class='ocr_carea' id='block_1_15' title="bbox 473 1489 2065 1564">
    <p class='ocr_par' dir='ltr' id='par_1_15' title="bbox 473 1489 2065 1564">
     <span class='ocr_line' id='line_1_15' title="bbox 473 1489 2065 1564; baseline -0.004 -16"><span class='ocrx_word' id='word_1_98' title='bbox 473 1511 785 1564; x_wconf 20' lang='lat' dir='ltr'><strong>.vprocessus</strong></span> <span class='ocrx_word' id='word_1_99' title='bbox 825 1499 1054 1564; x_wconf 75' lang='lat' dir='ltr'><strong>ponunt.</strong></span> <span class='ocrx_word' id='word_1_100' title='bbox 1103 1493 1268 1545; x_wconf 87' lang='lat' dir='ltr'><strong>nmlta</strong></span> <span class='ocrx_word' id='word_1_101' title='bbox 1324 1494 1630 1544; x_wconf 66' lang='lat' dir='ltr'><strong>necessario</strong></span> <span class='ocrx_word' id='word_1_102' title='bbox 1678 1489 2065 1544; x_wconf 79' lang='lat' dir='ltr'><strong>absurdissima</strong></span> 
     </span>
    </p>
   </div>
   <div class='ocr_carea' id='block_1_16' title="bbox 495 1580 2069 1656">
    <p class='ocr_par' dir='ltr' id='par_1_16' title="bbox 495 1580 2069 1656">
     <span class='ocr_line' id='line_1_16' title="bbox 495 1580 2069 1656; baseline -0.003 -16"><span class='ocrx_word' id='word_1_103' title='bbox 495 1595 789 1656; x_wconf 70' lang='lat' dir='ltr'><strong>sequantur</strong></span> <span class='ocrx_word' id='word_1_104' title='bbox 816 1605 828 1640; x_wconf 89' lang='lat'><strong>:</strong></span> <span class='ocrx_word' id='word_1_105' title='bbox 867 1601 1046 1640; x_wconf 77' lang='lat' dir='ltr'><strong>verum</strong></span> <span class='ocrx_word' id='word_1_106' title='bbox 1080 1587 1204 1652; x_wconf 84' lang='lat' dir='ltr'><strong>quia</strong></span> <span class='ocrx_word' id='word_1_107' title='bbox 1235 1591 1289 1637; x_wconf 91' lang='lat' dir='ltr'><strong>et</strong></span> <span class='ocrx_word' id='word_1_108' title='bbox 1316 1583 1650 1648; x_wconf 74' lang='lat' dir='ltr'><strong>tlteologi’ex</strong></span> <span class='ocrx_word' id='word_1_109' title='bbox 1679 1580 1838 1636; x_wconf 81' lang='lat' dir='ltr'><strong>Patre</strong></span> <span class='ocrx_word' id='word_1_110' title='bbox 1877 1597 2069 1649; x_wconf 84' lang='lat' dir='ltr'><strong>proco-</strong></span> 
     </span>
    </p>
   </div>
   <div class='ocr_carea' id='block_1_17' title="bbox 495 1673 2066 1750">
    <p class='ocr_par' dir='ltr' id='par_1_17' title="bbox 495 1673 2066 1750">
     <span class='ocr_line' id='line_1_17' title="bbox 495 1673 2066 1750; baseline -0.001 -18"><span class='ocrx_word' id='word_1_111' title='bbox 495 1685 644 1746; x_wconf 78' lang='lat' dir='ltr'><strong>dere,</strong></span> <span class='ocrx_word' id='word_1_112' title='bbox 683 1689 735 1734; x_wconf 73' lang='lat' dir='ltr'><strong>et</strong></span> <span class='ocrx_word' id='word_1_113' title='bbox 779 1678 1049 1750; x_wconf 72' lang='lat' dir='ltr'><strong>profundi.</strong></span> <span class='ocrx_word' id='word_1_114' title='bbox 1083 1689 1134 1732; x_wconf 85' lang='lat' dir='ltr'><strong>et</strong></span> <span class='ocrx_word' id='word_1_115' title='bbox 1181 1673 1468 1747; x_wconf 81' lang='lat' dir='ltr'><strong>proﬂuere,</strong></span> <span class='ocrx_word' id='word_1_116' title='bbox 1500 1687 1555 1728; x_wconf 90' lang='lat' dir='ltr'><strong>et</strong></span> <span class='ocrx_word' id='word_1_117' title='bbox 1595 1675 1768 1728; x_wconf 88' lang='lat' dir='ltr'><strong>etnitti</strong></span> <span class='ocrx_word' id='word_1_118' title='bbox 1803 1674 2066 1745; x_wconf 70' lang='lat' dir='ltr'><strong>Spiritum</strong></span> 
     </span>
    </p>
   </div>
   <div class='ocr_carea' id='block_1_18' title="bbox 496 1767 2061 1833">
    <p class='ocr_par' dir='ltr' id='par_1_18' title="bbox 496 1767 2061 1833">
     <span class='ocr_line' id='line_1_18' title="bbox 496 1767 2061 1833; baseline -0.003 -6"><span class='ocrx_word' id='word_1_119' title='bbox 496 1785 740 1827; x_wconf 83' lang='lat' dir='ltr'><strong>sanctum</strong></span> <span class='ocrx_word' id='word_1_120' title='bbox 792 1772 1133 1826; x_wconf 84' lang='lat' dir='ltr'><strong>concorditer</strong></span> <span class='ocrx_word' id='word_1_121' title='bbox 1191 1777 1463 1833; x_wconf 73' lang='lat' dir='ltr'><strong>asserunt,</strong></span> <span class='ocrx_word' id='word_1_122' title='bbox 1507 1768 1594 1822; x_wconf 91' lang='lat' dir='ltr'><strong>ubi</strong></span> <span class='ocrx_word' id='word_1_123' title='bbox 1646 1769 1828 1822; x_wconf 78' lang='lat' dir='ltr'><strong>dicere</strong></span> <span class='ocrx_word' id='word_1_124' title='bbox 1856 1767 2061 1833; x_wconf 86' lang='lat' dir='ltr'><strong>volunt,</strong></span> 
     </span>
    </p>
   </div>
   <div class='ocr_carea' id='block_1_19' title="bbox 2167 559 2804 645">
    <p class='ocr_par' dir='ltr' id='par_1_19' title="bbox 2167 559 2804 645">
     <span class='ocr_line' id='line_1_19' title="bbox 2167 559 2804 645; baseline 0.003 -17"><span class='ocrx_word' id='word_1_125' title='bbox 2167 575 2274 628; x_wconf 74' lang='lat' dir='ltr'><strong>trito</strong></span> <span class='ocrx_word' id='word_1_126' title='bbox 2306 574 2502 629; x_wconf 85' lang='lat' dir='ltr'><strong>lumine</strong></span> <span class='ocrx_word' id='word_1_127' title='bbox 2532 559 2804 645; x_wconf 61' lang='lat' dir='ltr'><strong>effulgens.</strong></span> 
     </span>
    </p>
   </div>
   <div class='ocr_carea' id='block_1_20' title="bbox 2237 663 3733 739">
    <p class='ocr_par' dir='ltr' id='par_1_20' title="bbox 2237 663 3733 739">
     <span class='ocr_line' id='line_1_20' title="bbox 2237 663 3733 739; baseline 0.005 -19"><span class='ocrx_word' id='word_1_128' title='bbox 2237 663 2468 722; x_wconf 82' lang='lat' dir='ltr'><strong>Sanctus</strong></span> <span class='ocrx_word' id='word_1_129' title='bbox 2523 675 2701 722; x_wconf 82' lang='lat' dir='ltr'><strong>autem</strong></span> <span class='ocrx_word' id='word_1_130' title='bbox 2733 667 2963 736; x_wconf 80' lang='lat' dir='ltr'><strong>Cyrillus</strong></span> <span class='ocrx_word' id='word_1_131' title='bbox 2994 668 3049 726; x_wconf 84' lang='lat' dir='ltr'><strong>lu</strong></span> <span class='ocrx_word' id='word_1_132' title='bbox 3080 684 3186 724; x_wconf 89' lang='lat' dir='ltr'><strong>uno</strong></span> <span class='ocrx_word' id='word_1_133' title='bbox 3209 670 3570 739; x_wconf 76' lang='lat' dir='ltr'><strong>capitulorum</strong></span> <span class='ocrx_word' id='word_1_134' title='bbox 3600 687 3733 728; x_wconf 87' lang='lat' dir='ltr'><strong>suo-</strong></span> 
     </span>
    </p>
   </div>
   <div class='ocr_carea' id='block_1_21' title="bbox 2167 755 3740 830">
    <p class='ocr_par' dir='ltr' id='par_1_21' title="bbox 2167 755 3740 830">
     <span class='ocr_line' id='line_1_21' title="bbox 2167 755 3740 830; baseline 0.003 -21"><span class='ocrx_word' id='word_1_135' title='bbox 2167 769 2285 809; x_wconf 88' lang='lat' dir='ltr'><strong>rum</strong></span> <span class='ocrx_word' id='word_1_136' title='bbox 2314 756 2377 809; x_wconf 87' lang='lat' dir='ltr'><strong>de</strong></span> <span class='ocrx_word' id='word_1_137' title='bbox 2407 756 2707 810; x_wconf 63' lang='lat' dir='ltr'><strong>mteruitate</strong></span> <span class='ocrx_word' id='word_1_138' title='bbox 2741 755 2860 812; x_wconf 82' lang='lat' dir='ltr'><strong>Filii</strong></span> <span class='ocrx_word' id='word_1_139' title='bbox 2886 758 2967 812; x_wconf 84' lang='lat' dir='ltr'><strong>sic</strong></span> <span class='ocrx_word' id='word_1_140' title='bbox 2993 759 3068 812; x_wconf 87' lang='lat' dir='ltr'><strong>ait</strong></span> <span class='ocrx_word' id='word_1_141' title='bbox 3099 776 3112 814; x_wconf 93' lang='lat'>:</span> <span class='ocrx_word' id='word_1_142' title='bbox 3149 758 3282 812; x_wconf 87' lang='lat' dir='ltr'><strong>Erat</strong></span> <span class='ocrx_word' id='word_1_143' title='bbox 3317 761 3480 830; x_wconf 79' lang='lat' dir='ltr'><strong>igitur</strong></span> <span class='ocrx_word' id='word_1_144' title='bbox 3503 762 3740 830; x_wconf 81' lang='lat' dir='ltr'><strong>gignenti</strong></span> 
     </span>
    </p>
   </div>
   <div class='ocr_carea' id='block_1_22' title="bbox 2169 838 3743 918">
    <p class='ocr_par' dir='ltr' id='par_1_22' title="bbox 2169 838 3743 918">
     <span class='ocr_line' id='line_1_22' title="bbox 2169 838 3743 918; baseline 0.006 -24"><span class='ocrx_word' id='word_1_145' title='bbox 2169 838 2324 895; x_wconf 81' lang='lat' dir='ltr'><strong>Patri</strong></span> <span class='ocrx_word' id='word_1_146' title='bbox 2344 850 2630 896; x_wconf 76' lang='lat' dir='ltr'><strong>coreternus</strong></span> <span class='ocrx_word' id='word_1_147' title='bbox 2656 842 2852 910; x_wconf 64' lang='lat' dir='ltr'><strong>Filius,</strong></span> <span class='ocrx_word' id='word_1_148' title='bbox 2871 844 3025 899; x_wconf 78' lang='lat' dir='ltr'><strong>veluti</strong></span> <span class='ocrx_word' id='word_1_149' title='bbox 3046 863 3077 900; x_wconf 88' lang='lat' dir='ltr'><strong>a</strong></span> <span class='ocrx_word' id='word_1_150' title='bbox 3102 846 3243 915; x_wconf 82' lang='lat' dir='ltr'><strong>fonte</strong></span> <span class='ocrx_word' id='word_1_151' title='bbox 3262 849 3489 917; x_wconf 84' lang='lat' dir='ltr'><strong>quodam</strong></span> <span class='ocrx_word' id='word_1_152' title='bbox 3508 859 3743 918; x_wconf 70' lang='lat' dir='ltr'><strong>paterna:</strong></span> 
     </span>
    </p>
   </div>
   <div class='ocr_carea' id='block_1_23' title="bbox 2167 924 3842 1009">
    <p class='ocr_par' dir='ltr' id='par_1_23' title="bbox 2167 924 3842 1009">
     <span class='ocr_line' id='line_1_23' title="bbox 2167 924 3842 1009; baseline 0.004 -21"><span class='ocrx_word' id='word_1_153' title='bbox 2167 933 2477 998; x_wconf 66' lang='lat' dir='ltr'><strong>substantiis</strong></span> <span class='ocrx_word' id='word_1_154' title='bbox 2514 950 2759 992; x_wconf 72' lang='lat' dir='ltr'><strong>manans.</strong></span> <span class='ocrx_word' id='word_1_155' title='bbox 2793 935 2856 988; x_wconf 78' lang='lat' dir='ltr'><strong>Et</strong></span> <span class='ocrx_word' id='word_1_156' title='bbox 2885 937 2936 991; x_wconf 89' lang='lat' dir='ltr'><strong>in</strong></span> <span class='ocrx_word' id='word_1_157' title='bbox 2963 936 3071 991; x_wconf 82' lang='lat' dir='ltr'><strong>alio</strong></span> <span class='ocrx_word' id='word_1_158' title='bbox 3094 953 3112 990; x_wconf 88' lang='lat'><em>:</em></span> <span class='ocrx_word' id='word_1_159' title='bbox 3145 938 3251 1004; x_wconf 83' lang='lat' dir='ltr'><strong>Qui</strong></span> <span class='ocrx_word' id='word_1_160' title='bbox 3279 941 3414 992; x_wconf 81' lang='lat' dir='ltr'><strong>enim</strong></span> <span class='ocrx_word' id='word_1_161' title='bbox 3441 957 3474 993; x_wconf 72' lang='grc' dir='ltr'><strong><em>ο</em></strong></span> <span class='ocrx_word' id='word_1_162' title='bbox 3520 951 3745 1009; x_wconf 84' lang='lat' dir='ltr'><strong>paterna</strong></span> <span class='ocrx_word' id='word_1_163' title='bbox 3823 924 3842 941; x_wconf 77' lang='grc'><strong>’</strong></span> 
     </span>
    </p>
   </div>
   <div class='ocr_carea' id='block_1_24' title="bbox 2164 1027 3746 1102">
    <p class='ocr_par' dir='ltr' id='par_1_24' title="bbox 2164 1027 3746 1102">
     <span class='ocr_line' id='line_1_24' title="bbox 2164 1027 3746 1102; baseline 0.004 -22"><span class='ocrx_word' id='word_1_164' title='bbox 2164 1027 2415 1097; x_wconf 85' lang='lat' dir='ltr'><strong>processit</strong></span> <span class='ocrx_word' id='word_1_165' title='bbox 2445 1030 2692 1095; x_wconf 87' lang='lat' dir='ltr'><strong>essentia,</strong></span> <span class='ocrx_word' id='word_1_166' title='bbox 2723 1041 2922 1099; x_wconf 87' lang='lat' dir='ltr'><strong>patrem</strong></span> <span class='ocrx_word' id='word_1_167' title='bbox 2964 1033 3206 1100; x_wconf 84' lang='lat' dir='ltr'><strong>protinus</strong></span> <span class='ocrx_word' id='word_1_168' title='bbox 3237 1033 3464 1086; x_wconf 76' lang='lat' dir='ltr'><strong>ostendit</strong></span> <span class='ocrx_word' id='word_1_169' title='bbox 3485 1049 3624 1099; x_wconf 86' lang='lat' dir='ltr'><strong>eum,</strong></span> <span class='ocrx_word' id='word_1_170' title='bbox 3653 1036 3746 1102; x_wconf 90' lang='lat' dir='ltr'><strong>qui</strong></span> 
     </span>
    </p>
   </div>
   <div class='ocr_carea' id='block_1_25' title="bbox 2166 1121 3750 1192">
    <p class='ocr_par' dir='ltr' id='par_1_25' title="bbox 2166 1121 3750 1192">
     <span class='ocr_line' id='line_1_25' title="bbox 2166 1121 3750 1192; baseline 0.003 -19"><span class='ocrx_word' id='word_1_171' title='bbox 2166 1136 2220 1173; x_wconf 82' lang='lat' dir='ltr'><strong>se</strong></span> <span class='ocrx_word' id='word_1_172' title='bbox 2240 1130 2510 1190; x_wconf 72' lang='lat' dir='ltr'><strong><em>genuerat.</em></strong></span> <span class='ocrx_word' id='word_1_173' title='bbox 2544 1121 2608 1176; x_wconf 85' lang='lat' dir='ltr'><strong>Et</strong></span> <span class='ocrx_word' id='word_1_174' title='bbox 2642 1124 2692 1175; x_wconf 93' lang='lat' dir='ltr'><strong>in</strong></span> <span class='ocrx_word' id='word_1_175' title='bbox 2727 1123 2871 1177; x_wconf 84' lang='lat' dir='ltr'><strong>alio:</strong></span> <span class='ocrx_word' id='word_1_176' title='bbox 2899 1122 3051 1189; x_wconf 82' lang='lat' dir='ltr'><strong>Quod</strong></span> <span class='ocrx_word' id='word_1_177' title='bbox 3083 1139 3148 1178; x_wconf 79' lang='lat' dir='ltr'><strong>es:</strong></span> <span class='ocrx_word' id='word_1_178' title='bbox 3180 1123 3358 1178; x_wconf 80' lang='lat' dir='ltr'><strong>Patris</strong></span> <span class='ocrx_word' id='word_1_179' title='bbox 3382 1126 3604 1178; x_wconf 81' lang='lat' dir='ltr'><strong>essentia</strong></span> <span class='ocrx_word' id='word_1_180' title='bbox 3624 1141 3750 1192; x_wconf 86' lang='lat' dir='ltr'><strong>pro-</strong></span> 
     </span>
    </p>
   </div>
   <div class='ocr_carea' id='block_1_26' title="bbox 2167 1212 3748 1284">
    <p class='ocr_par' dir='ltr' id='par_1_26' title="bbox 2167 1212 3748 1284">
     <span class='ocr_line' id='line_1_26' title="bbox 2167 1212 3748 1284; baseline 0.001 -18"><span class='ocrx_word' id='word_1_181' title='bbox 2167 1214 2324 1268; x_wconf 87' lang='lat' dir='ltr'><strong>cessit</strong></span> <span class='ocrx_word' id='word_1_182' title='bbox 2360 1212 2608 1268; x_wconf 80' lang='lat' dir='ltr'><strong>Verbum.</strong></span> <span class='ocrx_word' id='word_1_183' title='bbox 2656 1215 2830 1284; x_wconf 82' lang='lat' dir='ltr'><strong>Atque</strong></span> <span class='ocrx_word' id='word_1_184' title='bbox 2883 1216 2938 1268; x_wconf 88' lang='lat' dir='ltr'><strong>in</strong></span> <span class='ocrx_word' id='word_1_185' title='bbox 2991 1215 3096 1268; x_wconf 84' lang='lat' dir='ltr'><strong>alio</strong></span> <span class='ocrx_word' id='word_1_186' title='bbox 3119 1229 3139 1268; x_wconf 90' lang='lat'><strong><em>:</em></strong></span> <span class='ocrx_word' id='word_1_187' title='bbox 3171 1213 3330 1269; x_wconf 79' lang='lat' dir='ltr'><strong>Pater</strong></span> <span class='ocrx_word' id='word_1_188' title='bbox 3381 1216 3630 1284; x_wconf 69' lang='lat' dir='ltr'><strong>produxit</strong></span> <span class='ocrx_word' id='word_1_189' title='bbox 3681 1231 3748 1268; x_wconf 81' lang='lat' dir='ltr'><strong>ea:</strong></span> 
     </span>
    </p>
   </div>
   <div class='ocr_carea' id='block_1_27' title="bbox 2165 1301 3746 1373">
    <p class='ocr_par' dir='ltr' id='par_1_27' title="bbox 2165 1301 3746 1373">
     <span class='ocr_line' id='line_1_27' title="bbox 2165 1301 3746 1373; baseline 0.001 -17"><span class='ocrx_word' id='word_1_190' title='bbox 2165 1304 2335 1371; x_wconf 85' lang='lat' dir='ltr'><strong>seipso</strong></span> <span class='ocrx_word' id='word_1_191' title='bbox 2368 1301 2413 1356; x_wconf 84' lang='lat' dir='ltr'><em>F</em></span> <span class='ocrx_word' id='word_1_192' title='bbox 2415 1302 2564 1356; x_wconf 79' lang='lat' dir='ltr'><strong>ilium</strong></span> <span class='ocrx_word' id='word_1_193' title='bbox 2609 1302 3034 1369; x_wconf 76' lang='lat' dir='ltr'><strong>inseparabiliter</strong></span> <span class='ocrx_word' id='word_1_194' title='bbox 3065 1315 3219 1373; x_wconf 85' lang='lat' dir='ltr'><strong>atque</strong></span> <span class='ocrx_word' id='word_1_195' title='bbox 3249 1305 3746 1372; x_wconf 57' lang='lat' dir='ltr'><strong>incunctanterJt</strong></span> 
     </span>
    </p>
   </div>
   <div class='ocr_carea' id='block_1_28' title="bbox 2169 1393 3744 1465">
    <p class='ocr_par' dir='ltr' id='par_1_28' title="bbox 2169 1393 3744 1465">
     <span class='ocr_line' id='line_1_28' title="bbox 2169 1393 3744 1465; baseline 0.003 -17"><span class='ocrx_word' id='word_1_196' title='bbox 2169 1395 2222 1449; x_wconf 89' lang='lat' dir='ltr'><strong>in</strong></span> <span class='ocrx_word' id='word_1_197' title='bbox 2245 1394 2382 1449; x_wconf 76' lang='lat' dir='ltr'><strong>alio:</strong></span> <span class='ocrx_word' id='word_1_198' title='bbox 2411 1395 2594 1448; x_wconf 80' lang='lat' dir='ltr'><strong>Totum</strong></span> <span class='ocrx_word' id='word_1_199' title='bbox 2622 1411 2732 1449; x_wconf 83' lang='lat' dir='ltr'><strong>esse</strong></span> <span class='ocrx_word' id='word_1_200' title='bbox 2756 1394 2885 1448; x_wconf 73' lang='lat' dir='ltr'><strong>Fifii</strong></span> <span class='ocrx_word' id='word_1_201' title='bbox 2911 1409 2974 1450; x_wconf 67' lang='lat' dir='ltr'><strong>ea</strong></span> <span class='ocrx_word' id='word_1_202' title='bbox 3024 1393 3202 1450; x_wconf 85' lang='lat' dir='ltr'><strong>Patris</strong></span> <span class='ocrx_word' id='word_1_203' title='bbox 3223 1397 3465 1450; x_wconf 79' lang='lat' dir='ltr'><strong>essentia</strong></span> <span class='ocrx_word' id='word_1_204' title='bbox 3490 1396 3744 1465; x_wconf 79' lang='lat' dir='ltr'><strong>procedit.</strong></span> 
     </span>
    </p>
   </div>
   <div class='ocr_carea' id='block_1_29' title="bbox 2169 1480 3744 1554">
    <p class='ocr_par' dir='ltr' id='par_1_29' title="bbox 2169 1480 3744 1554">
     <span class='ocr_line' id='line_1_29' title="bbox 2169 1480 3744 1554; baseline 0.004 -18"><span class='ocrx_word' id='word_1_205' title='bbox 2169 1480 2225 1537; x_wconf 85' lang='lat' dir='ltr'><strong>lu</strong></span> <span class='ocrx_word' id='word_1_206' title='bbox 2275 1482 2382 1537; x_wconf 93' lang='lat' dir='ltr'><strong>alio</strong></span> <span class='ocrx_word' id='word_1_207' title='bbox 2422 1498 2635 1553; x_wconf 84' lang='lat' dir='ltr'><strong>quoque</strong></span> <span class='ocrx_word' id='word_1_208' title='bbox 2664 1497 2684 1536; x_wconf 92' lang='lat'><strong><em>:</em></strong></span> <span class='ocrx_word' id='word_1_209' title='bbox 2715 1482 2968 1548; x_wconf 70' lang='lat' dir='ltr'><strong>Quanam</strong></span> <span class='ocrx_word' id='word_1_210' title='bbox 3019 1486 3155 1538; x_wconf 79' lang='lat' dir='ltr'><strong>enim</strong></span> <span class='ocrx_word' id='word_1_211' title='bbox 3206 1486 3384 1554; x_wconf 82' lang='lat' dir='ltr'><strong>passio</strong></span> <span class='ocrx_word' id='word_1_212' title='bbox 3409 1487 3524 1553; x_wconf 78' lang='lat' dir='ltr'><strong>ﬁeri</strong></span> <span class='ocrx_word' id='word_1_213' title='bbox 3556 1487 3610 1540; x_wconf 90' lang='lat' dir='ltr'><strong>in</strong></span> <span class='ocrx_word' id='word_1_214' title='bbox 3633 1489 3744 1542; x_wconf 81' lang='lat' dir='ltr'><strong>sole</strong></span> 
     </span>
    </p>
   </div>
   <div class='ocr_carea' id='block_1_30' title="bbox 2171 1577 3746 1648">
    <p class='ocr_par' dir='ltr' id='par_1_30' title="bbox 2171 1577 3746 1648">
     <span class='ocr_line' id='line_1_30' title="bbox 2171 1577 3746 1648; baseline 0.001 -17"><span class='ocrx_word' id='word_1_215' title='bbox 2171 1579 2420 1638; x_wconf 88' lang='lat' dir='ltr'><strong>cernitur,</strong></span> <span class='ocrx_word' id='word_1_216' title='bbox 2443 1578 2652 1646; x_wconf 84' lang='lat' dir='ltr'><strong>quando</strong></span> <span class='ocrx_word' id='word_1_217' title='bbox 2673 1577 2838 1645; x_wconf 85' lang='lat' dir='ltr'><strong>gignit</strong></span> <span class='ocrx_word' id='word_1_218' title='bbox 2859 1577 3058 1630; x_wconf 81' lang='lat' dir='ltr'><strong>lucem?</strong></span> <span class='ocrx_word' id='word_1_219' title='bbox 3077 1593 3320 1647; x_wconf 66' lang='lat' dir='ltr'><strong>quisnam</strong></span> <span class='ocrx_word' id='word_1_220' title='bbox 3339 1579 3582 1646; x_wconf 87' lang='lat' dir='ltr'><strong>contingit</strong></span> <span class='ocrx_word' id='word_1_221' title='bbox 3608 1579 3746 1648; x_wconf 82' lang='lat' dir='ltr'><strong>ignis</strong></span> 
     </span>
    </p>
   </div>
   <div class='ocr_carea' id='block_1_31' title="bbox 2168 1665 3741 1735">
    <p class='ocr_par' dir='ltr' id='par_1_31' title="bbox 2168 1665 3741 1735">
     <span class='ocr_line' id='line_1_31' title="bbox 2168 1665 3741 1735; baseline -0.001 -15"><span class='ocrx_word' id='word_1_222' title='bbox 2168 1667 2454 1733; x_wconf 83' lang='lat' dir='ltr'><strong>separatio,</strong></span> <span class='ocrx_word' id='word_1_223' title='bbox 2476 1667 2944 1734; x_wconf 72' lang='lat' dir='ltr'><strong>quomodoemittit</strong></span> <span class='ocrx_word' id='word_1_224' title='bbox 2972 1680 3036 1720; x_wconf 70' lang='lat' dir='ltr'><strong>ex</strong></span> <span class='ocrx_word' id='word_1_225' title='bbox 3051 1681 3105 1718; x_wconf 86' lang='lat' dir='ltr'><strong>se</strong></span> <span class='ocrx_word' id='word_1_226' title='bbox 3127 1667 3236 1731; x_wconf 84' lang='lat' dir='ltr'><strong>ipso</strong></span> <span class='ocrx_word' id='word_1_227' title='bbox 3263 1665 3564 1735; x_wconf 80' lang='lat' dir='ltr'><strong>fulgorem?</strong></span> <span class='ocrx_word' id='word_1_228' title='bbox 3585 1665 3741 1732; x_wconf 69' lang='lat' dir='ltr'><strong>Quod</strong></span> 
     </span>
    </p>
   </div>
   <div class='ocr_carea' id='block_1_32' title="bbox 2171 1757 3742 1828">
    <p class='ocr_par' dir='ltr' id='par_1_32' title="bbox 2171 1757 3742 1828">
     <span class='ocr_line' id='line_1_32' title="bbox 2171 1757 3742 1828; baseline 0.003 -19"><span class='ocrx_word' id='word_1_229' title='bbox 2171 1757 2214 1810; x_wconf 83' lang='lat' dir='ltr'><strong>si</strong></span> <span class='ocrx_word' id='word_1_230' title='bbox 2249 1757 2469 1827; x_wconf 83' lang='lat' dir='ltr'><strong>gignunt</strong></span> <span class='ocrx_word' id='word_1_231' title='bbox 2502 1757 2606 1811; x_wconf 88' lang='lat' dir='ltr'><strong>ista</strong></span> <span class='ocrx_word' id='word_1_232' title='bbox 2651 1757 3091 1828; x_wconf 74' lang='lat' dir='ltr'><strong>inseparabiliter,</strong></span> <span class='ocrx_word' id='word_1_233' title='bbox 3122 1761 3464 1826; x_wconf 86' lang='lat' dir='ltr'><strong>emittuntque</strong></span> <span class='ocrx_word' id='word_1_234' title='bbox 3491 1758 3742 1828; x_wconf 77' lang='lat' dir='ltr'><strong>impaui-</strong></span> 
     </span>
    </p>
   </div>
   <div class='ocr_carea' id='block_1_33' title="bbox 499 1839 2070 1936">
    <p class='ocr_par' dir='ltr' id='par_1_33' title="bbox 499 1856 2064 1936">
     <span class='ocr_line' id='line_1_33' title="bbox 499 1856 2064 1936; baseline -0.006 -15"><span class='ocrx_word' id='word_1_235' title='bbox 499 1871 671 1936; x_wconf 82' lang='lat' dir='ltr'><strong>ipsum</strong></span> <span class='ocrx_word' id='word_1_236' title='bbox 703 1882 764 1920; x_wconf 78' lang='lat' dir='ltr'><strong>ex</strong></span> <span class='ocrx_word' id='word_1_237' title='bbox 798 1865 958 1920; x_wconf 78' lang='lat' dir='ltr'><strong>Patre</strong></span> <span class='ocrx_word' id='word_1_238' title='bbox 990 1865 1300 1934; x_wconf 80' lang='lat' dir='ltr'><strong>procedere.</strong></span> <span class='ocrx_word' id='word_1_239' title='bbox 1327 1859 1550 1928; x_wconf 72' lang='lat' dir='ltr'><strong>Magnus</strong></span> <span class='ocrx_word' id='word_1_240' title='bbox 1596 1858 1792 1928; x_wconf 84' lang='lat' dir='ltr'><strong>quippe</strong></span> <span class='ocrx_word' id='word_1_241' title='bbox 1830 1856 2064 1912; x_wconf 83' lang='lat' dir='ltr'><strong>Basilius</strong></span> 
     </span>
    </p>
   </div>
   <div class='ocr_carea' id='block_1_34' title="bbox 2170 1839 3750 1936">
    <p class='ocr_par' dir='ltr' id='par_1_34' title="bbox 2170 1846 3750 1918">
     <span class='ocr_line' id='line_1_34' title="bbox 2170 1846 3750 1918; baseline 0 -16"><span class='ocrx_word' id='word_1_242' title='bbox 2170 1847 2360 1914; x_wconf 82' lang='lat' dir='ltr'><strong>biltter,</strong></span> <span class='ocrx_word' id='word_1_243' title='bbox 2395 1863 2511 1918; x_wconf 73' lang='lat' dir='ltr'><strong>qua:</strong></span> <span class='ocrx_word' id='word_1_244' title='bbox 2563 1863 2627 1902; x_wconf 75' lang='lat' dir='ltr'><strong>ea:</strong></span> <span class='ocrx_word' id='word_1_245' title='bbox 2685 1847 2750 1900; x_wconf 90' lang='lat' dir='ltr'><strong>iis</strong></span> <span class='ocrx_word' id='word_1_246' title='bbox 2801 1855 3168 1912; x_wconf 83' lang='lat' dir='ltr'><strong>sunt;nonne</strong></span> <span class='ocrx_word' id='word_1_247' title='bbox 3216 1846 3365 1916; x_wconf 79' lang='lat' dir='ltr'><strong>longe</strong></span> <span class='ocrx_word' id='word_1_248' title='bbox 3428 1849 3638 1918; x_wconf 83' lang='lat' dir='ltr'><strong>dignius</strong></span> <span class='ocrx_word' id='word_1_249' title='bbox 3699 1859 3750 1903; x_wconf 88' lang='lat' dir='ltr'><strong>et</strong></span> 
     </span>
    </p>
   </div>
   <div class='ocr_carea' id='block_1_35' title="bbox 495 1951 2067 2022">
    <p class='ocr_par' dir='ltr' id='par_1_35' title="bbox 495 1951 2067 2022">
     <span class='ocr_line' id='line_1_35' title="bbox 495 1951 2067 2022; baseline -0.002 -12"><span class='ocrx_word' id='word_1_250' title='bbox 495 1960 617 2012; x_wconf 79' lang='lat' dir='ltr'><strong>ait:</strong></span> <span class='ocrx_word' id='word_1_251' title='bbox 656 1956 794 2021; x_wconf 84' lang='lat' dir='ltr'><strong>Quia</strong></span> <span class='ocrx_word' id='word_1_252' title='bbox 839 1972 942 2009; x_wconf 88' lang='lat' dir='ltr'><strong>non</strong></span> <span class='ocrx_word' id='word_1_253' title='bbox 988 1957 1158 2022; x_wconf 81' lang='lat' dir='ltr'><strong>prodit</strong></span> <span class='ocrx_word' id='word_1_254' title='bbox 1190 1955 1244 2006; x_wconf 86' lang='lat' dir='ltr'><strong>in</strong></span> <span class='ocrx_word' id='word_1_255' title='bbox 1299 1961 1546 2021; x_wconf 88' lang='lat' dir='ltr'><strong>tempore,</strong></span> <span class='ocrx_word' id='word_1_256' title='bbox 1586 1951 1731 2020; x_wconf 88' lang='lat' dir='ltr'><strong>quod</strong></span> <span class='ocrx_word' id='word_1_257' title='bbox 1779 1953 1954 2020; x_wconf 85' lang='lat' dir='ltr'><strong>prodit</strong></span> <span class='ocrx_word' id='word_1_258' title='bbox 2002 1967 2067 2007; x_wconf 80' lang='lat' dir='ltr'><strong>ea:</strong></span> 
     </span>
    </p>
   </div>
   <div class='ocr_carea' id='block_1_36' title="bbox 496 2034 2068 2114">
    <p class='ocr_par' dir='ltr' id='par_1_36' title="bbox 496 2034 2068 2114">
     <span class='ocr_line' id='line_1_36' title="bbox 496 2034 2068 2114; baseline -0.006 -9"><span class='ocrx_word' id='word_1_259' title='bbox 496 2050 625 2114; x_wconf 88' lang='lat' dir='ltr'><strong>Deo,</strong></span> <span class='ocrx_word' id='word_1_260' title='bbox 659 2050 818 2102; x_wconf 86' lang='lat' dir='ltr'><strong>etiam</strong></span> <span class='ocrx_word' id='word_1_261' title='bbox 851 2034 898 2102; x_wconf 70' lang='lat' dir='ltr'><strong>si</strong></span> <span class='ocrx_word' id='word_1_262' title='bbox 923 2051 974 2100; x_wconf 84' lang='lat' dir='ltr'><strong>in</strong></span> <span class='ocrx_word' id='word_1_263' title='bbox 1022 2057 1245 2109; x_wconf 83' lang='lat' dir='ltr'><strong>tempore</strong></span> <span class='ocrx_word' id='word_1_264' title='bbox 1297 2047 1394 2114; x_wconf 78' lang='lat' dir='ltr'><strong>ﬁat</strong></span> <span class='ocrx_word' id='word_1_265' title='bbox 1430 2045 1542 2112; x_wconf 86' lang='lat' dir='ltr'><strong>ejus</strong></span> <span class='ocrx_word' id='word_1_266' title='bbox 1599 2045 1761 2107; x_wconf 87' lang='lat' dir='ltr'><strong>actio,</strong></span> <span class='ocrx_word' id='word_1_267' title='bbox 1791 2053 1840 2096; x_wconf 88' lang='lat' dir='ltr'><strong>et</strong></span> <span class='ocrx_word' id='word_1_268' title='bbox 1873 2053 2068 2100; x_wconf 71' lang='lat' dir='ltr'><strong>reterns</strong></span> 
     </span>
    </p>
   </div>
   <div class='ocr_carea' id='block_1_37' title="bbox 495 2128 2064 2210">
    <p class='ocr_par' dir='ltr' id='par_1_37' title="bbox 495 2128 2064 2210">
     <span class='ocr_line' id='line_1_37' title="bbox 495 2128 2064 2210; baseline -0.003 -16"><span class='ocrx_word' id='word_1_269' title='bbox 495 2141 644 2194; x_wconf 81' lang='lat' dir='ltr'><strong>habet</strong></span> <span class='ocrx_word' id='word_1_270' title='bbox 678 2139 875 2204; x_wconf 87' lang='lat' dir='ltr'><strong>omnia,</strong></span> <span class='ocrx_word' id='word_1_271' title='bbox 906 2150 961 2192; x_wconf 90' lang='lat' dir='ltr'><strong>ut</strong></span> <span class='ocrx_word' id='word_1_272' title='bbox 987 2139 1081 2192; x_wconf 84' lang='lat' dir='ltr'><strong>Dei</strong></span> <span class='ocrx_word' id='word_1_273' title='bbox 1107 2138 1354 2205; x_wconf 82' lang='lat' dir='ltr'><strong>Spiritus,</strong></span> <span class='ocrx_word' id='word_1_274' title='bbox 1384 2150 1540 2210; x_wconf 87' lang='lat' dir='ltr'><strong>atque</strong></span> <span class='ocrx_word' id='word_1_275' title='bbox 1564 2156 1628 2195; x_wconf 73' lang='lat' dir='ltr'><strong>ex</strong></span> <span class='ocrx_word' id='word_1_276' title='bbox 1659 2128 1770 2208; x_wconf 81' lang='lat' dir='ltr'><strong>ipso</strong></span> <span class='ocrx_word' id='word_1_277' title='bbox 1818 2153 2064 2191; x_wconf 81' lang='lat' dir='ltr'><strong>manans.</strong></span> 
     </span>
    </p>
   </div>
   <div class='ocr_carea' id='block_1_38' title="bbox 495 2227 2067 2302">
    <p class='ocr_par' dir='ltr' id='par_1_38' title="bbox 495 2227 2067 2302">
     <span class='ocr_line' id='line_1_38' title="bbox 495 2227 2067 2302; baseline -0.003 -15"><span class='ocrx_word' id='word_1_278' title='bbox 495 2233 561 2288; x_wconf 81' lang='lat' dir='ltr'><strong>Et</strong></span> <span class='ocrx_word' id='word_1_279' title='bbox 601 2234 726 2288; x_wconf 89' lang='lat' dir='ltr'><strong>illud</strong></span> <span class='ocrx_word' id='word_1_280' title='bbox 751 2250 765 2285; x_wconf 89' lang='lat'>:</span> <span class='ocrx_word' id='word_1_281' title='bbox 793 2231 975 2300; x_wconf 81' lang='lat' dir='ltr'><strong>Neque</strong></span> <span class='ocrx_word' id='word_1_282' title='bbox 1000 2233 1138 2285; x_wconf 87' lang='lat' dir='ltr'><strong>enim</strong></span> <span class='ocrx_word' id='word_1_283' title='bbox 1171 2232 1341 2285; x_wconf 86' lang='lat' dir='ltr'><strong>minus</strong></span> <span class='ocrx_word' id='word_1_284' title='bbox 1368 2227 1568 2302; x_wconf 83' lang='lat' dir='ltr'><strong>aliquid</strong></span> <span class='ocrx_word' id='word_1_285' title='bbox 1599 2247 1808 2302; x_wconf 83' lang='lat' dir='ltr'><strong>eramus</strong></span> <span class='ocrx_word' id='word_1_286' title='bbox 1835 2229 2067 2284; x_wconf 81' lang='lat' dir='ltr'><strong>habituri</strong></span> 
     </span>
    </p>
   </div>
   <div class='ocr_carea' id='block_1_39' title="bbox 484 2321 2067 2394">
    <p class='ocr_par' dir='ltr' id='par_1_39' title="bbox 484 2321 2067 2394">
     <span class='ocr_line' id='line_1_39' title="bbox 484 2321 2067 2394; baseline -0.003 -16"><span class='ocrx_word' id='word_1_287' title='bbox 484 2325 565 2378; x_wconf 66' lang='lat' dir='ltr'><strong>.ad</strong></span> <span class='ocrx_word' id='word_1_288' title='bbox 592 2325 1006 2394; x_wconf 81' lang='lat' dir='ltr'><strong>cognoscendum</strong></span> <span class='ocrx_word' id='word_1_289' title='bbox 1027 2321 1278 2391; x_wconf 81' lang='lat' dir='ltr'><strong>Spiritum</strong></span> <span class='ocrx_word' id='word_1_290' title='bbox 1295 2337 1361 2377; x_wconf 72' lang='lat' dir='ltr'><strong>es:</strong></span> <span class='ocrx_word' id='word_1_291' title='bbox 1386 2321 1491 2376; x_wconf 89' lang='lat' dir='ltr'><strong>Deo</strong></span> <span class='ocrx_word' id='word_1_292' title='bbox 1520 2339 1654 2388; x_wconf 84' lang='lat' dir='ltr'><strong>esse,</strong></span> <span class='ocrx_word' id='word_1_293' title='bbox 1685 2322 1938 2391; x_wconf 82' lang='lat' dir='ltr'><strong>Spiritum</strong></span> <span class='ocrx_word' id='word_1_294' title='bbox 1963 2321 2067 2375; x_wconf 87' lang='lat' dir='ltr'><strong>oris</strong></span> 
     </span>
    </p>
   </div>
   <div class='ocr_carea' id='block_1_40' title="bbox 487 2414 2067 2486">
    <p class='ocr_par' dir='ltr' id='par_1_40' title="bbox 487 2414 2067 2486">
     <span class='ocr_line' id='line_1_40' title="bbox 487 2414 2067 2486; baseline -0.003 -16"><span class='ocrx_word' id='word_1_295' title='bbox 487 2417 606 2486; x_wconf 78' lang='lat' dir='ltr'><strong>ejus</strong></span> <span class='ocrx_word' id='word_1_296' title='bbox 657 2419 802 2470; x_wconf 84' lang='lat' dir='ltr'><strong>illum</strong></span> <span class='ocrx_word' id='word_1_297' title='bbox 857 2416 1154 2480; x_wconf 83' lang='lat' dir='ltr'><strong>audientes,</strong></span> <span class='ocrx_word' id='word_1_298' title='bbox 1179 2417 1269 2468; x_wconf 86' lang='lat' dir='ltr'><strong>sed</strong></span> <span class='ocrx_word' id='word_1_299' title='bbox 1321 2414 1560 2470; x_wconf 85' lang='lat' dir='ltr'><strong>idoneum</strong></span> <span class='ocrx_word' id='word_1_300' title='bbox 1593 2423 1644 2469; x_wconf 86' lang='lat' dir='ltr'><strong>et</strong></span> <span class='ocrx_word' id='word_1_301' title='bbox 1693 2415 1836 2468; x_wconf 83' lang='lat' dir='ltr'><strong>istud</strong></span> <span class='ocrx_word' id='word_1_302' title='bbox 1882 2429 2067 2468; x_wconf 85' lang='lat' dir='ltr'><strong>nomen</strong></span> 
     </span>
    </p>
   </div>
   <div class='ocr_carea' id='block_1_41' title="bbox 494 2503 2070 2572">
    <p class='ocr_par' dir='ltr' id='par_1_41' title="bbox 494 2503 2070 2572">
     <span class='ocr_line' id='line_1_41' title="bbox 494 2503 2070 2572; baseline -0.001 -12"><span class='ocrx_word' id='word_1_303' title='bbox 494 2515 611 2560; x_wconf 85' lang='lat' dir='ltr'><strong>erat</strong></span> <span class='ocrx_word' id='word_1_304' title='bbox 667 2506 831 2572; x_wconf 83' lang='lat' dir='ltr'><strong>ipsius</strong></span> <span class='ocrx_word' id='word_1_305' title='bbox 861 2520 926 2558; x_wconf 76' lang='lat' dir='ltr'><strong>ex</strong></span> <span class='ocrx_word' id='word_1_306' title='bbox 977 2503 1082 2557; x_wconf 84' lang='lat' dir='ltr'><strong>Deo</strong></span> <span class='ocrx_word' id='word_1_307' title='bbox 1145 2504 1419 2557; x_wconf 83' lang='lat' dir='ltr'><strong>insinuare</strong></span> <span class='ocrx_word' id='word_1_308' title='bbox 1465 2503 1859 2558; x_wconf 80' lang='lat' dir='ltr'><strong>substantiam:</strong></span> <span class='ocrx_word' id='word_1_309' title='bbox 1903 2504 2070 2560; x_wconf 80' lang='lat' dir='ltr'><strong>verbo</strong></span> 
     </span>
    </p>
   </div>
   <div class='ocr_carea' id='block_1_42' title="bbox 487 2597 1785 2664">
    <p class='ocr_par' dir='ltr' id='par_1_42' title="bbox 487 2597 1785 2664">
     <span class='ocr_line' id='line_1_42' title="bbox 487 2597 1785 2664; baseline -0.002 -11"><span class='ocrx_word' id='word_1_310' title='bbox 487 2614 628 2653; x_wconf 70' lang='lat' dir='ltr'><strong>esse.</strong></span> <span class='ocrx_word' id='word_1_311' title='bbox 661 2611 757 2664; x_wconf 85' lang='lat' dir='ltr'><strong>pro</strong></span> <span class='ocrx_word' id='word_1_312' title='bbox 780 2612 866 2657; x_wconf 89' lang='lat' dir='ltr'><strong>eo,</strong></span> <span class='ocrx_word' id='word_1_313' title='bbox 902 2597 1043 2663; x_wconf 90' lang='lat' dir='ltr'><strong>quod</strong></span> <span class='ocrx_word' id='word_1_314' title='bbox 1081 2606 1182 2660; x_wconf 82' lang='lat' dir='ltr'><strong>est,</strong></span> <span class='ocrx_word' id='word_1_315' title='bbox 1212 2597 1490 2664; x_wconf 84' lang='lat' dir='ltr'><strong>procedere</strong></span> <span class='ocrx_word' id='word_1_316' title='bbox 1523 2611 1653 2650; x_wconf 86' lang='lat' dir='ltr'><strong>usus</strong></span> <span class='ocrx_word' id='word_1_317' title='bbox 1683 2604 1785 2650; x_wconf 76' lang='lat' dir='ltr'><strong>est.</strong></span> 
     </span>
    </p>
   </div>
   <div class='ocr_carea' id='block_1_43' title="bbox 570 2685 2074 2757">
    <p class='ocr_par' dir='ltr' id='par_1_43' title="bbox 570 2685 2074 2757">
     <span class='ocr_line' id='line_1_43' title="bbox 570 2685 2074 2757; baseline -0.001 -14"><span class='ocrx_word' id='word_1_318' title='bbox 570 2689 800 2743; x_wconf 84' lang='lat' dir='ltr'><strong>Sanctus</strong></span> <span class='ocrx_word' id='word_1_319' title='bbox 826 2703 1042 2757; x_wconf 85' lang='lat' dir='ltr'><strong>quoque</strong></span> <span class='ocrx_word' id='word_1_320' title='bbox 1068 2685 1373 2741; x_wconf 70' lang='lat' dir='ltr'><strong>Maximus:</strong></span> <span class='ocrx_word' id='word_1_321' title='bbox 1404 2687 1636 2750; x_wconf 85' lang='lat' dir='ltr'><strong>Emittit,</strong></span> <span class='ocrx_word' id='word_1_322' title='bbox 1675 2688 1871 2755; x_wconf 85' lang='lat' dir='ltr'><strong>inquit,</strong></span> <span class='ocrx_word' id='word_1_323' title='bbox 1906 2685 2074 2742; x_wconf 87' lang='lat' dir='ltr'><strong>Pater</strong></span> 
     </span>
    </p>
   </div>
   <div class='ocr_carea' id='block_1_44' title="bbox 498 2777 2074 2850">
    <p class='ocr_par' dir='ltr' id='par_1_44' title="bbox 498 2777 2074 2850">
     <span class='ocr_line' id='line_1_44' title="bbox 498 2777 2074 2850; baseline 0.001 -16"><span class='ocrx_word' id='word_1_324' title='bbox 498 2779 780 2848; x_wconf 66' lang='lat' dir='ltr'><strong>Spiritum,</strong></span> <span class='ocrx_word' id='word_1_325' title='bbox 807 2777 903 2832; x_wconf 74' lang='lat' dir='ltr'><strong>hoc</strong></span> <span class='ocrx_word' id='word_1_326' title='bbox 933 2787 1029 2840; x_wconf 82' lang='lat' dir='ltr'><strong>est,</strong></span> <span class='ocrx_word' id='word_1_327' title='bbox 1061 2779 1250 2832; x_wconf 80' lang='lat' dir='ltr'><strong>emisit.</strong></span> <span class='ocrx_word' id='word_1_328' title='bbox 1275 2779 1345 2833; x_wconf 89' lang='lat' dir='ltr'><strong>Et</strong></span> <span class='ocrx_word' id='word_1_329' title='bbox 1383 2781 1496 2846; x_wconf 85' lang='lat' dir='ltr'><strong>ipse</strong></span> <span class='ocrx_word' id='word_1_330' title='bbox 1550 2780 1616 2833; x_wconf 86' lang='lat' dir='ltr'><strong>de</strong></span> <span class='ocrx_word' id='word_1_331' title='bbox 1653 2795 1910 2848; x_wconf 83' lang='lat' dir='ltr'><strong>processu</strong></span> <span class='ocrx_word' id='word_1_332' title='bbox 1957 2780 2074 2850; x_wconf 82' lang='lat' dir='ltr'><strong>ejus</strong></span> 
     </span>
    </p>
   </div>
   <div class='ocr_carea' id='block_1_45' title="bbox 501 2874 2073 2941">
    <p class='ocr_par' dir='ltr' id='par_1_45' title="bbox 501 2874 2073 2941">
     <span class='ocr_line' id='line_1_45' title="bbox 501 2874 2073 2941; baseline 0.001 -16"><span class='ocrx_word' id='word_1_333' title='bbox 501 2875 793 2939; x_wconf 80' lang='lat' dir='ltr'><strong>disserens,</strong></span> <span class='ocrx_word' id='word_1_334' title='bbox 853 2883 912 2926; x_wconf 92' lang='lat' dir='ltr'><strong>ut</strong></span> <span class='ocrx_word' id='word_1_335' title='bbox 980 2875 1225 2941; x_wconf 87' lang='lat' dir='ltr'><strong>superius</strong></span> <span class='ocrx_word' id='word_1_336' title='bbox 1275 2874 1552 2936; x_wconf 77' lang='lat' dir='ltr'><strong>constitit,</strong></span> <span class='ocrx_word' id='word_1_337' title='bbox 1585 2888 1708 2928; x_wconf 85' lang='lat' dir='ltr'><strong>eum</strong></span> <span class='ocrx_word' id='word_1_338' title='bbox 1761 2881 2073 2928; x_wconf 86' lang='lat' dir='ltr'><strong>sanctorum</strong></span> 
     </span>
    </p>
   </div>
   <div class='ocr_carea' id='block_1_46' title="bbox 491 2965 2074 3030">
    <p class='ocr_par' dir='ltr' id='par_1_46' title="bbox 491 2965 2074 3030">
     <span class='ocr_line' id='line_1_46' title="bbox 491 2965 2074 3030; baseline -0.003 -10"><span class='ocrx_word' id='word_1_339' title='bbox 491 2966 723 3020; x_wconf 79' lang='lat' dir='ltr'><strong>&#39;Patruzu</strong></span> <span class='ocrx_word' id='word_1_340' title='bbox 761 2966 1088 3020; x_wconf 79' lang='lat' dir='ltr'><strong>auctoritate</strong></span> <span class='ocrx_word' id='word_1_341' title='bbox 1118 2967 1526 3020; x_wconf 82' lang='lat' dir='ltr'><strong>ostenderemus</strong></span> <span class='ocrx_word' id='word_1_342' title='bbox 1553 3006 1569 3030; x_wconf 94' lang='lat'><strong>,</strong></span> <span class='ocrx_word' id='word_1_343' title='bbox 1596 2965 1785 3027; x_wconf 84' lang='lat' dir='ltr'><strong>emitti,</strong></span> <span class='ocrx_word' id='word_1_344' title='bbox 1817 2981 1881 3018; x_wconf 88' lang='lat' dir='ltr'><strong>ac</strong></span> <span class='ocrx_word' id='word_1_345' title='bbox 1912 2965 2074 3028; x_wconf 85' lang='lat' dir='ltr'><strong>mitti,</strong></span> 
     </span>
    </p>
   </div>
   <div class='ocr_carea' id='block_1_47' title="bbox 499 3057 2074 3127">
    <p class='ocr_par' dir='ltr' id='par_1_47' title="bbox 499 3057 2074 3127">
     <span class='ocr_line' id='line_1_47' title="bbox 499 3057 2074 3127; baseline 0.001 -17"><span class='ocrx_word' id='word_1_346' title='bbox 499 3059 639 3126; x_wconf 81' lang='lat' dir='ltr'><strong>apud</strong></span> <span class='ocrx_word' id='word_1_347' title='bbox 687 3072 801 3119; x_wconf 84' lang='lat' dir='ltr'><strong>eos,</strong></span> <span class='ocrx_word' id='word_1_348' title='bbox 847 3073 944 3126; x_wconf 88' lang='lat' dir='ltr'><strong>pro</strong></span> <span class='ocrx_word' id='word_1_349' title='bbox 977 3071 1063 3125; x_wconf 88' lang='lat' dir='ltr'><strong>eo,</strong></span> <span class='ocrx_word' id='word_1_350' title='bbox 1111 3059 1251 3126; x_wconf 90' lang='lat' dir='ltr'><strong>quod</strong></span> <span class='ocrx_word' id='word_1_351' title='bbox 1306 3067 1408 3123; x_wconf 89' lang='lat' dir='ltr'><strong>est,</strong></span> <span class='ocrx_word' id='word_1_352' title='bbox 1456 3057 1628 3122; x_wconf 80' lang='lat' dir='ltr'><strong>nasci,</strong></span> <span class='ocrx_word' id='word_1_353' title='bbox 1670 3066 1725 3112; x_wconf 87' lang='lat' dir='ltr'><strong>et</strong></span> <span class='ocrx_word' id='word_1_354' title='bbox 1756 3059 2074 3127; x_wconf 79' lang='lat' dir='ltr'><strong>&#39;procedcre</strong></span> 
     </span>
    </p>
   </div>
   <div class='ocr_carea' id='block_1_48' title="bbox 499 3151 904 3218">
    <p class='ocr_par' dir='ltr' id='par_1_48' title="bbox 499 3151 904 3218">
     <span class='ocr_line' id='line_1_48' title="bbox 499 3151 904 3218; baseline -0.005 -12"><span class='ocrx_word' id='word_1_355' title='bbox 499 3151 676 3206; x_wconf 82' lang='lat' dir='ltr'><strong>solere</strong></span> <span class='ocrx_word' id='word_1_356' title='bbox 713 3151 904 3218; x_wconf 80' lang='lat' dir='ltr'><strong>accipi.</strong></span> 
     </span>
    </p>
   </div>
   <div class='ocr_carea' id='block_1_49' title="bbox 575 3261 2071 3332">
    <p class='ocr_par' dir='ltr' id='par_1_49' title="bbox 575 3261 2071 3332">
     <span class='ocr_line' id='line_1_49' title="bbox 575 3261 2071 3332; baseline -0.001 -16"><span class='ocrx_word' id='word_1_357' title='bbox 575 3266 810 3317; x_wconf 71' lang='lat' dir='ltr'><strong>Saucius</strong></span> <span class='ocrx_word' id='word_1_358' title='bbox 841 3263 965 3316; x_wconf 86' lang='lat' dir='ltr'><strong>item</strong></span> <span class='ocrx_word' id='word_1_359' title='bbox 987 3261 1216 3332; x_wconf 74' lang='lat' dir='ltr'><strong>Lyrillus</strong></span> <span class='ocrx_word' id='word_1_360' title='bbox 1248 3261 1357 3317; x_wconf 82' lang='lat' dir='ltr'><strong>ait:</strong></span> <span class='ocrx_word' id='word_1_361' title='bbox 1389 3261 1574 3316; x_wconf 78' lang='lat' dir='ltr'><strong>Prodit</strong></span> <span class='ocrx_word' id='word_1_362' title='bbox 1597 3271 1770 3316; x_wconf 89' lang='lat' dir='ltr'><strong>autem</strong></span> <span class='ocrx_word' id='word_1_363' title='bbox 1797 3277 1862 3315; x_wconf 79' lang='lat' dir='ltr'><strong>ea:</strong></span> <span class='ocrx_word' id='word_1_364' title='bbox 1885 3261 2071 3328; x_wconf 87' lang='lat' dir='ltr'><strong>Patre,</strong></span> 
     </span>
    </p>
   </div>
   <div class='ocr_carea' id='block_1_50' title="bbox 497 3352 2068 3421">
    <p class='ocr_par' dir='ltr' id='par_1_50' title="bbox 497 3352 2068 3421">
     <span class='ocr_line' id='line_1_50' title="bbox 497 3352 2068 3421; baseline -0.002 -14"><span class='ocrx_word' id='word_1_365' title='bbox 497 3363 551 3408; x_wconf 78' lang='lat' dir='ltr'><strong>et</strong></span> <span class='ocrx_word' id='word_1_366' title='bbox 593 3352 734 3406; x_wconf 85' lang='lat' dir='ltr'><strong>Filio</strong></span> <span class='ocrx_word' id='word_1_367' title='bbox 765 3363 850 3416; x_wconf 86' lang='lat' dir='ltr'><strong>;et</strong></span> <span class='ocrx_word' id='word_1_368' title='bbox 875 3361 1109 3413; x_wconf 78' lang='lat' dir='ltr'><strong>‘constat,</strong></span> <span class='ocrx_word' id='word_1_369' title='bbox 1139 3352 1260 3421; x_wconf 83' lang='lat' dir='ltr'><strong>quia</strong></span> <span class='ocrx_word' id='word_1_370' title='bbox 1291 3352 1464 3405; x_wconf 72' lang='lat' dir='ltr'><strong>divina</strong></span> <span class='ocrx_word' id='word_1_371' title='bbox 1495 3361 1568 3406; x_wconf 90' lang='lat' dir='ltr'><strong>est</strong></span> <span class='ocrx_word' id='word_1_372' title='bbox 1597 3353 1819 3404; x_wconf 83' lang='lat' dir='ltr'><strong>essentia</strong></span> <span class='ocrx_word' id='word_1_373' title='bbox 1845 3352 1900 3404; x_wconf 91' lang='lat' dir='ltr'><strong>in</strong></span> <span class='ocrx_word' id='word_1_374' title='bbox 1933 3352 2068 3417; x_wconf 88' lang='lat' dir='ltr'><strong>ipsa,</strong></span> 
     </span>
    </p>
   </div>
   <div class='ocr_carea' id='block_1_51' title="bbox 503 3439 2070 3515">
    <p class='ocr_par' dir='ltr' id='par_1_51' title="bbox 503 3439 2070 3515">
     <span class='ocr_line' id='line_1_51' title="bbox 503 3439 2070 3515; baseline -0.003 -16"><span class='ocrx_word' id='word_1_375' title='bbox 503 3461 658 3515; x_wconf 76' lang='lat' dir='ltr'><strong>aque</strong></span> <span class='ocrx_word' id='word_1_376' title='bbox 695 3461 758 3498; x_wconf 73' lang='lat' dir='ltr'><strong>ex</strong></span> <span class='ocrx_word' id='word_1_377' title='bbox 806 3445 917 3512; x_wconf 82' lang='lat' dir='ltr'><strong>ipsa</strong></span> <span class='ocrx_word' id='word_1_378' title='bbox 980 3444 1357 3511; x_wconf 80' lang='lat' dir='ltr'><strong>prodiens:ac</strong></span> <span class='ocrx_word' id='word_1_379' title='bbox 1411 3442 1752 3511; x_wconf 77' lang='lat' dir='ltr'><strong>profunditur</strong></span> <span class='ocrx_word' id='word_1_380' title='bbox 1811 3458 1845 3494; x_wconf 78' lang='grc' dir='ltr'><em>α</em></span> <span class='ocrx_word' id='word_1_381' title='bbox 1905 3439 2070 3505; x_wconf 83' lang='lat' dir='ltr'><strong>Filio,</strong></span> 
     </span>
    </p>
   </div>
   <div class='ocr_carea' id='block_1_52' title="bbox 501 3533 2073 3593">
    <p class='ocr_par' dir='ltr' id='par_1_52' title="bbox 501 3533 2073 3593">
     <span class='ocr_line' id='line_1_52' title="bbox 501 3533 2073 3593; baseline -0.005 0"><span class='ocrx_word' id='word_1_382' title='bbox 501 3541 634 3593; x_wconf 81' lang='lat' dir='ltr'><strong>sicut</strong></span> <span class='ocrx_word' id='word_1_383' title='bbox 661 3538 817 3590; x_wconf 87' lang='lat' dir='ltr'><strong>etiaut</strong></span> <span class='ocrx_word' id='word_1_384' title='bbox 854 3553 917 3589; x_wconf 80' lang='lat' dir='ltr'><strong>ex</strong></span> <span class='ocrx_word' id='word_1_385' title='bbox 947 3535 1053 3589; x_wconf 82' lang='lat' dir='ltr'><strong>Deo</strong></span> <span class='ocrx_word' id='word_1_386' title='bbox 1084 3547 1128 3588; x_wconf 83' lang='lat' dir='ltr'><strong>et</strong></span> <span class='ocrx_word' id='word_1_387' title='bbox 1166 3535 1348 3588; x_wconf 81' lang='lat' dir='ltr'><strong>Patre.</strong></span> <span class='ocrx_word' id='word_1_388' title='bbox 1385 3533 1488 3587; x_wconf 86' lang='lat' dir='ltr'><strong>Sed</strong></span> <span class='ocrx_word' id='word_1_389' title='bbox 1521 3542 1573 3587; x_wconf 87' lang='lat' dir='ltr'><strong>et</strong></span> <span class='ocrx_word' id='word_1_390' title='bbox 1615 3535 1668 3588; x_wconf 88' lang='lat' dir='ltr'><strong>in</strong></span> <span class='ocrx_word' id='word_1_391' title='bbox 1701 3547 1950 3587; x_wconf 87' lang='lat' dir='ltr'><strong>sermone</strong></span> <span class='ocrx_word' id='word_1_392' title='bbox 1975 3547 2073 3586; x_wconf 90' lang='lat' dir='ltr'><strong>suo</strong></span> 
     </span>
    </p>
   </div>
   <div class='ocr_carea' id='block_1_53' title="bbox 503 3623 2068 3695">
    <p class='ocr_par' dir='ltr' id='par_1_53' title="bbox 503 3623 2068 3695">
     <span class='ocr_line' id='line_1_53' title="bbox 503 3623 2068 3695; baseline -0.005 -11"><span class='ocrx_word' id='word_1_393' title='bbox 503 3633 568 3684; x_wconf 87' lang='lat' dir='ltr'><strong>ad</strong></span> <span class='ocrx_word' id='word_1_394' title='bbox 605 3633 918 3693; x_wconf 79' lang='lat' dir='ltr'><strong>monachos,</strong></span> <span class='ocrx_word' id='word_1_395' title='bbox 951 3641 1112 3695; x_wconf 86' lang='lat' dir='ltr'><strong>atque</strong></span> <span class='ocrx_word' id='word_1_396' title='bbox 1139 3627 1192 3679; x_wconf 91' lang='lat' dir='ltr'><strong>in</strong></span> <span class='ocrx_word' id='word_1_397' title='bbox 1227 3625 1572 3693; x_wconf 76' lang='lat' dir='ltr'><strong>Expositione</strong></span> <span class='ocrx_word' id='word_1_398' title='bbox 1604 3625 1768 3678; x_wconf 90' lang='lat' dir='ltr'><strong>divini</strong></span> <span class='ocrx_word' id='word_1_399' title='bbox 1794 3623 2068 3695; x_wconf 82' lang='lat' dir='ltr'><strong>Symboli,</strong></span> 
     </span>
    </p>
   </div>
   <div class='ocr_carea' id='block_1_54' title="bbox 500 3714 2072 3788">
    <p class='ocr_par' dir='ltr' id='par_1_54' title="bbox 500 3714 2072 3788">
     <span class='ocr_line' id='line_1_54' title="bbox 500 3714 2072 3788; baseline -0.005 -10"><span class='ocrx_word' id='word_1_400' title='bbox 500 3726 580 3778; x_wconf 73' lang='lat' dir='ltr'><strong>sic</strong></span> <span class='ocrx_word' id='word_1_401' title='bbox 615 3723 686 3774; x_wconf 90' lang='lat' dir='ltr'><strong>ait</strong></span> <span class='ocrx_word' id='word_1_402' title='bbox 708 3738 723 3773; x_wconf 92' lang='grc'><strong><em>.·</em></strong></span> <span class='ocrx_word' id='word_1_403' title='bbox 743 3719 969 3788; x_wconf 82' lang='lat' dir='ltr'><strong>Spiritus</strong></span> <span class='ocrx_word' id='word_1_404' title='bbox 995 3718 1357 3787; x_wconf 74' lang='lat' dir='ltr'><strong>profunditur,</strong></span> <span class='ocrx_word' id='word_1_405' title='bbox 1373 3717 1607 3770; x_wconf 80' lang='lat' dir='ltr'><strong>videlicet</strong></span> <span class='ocrx_word' id='word_1_406' title='bbox 1635 3718 1888 3785; x_wconf 82' lang='lat' dir='ltr'><strong>procedit,</strong></span> <span class='ocrx_word' id='word_1_407' title='bbox 1914 3714 2072 3770; x_wconf 79' lang='lat' dir='ltr'><strong>veluti</strong></span> 
     </span>
    </p>
   </div>
   <div class='ocr_carea' id='block_1_55' title="bbox 499 3807 2064 3882">
    <p class='ocr_par' dir='ltr' id='par_1_55' title="bbox 499 3807 2064 3882">
     <span class='ocr_line' id='line_1_55' title="bbox 499 3807 2064 3882; baseline -0.003 -15"><span class='ocrx_word' id='word_1_408' title='bbox 499 3828 567 3869; x_wconf 65' lang='lat' dir='ltr'><strong>ea:</strong></span> <span class='ocrx_word' id='word_1_409' title='bbox 596 3814 760 3882; x_wconf 80' lang='lat' dir='ltr'><strong>fonte,</strong></span> <span class='ocrx_word' id='word_1_410' title='bbox 789 3827 851 3865; x_wconf 79' lang='lat' dir='ltr'><strong>ex</strong></span> <span class='ocrx_word' id='word_1_411' title='bbox 885 3811 990 3865; x_wconf 75' lang='lat' dir='ltr'><strong>Deo</strong></span> <span class='ocrx_word' id='word_1_412' title='bbox 1018 3819 1066 3865; x_wconf 80' lang='lat' dir='ltr'><strong>et</strong></span> <span class='ocrx_word' id='word_1_413' title='bbox 1094 3809 1275 3865; x_wconf 86' lang='lat' dir='ltr'><strong>Patre.</strong></span> <span class='ocrx_word' id='word_1_414' title='bbox 1308 3807 1372 3862; x_wconf 80' lang='lat' dir='ltr'><strong>Et</strong></span> <span class='ocrx_word' id='word_1_415' title='bbox 1411 3823 1622 3862; x_wconf 87' lang='lat' dir='ltr'><strong>rursum</strong></span> <span class='ocrx_word' id='word_1_416' title='bbox 1658 3809 1724 3861; x_wconf 91' lang='lat' dir='ltr'><strong>ad</strong></span> <span class='ocrx_word' id='word_1_417' title='bbox 1753 3807 2025 3862; x_wconf 84' lang='lat' dir='ltr'><strong>llermiam</strong></span> <span class='ocrx_word' id='word_1_418' title='bbox 2050 3825 2064 3862; x_wconf 89' lang='lat'><strong>:</strong></span> 
     </span>
    </p>
   </div>
   <div class='ocr_carea' id='block_1_56' title="bbox 506 3897 2072 3971">
    <p class='ocr_par' dir='ltr' id='par_1_56' title="bbox 506 3897 2072 3971">
     <span class='ocr_line' id='line_1_56' title="bbox 506 3897 2072 3971; baseline -0.004 -13"><span class='ocrx_word' id='word_1_419' title='bbox 506 3901 670 3970; x_wconf 80' lang='lat' dir='ltr'><strong>Num,</strong></span> <span class='ocrx_word' id='word_1_420' title='bbox 697 3905 886 3971; x_wconf 85' lang='lat' dir='ltr'><strong>inquit,</strong></span> <span class='ocrx_word' id='word_1_421' title='bbox 921 3901 1362 3964; x_wconf 72' lang='lat' dir='ltr'><strong>animadvertisti,</strong></span> <span class='ocrx_word' id='word_1_422' title='bbox 1388 3902 1634 3969; x_wconf 82' lang='lat' dir='ltr'><strong>quoniam</strong></span> <span class='ocrx_word' id='word_1_423' title='bbox 1661 3897 1920 3968; x_wconf 83' lang='lat' dir='ltr'><strong>Spiritum</strong></span> <span class='ocrx_word' id='word_1_424' title='bbox 1953 3900 2072 3968; x_wconf 80' lang='lat' dir='ltr'><strong>qui-</strong></span> 
     </span>
    </p>
   </div>
   <div class='ocr_carea' id='block_1_57' title="bbox 503 3991 2075 4049">
    <p class='ocr_par' dir='ltr' id='par_1_57' title="bbox 503 3991 2075 4049">
     <span class='ocr_line' id='line_1_57' title="bbox 503 3991 2075 4049; baseline -0.002 0"><span class='ocrx_word' id='word_1_425' title='bbox 503 4001 620 4049; x_wconf 84' lang='lat' dir='ltr'><strong>dem</strong></span> <span class='ocrx_word' id='word_1_426' title='bbox 670 3997 910 4049; x_wconf 78' lang='lat' dir='ltr'><strong>ueritatis</strong></span> <span class='ocrx_word' id='word_1_427' title='bbox 966 3996 1246 4047; x_wconf 84' lang='lat' dir='ltr'><strong>nominavit</strong></span> <span class='ocrx_word' id='word_1_428' title='bbox 1282 3993 1619 4046; x_wconf 85' lang='lat' dir='ltr'><strong>Paracletum</strong></span> <span class='ocrx_word' id='word_1_429' title='bbox 1660 3991 1958 4046; x_wconf 78' lang='lat' dir='ltr'><strong>Dominus?</strong></span> <span class='ocrx_word' id='word_1_430' title='bbox 1983 3991 2075 4046; x_wconf 84' lang='lat' dir='ltr'><strong>Ait</strong></span> 
     </span>
    </p>
   </div>
   <div class='ocr_carea' id='block_1_58' title="bbox 503 4082 2074 4154">
    <p class='ocr_par' dir='ltr' id='par_1_58' title="bbox 503 4082 2074 4154">
     <span class='ocr_line' id='line_1_58' title="bbox 503 4082 2074 4154; baseline -0.002 -17"><span class='ocrx_word' id='word_1_431' title='bbox 503 4086 734 4154; x_wconf 84' lang='lat' dir='ltr'><strong>denique</strong></span> <span class='ocrx_word' id='word_1_432' title='bbox 759 4085 1051 4149; x_wconf 82' lang='lat' dir='ltr'><strong>:Quoniam</strong></span> <span class='ocrx_word' id='word_1_433' title='bbox 1076 4083 1306 4152; x_wconf 84' lang='lat' dir='ltr'><strong>procedit</strong></span> <span class='ocrx_word' id='word_1_434' title='bbox 1323 4098 1386 4135; x_wconf 77' lang='lat' dir='ltr'><strong>ex</strong></span> <span class='ocrx_word' id='word_1_435' title='bbox 1403 4082 1586 4148; x_wconf 86' lang='lat' dir='ltr'><strong>Patre,</strong></span> <span class='ocrx_word' id='word_1_436' title='bbox 1615 4099 1714 4136; x_wconf 86' lang='lat' dir='ltr'><strong>sua</strong></span> <span class='ocrx_word' id='word_1_437' title='bbox 1748 4085 1922 4136; x_wconf 88' lang='lat' dir='ltr'><strong>omnia</strong></span> <span class='ocrx_word' id='word_1_438' title='bbox 1947 4098 2074 4150; x_wconf 86' lang='lat' dir='ltr'><strong>pro-</strong></span> 
     </span>
    </p>
   </div>
   <div class='ocr_carea' id='block_1_59' title="bbox 501 4171 2075 4245">
    <p class='ocr_par' dir='ltr' id='par_1_59' title="bbox 501 4171 2075 4245">
     <span class='ocr_line' id='line_1_59' title="bbox 501 4171 2075 4245; baseline -0.003 -17"><span class='ocrx_word' id='word_1_439' title='bbox 501 4178 615 4244; x_wconf 83' lang='lat' dir='ltr'><strong>prie</strong></span> <span class='ocrx_word' id='word_1_440' title='bbox 647 4180 945 4240; x_wconf 85' lang='lat' dir='ltr'><strong>ostendens,</strong></span> <span class='ocrx_word' id='word_1_441' title='bbox 995 4189 1112 4245; x_wconf 80' lang='lat' dir='ltr'><strong>qua:</strong></span> <span class='ocrx_word' id='word_1_442' title='bbox 1157 4171 1336 4226; x_wconf 89' lang='lat' dir='ltr'><strong>Patris</strong></span> <span class='ocrx_word' id='word_1_443' title='bbox 1384 4185 1525 4226; x_wconf 85' lang='lat' dir='ltr'><strong>sunt.</strong></span> <span class='ocrx_word' id='word_1_444' title='bbox 1554 4173 1632 4227; x_wconf 76' lang='lat' dir='ltr'><strong>Ac</strong></span> <span class='ocrx_word' id='word_1_445' title='bbox 1683 4187 1864 4227; x_wconf 83' lang='lat' dir='ltr'><strong>rursus</strong></span> <span class='ocrx_word' id='word_1_446' title='bbox 1907 4173 1958 4226; x_wconf 90' lang='lat' dir='ltr'><strong>in</strong></span> <span class='ocrx_word' id='word_1_447' title='bbox 1983 4187 2075 4226; x_wconf 79' lang='lat' dir='ltr'><strong>eo-</strong></span> 
     </span>
    </p>
   </div>
   <div class='ocr_carea' id='block_1_60' title="bbox 504 4263 2068 4336">
    <p class='ocr_par' dir='ltr' id='par_1_60' title="bbox 504 4263 2068 4336">
     <span class='ocr_line' id='line_1_60' title="bbox 504 4263 2068 4336; baseline -0.003 -15"><span class='ocrx_word' id='word_1_448' title='bbox 504 4272 625 4321; x_wconf 84' lang='lat' dir='ltr'><strong>dem</strong></span> <span class='ocrx_word' id='word_1_449' title='bbox 658 4286 671 4322; x_wconf 89' lang='lat'><strong>:</strong></span> <span class='ocrx_word' id='word_1_450' title='bbox 702 4265 1050 4336; x_wconf 81' lang='lat' dir='ltr'><strong>Intelligisne,</strong></span> <span class='ocrx_word' id='word_1_451' title='bbox 1086 4264 1365 4333; x_wconf 83' lang='lat' dir='ltr'><strong>quomodo,</strong></span> <span class='ocrx_word' id='word_1_452' title='bbox 1394 4275 1450 4316; x_wconf 88' lang='lat' dir='ltr'><strong>ut</strong></span> <span class='ocrx_word' id='word_1_453' title='bbox 1499 4265 1768 4333; x_wconf 82' lang='lat' dir='ltr'><strong>proprium</strong></span> <span class='ocrx_word' id='word_1_454' title='bbox 1823 4280 1880 4317; x_wconf 87' lang='lat' dir='ltr'><strong>se</strong></span> <span class='ocrx_word' id='word_1_455' title='bbox 1921 4263 2068 4316; x_wconf 76' lang='lat' dir='ltr'><strong>nobis</strong></span> 
     </span>
    </p>
   </div>
   <div class='ocr_carea' id='block_1_61' title="bbox 501 4353 2078 4432">
    <p class='ocr_par' dir='ltr' id='par_1_61' title="bbox 501 4353 2078 4432">
     <span class='ocr_line' id='line_1_61' title="bbox 501 4353 2078 4432; baseline -0.003 -18"><span class='ocrx_word' id='word_1_456' title='bbox 501 4364 786 4415; x_wconf 85' lang='lat' dir='ltr'><strong>missurum</strong></span> <span class='ocrx_word' id='word_1_457' title='bbox 818 4359 1094 4432; x_wconf 74' lang='lat' dir='ltr'><strong>pollicetur</strong></span> <span class='ocrx_word' id='word_1_458' title='bbox 1125 4355 1400 4424; x_wconf 83' lang='lat' dir='ltr'><strong>Spiritum,</strong></span> <span class='ocrx_word' id='word_1_459' title='bbox 1425 4356 1516 4422; x_wconf 88' lang='lat' dir='ltr'><strong>qui</strong></span> <span class='ocrx_word' id='word_1_460' title='bbox 1540 4356 1771 4419; x_wconf 83' lang='lat' dir='ltr'><strong>procedit</strong></span> <span class='ocrx_word' id='word_1_461' title='bbox 1793 4371 1856 4408; x_wconf 74' lang='lat' dir='ltr'><strong>ex</strong></span> <span class='ocrx_word' id='word_1_462' title='bbox 1877 4353 2078 4409; x_wconf 80' lang='lat' dir='ltr'><strong>Patre?</strong></span> 
     </span>
    </p>
   </div>
   <div class='ocr_carea' id='block_1_62' title="bbox 503 4444 2073 4518">
    <p class='ocr_par' dir='ltr' id='par_1_62' title="bbox 503 4444 2073 4518">
     <span class='ocr_line' id='line_1_62' title="bbox 503 4444 2073 4518; baseline -0.004 -12"><span class='ocrx_word' id='word_1_463' title='bbox 503 4452 574 4506; x_wconf 80' lang='grc' dir='ltr'><strong><em>Ει</em></strong></span> <span class='ocrx_word' id='word_1_464' title='bbox 606 4449 863 4518; x_wconf 82' lang='lat' dir='ltr'><strong>Spiritum</strong></span> <span class='ocrx_word' id='word_1_465' title='bbox 885 4449 1088 4518; x_wconf 88' lang='lat' dir='ltr'><strong>quidem</strong></span> <span class='ocrx_word' id='word_1_466' title='bbox 1116 4446 1347 4500; x_wconf 77' lang='lat' dir='ltr'><strong>ueritatis</strong></span> <span class='ocrx_word' id='word_1_467' title='bbox 1376 4455 1520 4500; x_wconf 74' lang='lat' dir='ltr'><strong>vocat</strong></span> <span class='ocrx_word' id='word_1_468' title='bbox 1545 4459 1562 4500; x_wconf 90' lang='lat'><strong><em>:</em></strong></span> <span class='ocrx_word' id='word_1_469' title='bbox 1603 4444 1854 4515; x_wconf 73' lang='lat' dir='ltr'><strong>profundi</strong></span> <span class='ocrx_word' id='word_1_470' title='bbox 1899 4453 2073 4499; x_wconf 77' lang='lat' dir='ltr'><strong>tamen</strong></span> 
     </span>
    </p>
   </div>
   <div class='ocr_carea' id='block_1_63' title="bbox 493 4540 1180 4613">
    <p class='ocr_par' dir='ltr' id='par_1_63' title="bbox 493 4540 1180 4613">
     <span class='ocr_line' id='line_1_63' title="bbox 493 4540 1180 4613; baseline -0.004 -15"><span class='ocrx_word' id='word_1_471' title='bbox 493 4563 566 4598; x_wconf 69' lang='lat' dir='ltr'><strong><em>ex</em></strong></span> <span class='ocrx_word' id='word_1_472' title='bbox 597 4547 706 4613; x_wconf 86' lang='lat' dir='ltr'><strong>ipso</strong></span> <span class='ocrx_word' id='word_1_473' title='bbox 734 4540 897 4595; x_wconf 78' lang='lat' dir='ltr'><strong>Putre</strong></span> <span class='ocrx_word' id='word_1_474' title='bbox 923 4541 1180 4604; x_wconf 59' lang='lat' dir='ltr'><strong>deﬁniat.</strong></span> 
     </span>
    </p>
   </div>
   <div class='ocr_carea' id='block_1_64' title="bbox 577 4639 2075 4733">
    <p class='ocr_par' dir='ltr' id='par_1_64' title="bbox 577 4639 2075 4733">
     <span class='ocr_line' id='line_1_64' title="bbox 577 4639 2075 4733; baseline -0.001 -19"><span class='ocrx_word' id='word_1_475' title='bbox 577 4660 681 4714; x_wconf 87' lang='lat' dir='ltr'><strong>Sed</strong></span> <span class='ocrx_word' id='word_1_476' title='bbox 713 4670 766 4712; x_wconf 84' lang='lat' dir='ltr'><strong>et</strong></span> <span class='ocrx_word' id='word_1_477' title='bbox 792 4656 1417 4733; x_wconf 29' lang='lat' dir='ltr'><strong>maguus‘AIbauasius,</strong></span> <span class='ocrx_word' id='word_1_478' title='bbox 1449 4657 1500 4710; x_wconf 90' lang='lat' dir='ltr'><strong>in</strong></span> <span class='ocrx_word' id='word_1_479' title='bbox 1545 4670 1605 4711; x_wconf 89' lang='lat' dir='ltr'><strong>ea</strong></span> <span class='ocrx_word' id='word_1_480' title='bbox 1646 4639 1808 4726; x_wconf 78' lang='lat' dir='ltr'><strong>quam</strong></span> <span class='ocrx_word' id='word_1_481' title='bbox 1856 4658 2075 4724; x_wconf 81' lang='lat' dir='ltr'><strong>scripsit</strong></span> 
     </span>
    </p>
   </div>
   <div class='ocr_carea' id='block_1_65' title="bbox 506 4741 2074 4818">
    <p class='ocr_par' dir='ltr' id='par_1_65' title="bbox 506 4741 2074 4818">
     <span class='ocr_line' id='line_1_65' title="bbox 506 4741 2074 4818; baseline 0.003 -18"><span class='ocrx_word' id='word_1_482' title='bbox 506 4751 870 4818; x_wconf 75' lang='lat' dir='ltr'><strong>diSputatiuue</strong></span> <span class='ocrx_word' id='word_1_483' title='bbox 904 4749 1200 4802; x_wconf 82' lang='lat' dir='ltr'><strong>Orthudoxi</strong></span> <span class='ocrx_word' id='word_1_484' title='bbox 1224 4762 1276 4803; x_wconf 88' lang='lat' dir='ltr'><strong>et</strong></span> <span class='ocrx_word' id='word_1_485' title='bbox 1328 4749 1718 4814; x_wconf 74' lang='lat' dir='ltr'><strong>Macedoniam,</strong></span> <span class='ocrx_word' id='word_1_486' title='bbox 1755 4751 1829 4802; x_wconf 85' lang='lat' dir='ltr'><strong>ait</strong></span> <span class='ocrx_word' id='word_1_487' title='bbox 1858 4766 1871 4803; x_wconf 90' lang='lat'>:</span> <span class='ocrx_word' id='word_1_488' title='bbox 1906 4741 2074 4818; x_wconf 83' lang='lat' dir='ltr'><strong>Spiri-</strong></span> 
     </span>
    </p>
   </div>
   <div class='ocr_carea' id='block_1_66' title="bbox 506 4840 2072 4908">
    <p class='ocr_par' dir='ltr' id='par_1_66' title="bbox 506 4840 2072 4908">
     <span class='ocr_line' id='line_1_66' title="bbox 506 4840 2072 4908; baseline 0.003 -18"><span class='ocrx_word' id='word_1_489' title='bbox 506 4848 588 4890; x_wconf 84' lang='lat' dir='ltr'><strong>tus</strong></span> <span class='ocrx_word' id='word_1_490' title='bbox 661 4850 849 4890; x_wconf 85' lang='lat' dir='ltr'><strong>natura</strong></span> <span class='ocrx_word' id='word_1_491' title='bbox 919 4848 1183 4904; x_wconf 82' lang='lat' dir='ltr'><strong>sanctus,</strong></span> <span class='ocrx_word' id='word_1_492' title='bbox 1241 4849 1434 4892; x_wconf 86' lang='lat' dir='ltr'><strong>natura</strong></span> <span class='ocrx_word' id='word_1_493' title='bbox 1505 4840 1960 4908; x_wconf 81' lang='lat' dir='ltr'><strong>incorruptibilis,</strong></span> <span class='ocrx_word' id='word_1_494' title='bbox 2019 4852 2072 4894; x_wconf 88' lang='lat' dir='ltr'><strong>ut</strong></span> 
     </span>
    </p>
   </div>
   <div class='ocr_carea' id='block_1_67' title="bbox 504 4931 1934 5001">
    <p class='ocr_par' dir='ltr' id='par_1_67' title="bbox 504 4931 1934 5001">
     <span class='ocr_line' id='line_1_67' title="bbox 504 4931 1934 5001; baseline 0.003 -16"><span class='ocrx_word' id='word_1_495' title='bbox 504 4931 738 4999; x_wconf 71' lang='lat' dir='ltr'><strong>Spiritus</strong></span> <span class='ocrx_word' id='word_1_496' title='bbox 769 4931 887 4997; x_wconf 85' lang='lat' dir='ltr'><strong>Dei,</strong></span> <span class='ocrx_word' id='word_1_497' title='bbox 921 4942 969 4984; x_wconf 89' lang='lat' dir='ltr'><strong>et</strong></span> <span class='ocrx_word' id='word_1_498' title='bbox 1000 4947 1064 4984; x_wconf 71' lang='lat' dir='ltr'><strong>ex</strong></span> <span class='ocrx_word' id='word_1_499' title='bbox 1090 4933 1201 4995; x_wconf 78' lang='lat' dir='ltr'><strong>ipso</strong></span> <span class='ocrx_word' id='word_1_500' title='bbox 1234 4948 1477 4997; x_wconf 88' lang='lat' dir='ltr'><strong>manans,</strong></span> <span class='ocrx_word' id='word_1_501' title='bbox 1504 4936 1607 4987; x_wconf 83' lang='lat' dir='ltr'><strong>sive</strong></span> <span class='ocrx_word' id='word_1_502' title='bbox 1629 4938 1934 5001; x_wconf 87' lang='lat' dir='ltr'><strong>procedens.</strong></span> 
     </span>
    </p>
   </div>
   <div class='ocr_carea' id='block_1_68' title="bbox 578 5023 2075 5087">
    <p class='ocr_par' dir='ltr' id='par_1_68' title="bbox 578 5023 2075 5087">
     <span class='ocr_line' id='line_1_68' title="bbox 578 5023 2075 5087; baseline 0.003 -13"><span class='ocrx_word' id='word_1_503' title='bbox 578 5024 714 5087; x_wconf 87' lang='lat' dir='ltr'><strong>Quin</strong></span> <span class='ocrx_word' id='word_1_504' title='bbox 745 5025 906 5076; x_wconf 85' lang='lat' dir='ltr'><strong>etiam</strong></span> <span class='ocrx_word' id='word_1_505' title='bbox 962 5024 1015 5076; x_wconf 89' lang='lat' dir='ltr'><strong>in</strong></span> <span class='ocrx_word' id='word_1_506' title='bbox 1045 5023 1161 5078; x_wconf 84' lang='lat' dir='ltr'><strong>Filii</strong></span> <span class='ocrx_word' id='word_1_507' title='bbox 1191 5039 1256 5078; x_wconf 81' lang='lat' dir='ltr'><strong>ex</strong></span> <span class='ocrx_word' id='word_1_508' title='bbox 1285 5024 1442 5078; x_wconf 87' lang='lat' dir='ltr'><strong>Patre</strong></span> <span class='ocrx_word' id='word_1_509' title='bbox 1465 5028 1765 5080; x_wconf 85' lang='lat' dir='ltr'><strong>substantia</strong></span> <span class='ocrx_word' id='word_1_510' title='bbox 1796 5027 2075 5080; x_wconf 82' lang='lat' dir='ltr'><strong>insinuan-</strong></span> 
     </span>
    </p>
   </div>
   <div class='ocr_carea' id='block_1_69' title="bbox 423 5109 2078 5187">
    <p class='ocr_par' dir='ltr' id='par_1_69' title="bbox 423 5109 2078 5187">
     <span class='ocr_line' id='line_1_69' title="bbox 423 5109 2078 5187; baseline 0.002 -19"><span class='ocrx_word' id='word_1_511' title='bbox 423 5109 436 5132; x_wconf 68' lang='lat'>‘</span> <span class='ocrx_word' id='word_1_512' title='bbox 510 5116 598 5177; x_wconf 80' lang='lat' dir='ltr'><strong>du,</strong></span> <span class='ocrx_word' id='word_1_513' title='bbox 619 5116 889 5180; x_wconf 73' lang='lat' dir='ltr'><strong>praedictis</strong></span> <span class='ocrx_word' id='word_1_514' title='bbox 920 5117 1099 5170; x_wconf 83' lang='lat' dir='ltr'><strong>verbis</strong></span> <span class='ocrx_word' id='word_1_515' title='bbox 1129 5117 1207 5170; x_wconf 87' lang='lat' dir='ltr'><strong>usi</strong></span> <span class='ocrx_word' id='word_1_516' title='bbox 1239 5126 1392 5171; x_wconf 87' lang='lat' dir='ltr'><strong>sunt.</strong></span> <span class='ocrx_word' id='word_1_517' title='bbox 1424 5116 1647 5187; x_wconf 82' lang='lat' dir='ltr'><strong>Magnus</strong></span> <span class='ocrx_word' id='word_1_518' title='bbox 1673 5121 1815 5171; x_wconf 85' lang='lat' dir='ltr'><strong>enim</strong></span> <span class='ocrx_word' id='word_1_519' title='bbox 1854 5118 2078 5172; x_wconf 75' lang='lat' dir='ltr'><strong>Basilius</strong></span> 
     </span>
    </p>
   </div>
   <div class='ocr_carea' id='block_1_70' title="bbox 510 5191 2078 5279">
    <p class='ocr_par' dir='ltr' id='par_1_70' title="bbox 510 5191 2078 5279">
     <span class='ocr_line' id='line_1_70' title="bbox 510 5191 2078 5279; baseline 0.003 -19"><span class='ocrx_word' id='word_1_520' title='bbox 510 5213 558 5260; x_wconf 83' lang='lat' dir='ltr'><strong>in</strong></span> <span class='ocrx_word' id='word_1_521' title='bbox 586 5208 650 5260; x_wconf 86' lang='lat' dir='ltr'><strong>ill</strong></span> <span class='ocrx_word' id='word_1_522' title='bbox 668 5191 1042 5278; x_wconf 80' lang='lat' dir='ltr'><strong>qua&#39;stioneait</strong></span> <span class='ocrx_word' id='word_1_523' title='bbox 1068 5225 1085 5263; x_wconf 92' lang='lat'><strong><em>:</em></strong></span> <span class='ocrx_word' id='word_1_524' title='bbox 1115 5207 1296 5262; x_wconf 84' lang='lat' dir='ltr'><strong>Patris</strong></span> <span class='ocrx_word' id='word_1_525' title='bbox 1312 5211 1515 5279; x_wconf 85' lang='lat' dir='ltr'><strong>quidem</strong></span> <span class='ocrx_word' id='word_1_526' title='bbox 1540 5227 1602 5279; x_wconf 90' lang='lat' dir='ltr'><strong>op</strong></span> <span class='ocrx_word' id='word_1_527' title='bbox 1627 5211 1736 5275; x_wconf 79' lang='lat' dir='ltr'><strong>imi,</strong></span> <span class='ocrx_word' id='word_1_528' title='bbox 1757 5214 2078 5279; x_wconf 83' lang='lat' dir='ltr'><strong>optimusque</strong></span> 
     </span>
    </p>
   </div>
   <div class='ocr_carea' id='block_1_71' title="bbox 511 5300 2076 5372">
    <p class='ocr_par' dir='ltr' id='par_1_71' title="bbox 511 5300 2076 5372">
     <span class='ocr_line' id='line_1_71' title="bbox 511 5300 2076 5372; baseline 0.002 -20"><span class='ocrx_word' id='word_1_529' title='bbox 511 5300 717 5361; x_wconf 69' lang='lat' dir='ltr'><strong>Filius,</strong></span> <span class='ocrx_word' id='word_1_530' title='bbox 772 5315 834 5351; x_wconf 76' lang='lat' dir='ltr'><strong>ea:</strong></span> <span class='ocrx_word' id='word_1_531' title='bbox 890 5303 1084 5353; x_wconf 87' lang='lat' dir='ltr'><strong>lumine</strong></span> <span class='ocrx_word' id='word_1_532' title='bbox 1140 5310 1311 5354; x_wconf 88' lang='lat' dir='ltr'><strong>autem</strong></span> <span class='ocrx_word' id='word_1_533' title='bbox 1377 5303 1604 5372; x_wconf 87' lang='lat' dir='ltr'><strong>ingenito</strong></span> <span class='ocrx_word' id='word_1_534' title='bbox 1661 5302 1834 5354; x_wconf 72' lang='lat' dir='ltr'><strong>lumrn</strong></span> <span class='ocrx_word' id='word_1_535' title='bbox 1879 5302 2076 5370; x_wconf 71' lang='lat' dir='ltr'><strong>effulsit</strong></span> 
     </span>
    </p>
   </div>
   <div class='ocr_carea' id='block_1_72' title="bbox 507 5395 2077 5462">
    <p class='ocr_par' dir='ltr' id='par_1_72' title="bbox 507 5395 2077 5462">
     <span class='ocr_line' id='line_1_72' title="bbox 507 5395 2077 5462; baseline 0.003 -20"><span class='ocrx_word' id='word_1_536' title='bbox 507 5403 881 5459; x_wconf 77' lang='lat' dir='ltr'><strong>sempiternum</strong></span> <span class='ocrx_word' id='word_1_537' title='bbox 905 5431 919 5454; x_wconf 88' lang='lat'><strong>,</strong></span> <span class='ocrx_word' id='word_1_538' title='bbox 947 5402 1101 5461; x_wconf 79' lang='lat' dir='ltr'><strong>atque</strong></span> <span class='ocrx_word' id='word_1_539' title='bbox 1139 5409 1201 5445; x_wconf 56' lang='lat' dir='ltr'><strong>ea.</strong></span> <span class='ocrx_word' id='word_1_540' title='bbox 1236 5409 1356 5445; x_wconf 84' lang='lat' dir='ltr'><strong>vera</strong></span> <span class='ocrx_word' id='word_1_541' title='bbox 1393 5395 1500 5446; x_wconf 81' lang='lat' dir='ltr'><strong>cita</strong></span> <span class='ocrx_word' id='word_1_542' title='bbox 1533 5395 1800 5452; x_wconf 78' lang='lat' dir='ltr'><strong>vivi/imus</strong></span> <span class='ocrx_word' id='word_1_543' title='bbox 1827 5396 2077 5462; x_wconf 77' lang='lat' dir='ltr'><strong>processit</strong></span> 
     </span>
    </p>
   </div>
   <div class='ocr_carea' id='block_1_73' title="bbox 510 5485 2078 5556">
    <p class='ocr_par' dir='ltr' id='par_1_73' title="bbox 510 5485 2078 5556">
     <span class='ocr_line' id='line_1_73' title="bbox 510 5485 2078 5556; baseline 0.002 -17"><span class='ocrx_word' id='word_1_544' title='bbox 510 5491 645 5554; x_wconf 70' lang='lat' dir='ltr'><strong>fons,</strong></span> <span class='ocrx_word' id='word_1_545' title='bbox 679 5490 924 5549; x_wconf 70' lang='lat' dir='ltr'><strong>atqueat</strong></span> <span class='ocrx_word' id='word_1_546' title='bbox 955 5486 1069 5552; x_wconf 74' lang='lat' dir='ltr'><strong>ipsa</strong></span> <span class='ocrx_word' id='word_1_547' title='bbox 1106 5487 1292 5537; x_wconf 69' lang='lat' dir='ltr'><strong>virtute</strong></span> <span class='ocrx_word' id='word_1_548' title='bbox 1329 5485 1425 5540; x_wconf 86' lang='lat' dir='ltr'><strong>Dei</strong></span> <span class='ocrx_word' id='word_1_549' title='bbox 1455 5489 1616 5540; x_wconf 85' lang='lat' dir='ltr'><strong>virtus</strong></span> <span class='ocrx_word' id='word_1_550' title='bbox 1646 5487 1863 5556; x_wconf 68' lang='lat' dir='ltr'><strong>effulsit.</strong></span> <span class='ocrx_word' id='word_1_551' title='bbox 1893 5488 1995 5542; x_wconf 87' lang='lat' dir='ltr'><strong>Sed</strong></span> <span class='ocrx_word' id='word_1_552' title='bbox 2025 5497 2078 5542; x_wconf 86' lang='lat' dir='ltr'><strong>et</strong></span> 
     </span>
    </p>
   </div>
   <div class='ocr_carea' id='block_1_74' title="bbox 509 5579 2076 5648">
    <p class='ocr_par' dir='ltr' id='par_1_74' title="bbox 509 5579 2076 5648">
     <span class='ocr_line' id='line_1_74' title="bbox 509 5579 2076 5648; baseline 0.002 -17"><span class='ocrx_word' id='word_1_553' title='bbox 509 5582 670 5632; x_wconf 83' lang='lat' dir='ltr'><strong>verbo</strong></span> <span class='ocrx_word' id='word_1_554' title='bbox 703 5579 896 5646; x_wconf 70' lang='lat' dir='ltr'><strong>effulsit</strong></span> <span class='ocrx_word' id='word_1_555' title='bbox 937 5583 991 5631; x_wconf 88' lang='lat' dir='ltr'><strong>in</strong></span> <span class='ocrx_word' id='word_1_556' title='bbox 1022 5579 1250 5646; x_wconf 82' lang='lat' dir='ltr'><strong>quadam</strong></span> <span class='ocrx_word' id='word_1_557' title='bbox 1281 5581 1504 5648; x_wconf 76' lang='lat' dir='ltr'><strong>mystiCa</strong></span> <span class='ocrx_word' id='word_1_558' title='bbox 1544 5579 1796 5633; x_wconf 76' lang='lat' dir='ltr'><strong>sacrificii</strong></span> <span class='ocrx_word' id='word_1_559' title='bbox 1828 5581 2076 5634; x_wconf 81' lang='lat' dir='ltr'><strong>oratione</strong></span> 
     </span>
    </p>
   </div>
   <div class='ocr_carea' id='block_1_75' title="bbox 508 5658 2076 5743">
    <p class='ocr_par' dir='ltr' id='par_1_75' title="bbox 508 5658 2076 5743">
     <span class='ocr_line' id='line_1_75' title="bbox 508 5658 2076 5743; baseline 0.003 -22"><span class='ocrx_word' id='word_1_560' title='bbox 508 5672 559 5722; x_wconf 91' lang='lat' dir='ltr'><strong>in</strong></span> <span class='ocrx_word' id='word_1_561' title='bbox 601 5669 805 5736; x_wconf 83' lang='lat' dir='ltr'><strong>Spiritu</strong></span> <span class='ocrx_word' id='word_1_562' title='bbox 863 5681 1053 5724; x_wconf 74' lang='lat' dir='ltr'><strong>sant-tu</strong></span> <span class='ocrx_word' id='word_1_563' title='bbox 1085 5685 1212 5723; x_wconf 88' lang='lat' dir='ltr'><strong>usus</strong></span> <span class='ocrx_word' id='word_1_564' title='bbox 1243 5680 1344 5735; x_wconf 77' lang='lat' dir='ltr'><strong>est,</strong></span> <span class='ocrx_word' id='word_1_565' title='bbox 1375 5669 1442 5724; x_wconf 91' lang='lat' dir='ltr'><strong>de</strong></span> <span class='ocrx_word' id='word_1_566' title='bbox 1475 5658 1868 5726; x_wconf 37' lang='lat' dir='ltr'><strong>Filio&#39;dicens:</strong></span> <span class='ocrx_word' id='word_1_567' title='bbox 1897 5672 1938 5724; x_wconf 87' lang='lat' dir='ltr'><strong><em>A</em></strong></span> <span class='ocrx_word' id='word_1_568' title='bbox 1977 5689 2076 5743; x_wconf 90' lang='lat' dir='ltr'><strong>quo</strong></span> 
     </span>
    </p>
   </div>
   <div class='ocr_carea' id='block_1_76' title="bbox 504 5759 2074 5833">
    <p class='ocr_par' dir='ltr' id='par_1_76' title="bbox 504 5759 2074 5833">
     <span class='ocr_line' id='line_1_76' title="bbox 504 5759 2074 5833; baseline 0.002 -17"><span class='ocrx_word' id='word_1_569' title='bbox 504 5759 736 5827; x_wconf 82' lang='lat' dir='ltr'><strong>Spiritus</strong></span> <span class='ocrx_word' id='word_1_570' title='bbox 773 5779 983 5818; x_wconf 79' lang='lat' dir='ltr'><strong>sartcms</strong></span> <span class='ocrx_word' id='word_1_571' title='bbox 1017 5764 1233 5833; x_wconf 64' lang='lat' dir='ltr'><strong>effulsit.</strong></span> <span class='ocrx_word' id='word_1_572' title='bbox 1272 5764 1349 5818; x_wconf 82' lang='lat' dir='ltr'><strong>Ac</strong></span> <span class='ocrx_word' id='word_1_573' title='bbox 1397 5781 1586 5820; x_wconf 80' lang='lat' dir='ltr'><strong>rursus</strong></span> <span class='ocrx_word' id='word_1_574' title='bbox 1611 5768 1749 5820; x_wconf 88' lang='lat' dir='ltr'><strong>idem</strong></span> <span class='ocrx_word' id='word_1_575' title='bbox 1798 5766 1849 5820; x_wconf 80' lang='lat' dir='ltr'><strong>in</strong></span> <span class='ocrx_word' id='word_1_576' title='bbox 1875 5768 2074 5821; x_wconf 83' lang='lat' dir='ltr'><strong>eisdem</strong></span> 
     </span>
    </p>
   </div>
   <div class='ocr_carea' id='block_1_77' title="bbox 509 5851 2079 5925">
    <p class='ocr_par' dir='ltr' id='par_1_77' title="bbox 509 5851 2079 5925">
     <span class='ocr_line' id='line_1_77' title="bbox 509 5851 2079 5925; baseline 0.003 -18"><span class='ocrx_word' id='word_1_577' title='bbox 509 5855 582 5908; x_wconf 67' lang='lat' dir='ltr'><strong>ait</strong></span> <span class='ocrx_word' id='word_1_578' title='bbox 617 5868 634 5908; x_wconf 89' lang='lat'><strong><em>:</em></strong></span> <span class='ocrx_word' id='word_1_579' title='bbox 667 5851 972 5909; x_wconf 70' lang='lat' dir='ltr'><strong>Communis</strong></span> <span class='ocrx_word' id='word_1_580' title='bbox 1017 5860 1350 5925; x_wconf 73' lang='lat' dir='ltr'><strong>prmsumptio</strong></span> <span class='ocrx_word' id='word_1_581' title='bbox 1409 5859 1644 5912; x_wconf 80' lang='lat' dir='ltr'><strong>omnibus</strong></span> <span class='ocrx_word' id='word_1_582' title='bbox 1677 5860 1832 5912; x_wconf 86' lang='lat' dir='ltr'><strong>simul</strong></span> <span class='ocrx_word' id='word_1_583' title='bbox 1896 5857 2079 5913; x_wconf 67' lang='lat' dir='ltr'><strong>Claris-</strong></span> 
     </span>
    </p>
   </div>
   <div class='ocr_carea' id='block_1_78' title="bbox 2168 1937 3745 2008">
    <p class='ocr_par' dir='ltr' id='par_1_78' title="bbox 2168 1937 3745 2008">
     <span class='ocr_line' id='line_1_78' title="bbox 2168 1937 3745 2008; baseline 0 -17"><span class='ocrx_word' id='word_1_584' title='bbox 2168 1937 2503 1991; x_wconf 72' lang='lat' dir='ltr'><strong>excellentius</strong></span> <span class='ocrx_word' id='word_1_585' title='bbox 2556 1938 2741 1991; x_wconf 76' lang='lat' dir='ltr'><strong>horum</strong></span> <span class='ocrx_word' id='word_1_586' title='bbox 2773 1938 3014 1990; x_wconf 83' lang='lat' dir='ltr'><strong>conditor</strong></span> <span class='ocrx_word' id='word_1_587' title='bbox 3045 1949 3256 1992; x_wconf 67' lang='lat' dir='ltr'><strong>natura</strong></span> <span class='ocrx_word' id='word_1_588' title='bbox 3279 1953 3392 1994; x_wconf 72' lang='lat' dir='ltr'><strong>sua!</strong></span> <span class='ocrx_word' id='word_1_589' title='bbox 3417 1940 3745 2008; x_wconf 70' lang='lat' dir='ltr'><strong>splendorem</strong></span> 
     </span>
    </p>
   </div>
   <div class='ocr_carea' id='block_1_79' title="bbox 2177 2027 3747 2100">
    <p class='ocr_par' dir='ltr' id='par_1_79' title="bbox 2177 2027 3747 2100">
     <span class='ocr_line' id='line_1_79' title="bbox 2177 2027 3747 2100; baseline 0.001 -18"><span class='ocrx_word' id='word_1_590' title='bbox 2177 2029 2398 2082; x_wconf 78' lang='lat' dir='ltr'><strong>emittit?</strong></span> <span class='ocrx_word' id='word_1_591' title='bbox 2444 2027 2728 2084; x_wconf 79' lang='lat' dir='ltr'><strong>Psallimus</strong></span> <span class='ocrx_word' id='word_1_592' title='bbox 2748 2029 2875 2082; x_wconf 90' lang='lat' dir='ltr'><strong>item</strong></span> <span class='ocrx_word' id='word_1_593' title='bbox 2896 2029 2946 2082; x_wconf 89' lang='lat' dir='ltr'><strong>in</strong></span> <span class='ocrx_word' id='word_1_594' title='bbox 2965 2029 3190 2083; x_wconf 88' lang='lat' dir='ltr'><strong>canticis</strong></span> <span class='ocrx_word' id='word_1_595' title='bbox 3210 2029 3437 2096; x_wconf 78' lang='lat' dir='ltr'><strong>Spiritus</strong></span> <span class='ocrx_word' id='word_1_596' title='bbox 3459 2030 3747 2100; x_wconf 77' lang='lat' dir='ltr'><strong>confessor,</strong></span> 
     </span>
    </p>
   </div>
   <div class='ocr_carea' id='block_1_80' title="bbox 2155 2119 3750 2190">
    <p class='ocr_par' dir='ltr' id='par_1_80' title="bbox 2155 2119 3750 2190">
     <span class='ocr_line' id='line_1_80' title="bbox 2155 2119 3750 2190; baseline 0.003 -17"><span class='ocrx_word' id='word_1_597' title='bbox 2155 2121 2526 2190; x_wconf 72' lang='lat' dir='ltr'><strong>etconfarmis</strong></span> <span class='ocrx_word' id='word_1_598' title='bbox 2546 2135 2612 2175; x_wconf 69' lang='lat' dir='ltr'><strong>ex</strong></span> <span class='ocrx_word' id='word_1_599' title='bbox 2667 2119 2832 2174; x_wconf 85' lang='lat' dir='ltr'><strong>Patre</strong></span> <span class='ocrx_word' id='word_1_600' title='bbox 2851 2120 3008 2174; x_wconf 84' lang='lat' dir='ltr'><strong>simul</strong></span> <span class='ocrx_word' id='word_1_601' title='bbox 3057 2122 3277 2190; x_wconf 75' lang='lat' dir='ltr'><strong>effulsit.</strong></span> <span class='ocrx_word' id='word_1_602' title='bbox 3331 2122 3397 2177; x_wconf 83' lang='lat' dir='ltr'><strong>Et</strong></span> <span class='ocrx_word' id='word_1_603' title='bbox 3461 2124 3630 2178; x_wconf 85' lang='lat' dir='ltr'><strong>item:</strong></span> <span class='ocrx_word' id='word_1_604' title='bbox 3667 2122 3750 2178; x_wconf 80' lang='lat' dir='ltr'><strong>Tu</strong></span> 
     </span>
    </p>
   </div>
   <div class='ocr_carea' id='block_1_81' title="bbox 2169 2211 3751 2285">
    <p class='ocr_par' dir='ltr' id='par_1_81' title="bbox 2169 2211 3751 2285">
     <span class='ocr_line' id='line_1_81' title="bbox 2169 2211 3751 2285; baseline 0.004 -20"><span class='ocrx_word' id='word_1_605' title='bbox 2169 2211 2268 2265; x_wconf 86' lang='lat' dir='ltr'><strong>Dei</strong></span> <span class='ocrx_word' id='word_1_606' title='bbox 2294 2227 2457 2266; x_wconf 78' lang='lat' dir='ltr'><strong>mater</strong></span> <span class='ocrx_word' id='word_1_607' title='bbox 2482 2212 2847 2267; x_wconf 78' lang='lat' dir='ltr'><strong>incunctanter</strong></span> <span class='ocrx_word' id='word_1_608' title='bbox 2892 2211 3036 2282; x_wconf 78' lang='lat' dir='ltr'><strong>facta</strong></span> <span class='ocrx_word' id='word_1_609' title='bbox 3065 2228 3118 2267; x_wconf 83' lang='lat' dir='ltr'><strong>es</strong></span> <span class='ocrx_word' id='word_1_610' title='bbox 3144 2212 3280 2283; x_wconf 86' lang='lat' dir='ltr'><strong>ejus,</strong></span> <span class='ocrx_word' id='word_1_611' title='bbox 3309 2215 3400 2285; x_wconf 90' lang='lat' dir='ltr'><strong>qui</strong></span> <span class='ocrx_word' id='word_1_612' title='bbox 3425 2230 3490 2271; x_wconf 76' lang='lat' dir='ltr'><strong>ea:</strong></span> <span class='ocrx_word' id='word_1_613' title='bbox 3530 2217 3751 2272; x_wconf 75' lang='lat' dir='ltr'><strong>immor-</strong></span> 
     </span>
    </p>
   </div>
   <div class='ocr_carea' id='block_1_82' title="bbox 2170 2303 3134 2360">
    <p class='ocr_par' dir='ltr' id='par_1_82' title="bbox 2170 2303 3134 2360">
     <span class='ocr_line' id='line_1_82' title="bbox 2170 2303 3134 2360; baseline -0.008 -3"><span class='ocrx_word' id='word_1_614' title='bbox 2170 2305 2272 2359; x_wconf 78' lang='lat' dir='ltr'><strong>tali</strong></span> <span class='ocrx_word' id='word_1_615' title='bbox 2302 2303 2486 2360; x_wconf 83' lang='lat' dir='ltr'><strong>Patre.</strong></span> <span class='ocrx_word' id='word_1_616' title='bbox 3112 2323 3134 2349; x_wconf 78' lang='grc' dir='ltr'><strong><em>ο</em></strong></span> 
     </span>
    </p>
   </div>
   <div class='ocr_carea' id='block_1_83' title="bbox 2242 2396 3751 2471">
    <p class='ocr_par' dir='ltr' id='par_1_83' title="bbox 2242 2396 3751 2471">
     <span class='ocr_line' id='line_1_83' title="bbox 2242 2396 3751 2471; baseline 0.004 -19"><span class='ocrx_word' id='word_1_617' title='bbox 2242 2397 2299 2452; x_wconf 88' lang='lat' dir='ltr'><strong>Si</strong></span> <span class='ocrx_word' id='word_1_618' title='bbox 2334 2396 2497 2466; x_wconf 68' lang='lat' dir='ltr'><strong>igitur</strong></span> <span class='ocrx_word' id='word_1_619' title='bbox 2536 2411 2652 2462; x_wconf 80' lang='lat' dir='ltr'><strong>eos,</strong></span> <span class='ocrx_word' id='word_1_620' title='bbox 2677 2398 2766 2467; x_wconf 87' lang='lat' dir='ltr'><strong>qui</strong></span> <span class='ocrx_word' id='word_1_621' title='bbox 2795 2397 2951 2453; x_wconf 88' lang='lat' dir='ltr'><strong>binos</strong></span> <span class='ocrx_word' id='word_1_622' title='bbox 2979 2401 3148 2454; x_wconf 82' lang='lat' dir='ltr'><strong>sancti</strong></span> <span class='ocrx_word' id='word_1_623' title='bbox 3193 2397 3434 2469; x_wconf 84' lang='lat' dir='ltr'><strong>Spiritus</strong></span> <span class='ocrx_word' id='word_1_624' title='bbox 3459 2415 3751 2471; x_wconf 74' lang='lat' dir='ltr'><strong>processus</strong></span> 
     </span>
    </p>
   </div>
   <div class='ocr_carea' id='block_1_84' title="bbox 2169 2489 3743 2561">
    <p class='ocr_par' dir='ltr' id='par_1_84' title="bbox 2169 2489 3743 2561">
     <span class='ocr_line' id='line_1_84' title="bbox 2169 2489 3743 2561; baseline 0.003 -17"><span class='ocrx_word' id='word_1_625' title='bbox 2169 2501 2398 2560; x_wconf 85' lang='lat' dir='ltr'><strong>ponunt,</strong></span> <span class='ocrx_word' id='word_1_626' title='bbox 2427 2491 2663 2544; x_wconf 85' lang='lat' dir='ltr'><strong>absurda</strong></span> <span class='ocrx_word' id='word_1_627' title='bbox 2698 2489 2925 2560; x_wconf 84' lang='lat' dir='ltr'><strong>plurima</strong></span> <span class='ocrx_word' id='word_1_628' title='bbox 2959 2500 3260 2558; x_wconf 87' lang='lat' dir='ltr'><strong>sequuntur</strong></span> <span class='ocrx_word' id='word_1_629' title='bbox 3289 2508 3306 2546; x_wconf 73' lang='grc' dir='ltr'>ε</span> <span class='ocrx_word' id='word_1_630' title='bbox 3336 2491 3516 2548; x_wconf 74' lang='lat' dir='ltr'><strong>verbis</strong></span> <span class='ocrx_word' id='word_1_631' title='bbox 3539 2503 3743 2561; x_wconf 69' lang='lat' dir='ltr'><strong>autem,</strong></span> 
     </span>
    </p>
   </div>
   <div class='ocr_carea' id='block_1_85' title="bbox 2171 2582 3749 2649">
    <p class='ocr_par' dir='ltr' id='par_1_85' title="bbox 2171 2582 3749 2649">
     <span class='ocr_line' id='line_1_85' title="bbox 2171 2582 3749 2649; baseline 0.006 -16"><span class='ocrx_word' id='word_1_632' title='bbox 2171 2583 2366 2649; x_wconf 81' lang='lat' dir='ltr'><strong>quibus</strong></span> <span class='ocrx_word' id='word_1_633' title='bbox 2400 2582 2519 2638; x_wconf 83' lang='lat' dir='ltr'><strong>Filii</strong></span> <span class='ocrx_word' id='word_1_634' title='bbox 2551 2598 2618 2638; x_wconf 72' lang='lat' dir='ltr'><strong>ex</strong></span> <span class='ocrx_word' id='word_1_635' title='bbox 2675 2584 2837 2638; x_wconf 81' lang='lat' dir='ltr'><strong>Patre</strong></span> <span class='ocrx_word' id='word_1_636' title='bbox 2889 2584 3273 2644; x_wconf 83' lang='lat' dir='ltr'><strong>substantiam.</strong></span> <span class='ocrx_word' id='word_1_637' title='bbox 3297 2600 3360 2640; x_wconf 85' lang='lat' dir='ltr'><strong>ac</strong></span> <span class='ocrx_word' id='word_1_638' title='bbox 3396 2601 3580 2641; x_wconf 86' lang='lat' dir='ltr'><strong>rursus</strong></span> <span class='ocrx_word' id='word_1_639' title='bbox 3612 2587 3749 2642; x_wconf 77' lang='lat' dir='ltr'><strong>sub-</strong></span> 
     </span>
    </p>
   </div>
   <div class='ocr_carea' id='block_1_86' title="bbox 2172 2673 3751 2746">
    <p class='ocr_par' dir='ltr' id='par_1_86' title="bbox 2172 2673 3751 2746">
     <span class='ocr_line' id='line_1_86' title="bbox 2172 2673 3751 2746; baseline 0.003 -17"><span class='ocrx_word' id='word_1_640' title='bbox 2172 2674 2478 2729; x_wconf 85' lang='lat' dir='ltr'><strong>stantialem</strong></span> <span class='ocrx_word' id='word_1_641' title='bbox 2559 2673 2796 2744; x_wconf 79' lang='lat' dir='ltr'><strong>Spiritus</strong></span> <span class='ocrx_word' id='word_1_642' title='bbox 2849 2689 2920 2730; x_wconf 80' lang='lat' dir='ltr'><strong>ex</strong></span> <span class='ocrx_word' id='word_1_643' title='bbox 2977 2673 3136 2730; x_wconf 86' lang='lat' dir='ltr'><strong>Patre</strong></span> <span class='ocrx_word' id='word_1_644' title='bbox 3207 2692 3519 2746; x_wconf 86' lang='lat' dir='ltr'><strong>processum</strong></span> <span class='ocrx_word' id='word_1_645' title='bbox 3575 2681 3751 2734; x_wconf 85' lang='lat' dir='ltr'><strong>sancti</strong></span> 
     </span>
    </p>
   </div>
   <div class='ocr_carea' id='block_1_87' title="bbox 2173 2765 3753 2836">
    <p class='ocr_par' dir='ltr' id='par_1_87' title="bbox 2173 2765 3753 2836">
     <span class='ocr_line' id='line_1_87' title="bbox 2173 2765 3753 2836; baseline 0.004 -16"><span class='ocrx_word' id='word_1_646' title='bbox 2173 2765 2480 2835; x_wconf 70' lang='lat' dir='ltr'><strong>signiﬁi-are</strong></span> <span class='ocrx_word' id='word_1_647' title='bbox 2538 2766 2804 2829; x_wconf 83' lang='lat' dir='ltr'><strong>volentes,</strong></span> <span class='ocrx_word' id='word_1_648' title='bbox 2867 2766 3113 2836; x_wconf 72' lang='lat' dir='ltr'><strong>ejusdem</strong></span> <span class='ocrx_word' id='word_1_649' title='bbox 3171 2769 3254 2823; x_wconf 88' lang='lat' dir='ltr'><strong>usi</strong></span> <span class='ocrx_word' id='word_1_650' title='bbox 3323 2779 3450 2824; x_wconf 87' lang='lat' dir='ltr'><strong>sunt</strong></span> <span class='ocrx_word' id='word_1_651' title='bbox 3498 2771 3548 2825; x_wconf 90' lang='lat' dir='ltr'><strong>in</strong></span> <span class='ocrx_word' id='word_1_652' title='bbox 3591 2771 3753 2836; x_wconf 83' lang='lat' dir='ltr'><strong>Filio.</strong></span> 
     </span>
    </p>
   </div>
   <div class='ocr_carea' id='block_1_88' title="bbox 2180 2855 3755 2928">
    <p class='ocr_par' dir='ltr' id='par_1_88' title="bbox 2180 2855 3755 2928">
     <span class='ocr_line' id='line_1_88' title="bbox 2180 2855 3755 2928; baseline 0.003 -19"><span class='ocrx_word' id='word_1_653' title='bbox 2180 2866 2342 2926; x_wconf 78' lang='lat' dir='ltr'><strong>atque</strong></span> <span class='ocrx_word' id='word_1_654' title='bbox 2377 2856 2428 2908; x_wconf 92' lang='lat' dir='ltr'><strong>in</strong></span> <span class='ocrx_word' id='word_1_655' title='bbox 2461 2855 2661 2926; x_wconf 89' lang='lat' dir='ltr'><strong>Spiritu</strong></span> <span class='ocrx_word' id='word_1_656' title='bbox 2707 2855 3021 2921; x_wconf 85' lang='lat' dir='ltr'><strong>indiscrete,</strong></span> <span class='ocrx_word' id='word_1_657' title='bbox 3052 2869 3106 2912; x_wconf 87' lang='lat' dir='ltr'><strong>et</strong></span> <span class='ocrx_word' id='word_1_658' title='bbox 3161 2859 3369 2928; x_wconf 77' lang='lat' dir='ltr'><strong>absque</strong></span> <span class='ocrx_word' id='word_1_659' title='bbox 3420 2862 3526 2915; x_wconf 83' lang='lat' dir='ltr'><strong>ulla</strong></span> <span class='ocrx_word' id='word_1_660' title='bbox 3575 2865 3755 2918; x_wconf 84' lang='lat' dir='ltr'><strong>deter-</strong></span> 
     </span>
    </p>
   </div>
   <div class='ocr_carea' id='block_1_89' title="bbox 2180 2948 3754 3020">
    <p class='ocr_par' dir='ltr' id='par_1_89' title="bbox 2180 2948 3754 3020">
     <span class='ocr_line' id='line_1_89' title="bbox 2180 2948 3754 3020; baseline 0.006 -20"><span class='ocrx_word' id='word_1_661' title='bbox 2180 2948 2522 3002; x_wconf 86' lang='lat' dir='ltr'><strong>tuiuatione:</strong></span> <span class='ocrx_word' id='word_1_662' title='bbox 2554 2951 2823 3016; x_wconf 87' lang='lat' dir='ltr'><strong>quomodo</strong></span> <span class='ocrx_word' id='word_1_663' title='bbox 2855 2960 2959 3004; x_wconf 82' lang='lat' dir='ltr'><strong>non</strong></span> <span class='ocrx_word' id='word_1_664' title='bbox 2984 2959 3038 3004; x_wconf 89' lang='lat' dir='ltr'><strong>et</strong></span> <span class='ocrx_word' id='word_1_665' title='bbox 3068 2951 3155 3006; x_wconf 86' lang='lat' dir='ltr'><strong>hic</strong></span> <span class='ocrx_word' id='word_1_666' title='bbox 3183 2967 3278 3020; x_wconf 88' lang='lat' dir='ltr'><strong>per</strong></span> <span class='ocrx_word' id='word_1_667' title='bbox 3309 2953 3358 3004; x_wconf 93' lang='lat' dir='ltr'><strong>id</strong></span> <span class='ocrx_word' id='word_1_668' title='bbox 3389 2959 3528 3019; x_wconf 88' lang='lat' dir='ltr'><strong>quod</strong></span> <span class='ocrx_word' id='word_1_669' title='bbox 3553 2957 3754 3011; x_wconf 88' lang='lat' dir='ltr'><strong>dicitur</strong></span> 
     </span>
    </p>
   </div>
   <div class='ocr_carea' id='block_1_90' title="bbox 2173 3038 3755 3114">
    <p class='ocr_par' dir='ltr' id='par_1_90' title="bbox 2173 3038 3755 3114">
     <span class='ocr_line' id='line_1_90' title="bbox 2173 3038 3755 3114; baseline 0.006 -24"><span class='ocrx_word' id='word_1_670' title='bbox 2173 3038 2444 3106; x_wconf 75' lang='lat' dir='ltr'><strong>profundi,</strong></span> <span class='ocrx_word' id='word_1_671' title='bbox 2461 3049 2514 3093; x_wconf 88' lang='lat' dir='ltr'><strong>et</strong></span> <span class='ocrx_word' id='word_1_672' title='bbox 2537 3040 2823 3104; x_wconf 84' lang='lat' dir='ltr'><strong>inundare,</strong></span> <span class='ocrx_word' id='word_1_673' title='bbox 2853 3046 2908 3093; x_wconf 86' lang='lat' dir='ltr'><strong>et</strong></span> <span class='ocrx_word' id='word_1_674' title='bbox 2930 3039 3206 3108; x_wconf 84' lang='lat' dir='ltr'><strong>proﬂuere,</strong></span> <span class='ocrx_word' id='word_1_675' title='bbox 3227 3057 3322 3110; x_wconf 84' lang='lat' dir='ltr'><strong>per</strong></span> <span class='ocrx_word' id='word_1_676' title='bbox 3352 3041 3565 3107; x_wconf 84' lang='lat' dir='ltr'><strong>Filium,</strong></span> <span class='ocrx_word' id='word_1_677' title='bbox 3587 3057 3755 3114; x_wconf 73' lang='lat' dir='ltr'><strong>atque</strong></span> 
     </span>
    </p>
   </div>
   <div class='ocr_carea' id='block_1_91' title="bbox 2179 3127 3752 3198">
    <p class='ocr_par' dir='ltr' id='par_1_91' title="bbox 2179 3127 3752 3198">
     <span class='ocr_line' id='line_1_91' title="bbox 2179 3127 3752 3198; baseline 0.005 -15"><span class='ocrx_word' id='word_1_678' title='bbox 2179 3143 2209 3183; x_wconf 89' lang='lat' dir='ltr'><strong>a</strong></span> <span class='ocrx_word' id='word_1_679' title='bbox 2244 3127 2381 3182; x_wconf 89' lang='lat' dir='ltr'><strong>Filio</strong></span> <span class='ocrx_word' id='word_1_680' title='bbox 2412 3129 2516 3183; x_wconf 90' lang='lat' dir='ltr'><strong>dici</strong></span> <span class='ocrx_word' id='word_1_681' title='bbox 2569 3128 2831 3198; x_wconf 85' lang='lat' dir='ltr'><strong>Spiritqu</strong></span> <span class='ocrx_word' id='word_1_682' title='bbox 2870 3141 3137 3196; x_wconf 79' lang='lat' dir='ltr'><strong>sanctum,</strong></span> <span class='ocrx_word' id='word_1_683' title='bbox 3165 3147 3388 3188; x_wconf 87' lang='lat' dir='ltr'><strong>necesse</strong></span> <span class='ocrx_word' id='word_1_684' title='bbox 3435 3135 3504 3187; x_wconf 91' lang='lat' dir='ltr'><strong>sit</strong></span> <span class='ocrx_word' id='word_1_685' title='bbox 3552 3136 3752 3191; x_wconf 47' lang='lat' dir='ltr'><strong>intelli.</strong></span> 
     </span>
    </p>
   </div>
   <div class='ocr_carea' id='block_1_92' title="bbox 2101 3218 3745 3301">
    <p class='ocr_par' dir='ltr' id='par_1_92' title="bbox 2101 3218 3745 3301">
     <span class='ocr_line' id='line_1_92' title="bbox 2101 3218 3745 3301; baseline 0.007 -30"><span class='ocrx_word' id='word_1_686' title='bbox 2101 3229 2144 3287; x_wconf 73' lang='grc' dir='ltr'>α</span> <span class='ocrx_word' id='word_1_687' title='bbox 2177 3233 2302 3288; x_wconf 82' lang='lat' dir='ltr'><strong>gere</strong></span> <span class='ocrx_word' id='word_1_688' title='bbox 2339 3218 2468 3292; x_wconf 0' lang='lat' dir='ltr'><strong>pejus</strong></span> <span class='ocrx_word' id='word_1_689' title='bbox 2527 3233 2590 3272; x_wconf 77' lang='lat' dir='ltr'><strong>ex</strong></span> <span class='ocrx_word' id='word_1_690' title='bbox 2642 3219 2777 3274; x_wconf 80' lang='lat' dir='ltr'><strong>Filio</strong></span> <span class='ocrx_word' id='word_1_691' title='bbox 2820 3219 3202 3284; x_wconf 84' lang='lat' dir='ltr'><strong>substantiam,</strong></span> <span class='ocrx_word' id='word_1_692' title='bbox 3239 3223 3535 3301; x_wconf 76' lang='lat' dir='ltr'><strong>secundum</strong></span> <span class='ocrx_word' id='word_1_693' title='bbox 3585 3241 3745 3295; x_wconf 79' lang='lat' dir='ltr'><strong>quam</strong></span> 
     </span>
    </p>
   </div>
   <div class='ocr_carea' id='block_1_93' title="bbox 2187 3307 3752 3379">
    <p class='ocr_par' dir='ltr' id='par_1_93' title="bbox 2187 3307 3752 3379">
     <span class='ocr_line' id='line_1_93' title="bbox 2187 3307 3752 3379; baseline 0.005 -16"><span class='ocrx_word' id='word_1_694' title='bbox 2187 3324 2253 3363; x_wconf 84' lang='lat' dir='ltr'><strong>ex</strong></span> <span class='ocrx_word' id='word_1_695' title='bbox 2279 3307 2438 3363; x_wconf 86' lang='lat' dir='ltr'><strong>Patre</strong></span> <span class='ocrx_word' id='word_1_696' title='bbox 2468 3324 2563 3378; x_wconf 87' lang='lat' dir='ltr'><strong>per</strong></span> <span class='ocrx_word' id='word_1_697' title='bbox 2589 3309 2784 3364; x_wconf 88' lang='lat' dir='ltr'><strong>Filium</strong></span> <span class='ocrx_word' id='word_1_698' title='bbox 2817 3312 3098 3379; x_wconf 86' lang='lat' dir='ltr'><strong>procedit:</strong></span> <span class='ocrx_word' id='word_1_699' title='bbox 3129 3313 3380 3379; x_wconf 70' lang='lat' dir='ltr'><strong>institue,</strong></span> <span class='ocrx_word' id='word_1_700' title='bbox 3403 3330 3526 3370; x_wconf 86' lang='lat' dir='ltr'><strong>cum</strong></span> <span class='ocrx_word' id='word_1_701' title='bbox 3560 3318 3752 3371; x_wconf 88' lang='lat' dir='ltr'><strong>beatus</strong></span> 
     </span>
    </p>
   </div>
   <div class='ocr_carea' id='block_1_94' title="bbox 2173 3394 3748 3475">
    <p class='ocr_par' dir='ltr' id='par_1_94' title="bbox 2173 3394 3748 3475">
     <span class='ocr_line' id='line_1_94' title="bbox 2173 3394 3748 3475; baseline 0.009 -26"><span class='ocrx_word' id='word_1_702' title='bbox 2173 3394 2412 3466; x_wconf 84' lang='lat' dir='ltr'><strong>Cyrillus</strong></span> <span class='ocrx_word' id='word_1_703' title='bbox 2439 3434 2455 3461; x_wconf 91' lang='lat'><strong>,</strong></span> <span class='ocrx_word' id='word_1_704' title='bbox 2492 3397 2780 3466; x_wconf 74' lang='lat' dir='ltr'><strong>profundi,</strong></span> <span class='ocrx_word' id='word_1_705' title='bbox 2823 3415 2920 3468; x_wconf 90' lang='lat' dir='ltr'><strong>pro</strong></span> <span class='ocrx_word' id='word_1_706' title='bbox 2945 3414 3010 3456; x_wconf 88' lang='lat' dir='ltr'><strong>eo</strong></span> <span class='ocrx_word' id='word_1_707' title='bbox 3034 3440 3049 3466; x_wconf 90' lang='lat'><strong>,</strong></span> <span class='ocrx_word' id='word_1_708' title='bbox 3078 3402 3226 3470; x_wconf 88' lang='lat' dir='ltr'><strong>quod</strong></span> <span class='ocrx_word' id='word_1_709' title='bbox 3279 3413 3361 3458; x_wconf 88' lang='lat' dir='ltr'><strong>est</strong></span> <span class='ocrx_word' id='word_1_710' title='bbox 3383 3445 3400 3470; x_wconf 88' lang='lat'><strong>,</strong></span> <span class='ocrx_word' id='word_1_711' title='bbox 3446 3407 3748 3475; x_wconf 85' lang='lat' dir='ltr'><strong>procedere,</strong></span> 
     </span>
    </p>
   </div>
   <div class='ocr_carea' id='block_1_95' title="bbox 2173 3489 2859 3558">
    <p class='ocr_par' dir='ltr' id='par_1_95' title="bbox 2173 3489 2859 3558">
     <span class='ocr_line' id='line_1_95' title="bbox 2173 3489 2859 3558; baseline 0.004 -16"><span class='ocrx_word' id='word_1_712' title='bbox 2173 3489 2522 3558; x_wconf 87' lang='lat' dir='ltr'><strong>apertissime</strong></span> <span class='ocrx_word' id='word_1_713' title='bbox 2549 3489 2859 3545; x_wconf 82' lang='lat' dir='ltr'><strong>tradiderit.</strong></span> 
     </span>
    </p>
   </div>
   <div class='ocr_carea' id='block_1_96' title="bbox 2243 3580 3744 3656">
    <p class='ocr_par' dir='ltr' id='par_1_96' title="bbox 2243 3580 3744 3656">
     <span class='ocr_line' id='line_1_96' title="bbox 2243 3580 3744 3656; baseline 0.011 -24"><span class='ocrx_word' id='word_1_714' title='bbox 2243 3580 2379 3645; x_wconf 84' lang='lat' dir='ltr'><strong>Quia</strong></span> <span class='ocrx_word' id='word_1_715' title='bbox 2409 3581 2552 3634; x_wconf 89' lang='lat' dir='ltr'><strong>enim</strong></span> <span class='ocrx_word' id='word_1_716' title='bbox 2591 3582 2726 3637; x_wconf 89' lang='lat' dir='ltr'><strong>duas</strong></span> <span class='ocrx_word' id='word_1_717' title='bbox 2767 3599 2831 3638; x_wconf 80' lang='lat' dir='ltr'><strong>ex</strong></span> <span class='ocrx_word' id='word_1_718' title='bbox 2867 3581 2976 3639; x_wconf 87' lang='lat' dir='ltr'><strong>Deo</strong></span> <span class='ocrx_word' id='word_1_719' title='bbox 3013 3597 3272 3655; x_wconf 82' lang='lat' dir='ltr'><strong>personas</strong></span> <span class='ocrx_word' id='word_1_720' title='bbox 3310 3588 3626 3656; x_wconf 87' lang='lat' dir='ltr'><strong>procedere,</strong></span> <span class='ocrx_word' id='word_1_721' title='bbox 3655 3606 3744 3647; x_wconf 66' lang='lat' dir='ltr'><strong>sco</strong></span> 
     </span>
    </p>
   </div>
   <div class='ocr_carea' id='block_1_97' title="bbox 2173 3672 3747 3745">
    <p class='ocr_par' dir='ltr' id='par_1_97' title="bbox 2173 3672 3747 3745">
     <span class='ocr_line' id='line_1_97' title="bbox 2173 3672 3747 3745; baseline 0.011 -22"><span class='ocrx_word' id='word_1_722' title='bbox 2173 3676 2404 3726; x_wconf 83' lang='lat' dir='ltr'><strong>eundum</strong></span> <span class='ocrx_word' id='word_1_723' title='bbox 2435 3672 2642 3729; x_wconf 87' lang='lat' dir='ltr'><strong>scilicet</strong></span> <span class='ocrx_word' id='word_1_724' title='bbox 2669 3676 2934 3744; x_wconf 68' lang='lat' dir='ltr'><strong>geminum</strong></span> <span class='ocrx_word' id='word_1_725' title='bbox 2965 3690 3273 3745; x_wconf 76' lang='lat' dir='ltr'><strong>proressum</strong></span> <span class='ocrx_word' id='word_1_726' title='bbox 3310 3678 3443 3735; x_wconf 81' lang='lat' dir='ltr'><strong>ﬁdes</strong></span> <span class='ocrx_word' id='word_1_727' title='bbox 3477 3683 3704 3738; x_wconf 87' lang='lat' dir='ltr'><strong>tradidit</strong></span> <span class='ocrx_word' id='word_1_728' title='bbox 3732 3699 3747 3740; x_wconf 88' lang='lat'>:</span> 
     </span>
    </p>
   </div>
   <div class='ocr_carea' id='block_1_98' title="bbox 2181 3763 3747 3847">
    <p class='ocr_par' dir='ltr' id='par_1_98' title="bbox 2181 3763 3747 3847">
     <span class='ocr_line' id='line_1_98' title="bbox 2181 3763 3747 3847; baseline 0.006 -29"><span class='ocrx_word' id='word_1_729' title='bbox 2181 3763 2346 3820; x_wconf 86' lang='lat' dir='ltr'><strong>aliam</strong></span> <span class='ocrx_word' id='word_1_730' title='bbox 2370 3765 2615 3834; x_wconf 81' lang='lat' dir='ltr'><strong>quidem,</strong></span> <span class='ocrx_word' id='word_1_731' title='bbox 2655 3766 2951 3823; x_wconf 90' lang='lat' dir='ltr'><strong>secundum</strong></span> <span class='ocrx_word' id='word_1_732' title='bbox 2994 3770 3376 3837; x_wconf 84' lang='lat' dir='ltr'><strong>nativitatem;</strong></span> <span class='ocrx_word' id='word_1_733' title='bbox 3411 3773 3570 3826; x_wconf 83' lang='lat' dir='ltr'><strong>aliam</strong></span> <span class='ocrx_word' id='word_1_734' title='bbox 3600 3789 3747 3847; x_wconf 83' lang='lat' dir='ltr'><strong>vero,</strong></span> 
     </span>
    </p>
   </div>
   <div class='ocr_carea' id='block_1_99' title="bbox 2173 3858 3745 3933">
    <p class='ocr_par' dir='ltr' id='par_1_99' title="bbox 2173 3858 3745 3933">
     <span class='ocr_line' id='line_1_99' title="bbox 2173 3858 3745 3933; baseline 0.007 -22"><span class='ocrx_word' id='word_1_735' title='bbox 2173 3858 2466 3912; x_wconf 88' lang='lat' dir='ltr'><strong>secundum</strong></span> <span class='ocrx_word' id='word_1_736' title='bbox 2505 3859 2906 3927; x_wconf 88' lang='lat' dir='ltr'><strong>processionem</strong></span> <span class='ocrx_word' id='word_1_737' title='bbox 2937 3877 2952 3916; x_wconf 86' lang='lat'><strong>:</strong></span> <span class='ocrx_word' id='word_1_738' title='bbox 2987 3871 3144 3931; x_wconf 88' lang='lat' dir='ltr'><strong>atque</strong></span> <span class='ocrx_word' id='word_1_739' title='bbox 3167 3862 3305 3916; x_wconf 87' lang='lat' dir='ltr'><strong>allus</strong></span> <span class='ocrx_word' id='word_1_740' title='bbox 3342 3864 3558 3933; x_wconf 82' lang='lat' dir='ltr'><strong>quidem</strong></span> <span class='ocrx_word' id='word_1_741' title='bbox 3585 3865 3745 3933; x_wconf 79' lang='lat' dir='ltr'><strong>Filio,</strong></span> 
     </span>
    </p>
   </div>
   <div class='ocr_carea' id='block_1_100' title="bbox 2175 3943 3750 4028">
    <p class='ocr_par' dir='ltr' id='par_1_100' title="bbox 2175 3943 3750 4028">
     <span class='ocr_line' id='line_1_100' title="bbox 2175 3943 3750 4028; baseline 0.009 -28"><span class='ocrx_word' id='word_1_742' title='bbox 2175 3949 2312 4004; x_wconf 88' lang='lat' dir='ltr'><strong>alius</strong></span> <span class='ocrx_word' id='word_1_743' title='bbox 2347 3964 2476 4004; x_wconf 89' lang='lat' dir='ltr'><strong>vero</strong></span> <span class='ocrx_word' id='word_1_744' title='bbox 2506 3950 2730 4018; x_wconf 87' lang='lat' dir='ltr'><strong>Spiritui</strong></span> <span class='ocrx_word' id='word_1_745' title='bbox 2761 3952 3034 4018; x_wconf 79' lang='lat' dir='ltr'><strong>convenit,</strong></span> <span class='ocrx_word' id='word_1_746' title='bbox 3055 3963 3285 4019; x_wconf 84' lang='lat' dir='ltr'><strong>constat,</strong></span> <span class='ocrx_word' id='word_1_747' title='bbox 3302 3943 3750 4028; x_wconf 79' lang='lat' dir='ltr'><strong>quandoquidem</strong></span> 
     </span>
    </p>
   </div>
   <div class='ocr_carea' id='block_1_101' title="bbox 2176 4038 3749 4112">
    <p class='ocr_par' dir='ltr' id='par_1_101' title="bbox 2176 4038 3749 4112">
     <span class='ocr_line' id='line_1_101' title="bbox 2176 4038 3749 4112; baseline 0.008 -20"><span class='ocrx_word' id='word_1_748' title='bbox 2176 4038 2234 4102; x_wconf 68' lang='grc' dir='ltr'><strong>Εἰ</strong></span> <span class='ocrx_word' id='word_1_749' title='bbox 2265 4040 2348 4096; x_wconf 87' lang='lat' dir='ltr'><strong>ius</strong></span> <span class='ocrx_word' id='word_1_750' title='bbox 2410 4054 2477 4095; x_wconf 79' lang='lat' dir='ltr'><strong>ex</strong></span> <span class='ocrx_word' id='word_1_751' title='bbox 2505 4039 2664 4098; x_wconf 87' lang='lat' dir='ltr'><strong>Patre</strong></span> <span class='ocrx_word' id='word_1_752' title='bbox 2716 4043 3048 4112; x_wconf 85' lang='lat' dir='ltr'><strong>procedere,</strong></span> <span class='ocrx_word' id='word_1_753' title='bbox 3085 4045 3367 4109; x_wconf 88' lang='lat' dir='ltr'><strong>inundare,</strong></span> <span class='ocrx_word' id='word_1_754' title='bbox 3396 4059 3452 4103; x_wconf 88' lang='lat' dir='ltr'><strong>et</strong></span> <span class='ocrx_word' id='word_1_755' title='bbox 3499 4048 3668 4106; x_wconf 82' lang='lat' dir='ltr'><strong>ﬂuere</strong></span> <span class='ocrx_word' id='word_1_756' title='bbox 3719 4065 3749 4104; x_wconf 88' lang='lat' dir='ltr'><strong>a</strong></span> 
     </span>
    </p>
   </div>
   <div class='ocr_carea' id='block_1_102' title="bbox 2173 4129 3750 4204">
    <p class='ocr_par' dir='ltr' id='par_1_102' title="bbox 2173 4129 3750 4204">
     <span class='ocr_line' id='line_1_102' title="bbox 2173 4129 3750 4204; baseline 0.006 -23"><span class='ocrx_word' id='word_1_757' title='bbox 2173 4129 2441 4199; x_wconf 79' lang='lat' dir='ltr'><strong>theologis</strong></span> <span class='ocrx_word' id='word_1_758' title='bbox 2490 4131 2752 4184; x_wconf 86' lang='lat' dir='ltr'><strong>asseritur</strong></span> <span class='ocrx_word' id='word_1_759' title='bbox 2783 4149 2796 4186; x_wconf 90' lang='lat'><strong>:</strong></span> <span class='ocrx_word' id='word_1_760' title='bbox 2824 4133 2922 4186; x_wconf 87' lang='lat' dir='ltr'><strong>ista</strong></span> <span class='ocrx_word' id='word_1_761' title='bbox 2958 4170 2975 4194; x_wconf 91' lang='lat'><strong>,</strong></span> <span class='ocrx_word' id='word_1_762' title='bbox 3035 4149 3131 4202; x_wconf 91' lang='lat' dir='ltr'><strong>pro</strong></span> <span class='ocrx_word' id='word_1_763' title='bbox 3177 4149 3244 4188; x_wconf 85' lang='lat' dir='ltr'><strong>eo</strong></span> <span class='ocrx_word' id='word_1_764' title='bbox 3272 4137 3416 4204; x_wconf 90' lang='lat' dir='ltr'><strong>quod</strong></span> <span class='ocrx_word' id='word_1_765' title='bbox 3466 4139 3750 4204; x_wconf 80' lang='lat' dir='ltr'><strong>est,nasci,</strong></span> 
     </span>
    </p>
   </div>
   <div class='ocr_carea' id='block_1_103' title="bbox 2181 4221 3751 4297">
    <p class='ocr_par' dir='ltr' id='par_1_103' title="bbox 2181 4221 3751 4297">
     <span class='ocr_line' id='line_1_103' title="bbox 2181 4221 3751 4297; baseline 0.008 -25"><span class='ocrx_word' id='word_1_766' title='bbox 2181 4221 2261 4274; x_wconf 83' lang='lat' dir='ltr'><strong>vel</strong></span> <span class='ocrx_word' id='word_1_767' title='bbox 2293 4221 2436 4290; x_wconf 74' lang='lat' dir='ltr'><strong>gigni</strong></span> <span class='ocrx_word' id='word_1_768' title='bbox 2501 4221 2870 4293; x_wconf 78' lang='lat' dir='ltr'><strong>intelligenda.</strong></span> <span class='ocrx_word' id='word_1_769' title='bbox 2905 4222 3040 4278; x_wconf 89' lang='lat' dir='ltr'><strong>Cum</strong></span> <span class='ocrx_word' id='word_1_770' title='bbox 3087 4239 3214 4281; x_wconf 90' lang='lat' dir='ltr'><strong>vero</strong></span> <span class='ocrx_word' id='word_1_771' title='bbox 3245 4227 3478 4297; x_wconf 84' lang='lat' dir='ltr'><strong>Spiritus</strong></span> <span class='ocrx_word' id='word_1_772' title='bbox 3530 4240 3751 4285; x_wconf 86' lang='lat' dir='ltr'><strong>sanctus</strong></span> 
     </span>
    </p>
   </div>
   <div class='ocr_carea' id='block_1_104' title="bbox 2180 4312 3748 4390">
    <p class='ocr_par' dir='ltr' id='par_1_104' title="bbox 2180 4312 3748 4390">
     <span class='ocr_line' id='line_1_104' title="bbox 2180 4312 3748 4390; baseline 0.007 -23"><span class='ocrx_word' id='word_1_773' title='bbox 2180 4312 2297 4367; x_wconf 88' lang='lat' dir='ltr'><strong>sive</strong></span> <span class='ocrx_word' id='word_1_774' title='bbox 2329 4329 2358 4367; x_wconf 91' lang='lat' dir='ltr'><strong>a</strong></span> <span class='ocrx_word' id='word_1_775' title='bbox 2405 4312 2587 4378; x_wconf 88' lang='lat' dir='ltr'><strong>Patre,</strong></span> <span class='ocrx_word' id='word_1_776' title='bbox 2625 4315 2740 4369; x_wconf 88' lang='lat' dir='ltr'><strong>sive</strong></span> <span class='ocrx_word' id='word_1_777' title='bbox 2769 4330 2799 4368; x_wconf 87' lang='lat' dir='ltr'><strong>a</strong></span> <span class='ocrx_word' id='word_1_778' title='bbox 2848 4315 2988 4372; x_wconf 87' lang='lat' dir='ltr'><strong>Filio</strong></span> <span class='ocrx_word' id='word_1_779' title='bbox 3041 4318 3310 4387; x_wconf 74' lang='lat' dir='ltr'><strong>profundi,</strong></span> <span class='ocrx_word' id='word_1_780' title='bbox 3341 4331 3396 4374; x_wconf 88' lang='lat' dir='ltr'><strong>et</strong></span> <span class='ocrx_word' id='word_1_781' title='bbox 3429 4321 3667 4390; x_wconf 88' lang='lat' dir='ltr'><strong>prodire,</strong></span> <span class='ocrx_word' id='word_1_782' title='bbox 3690 4333 3748 4378; x_wconf 85' lang='lat' dir='ltr'><strong>et</strong></span> 
     </span>
    </p>
   </div>
   <div class='ocr_carea' id='block_1_105' title="bbox 2181 4401 3751 4481">
    <p class='ocr_par' dir='ltr' id='par_1_105' title="bbox 2181 4401 3751 4481">
     <span class='ocr_line' id='line_1_105' title="bbox 2181 4401 3751 4481; baseline 0.009 -25"><span class='ocrx_word' id='word_1_783' title='bbox 2181 4401 2452 4472; x_wconf 81' lang='lat' dir='ltr'><strong>proﬂuere</strong></span> <span class='ocrx_word' id='word_1_784' title='bbox 2477 4405 2675 4459; x_wconf 90' lang='lat' dir='ltr'><strong>dicitur</strong></span> <span class='ocrx_word' id='word_1_785' title='bbox 2704 4423 2718 4460; x_wconf 90' lang='lat'><strong>:</strong></span> <span class='ocrx_word' id='word_1_786' title='bbox 2756 4407 2891 4472; x_wconf 74' lang='lat' dir='ltr'><strong>haec,</strong></span> <span class='ocrx_word' id='word_1_787' title='bbox 2933 4421 3030 4476; x_wconf 87' lang='lat' dir='ltr'><strong>pro</strong></span> <span class='ocrx_word' id='word_1_788' title='bbox 3055 4423 3120 4462; x_wconf 88' lang='lat' dir='ltr'><strong>eo</strong></span> <span class='ocrx_word' id='word_1_789' title='bbox 3149 4411 3296 4478; x_wconf 90' lang='lat' dir='ltr'><strong>quod</strong></span> <span class='ocrx_word' id='word_1_790' title='bbox 3329 4419 3411 4466; x_wconf 81' lang='lat' dir='ltr'><strong>est</strong></span> <span class='ocrx_word' id='word_1_791' title='bbox 3436 4413 3751 4481; x_wconf 77' lang='lat' dir='ltr'><strong>procedere.</strong></span> 
     </span>
    </p>
   </div>
   <div class='ocr_carea' id='block_1_106' title="bbox 2183 4493 3754 4569">
    <p class='ocr_par' dir='ltr' id='par_1_106' title="bbox 2183 4493 3754 4569">
     <span class='ocr_line' id='line_1_106' title="bbox 2183 4493 3754 4569; baseline 0.008 -25"><span class='ocrx_word' id='word_1_792' title='bbox 2183 4493 2534 4562; x_wconf 85' lang='lat' dir='ltr'><strong>accipienda;</strong></span> <span class='ocrx_word' id='word_1_793' title='bbox 2562 4494 2741 4549; x_wconf 85' lang='lat' dir='ltr'><strong>verbis</strong></span> <span class='ocrx_word' id='word_1_794' title='bbox 2771 4495 2889 4550; x_wconf 87' lang='lat' dir='ltr'><strong>istis</strong></span> <span class='ocrx_word' id='word_1_795' title='bbox 2921 4495 3172 4551; x_wconf 85' lang='lat' dir='ltr'><strong>omnibus</strong></span> <span class='ocrx_word' id='word_1_796' title='bbox 3203 4512 3518 4565; x_wconf 77' lang='lat' dir='ltr'><strong>processum</strong></span> <span class='ocrx_word' id='word_1_797' title='bbox 3563 4500 3754 4569; x_wconf 85' lang='lat' dir='ltr'><strong>cujus-</strong></span> 
     </span>
    </p>
   </div>
   <div class='ocr_carea' id='block_1_107' title="bbox 2074 4582 3752 4660">
    <p class='ocr_par' dir='ltr' id='par_1_107' title="bbox 2074 4582 3752 4660">
     <span class='ocr_line' id='line_1_107' title="bbox 2074 4582 3752 4660; baseline 0.005 -21"><span class='ocrx_word' id='word_1_798' title='bbox 2074 4582 2305 4639; x_wconf 82' lang='lat' dir='ltr'><strong>‘Dbbet</strong></span> <span class='ocrx_word' id='word_1_799' title='bbox 2362 4599 2428 4638; x_wconf 78' lang='lat' dir='ltr'><strong>ex</strong></span> <span class='ocrx_word' id='word_1_800' title='bbox 2485 4584 2664 4653; x_wconf 89' lang='lat' dir='ltr'><strong>aliquo</strong></span> <span class='ocrx_word' id='word_1_801' title='bbox 2724 4586 3143 4655; x_wconf 83' lang='lat' dir='ltr'><strong>insinuantibus,</strong></span> <span class='ocrx_word' id='word_1_802' title='bbox 3178 4601 3232 4644; x_wconf 90' lang='lat' dir='ltr'><strong>et</strong></span> <span class='ocrx_word' id='word_1_803' title='bbox 3286 4589 3483 4660; x_wconf 86' lang='lat' dir='ltr'><strong>ubique</strong></span> <span class='ocrx_word' id='word_1_804' title='bbox 3531 4593 3752 4659; x_wconf 89' lang='lat' dir='ltr'><strong>quidem</strong></span> 
     </span>
    </p>
   </div>
   <div class='ocr_carea' id='block_1_108' title="bbox 2176 4675 3752 4748">
    <p class='ocr_par' dir='ltr' id='par_1_108' title="bbox 2176 4675 3752 4748">
     <span class='ocr_line' id='line_1_108' title="bbox 2176 4675 3752 4748; baseline 0.008 -23"><span class='ocrx_word' id='word_1_805' title='bbox 2176 4675 2349 4742; x_wconf 89' lang='lat' dir='ltr'><strong>aptari</strong></span> <span class='ocrx_word' id='word_1_806' title='bbox 2406 4675 2734 4743; x_wconf 84' lang='lat' dir='ltr'><strong>peculiarius</strong></span> <span class='ocrx_word' id='word_1_807' title='bbox 2795 4677 3131 4743; x_wconf 86' lang='lat' dir='ltr'><strong>valentibus,</strong></span> <span class='ocrx_word' id='word_1_808' title='bbox 3162 4689 3327 4748; x_wconf 86' lang='lat' dir='ltr'><strong>atque</strong></span> <span class='ocrx_word' id='word_1_809' title='bbox 3373 4683 3425 4734; x_wconf 91' lang='lat' dir='ltr'><strong>in</strong></span> <span class='ocrx_word' id='word_1_810' title='bbox 3473 4681 3574 4737; x_wconf 87' lang='lat' dir='ltr'><strong>huc</strong></span> <span class='ocrx_word' id='word_1_811' title='bbox 3627 4682 3752 4738; x_wconf 90' lang='lat' dir='ltr'><strong>loco</strong></span> 
     </span>
    </p>
   </div>
   <div class='ocr_carea' id='block_1_109' title="bbox 2179 4765 3748 4837">
    <p class='ocr_par' dir='ltr' id='par_1_109' title="bbox 2179 4765 3748 4837">
     <span class='ocr_line' id='line_1_109' title="bbox 2179 4765 3748 4837; baseline 0.008 -20"><span class='ocrx_word' id='word_1_812' title='bbox 2179 4765 2445 4835; x_wconf 81' lang='lat' dir='ltr'><strong>pmpriam</strong></span> <span class='ocrx_word' id='word_1_813' title='bbox 2479 4767 2690 4836; x_wconf 84' lang='lat' dir='ltr'><strong>utrique</strong></span> <span class='ocrx_word' id='word_1_814' title='bbox 2723 4784 2965 4837; x_wconf 72' lang='lat' dir='ltr'><strong>personae</strong></span> <span class='ocrx_word' id='word_1_815' title='bbox 2995 4769 3353 4826; x_wconf 81' lang='lat' dir='ltr'><strong>substantiam</strong></span> <span class='ocrx_word' id='word_1_816' title='bbox 3385 4771 3589 4828; x_wconf 75' lang='lat' dir='ltr'><strong>ali‘atim</strong></span> <span class='ocrx_word' id='word_1_817' title='bbox 3624 4778 3748 4830; x_wconf 83' lang='lat' dir='ltr'><strong>red-</strong></span> 
     </span>
    </p>
   </div>
   <div class='ocr_carea' id='block_1_110' title="bbox 2177 4857 3756 4936">
    <p class='ocr_par' dir='ltr' id='par_1_110' title="bbox 2177 4857 3756 4936">
     <span class='ocr_line' id='line_1_110' title="bbox 2177 4857 3756 4936; baseline 0.008 -27"><span class='ocrx_word' id='word_1_818' title='bbox 2177 4857 2338 4911; x_wconf 91' lang='lat' dir='ltr'><strong>dere:</strong></span> <span class='ocrx_word' id='word_1_819' title='bbox 2372 4857 2521 4910; x_wconf 88' lang='lat' dir='ltr'><strong>alteri</strong></span> <span class='ocrx_word' id='word_1_820' title='bbox 2549 4860 2763 4928; x_wconf 84' lang='lat' dir='ltr'><strong>quidem</strong></span> <span class='ocrx_word' id='word_1_821' title='bbox 2799 4862 3100 4927; x_wconf 86' lang='lat' dir='ltr'><strong>nasceudi;</strong></span> <span class='ocrx_word' id='word_1_822' title='bbox 3144 4857 3297 4916; x_wconf 78' lang='lat' dir='ltr'><strong>alieri</strong></span> <span class='ocrx_word' id='word_1_823' title='bbox 3348 4880 3502 4931; x_wconf 84' lang='lat' dir='ltr'><strong>vero,</strong></span> <span class='ocrx_word' id='word_1_824' title='bbox 3563 4881 3756 4936; x_wconf 86' lang='lat' dir='ltr'><strong>proce-</strong></span> 
     </span>
    </p>
   </div>
   <div class='ocr_carea' id='block_1_111' title="bbox 2181 4947 3758 5022">
    <p class='ocr_par' dir='ltr' id='par_1_111' title="bbox 2181 4947 3758 5022">
     <span class='ocr_line' id='line_1_111' title="bbox 2181 4947 3758 5022; baseline 0.008 -22"><span class='ocrx_word' id='word_1_825' title='bbox 2181 4947 2342 5001; x_wconf 90' lang='lat' dir='ltr'><strong>dendi</strong></span> <span class='ocrx_word' id='word_1_826' title='bbox 2398 4949 2648 5016; x_wconf 67' lang='lat' dir='ltr'><strong>ratione;</strong></span> <span class='ocrx_word' id='word_1_827' title='bbox 2688 4967 2808 5004; x_wconf 93' lang='lat' dir='ltr'><strong>cum</strong></span> <span class='ocrx_word' id='word_1_828' title='bbox 2866 4953 2967 5006; x_wconf 88' lang='lat' dir='ltr'><strong>alia</strong></span> <span class='ocrx_word' id='word_1_829' title='bbox 3023 4952 3244 5022; x_wconf 85' lang='lat' dir='ltr'><strong>quidem</strong></span> <span class='ocrx_word' id='word_1_830' title='bbox 3293 4954 3362 5008; x_wconf 85' lang='lat' dir='ltr'><strong>sit</strong></span> <span class='ocrx_word' id='word_1_831' title='bbox 3415 4958 3758 5013; x_wconf 85' lang='lat' dir='ltr'><strong>continenter</strong></span> 
     </span>
    </p>
   </div>
   <div class='ocr_carea' id='block_1_112' title="bbox 2176 5039 3756 5112">
    <p class='ocr_par' dir='ltr' id='par_1_112' title="bbox 2176 5039 3756 5112">
     <span class='ocr_line' id='line_1_112' title="bbox 2176 5039 3756 5112; baseline 0.009 -21"><span class='ocrx_word' id='word_1_832' title='bbox 2176 5052 2241 5091; x_wconf 80' lang='lat' dir='ltr'><strong>ex</strong></span> <span class='ocrx_word' id='word_1_833' title='bbox 2298 5039 2470 5109; x_wconf 83' lang='lat' dir='ltr'><strong>prima</strong></span> <span class='ocrx_word' id='word_1_834' title='bbox 2495 5080 2511 5103; x_wconf 94' lang='lat'><strong>,</strong></span> <span class='ocrx_word' id='word_1_835' title='bbox 2547 5041 2690 5106; x_wconf 86' lang='lat' dir='ltr'><strong>alia,</strong></span> <span class='ocrx_word' id='word_1_836' title='bbox 2724 5057 2818 5110; x_wconf 90' lang='lat' dir='ltr'><strong>per</strong></span> <span class='ocrx_word' id='word_1_837' title='bbox 2838 5057 2955 5098; x_wconf 86' lang='lat' dir='ltr'><strong>eam</strong></span> <span class='ocrx_word' id='word_1_838' title='bbox 3002 5059 3122 5112; x_wconf 72' lang='lat' dir='ltr'><strong>qua:</strong></span> <span class='ocrx_word' id='word_1_839' title='bbox 3157 5057 3243 5100; x_wconf 90' lang='lat' dir='ltr'><strong>est</strong></span> <span class='ocrx_word' id='word_1_840' title='bbox 3289 5047 3631 5103; x_wconf 86' lang='lat' dir='ltr'><strong>continenter</strong></span> <span class='ocrx_word' id='word_1_841' title='bbox 3682 5063 3756 5105; x_wconf 79' lang='lat' dir='ltr'><strong>ex</strong></span> 
     </span>
    </p>
   </div>
   <div class='ocr_carea' id='block_1_113' title="bbox 2178 5130 3772 5202">
    <p class='ocr_par' dir='ltr' id='par_1_113' title="bbox 2178 5130 3772 5202">
     <span class='ocr_line' id='line_1_113' title="bbox 2178 5130 3772 5202; baseline 0.01 -22"><span class='ocrx_word' id='word_1_842' title='bbox 2178 5130 2390 5199; x_wconf 87' lang='lat' dir='ltr'><strong>prima:</strong></span> <span class='ocrx_word' id='word_1_843' title='bbox 2438 5133 2634 5202; x_wconf 86' lang='lat' dir='ltr'><strong>quippe</strong></span> <span class='ocrx_word' id='word_1_844' title='bbox 2686 5133 2776 5188; x_wconf 86' lang='lat' dir='ltr'><strong>isti</strong></span> <span class='ocrx_word' id='word_1_845' title='bbox 2829 5133 3093 5191; x_wconf 80' lang='lat' dir='ltr'><strong>ambobus</strong></span> <span class='ocrx_word' id='word_1_846' title='bbox 3137 5145 3268 5192; x_wconf 79' lang='lat' dir='ltr'><strong>sunt</strong></span> <span class='ocrx_word' id='word_1_847' title='bbox 3319 5139 3772 5196; x_wconf 68' lang='lat' dir='ltr'><strong>substantias-utn-</strong></span> 
     </span>
    </p>
   </div>
   <div class='ocr_carea' id='block_1_114' title="bbox 2180 5223 2587 5302">
    <p class='ocr_par' dir='ltr' id='par_1_114' title="bbox 2180 5223 2587 5302">
     <span class='ocr_line' id='line_1_114' title="bbox 2180 5223 2587 5302; baseline 0.01 -26"><span class='ocrx_word' id='word_1_848' title='bbox 2180 5223 2418 5278; x_wconf 89' lang='lat' dir='ltr'><strong>termini.</strong></span> <span class='ocrx_word' id='word_1_849' title='bbox 2579 5297 2587 5302; x_wconf 86' lang='lat'><strong><em>_</em></strong></span> 
     </span>
    </p>
   </div>
   <div class='ocr_carea' id='block_1_115' title="bbox 2257 5313 3757 5394">
    <p class='ocr_par' dir='ltr' id='par_1_115' title="bbox 2257 5313 3757 5394">
     <span class='ocr_line' id='line_1_115' title="bbox 2257 5313 3757 5394; baseline 0.008 -26"><span class='ocrx_word' id='word_1_850' title='bbox 2257 5313 2473 5381; x_wconf 83' lang='lat' dir='ltr'><strong>Verum,</strong></span> <span class='ocrx_word' id='word_1_851' title='bbox 2509 5318 2759 5386; x_wconf 84' lang='lat' dir='ltr'><strong>quoniam</strong></span> <span class='ocrx_word' id='word_1_852' title='bbox 2793 5319 2862 5374; x_wconf 88' lang='lat' dir='ltr'><strong>ab</strong></span> <span class='ocrx_word' id='word_1_853' title='bbox 2890 5320 3141 5376; x_wconf 84' lang='lat' dir='ltr'><strong>omnibus</strong></span> <span class='ocrx_word' id='word_1_854' title='bbox 3172 5321 3485 5388; x_wconf 84' lang='lat' dir='ltr'><strong>doctoribus</strong></span> <span class='ocrx_word' id='word_1_855' title='bbox 3516 5323 3757 5394; x_wconf 80' lang='lat' dir='ltr'><strong>Spiritus</strong></span> 
     </span>
    </p>
   </div>
   <div class='ocr_carea' id='block_1_116' title="bbox 2177 5408 3757 5486">
    <p class='ocr_par' dir='ltr' id='par_1_116' title="bbox 2177 5408 3757 5486">
     <span class='ocr_line' id='line_1_116' title="bbox 2177 5408 3757 5486; baseline 0.008 -28"><span class='ocrx_word' id='word_1_856' title='bbox 2177 5416 2399 5465; x_wconf 89' lang='lat' dir='ltr'><strong>sanctus</strong></span> <span class='ocrx_word' id='word_1_857' title='bbox 2447 5424 2513 5462; x_wconf 83' lang='lat' dir='ltr'><strong>ex</strong></span> <span class='ocrx_word' id='word_1_858' title='bbox 2563 5408 2699 5464; x_wconf 90' lang='lat' dir='ltr'><strong>Filio</strong></span> <span class='ocrx_word' id='word_1_859' title='bbox 2753 5411 3046 5478; x_wconf 84' lang='lat' dir='ltr'><strong>procedere</strong></span> <span class='ocrx_word' id='word_1_860' title='bbox 3097 5415 3591 5484; x_wconf 82' lang='lat' dir='ltr'><strong>asseritur,liquet</strong></span> <span class='ocrx_word' id='word_1_861' title='bbox 3629 5432 3757 5486; x_wconf 85' lang='lat' dir='ltr'><strong>pro-</strong></span> 
     </span>
    </p>
   </div>
   <div class='ocr_carea' id='block_1_117' title="bbox 2179 5499 3756 5570">
    <p class='ocr_par' dir='ltr' id='par_1_117' title="bbox 2179 5499 3756 5570">
     <span class='ocr_line' id='line_1_117' title="bbox 2179 5499 3756 5570; baseline 0.007 -19"><span class='ocrx_word' id='word_1_862' title='bbox 2179 5499 2339 5562; x_wconf 79' lang='lat' dir='ltr'><strong>iecto,</strong></span> <span class='ocrx_word' id='word_1_863' title='bbox 2377 5501 2500 5568; x_wconf 88' lang='lat' dir='ltr'><strong>quia</strong></span> <span class='ocrx_word' id='word_1_864' title='bbox 2552 5501 2846 5557; x_wconf 86' lang='lat' dir='ltr'><strong>secundum</strong></span> <span class='ocrx_word' id='word_1_865' title='bbox 2897 5515 3141 5557; x_wconf 80' lang='lat' dir='ltr'><strong>naturam</strong></span> <span class='ocrx_word' id='word_1_866' title='bbox 3194 5515 3297 5570; x_wconf 87' lang='lat' dir='ltr'><strong>est,</strong></span> <span class='ocrx_word' id='word_1_867' title='bbox 3335 5509 3415 5560; x_wconf 85' lang='lat' dir='ltr'><strong>vel</strong></span> <span class='ocrx_word' id='word_1_868' title='bbox 3459 5507 3756 5562; x_wconf 75' lang='lat' dir='ltr'><strong>secundum</strong></span> 
     </span>
    </p>
   </div>
   <div class='ocr_carea' id='block_1_118' title="bbox 2178 5589 3755 5661">
    <p class='ocr_par' dir='ltr' id='par_1_118' title="bbox 2178 5589 3755 5661">
     <span class='ocr_line' id='line_1_118' title="bbox 2178 5589 3755 5661; baseline 0.006 -20"><span class='ocrx_word' id='word_1_869' title='bbox 2178 5589 2445 5643; x_wconf 85' lang='lat' dir='ltr'><strong>accidens.</strong></span> <span class='ocrx_word' id='word_1_870' title='bbox 2469 5589 2519 5644; x_wconf 91' lang='lat' dir='ltr'><strong>Id</strong></span> <span class='ocrx_word' id='word_1_871' title='bbox 2543 5591 2738 5661; x_wconf 90' lang='lat' dir='ltr'><strong>quippe</strong></span> <span class='ocrx_word' id='word_1_872' title='bbox 2767 5603 3135 5648; x_wconf 77' lang='lat' dir='ltr'><strong>creaturarum</strong></span> <span class='ocrx_word' id='word_1_873' title='bbox 3162 5607 3289 5650; x_wconf 89' lang='lat' dir='ltr'><strong>esta</strong></span> <span class='ocrx_word' id='word_1_874' title='bbox 3320 5595 3428 5651; x_wconf 82' lang='lat' dir='ltr'><strong>Deo</strong></span> <span class='ocrx_word' id='word_1_875' title='bbox 3458 5613 3565 5650; x_wconf 89' lang='lat' dir='ltr'><strong>non</strong></span> <span class='ocrx_word' id='word_1_876' title='bbox 3591 5609 3755 5650; x_wconf 87' lang='lat' dir='ltr'><strong>natu-</strong></span> 
     </span>
    </p>
   </div>
   <div class='ocr_carea' id='block_1_119' title="bbox 2179 5682 3751 5757">
    <p class='ocr_par' dir='ltr' id='par_1_119' title="bbox 2179 5682 3751 5757">
     <span class='ocr_line' id='line_1_119' title="bbox 2179 5682 3751 5757; baseline 0.006 -23"><span class='ocrx_word' id='word_1_877' title='bbox 2179 5682 2364 5735; x_wconf 85' lang='lat' dir='ltr'><strong>raliter</strong></span> <span class='ocrx_word' id='word_1_878' title='bbox 2397 5686 2706 5751; x_wconf 87' lang='lat' dir='ltr'><strong>procedere.</strong></span> <span class='ocrx_word' id='word_1_879' title='bbox 2744 5684 2797 5739; x_wconf 92' lang='lat' dir='ltr'><strong>Si</strong></span> <span class='ocrx_word' id='word_1_880' title='bbox 2830 5684 3008 5757; x_wconf 81' lang='lat' dir='ltr'><strong>igitur,</strong></span> <span class='ocrx_word' id='word_1_881' title='bbox 3040 5690 3336 5743; x_wconf 74' lang='lat' dir='ltr'><strong>sectmdum</strong></span> <span class='ocrx_word' id='word_1_882' title='bbox 3379 5700 3631 5742; x_wconf 64' lang='lat' dir='ltr'><strong>naturam</strong></span> <span class='ocrx_word' id='word_1_883' title='bbox 3677 5703 3751 5744; x_wconf 79' lang='lat' dir='ltr'><strong>ex</strong></span> 
     </span>
    </p>
   </div>
   <div class='ocr_carea' id='block_1_120' title="bbox 2181 5771 3758 5846">
    <p class='ocr_par' dir='ltr' id='par_1_120' title="bbox 2181 5771 3758 5846">
     <span class='ocr_line' id='line_1_120' title="bbox 2181 5771 3758 5846; baseline 0.01 -23"><span class='ocrx_word' id='word_1_884' title='bbox 2181 5771 2316 5826; x_wconf 85' lang='lat' dir='ltr'><strong>Filio</strong></span> <span class='ocrx_word' id='word_1_885' title='bbox 2355 5775 2598 5841; x_wconf 89' lang='lat' dir='ltr'><strong>procedit</strong></span> <span class='ocrx_word' id='word_1_886' title='bbox 2643 5776 2899 5846; x_wconf 83' lang='lat' dir='ltr'><strong>Spiritus,</strong></span> <span class='ocrx_word' id='word_1_887' title='bbox 2935 5779 3037 5833; x_wconf 87' lang='lat' dir='ltr'><strong>hoc</strong></span> <span class='ocrx_word' id='word_1_888' title='bbox 3088 5790 3266 5835; x_wconf 90' lang='lat' dir='ltr'><strong>autem</strong></span> <span class='ocrx_word' id='word_1_889' title='bbox 3307 5780 3516 5834; x_wconf 87' lang='lat' dir='ltr'><strong>duobus</strong></span> <span class='ocrx_word' id='word_1_890' title='bbox 3575 5781 3758 5838; x_wconf 74' lang='lat' dir='ltr'><strong>modis</strong></span> 
     </span>
    </p>
   </div>
   <div class='ocr_carea' id='block_1_121' title="bbox 2175 5863 3761 5942">
    <p class='ocr_par' dir='ltr' id='par_1_121' title="bbox 2175 5863 3761 5942">
     <span class='ocr_line' id='line_1_121' title="bbox 2175 5863 3761 5942; baseline 0.006 -25"><span class='ocrx_word' id='word_1_891' title='bbox 2175 5863 2279 5919; x_wconf 76' lang='lat' dir='ltr'><strong>ﬁt:</strong></span> <span class='ocrx_word' id='word_1_892' title='bbox 2315 5865 2395 5920; x_wconf 84' lang='lat' dir='ltr'><strong>vel</strong></span> <span class='ocrx_word' id='word_1_893' title='bbox 2434 5867 2726 5924; x_wconf 85' lang='lat' dir='ltr'><strong>secundum</strong></span> <span class='ocrx_word' id='word_1_894' title='bbox 2768 5872 3131 5941; x_wconf 80' lang='lat' dir='ltr'><strong>nativitatem,</strong></span> <span class='ocrx_word' id='word_1_895' title='bbox 3167 5873 3248 5930; x_wconf 87' lang='lat' dir='ltr'><strong>vel</strong></span> <span class='ocrx_word' id='word_1_896' title='bbox 3282 5871 3593 5930; x_wconf 84' lang='lat' dir='ltr'><strong>secundum</strong></span> <span class='ocrx_word' id='word_1_897' title='bbox 3629 5883 3761 5942; x_wconf 79' lang='lat' dir='ltr'><strong>pro-</strong></span> 
     </span>
    </p>
   </div>
  </div>
