  <div class='ocr_page' id='page_1' title='image "/cluster/home/n/w/nwhite01/storage/ocr_20150623/152/coo.31924054870575/062.png"; bbox 0 0 4106 6438; ppageno 0'>
   <div class='ocr_carea' id='block_1_1' title="bbox 392 370 564 440">
    <p class='ocr_par' dir='ltr' id='par_1_1' title="bbox 392 370 564 440">
     <span class='ocr_line' id='line_1_1' title="bbox 392 370 564 440; baseline 0.006 -2"><span class='ocrx_word' id='word_1_1' title='bbox 392 375 496 440; x_wconf 75' lang='grc' dir='ltr'><strong>Πὶ9</strong></span> <span class='ocrx_word' id='word_1_2' title='bbox 561 370 564 373; x_wconf 57' lang='grc'>’</span> 
     </span>
    </p>
   </div>
   <div class='ocr_carea' id='block_1_2' title="bbox 1441 368 2509 436">
    <p class='ocr_par' dir='ltr' id='par_1_2' title="bbox 1441 368 2509 436">
     <span class='ocr_line' id='line_1_2' title="bbox 1441 368 2509 436; baseline -0.003 -3"><span class='ocrx_word' id='word_1_3' title='bbox 1441 372 1842 436; x_wconf 73' lang='lat' dir='ltr'><strong>ADVERSUS</strong></span> <span class='ocrx_word' id='word_1_4' title='bbox 1881 369 2198 432; x_wconf 66' lang='lat' dir='ltr'><strong>GRJSCUS</strong></span> <span class='ocrx_word' id='word_1_5' title='bbox 2242 368 2388 430; x_wconf 80' lang='lat' dir='ltr'><strong>LIB.</strong></span> <span class='ocrx_word' id='word_1_6' title='bbox 2427 369 2509 430; x_wconf 79' lang='grc' dir='ltr'><strong>ΙΙ.</strong></span> 
     </span>
    </p>
   </div>
   <div class='ocr_carea' id='block_1_3' title="bbox 3537 361 3639 426">
    <p class='ocr_par' dir='ltr' id='par_1_3' title="bbox 3537 361 3639 426">
     <span class='ocr_line' id='line_1_3' title="bbox 3537 361 3639 426; baseline 0.02 -2"><span class='ocrx_word' id='word_1_7' title='bbox 3537 361 3639 426; x_wconf 70' lang='lat' dir='ltr'><strong>illi</strong></span> 
     </span>
    </p>
   </div>
   <div class='ocr_carea' id='block_1_4' title="bbox 384 473 3639 557">
    <p class='ocr_par' dir='ltr' id='par_1_4' title="bbox 384 473 3639 557">
     <span class='ocr_line' id='line_1_4' title="bbox 384 473 3639 557; baseline -0.005 -12"><span class='ocrx_word' id='word_1_8' title='bbox 384 489 682 545; x_wconf 70' lang='lat' dir='ltr'><strong>cessionem</strong></span> <span class='ocrx_word' id='word_1_9' title='bbox 714 505 730 553; x_wconf 89' lang='lat'><strong>;</strong></span> <span class='ocrx_word' id='word_1_10' title='bbox 765 495 961 557; x_wconf 68' lang='lat' dir='ltr'><strong>praeter</strong></span> <span class='ocrx_word' id='word_1_11' title='bbox 1008 485 1109 541; x_wconf 90' lang='lat' dir='ltr'><strong>ista</strong></span> <span class='ocrx_word' id='word_1_12' title='bbox 1161 485 1305 542; x_wconf 89' lang='lat' dir='ltr'><strong>enim</strong></span> <span class='ocrx_word' id='word_1_13' title='bbox 1346 485 1527 541; x_wconf 77' lang='lat' dir='ltr'><strong>nullus</strong></span> <span class='ocrx_word' id='word_1_14' title='bbox 1563 484 1700 540; x_wconf 87' lang='lat' dir='ltr'><strong>alius</strong></span> <span class='ocrx_word' id='word_1_15' title='bbox 1757 482 1957 539; x_wconf 86' lang='lat' dir='ltr'><strong>divinis</strong></span> <span class='ocrx_word' id='word_1_16' title='bbox 1986 483 2029 543; x_wconf 80' lang='grc' dir='ltr'><strong>Δ</strong></span> <span class='ocrx_word' id='word_1_17' title='bbox 2061 480 2349 552; x_wconf 75' lang='lat' dir='ltr'><strong>significat.</strong></span> <span class='ocrx_word' id='word_1_18' title='bbox 2379 478 2576 551; x_wconf 74' lang='lat' dir='ltr'><strong>itaque</strong></span> <span class='ocrx_word' id='word_1_19' title='bbox 2606 479 2780 536; x_wconf 87' lang='lat' dir='ltr'><strong>dictus</strong></span> <span class='ocrx_word' id='word_1_20' title='bbox 2817 486 2899 536; x_wconf 87' lang='lat' dir='ltr'><strong>est</strong></span> <span class='ocrx_word' id='word_1_21' title='bbox 2927 477 3144 549; x_wconf 87' lang='lat' dir='ltr'><strong>quidem</strong></span> <span class='ocrx_word' id='word_1_22' title='bbox 3177 474 3416 550; x_wconf 83' lang='lat' dir='ltr'><strong>Spiritus</strong></span> <span class='ocrx_word' id='word_1_23' title='bbox 3437 473 3639 533; x_wconf 76' lang='lat' dir='ltr'><strong>Patris.</strong></span> 
     </span>
    </p>
   </div>
   <div class='ocr_carea' id='block_1_5' title="bbox 387 579 1944 653">
    <p class='ocr_par' dir='ltr' id='par_1_5' title="bbox 387 579 1944 653">
     <span class='ocr_line' id='line_1_5' title="bbox 387 579 1944 653; baseline -0.003 -18"><span class='ocrx_word' id='word_1_24' title='bbox 387 581 628 653; x_wconf 87' lang='lat' dir='ltr'><strong>personis</strong></span> <span class='ocrx_word' id='word_1_25' title='bbox 652 579 946 634; x_wconf 89' lang='lat' dir='ltr'><strong>secundum</strong></span> <span class='ocrx_word' id='word_1_26' title='bbox 993 590 1238 634; x_wconf 87' lang='lat' dir='ltr'><strong>naturam</strong></span> <span class='ocrx_word' id='word_1_27' title='bbox 1270 591 1556 646; x_wconf 77' lang='lat' dir='ltr'><strong>processus</strong></span> <span class='ocrx_word' id='word_1_28' title='bbox 1588 587 1672 634; x_wconf 89' lang='lat' dir='ltr'><strong>est</strong></span> <span class='ocrx_word' id='word_1_29' title='bbox 1703 595 1719 644; x_wconf 89' lang='lat'><strong>;</strong></span> <span class='ocrx_word' id='word_1_30' title='bbox 1748 590 1944 632; x_wconf 90' lang='lat' dir='ltr'><strong>secun—</strong></span> 
     </span>
    </p>
   </div>
   <div class='ocr_carea' id='block_1_6' title="bbox 389 667 1958 740">
    <p class='ocr_par' dir='ltr' id='par_1_6' title="bbox 389 667 1958 740">
     <span class='ocr_line' id='line_1_6' title="bbox 389 667 1958 740; baseline -0.004 -11"><span class='ocrx_word' id='word_1_31' title='bbox 389 677 514 729; x_wconf 92' lang='lat' dir='ltr'><strong>dum</strong></span> <span class='ocrx_word' id='word_1_32' title='bbox 576 673 910 726; x_wconf 76' lang='lat' dir='ltr'><strong>nativitatem</strong></span> <span class='ocrx_word' id='word_1_33' title='bbox 963 685 1110 738; x_wconf 84' lang='lat' dir='ltr'><strong>vero,</strong></span> <span class='ocrx_word' id='word_1_34' title='bbox 1141 685 1426 740; x_wconf 80' lang='lat' dir='ltr'><strong>processus</strong></span> <span class='ocrx_word' id='word_1_35' title='bbox 1463 671 1516 725; x_wconf 88' lang='lat' dir='ltr'><strong>in</strong></span> <span class='ocrx_word' id='word_1_36' title='bbox 1579 667 1783 738; x_wconf 84' lang='lat' dir='ltr'><strong>Spiritu</strong></span> <span class='ocrx_word' id='word_1_37' title='bbox 1835 684 1958 724; x_wconf 85' lang='lat' dir='ltr'><strong>esse</strong></span> 
     </span>
    </p>
   </div>
   <div class='ocr_carea' id='block_1_7' title="bbox 389 761 1952 832">
    <p class='ocr_par' dir='ltr' id='par_1_7' title="bbox 389 761 1952 832">
     <span class='ocr_line' id='line_1_7' title="bbox 389 761 1952 832; baseline -0.003 -13"><span class='ocrx_word' id='word_1_38' title='bbox 389 779 493 819; x_wconf 86' lang='lat' dir='ltr'><strong>non</strong></span> <span class='ocrx_word' id='word_1_39' title='bbox 553 769 764 832; x_wconf 86' lang='lat' dir='ltr'><strong>potest,</strong></span> <span class='ocrx_word' id='word_1_40' title='bbox 799 763 870 817; x_wconf 88' lang='lat' dir='ltr'><strong>ita</strong></span> <span class='ocrx_word' id='word_1_41' title='bbox 926 763 1067 817; x_wconf 88' lang='lat' dir='ltr'><strong>enim</strong></span> <span class='ocrx_word' id='word_1_42' title='bbox 1125 772 1271 819; x_wconf 83' lang='lat' dir='ltr'><strong>esset</strong></span> <span class='ocrx_word' id='word_1_43' title='bbox 1311 761 1547 832; x_wconf 82' lang='lat' dir='ltr'><strong>Spiritus</strong></span> <span class='ocrx_word' id='word_1_44' title='bbox 1579 761 1742 817; x_wconf 86' lang='lat' dir='ltr'><strong>Filius</strong></span> <span class='ocrx_word' id='word_1_45' title='bbox 1793 761 1952 822; x_wconf 83' lang='lat' dir='ltr'><strong>Filii:</strong></span> 
     </span>
    </p>
   </div>
   <div class='ocr_carea' id='block_1_8' title="bbox 388 854 1961 926">
    <p class='ocr_par' dir='ltr' id='par_1_8' title="bbox 388 854 1961 926">
     <span class='ocr_line' id='line_1_8' title="bbox 388 854 1961 926; baseline -0.004 -14"><span class='ocrx_word' id='word_1_46' title='bbox 388 855 727 912; x_wconf 69' lang='lat' dir='ltr'><strong>manifestum</strong></span> <span class='ocrx_word' id='word_1_47' title='bbox 758 864 840 912; x_wconf 85' lang='lat' dir='ltr'><strong>est</strong></span> <span class='ocrx_word' id='word_1_48' title='bbox 871 854 1107 926; x_wconf 76' lang='lat' dir='ltr'><strong>Spiritus</strong></span> <span class='ocrx_word' id='word_1_49' title='bbox 1127 870 1192 911; x_wconf 82' lang='lat' dir='ltr'><strong>ex</strong></span> <span class='ocrx_word' id='word_1_50' title='bbox 1223 854 1359 910; x_wconf 84' lang='lat' dir='ltr'><strong>Filio</strong></span> <span class='ocrx_word' id='word_1_51' title='bbox 1383 868 1718 925; x_wconf 82' lang='lat' dir='ltr'><strong>processum.</strong></span> <span class='ocrx_word' id='word_1_52' title='bbox 1750 865 1807 908; x_wconf 85' lang='lat' dir='ltr'><strong>ut</strong></span> <span class='ocrx_word' id='word_1_53' title='bbox 1835 867 1961 922; x_wconf 77' lang='lat' dir='ltr'><strong>pro-</strong></span> 
     </span>
    </p>
   </div>
   <div class='ocr_carea' id='block_1_9' title="bbox 388 946 1959 1018">
    <p class='ocr_par' dir='ltr' id='par_1_9' title="bbox 388 946 1959 1018">
     <span class='ocr_line' id='line_1_9' title="bbox 388 946 1959 1018; baseline -0.004 -12"><span class='ocrx_word' id='word_1_54' title='bbox 388 949 630 1006; x_wconf 78' lang='lat' dir='ltr'><strong>cedentis</strong></span> <span class='ocrx_word' id='word_1_55' title='bbox 657 963 778 1004; x_wconf 87' lang='lat' dir='ltr'><strong>esse</strong></span> <span class='ocrx_word' id='word_1_56' title='bbox 803 963 820 1006; x_wconf 90' lang='lat'><strong>:</strong></span> <span class='ocrx_word' id='word_1_57' title='bbox 855 948 1121 1018; x_wconf 85' lang='lat' dir='ltr'><strong>simulque</strong></span> <span class='ocrx_word' id='word_1_58' title='bbox 1149 957 1445 1004; x_wconf 80' lang='lat' dir='ltr'><strong>constatcx</strong></span> <span class='ocrx_word' id='word_1_59' title='bbox 1476 946 1580 1012; x_wconf 82' lang='lat' dir='ltr'><strong>bis,</strong></span> <span class='ocrx_word' id='word_1_60' title='bbox 1609 946 1876 1017; x_wconf 54' lang='lat' dir='ltr'><strong>refulgere,</strong></span> <span class='ocrx_word' id='word_1_61' title='bbox 1904 952 1959 1000; x_wconf 87' lang='lat' dir='ltr'><strong>et</strong></span> 
     </span>
    </p>
   </div>
   <div class='ocr_carea' id='block_1_10' title="bbox 387 1040 1955 1112">
    <p class='ocr_par' dir='ltr' id='par_1_10' title="bbox 387 1040 1955 1112">
     <span class='ocr_line' id='line_1_10' title="bbox 387 1040 1955 1112; baseline -0.002 -17"><span class='ocrx_word' id='word_1_62' title='bbox 387 1043 657 1112; x_wconf 74' lang='lat' dir='ltr'><strong>profundi,</strong></span> <span class='ocrx_word' id='word_1_63' title='bbox 673 1050 726 1098; x_wconf 89' lang='lat' dir='ltr'><strong>et</strong></span> <span class='ocrx_word' id='word_1_64' title='bbox 749 1041 1172 1111; x_wconf 76' lang='lat' dir='ltr'><strong>proﬂuerr,quod</strong></span> <span class='ocrx_word' id='word_1_65' title='bbox 1195 1041 1412 1105; x_wconf 88' lang='lat' dir='ltr'><strong>dicitur,</strong></span> <span class='ocrx_word' id='word_1_66' title='bbox 1440 1055 1467 1093; x_wconf 91' lang='lat' dir='ltr'><strong>a</strong></span> <span class='ocrx_word' id='word_1_67' title='bbox 1495 1040 1630 1095; x_wconf 87' lang='lat' dir='ltr'><strong>Filio</strong></span> <span class='ocrx_word' id='word_1_68' title='bbox 1660 1040 1918 1110; x_wconf 87' lang='lat' dir='ltr'><strong>Spiritum</strong></span> <span class='ocrx_word' id='word_1_69' title='bbox 1941 1056 1955 1092; x_wconf 89' lang='lat'><strong>:</strong></span> 
     </span>
    </p>
   </div>
   <div class='ocr_carea' id='block_1_11' title="bbox 390 1128 1957 1204">
    <p class='ocr_par' dir='ltr' id='par_1_11' title="bbox 390 1128 1957 1204">
     <span class='ocr_line' id='line_1_11' title="bbox 390 1128 1957 1204; baseline -0.002 -15"><span class='ocrx_word' id='word_1_70' title='bbox 390 1135 562 1203; x_wconf 86' lang='lat' dir='ltr'><strong>ipsum</strong></span> <span class='ocrx_word' id='word_1_71' title='bbox 613 1149 678 1189; x_wconf 83' lang='lat' dir='ltr'><strong>ex</strong></span> <span class='ocrx_word' id='word_1_72' title='bbox 731 1135 895 1189; x_wconf 80' lang='lat' dir='ltr'><strong>Patre</strong></span> <span class='ocrx_word' id='word_1_73' title='bbox 951 1128 1369 1204; x_wconf 72' lang='lat' dir='ltr'><strong>procedentem,</strong></span> <span class='ocrx_word' id='word_1_74' title='bbox 1420 1133 1640 1188; x_wconf 89' lang='lat' dir='ltr'><strong>unicum</strong></span> <span class='ocrx_word' id='word_1_75' title='bbox 1699 1131 1957 1201; x_wconf 86' lang='lat' dir='ltr'><strong>Spiritum</strong></span> 
     </span>
    </p>
   </div>
   <div class='ocr_carea' id='block_1_12' title="bbox 393 1220 1960 1293">
    <p class='ocr_par' dir='ltr' id='par_1_12' title="bbox 393 1220 1960 1293">
     <span class='ocr_line' id='line_1_12' title="bbox 393 1220 1960 1293; baseline -0.001 -15"><span class='ocrx_word' id='word_1_76' title='bbox 393 1234 657 1291; x_wconf 84' lang='lat' dir='ltr'><strong>sanctum,</strong></span> <span class='ocrx_word' id='word_1_77' title='bbox 686 1239 794 1279; x_wconf 90' lang='lat' dir='ltr'><strong>non</strong></span> <span class='ocrx_word' id='word_1_78' title='bbox 826 1224 1022 1279; x_wconf 84' lang='lat' dir='ltr'><strong>donum</strong></span> <span class='ocrx_word' id='word_1_79' title='bbox 1049 1223 1266 1293; x_wconf 79' lang='lat' dir='ltr'><strong>aliquod</strong></span> <span class='ocrx_word' id='word_1_80' title='bbox 1303 1223 1421 1278; x_wconf 83' lang='lat' dir='ltr'><strong>sine</strong></span> <span class='ocrx_word' id='word_1_81' title='bbox 1451 1220 1756 1278; x_wconf 87' lang='lat' dir='ltr'><strong>substantia</strong></span> <span class='ocrx_word' id='word_1_82' title='bbox 1788 1222 1960 1292; x_wconf 66' lang='lat' dir='ltr'><strong>signi-</strong></span> 
     </span>
    </p>
   </div>
   <div class='ocr_carea' id='block_1_13' title="bbox 394 1313 1959 1387">
    <p class='ocr_par' dir='ltr' id='par_1_13' title="bbox 394 1313 1959 1387">
     <span class='ocr_line' id='line_1_13' title="bbox 394 1313 1959 1387; baseline -0.001 -14"><span class='ocrx_word' id='word_1_83' title='bbox 394 1318 579 1383; x_wconf 74' lang='lat' dir='ltr'><strong>ﬁcare,</strong></span> <span class='ocrx_word' id='word_1_84' title='bbox 607 1325 666 1371; x_wconf 86' lang='lat' dir='ltr'><strong>ut</strong></span> <span class='ocrx_word' id='word_1_85' title='bbox 697 1315 915 1387; x_wconf 82' lang='lat' dir='ltr'><strong>quidam</strong></span> <span class='ocrx_word' id='word_1_86' title='bbox 969 1316 1190 1383; x_wconf 84' lang='lat' dir='ltr'><strong>volunt;</strong></span> <span class='ocrx_word' id='word_1_87' title='bbox 1227 1317 1368 1371; x_wconf 85' lang='lat' dir='ltr'><strong>sicut</strong></span> <span class='ocrx_word' id='word_1_88' title='bbox 1420 1316 1566 1370; x_wconf 84' lang='lat' dir='ltr'><strong>enim</strong></span> <span class='ocrx_word' id='word_1_89' title='bbox 1625 1318 1740 1372; x_wconf 85' lang='lat' dir='ltr'><strong>sive</strong></span> <span class='ocrx_word' id='word_1_90' title='bbox 1763 1313 1959 1380; x_wconf 82' lang='lat' dir='ltr'><strong>Filius,</strong></span> 
     </span>
    </p>
   </div>
   <div class='ocr_carea' id='block_1_14' title="bbox 393 1407 1963 1480">
    <p class='ocr_par' dir='ltr' id='par_1_14' title="bbox 393 1407 1963 1480">
     <span class='ocr_line' id='line_1_14' title="bbox 393 1407 1963 1480; baseline 0 -15"><span class='ocrx_word' id='word_1_91' title='bbox 393 1410 510 1465; x_wconf 84' lang='lat' dir='ltr'><strong>sive</strong></span> <span class='ocrx_word' id='word_1_92' title='bbox 573 1409 806 1480; x_wconf 83' lang='lat' dir='ltr'><strong>Spiritus</strong></span> <span class='ocrx_word' id='word_1_93' title='bbox 868 1407 1161 1480; x_wconf 82' lang='lat' dir='ltr'><strong>eﬁ‘ulgere,</strong></span> <span class='ocrx_word' id='word_1_94' title='bbox 1213 1417 1265 1463; x_wconf 90' lang='lat' dir='ltr'><strong>et</strong></span> <span class='ocrx_word' id='word_1_95' title='bbox 1325 1408 1594 1478; x_wconf 81' lang='lat' dir='ltr'><strong>proﬂuere</strong></span> <span class='ocrx_word' id='word_1_96' title='bbox 1670 1424 1733 1465; x_wconf 76' lang='lat' dir='ltr'><strong>ex</strong></span> <span class='ocrx_word' id='word_1_97' title='bbox 1803 1409 1963 1466; x_wconf 83' lang='lat' dir='ltr'><strong>Patre</strong></span> 
     </span>
    </p>
   </div>
   <div class='ocr_carea' id='block_1_15' title="bbox 393 1501 1965 1570">
    <p class='ocr_par' dir='ltr' id='par_1_15' title="bbox 393 1501 1965 1570">
     <span class='ocr_line' id='line_1_15' title="bbox 393 1501 1965 1570; baseline -0.004 -14"><span class='ocrx_word' id='word_1_98' title='bbox 393 1503 606 1567; x_wconf 87' lang='lat' dir='ltr'><strong>dicitur,</strong></span> <span class='ocrx_word' id='word_1_99' title='bbox 641 1503 768 1569; x_wconf 69' lang='lat' dir='ltr'><strong>ipsa:</strong></span> <span class='ocrx_word' id='word_1_100' title='bbox 794 1514 1039 1570; x_wconf 68' lang='lat' dir='ltr'><strong>personae</strong></span> <span class='ocrx_word' id='word_1_101' title='bbox 1083 1501 1281 1554; x_wconf 64' lang='lat' dir='ltr'><strong>divinae</strong></span> <span class='ocrx_word' id='word_1_102' title='bbox 1331 1501 1617 1569; x_wconf 79' lang='lat' dir='ltr'><strong>signantur</strong></span> <span class='ocrx_word' id='word_1_103' title='bbox 1666 1503 1965 1569; x_wconf 86' lang='lat' dir='ltr'><strong>proceden.</strong></span> 
     </span>
    </p>
   </div>
   <div class='ocr_carea' id='block_1_16' title="bbox 287 1588 1963 1665">
    <p class='ocr_par' dir='ltr' id='par_1_16' title="bbox 287 1588 1963 1665">
     <span class='ocr_line' id='line_1_16' title="bbox 287 1588 1963 1665; baseline 0 -15"><span class='ocrx_word' id='word_1_104' title='bbox 287 1588 303 1594; x_wconf 77' lang='grc'><strong>’</strong></span> <span class='ocrx_word' id='word_1_105' title='bbox 395 1605 512 1652; x_wconf 89' lang='lat' dir='ltr'><strong>tes:</strong></span> <span class='ocrx_word' id='word_1_106' title='bbox 547 1596 616 1650; x_wconf 87' lang='lat' dir='ltr'><strong>ita</strong></span> <span class='ocrx_word' id='word_1_107' title='bbox 649 1606 703 1650; x_wconf 88' lang='lat' dir='ltr'><strong>et</strong></span> <span class='ocrx_word' id='word_1_108' title='bbox 747 1594 980 1663; x_wconf 78' lang='lat' dir='ltr'><strong>Spiritus</strong></span> <span class='ocrx_word' id='word_1_109' title='bbox 1023 1605 1053 1649; x_wconf 81' lang='lat' dir='ltr'><strong>a</strong></span> <span class='ocrx_word' id='word_1_110' title='bbox 1107 1592 1244 1647; x_wconf 83' lang='lat' dir='ltr'><strong>Filio</strong></span> <span class='ocrx_word' id='word_1_111' title='bbox 1297 1592 1569 1662; x_wconf 76' lang='lat' dir='ltr'><strong>profundi,</strong></span> <span class='ocrx_word' id='word_1_112' title='bbox 1601 1599 1658 1649; x_wconf 87' lang='lat' dir='ltr'><strong>et</strong></span> <span class='ocrx_word' id='word_1_113' title='bbox 1702 1594 1963 1665; x_wconf 77' lang='lat' dir='ltr'><strong>eﬂulgere</strong></span> 
     </span>
    </p>
   </div>
   <div class='ocr_carea' id='block_1_17' title="bbox 392 1684 1963 1754">
    <p class='ocr_par' dir='ltr' id='par_1_17' title="bbox 392 1684 1963 1754">
     <span class='ocr_line' id='line_1_17' title="bbox 392 1684 1963 1754; baseline -0.001 -12"><span class='ocrx_word' id='word_1_114' title='bbox 392 1702 516 1742; x_wconf 89' lang='lat' dir='ltr'><strong>cum</strong></span> <span class='ocrx_word' id='word_1_115' title='bbox 544 1687 758 1748; x_wconf 87' lang='lat' dir='ltr'><strong>dicitur,</strong></span> <span class='ocrx_word' id='word_1_116' title='bbox 791 1698 846 1740; x_wconf 91' lang='lat' dir='ltr'><strong>et</strong></span> <span class='ocrx_word' id='word_1_117' title='bbox 876 1685 1110 1740; x_wconf 81' lang='lat' dir='ltr'><strong>maxime</strong></span> <span class='ocrx_word' id='word_1_118' title='bbox 1158 1699 1282 1740; x_wconf 90' lang='lat' dir='ltr'><strong>cum</strong></span> <span class='ocrx_word' id='word_1_119' title='bbox 1323 1684 1402 1739; x_wconf 89' lang='lat' dir='ltr'><strong>sic</strong></span> <span class='ocrx_word' id='word_1_120' title='bbox 1429 1684 1720 1754; x_wconf 75' lang='lat' dir='ltr'><strong>coniuncte</strong></span> <span class='ocrx_word' id='word_1_121' title='bbox 1774 1697 1963 1754; x_wconf 86' lang='lat' dir='ltr'><strong>proce-</strong></span> 
     </span>
    </p>
   </div>
   <div class='ocr_carea' id='block_1_18' title="bbox 395 1776 1962 1847">
    <p class='ocr_par' dir='ltr' id='par_1_18' title="bbox 395 1776 1962 1847">
     <span class='ocr_line' id='line_1_18' title="bbox 395 1776 1962 1847; baseline 0 -13"><span class='ocrx_word' id='word_1_122' title='bbox 395 1781 525 1834; x_wconf 85' lang='lat' dir='ltr'><strong>dens</strong></span> <span class='ocrx_word' id='word_1_123' title='bbox 581 1794 645 1834; x_wconf 76' lang='lat' dir='ltr'><strong>ex</strong></span> <span class='ocrx_word' id='word_1_124' title='bbox 698 1777 856 1834; x_wconf 89' lang='lat' dir='ltr'><strong>Patre</strong></span> <span class='ocrx_word' id='word_1_125' title='bbox 896 1793 990 1847; x_wconf 90' lang='lat' dir='ltr'><strong>per</strong></span> <span class='ocrx_word' id='word_1_126' title='bbox 1032 1779 1226 1833; x_wconf 90' lang='lat' dir='ltr'><strong>Filium</strong></span> <span class='ocrx_word' id='word_1_127' title='bbox 1251 1776 1522 1846; x_wconf 77' lang='lat' dir='ltr'><strong>profundi,</strong></span> <span class='ocrx_word' id='word_1_128' title='bbox 1555 1791 1619 1833; x_wconf 90' lang='lat' dir='ltr'><strong>ac</strong></span> <span class='ocrx_word' id='word_1_129' title='bbox 1671 1780 1962 1846; x_wconf 84' lang='lat' dir='ltr'><strong>procedere</strong></span> 
     </span>
    </p>
   </div>
   <div class='ocr_carea' id='block_1_19' title="bbox 2065 571 2927 644">
    <p class='ocr_par' dir='ltr' id='par_1_19' title="bbox 2065 571 2927 644">
     <span class='ocr_line' id='line_1_19' title="bbox 2065 571 2927 644; baseline 0 -16"><span class='ocrx_word' id='word_1_130' title='bbox 2065 573 2160 628; x_wconf 86' lang='lat' dir='ltr'><strong>sed</strong></span> <span class='ocrx_word' id='word_1_131' title='bbox 2186 581 2242 628; x_wconf 82' lang='lat' dir='ltr'><strong>et</strong></span> <span class='ocrx_word' id='word_1_132' title='bbox 2273 571 2504 644; x_wconf 84' lang='lat' dir='ltr'><strong>Spiritus</strong></span> <span class='ocrx_word' id='word_1_133' title='bbox 2545 574 2787 630; x_wconf 80' lang='lat' dir='ltr'><strong>veritatis</strong></span> <span class='ocrx_word' id='word_1_134' title='bbox 2824 583 2927 629; x_wconf 86' lang='lat' dir='ltr'><strong>est.</strong></span> 
     </span>
    </p>
   </div>
   <div class='ocr_carea' id='block_1_20' title="bbox 2136 654 3640 738">
    <p class='ocr_par' dir='ltr' id='par_1_20' title="bbox 2136 654 3640 738">
     <span class='ocr_line' id='line_1_20' title="bbox 2136 654 3640 738; baseline -0.002 -20"><span class='ocrx_word' id='word_1_135' title='bbox 2136 664 2203 718; x_wconf 85' lang='lat' dir='ltr'><strong>Et</strong></span> <span class='ocrx_word' id='word_1_136' title='bbox 2238 668 2473 722; x_wconf 82' lang='lat' dir='ltr'><strong>mittitur</strong></span> <span class='ocrx_word' id='word_1_137' title='bbox 2507 654 2726 738; x_wconf 83' lang='lat' dir='ltr'><strong>quidem</strong></span> <span class='ocrx_word' id='word_1_138' title='bbox 2759 681 2787 720; x_wconf 89' lang='lat' dir='ltr'><strong>a</strong></span> <span class='ocrx_word' id='word_1_139' title='bbox 2820 667 3000 736; x_wconf 86' lang='lat' dir='ltr'><strong>Patre,</strong></span> <span class='ocrx_word' id='word_1_140' title='bbox 3034 666 3270 722; x_wconf 83' lang='lat' dir='ltr'><strong>mittitur</strong></span> <span class='ocrx_word' id='word_1_141' title='bbox 3303 674 3482 720; x_wconf 88' lang='lat' dir='ltr'><strong>autem</strong></span> <span class='ocrx_word' id='word_1_142' title='bbox 3522 672 3577 717; x_wconf 84' lang='lat' dir='ltr'><strong>et</strong></span> <span class='ocrx_word' id='word_1_143' title='bbox 3612 677 3640 715; x_wconf 88' lang='lat' dir='ltr'><strong>a</strong></span> 
     </span>
    </p>
   </div>
   <div class='ocr_carea' id='block_1_21' title="bbox 2065 757 3640 830">
    <p class='ocr_par' dir='ltr' id='par_1_21' title="bbox 2065 757 3640 830">
     <span class='ocr_line' id='line_1_21' title="bbox 2065 757 3640 830; baseline -0.002 -19"><span class='ocrx_word' id='word_1_144' title='bbox 2065 757 2246 822; x_wconf 79' lang='lat' dir='ltr'><strong>Filio;</strong></span> <span class='ocrx_word' id='word_1_145' title='bbox 2307 760 2505 829; x_wconf 85' lang='lat' dir='ltr'><strong>quippe</strong></span> <span class='ocrx_word' id='word_1_146' title='bbox 2564 761 2868 830; x_wconf 70' lang='lat' dir='ltr'><strong>aequaliter,</strong></span> <span class='ocrx_word' id='word_1_147' title='bbox 2907 776 2971 816; x_wconf 91' lang='lat' dir='ltr'><strong>ac</strong></span> <span class='ocrx_word' id='word_1_148' title='bbox 3026 769 3146 816; x_wconf 85' lang='lat' dir='ltr'><strong>sine</strong></span> <span class='ocrx_word' id='word_1_149' title='bbox 3179 757 3287 815; x_wconf 86' lang='lat' dir='ltr'><strong>ulla</strong></span> <span class='ocrx_word' id='word_1_150' title='bbox 3336 757 3640 813; x_wconf 70' lang='lat' dir='ltr'><strong>diﬂ&#39;ereutia</strong></span> 
     </span>
    </p>
   </div>
   <div class='ocr_carea' id='block_1_22' title="bbox 2066 849 3645 921">
    <p class='ocr_par' dir='ltr' id='par_1_22' title="bbox 2066 849 3645 921">
     <span class='ocr_line' id='line_1_22' title="bbox 2066 849 3645 921; baseline -0.003 -14"><span class='ocrx_word' id='word_1_151' title='bbox 2066 851 2378 907; x_wconf 88' lang='lat' dir='ltr'><strong>communia</strong></span> <span class='ocrx_word' id='word_1_152' title='bbox 2453 852 2642 919; x_wconf 84' lang='lat' dir='ltr'><strong>Patri,</strong></span> <span class='ocrx_word' id='word_1_153' title='bbox 2708 861 2761 908; x_wconf 91' lang='lat' dir='ltr'><strong>et</strong></span> <span class='ocrx_word' id='word_1_154' title='bbox 2845 852 2983 908; x_wconf 89' lang='lat' dir='ltr'><strong>Filio</strong></span> <span class='ocrx_word' id='word_1_155' title='bbox 3045 861 3171 908; x_wconf 90' lang='lat' dir='ltr'><strong>sunt</strong></span> <span class='ocrx_word' id='word_1_156' title='bbox 3245 865 3366 921; x_wconf 86' lang='lat' dir='ltr'><strong>quae</strong></span> <span class='ocrx_word' id='word_1_157' title='bbox 3420 849 3645 918; x_wconf 74' lang='lat' dir='ltr'><strong>singuiis</strong></span> 
     </span>
    </p>
   </div>
   <div class='ocr_carea' id='block_1_23' title="bbox 2067 941 3640 1013">
    <p class='ocr_par' dir='ltr' id='par_1_23' title="bbox 2067 941 3640 1013">
     <span class='ocr_line' id='line_1_23' title="bbox 2067 941 3640 1013; baseline -0.001 -19"><span class='ocrx_word' id='word_1_158' title='bbox 2067 955 2095 994; x_wconf 89' lang='lat' dir='ltr'><strong>a</strong></span> <span class='ocrx_word' id='word_1_159' title='bbox 2138 941 2405 1013; x_wconf 70' lang='lat' dir='ltr'><strong>theologia</strong></span> <span class='ocrx_word' id='word_1_160' title='bbox 2440 944 2810 1013; x_wconf 78' lang='lat' dir='ltr'><strong>aSSiguantur.</strong></span> <span class='ocrx_word' id='word_1_161' title='bbox 2844 944 3020 1013; x_wconf 81' lang='lat' dir='ltr'><strong>Atque</strong></span> <span class='ocrx_word' id='word_1_162' title='bbox 3078 941 3291 1012; x_wconf 74' lang='lat' dir='ltr'><strong>proﬂuit</strong></span> <span class='ocrx_word' id='word_1_163' title='bbox 3343 943 3558 1011; x_wconf 83' lang='lat' dir='ltr'><strong>quidem</strong></span> <span class='ocrx_word' id='word_1_164' title='bbox 3614 957 3640 992; x_wconf 85' lang='lat' dir='ltr'><strong>a</strong></span> 
     </span>
    </p>
   </div>
   <div class='ocr_carea' id='block_1_24' title="bbox 2065 1029 3642 1104">
    <p class='ocr_par' dir='ltr' id='par_1_24' title="bbox 2065 1029 3642 1104">
     <span class='ocr_line' id='line_1_24' title="bbox 2065 1029 3642 1104; baseline 0.001 -19"><span class='ocrx_word' id='word_1_165' title='bbox 2065 1029 2248 1099; x_wconf 86' lang='lat' dir='ltr'><strong>Patre,</strong></span> <span class='ocrx_word' id='word_1_166' title='bbox 2305 1035 2580 1104; x_wconf 89' lang='lat' dir='ltr'><strong>proprium</strong></span> <span class='ocrx_word' id='word_1_167' title='bbox 2634 1045 2816 1089; x_wconf 88' lang='lat' dir='ltr'><strong>autem</strong></span> <span class='ocrx_word' id='word_1_168' title='bbox 2853 1035 2977 1090; x_wconf 82' lang='lat' dir='ltr'><strong>Filii</strong></span> <span class='ocrx_word' id='word_1_169' title='bbox 3031 1045 3136 1100; x_wconf 86' lang='lat' dir='ltr'><strong>est,</strong></span> <span class='ocrx_word' id='word_1_170' title='bbox 3187 1042 3247 1090; x_wconf 92' lang='lat' dir='ltr'><strong>ut</strong></span> <span class='ocrx_word' id='word_1_171' title='bbox 3299 1042 3353 1088; x_wconf 89' lang='lat' dir='ltr'><strong>et</strong></span> <span class='ocrx_word' id='word_1_172' title='bbox 3406 1034 3472 1087; x_wconf 75' lang='lat' dir='ltr'><strong>alr</strong></span> <span class='ocrx_word' id='word_1_173' title='bbox 3522 1033 3642 1102; x_wconf 75' lang='lat' dir='ltr'><strong>ipsa</strong></span> 
     </span>
    </p>
   </div>
   <div class='ocr_carea' id='block_1_25' title="bbox 2067 1125 3646 1197">
    <p class='ocr_par' dir='ltr' id='par_1_25' title="bbox 2067 1125 3646 1197">
     <span class='ocr_line' id='line_1_25' title="bbox 2067 1125 3646 1197; baseline 0 -19"><span class='ocrx_word' id='word_1_174' title='bbox 2067 1135 2303 1192; x_wconf 75' lang='lat' dir='ltr'><strong>emanet.</strong></span> <span class='ocrx_word' id='word_1_175' title='bbox 2362 1125 2506 1181; x_wconf 80' lang='lat' dir='ltr'><strong>Fons</strong></span> <span class='ocrx_word' id='word_1_176' title='bbox 2559 1128 2704 1181; x_wconf 87' lang='lat' dir='ltr'><strong>enim</strong></span> <span class='ocrx_word' id='word_1_177' title='bbox 2753 1128 2925 1183; x_wconf 79' lang='lat' dir='ltr'><strong>sancti</strong></span> <span class='ocrx_word' id='word_1_178' title='bbox 2963 1128 3198 1197; x_wconf 85' lang='lat' dir='ltr'><strong>Spiritus</strong></span> <span class='ocrx_word' id='word_1_179' title='bbox 3254 1136 3307 1182; x_wconf 89' lang='lat' dir='ltr'><strong>et</strong></span> <span class='ocrx_word' id='word_1_180' title='bbox 3345 1125 3515 1180; x_wconf 86' lang='lat' dir='ltr'><strong>Filius</strong></span> <span class='ocrx_word' id='word_1_181' title='bbox 3577 1126 3646 1178; x_wconf 74' lang='lat' dir='ltr'><strong>ab</strong></span> 
     </span>
    </p>
   </div>
   <div class='ocr_carea' id='block_1_26' title="bbox 2048 1211 3642 1291">
    <p class='ocr_par' dir='ltr' id='par_1_26' title="bbox 2048 1211 3642 1291">
     <span class='ocr_line' id='line_1_26' title="bbox 2048 1211 3642 1291; baseline 0.001 -21"><span class='ocrx_word' id='word_1_182' title='bbox 2048 1217 2326 1275; x_wconf 77' lang='lat' dir='ltr'><strong>Ecclesia:</strong></span> <span class='ocrx_word' id='word_1_183' title='bbox 2389 1217 2662 1288; x_wconf 79' lang='lat' dir='ltr'><strong>magistris</strong></span> <span class='ocrx_word' id='word_1_184' title='bbox 2713 1221 3000 1276; x_wconf 84' lang='lat' dir='ltr'><strong>asseritur.</strong></span> <span class='ocrx_word' id='word_1_185' title='bbox 3061 1211 3126 1275; x_wconf 78' lang='lat' dir='ltr'><strong>Et</strong></span> <span class='ocrx_word' id='word_1_186' title='bbox 3194 1220 3362 1276; x_wconf 78' lang='lat' dir='ltr'><strong>habet</strong></span> <span class='ocrx_word' id='word_1_187' title='bbox 3425 1221 3642 1291; x_wconf 83' lang='lat' dir='ltr'><strong>quidem</strong></span> 
     </span>
    </p>
   </div>
   <div class='ocr_carea' id='block_1_27' title="bbox 2065 1309 3642 1381">
    <p class='ocr_par' dir='ltr' id='par_1_27' title="bbox 2065 1309 3642 1381">
     <span class='ocr_line' id='line_1_27' title="bbox 2065 1309 3642 1381; baseline -0.001 -17"><span class='ocrx_word' id='word_1_188' title='bbox 2065 1309 2386 1366; x_wconf 70' lang='lat' dir='ltr'><strong>substantiae</strong></span> <span class='ocrx_word' id='word_1_189' title='bbox 2442 1325 2660 1369; x_wconf 84' lang='lat' dir='ltr'><strong>causam</strong></span> <span class='ocrx_word' id='word_1_190' title='bbox 2715 1327 2782 1368; x_wconf 85' lang='lat' dir='ltr'><strong>ex</strong></span> <span class='ocrx_word' id='word_1_191' title='bbox 2821 1313 3115 1381; x_wconf 27' lang='lat' dir='ltr'><strong>,primitivo</strong></span> <span class='ocrx_word' id='word_1_192' title='bbox 3163 1314 3390 1378; x_wconf 74' lang='lat' dir='ltr'><strong>lumine;</strong></span> <span class='ocrx_word' id='word_1_193' title='bbox 3428 1312 3642 1381; x_wconf 76' lang='lat' dir='ltr'><strong>eﬂ‘ulget</strong></span> 
     </span>
    </p>
   </div>
   <div class='ocr_carea' id='block_1_28' title="bbox 2067 1403 3644 1474">
    <p class='ocr_par' dir='ltr' id='par_1_28' title="bbox 2067 1403 3644 1474">
     <span class='ocr_line' id='line_1_28' title="bbox 2067 1403 3644 1474; baseline 0 -20"><span class='ocrx_word' id='word_1_194' title='bbox 2067 1415 2198 1456; x_wconf 87' lang='lat' dir='ltr'><strong>vero</strong></span> <span class='ocrx_word' id='word_1_195' title='bbox 2231 1417 2328 1470; x_wconf 90' lang='lat' dir='ltr'><strong>per</strong></span> <span class='ocrx_word' id='word_1_196' title='bbox 2356 1403 2715 1473; x_wconf 79' lang='lat' dir='ltr'><strong>unigenitum,</strong></span> <span class='ocrx_word' id='word_1_197' title='bbox 2741 1403 2996 1474; x_wconf 86' lang='lat' dir='ltr'><strong>quoniam</strong></span> <span class='ocrx_word' id='word_1_198' title='bbox 3028 1419 3122 1472; x_wconf 85' lang='lat' dir='ltr'><strong>per</strong></span> <span class='ocrx_word' id='word_1_199' title='bbox 3149 1405 3326 1470; x_wconf 87' lang='lat' dir='ltr'><strong>ipsum</strong></span> <span class='ocrx_word' id='word_1_200' title='bbox 3351 1415 3453 1464; x_wconf 87' lang='lat' dir='ltr'><strong>est,</strong></span> <span class='ocrx_word' id='word_1_201' title='bbox 3474 1412 3644 1471; x_wconf 81' lang='lat' dir='ltr'><strong>atque</strong></span> 
     </span>
    </p>
   </div>
   <div class='ocr_carea' id='block_1_29' title="bbox 2066 1492 3639 1566">
    <p class='ocr_par' dir='ltr' id='par_1_29' title="bbox 2066 1492 3639 1566">
     <span class='ocr_line' id='line_1_29' title="bbox 2066 1492 3639 1566; baseline -0.001 -17"><span class='ocrx_word' id='word_1_202' title='bbox 2066 1504 2166 1561; x_wconf 87' lang='lat' dir='ltr'><strong>per</strong></span> <span class='ocrx_word' id='word_1_203' title='bbox 2195 1492 2395 1549; x_wconf 82' lang='lat' dir='ltr'><strong>Filium</strong></span> <span class='ocrx_word' id='word_1_204' title='bbox 2429 1496 2573 1566; x_wconf 88' lang='lat' dir='ltr'><strong>quod</strong></span> <span class='ocrx_word' id='word_1_205' title='bbox 2610 1497 2828 1563; x_wconf 90' lang='lat' dir='ltr'><strong>dicitur,</strong></span> <span class='ocrx_word' id='word_1_206' title='bbox 2870 1503 2924 1552; x_wconf 92' lang='lat' dir='ltr'><strong>et</strong></span> <span class='ocrx_word' id='word_1_207' title='bbox 2959 1497 3072 1566; x_wconf 81' lang='lat' dir='ltr'><strong>ipse</strong></span> <span class='ocrx_word' id='word_1_208' title='bbox 3113 1495 3279 1552; x_wconf 86' lang='lat' dir='ltr'><strong>Filius</strong></span> <span class='ocrx_word' id='word_1_209' title='bbox 3313 1496 3379 1550; x_wconf 89' lang='lat' dir='ltr'><strong>ad</strong></span> <span class='ocrx_word' id='word_1_210' title='bbox 3421 1495 3639 1551; x_wconf 79' lang='lat' dir='ltr'><strong>Patrem</strong></span> 
     </span>
    </p>
   </div>
   <div class='ocr_carea' id='block_1_30' title="bbox 2069 1585 2422 1641">
    <p class='ocr_par' dir='ltr' id='par_1_30' title="bbox 2069 1585 2422 1641">
     <span class='ocr_line' id='line_1_30' title="bbox 2069 1585 2422 1641; baseline 0.003 -2"><span class='ocrx_word' id='word_1_211' title='bbox 2069 1585 2422 1641; x_wconf 67' lang='lat' dir='ltr'><strong>reducuntur.</strong></span> 
     </span>
    </p>
   </div>
   <div class='ocr_carea' id='block_1_31' title="bbox 2141 1675 3642 1748">
    <p class='ocr_par' dir='ltr' id='par_1_31' title="bbox 2141 1675 3642 1748">
     <span class='ocr_line' id='line_1_31' title="bbox 2141 1675 3642 1748; baseline 0.001 -18"><span class='ocrx_word' id='word_1_212' title='bbox 2141 1675 2203 1730; x_wconf 88' lang='lat' dir='ltr'><strong>Et</strong></span> <span class='ocrx_word' id='word_1_213' title='bbox 2235 1676 2409 1732; x_wconf 91' lang='lat' dir='ltr'><strong>dictus</strong></span> <span class='ocrx_word' id='word_1_214' title='bbox 2436 1680 2785 1748; x_wconf 87' lang='lat' dir='ltr'><strong>estquidem,</strong></span> <span class='ocrx_word' id='word_1_215' title='bbox 2825 1693 2853 1732; x_wconf 92' lang='lat' dir='ltr'><strong>a</strong></span> <span class='ocrx_word' id='word_1_216' title='bbox 2905 1679 3061 1733; x_wconf 79' lang='lat' dir='ltr'><strong>Patre</strong></span> <span class='ocrx_word' id='word_1_217' title='bbox 3095 1679 3408 1746; x_wconf 83' lang='lat' dir='ltr'><strong>procedere,</strong></span> <span class='ocrx_word' id='word_1_218' title='bbox 3451 1693 3642 1747; x_wconf 58' lang='lat' dir='ltr'><strong>procey</strong></span> 
     </span>
    </p>
   </div>
   <div class='ocr_carea' id='block_1_32' title="bbox 2071 1767 3643 1841">
    <p class='ocr_par' dir='ltr' id='par_1_32' title="bbox 2071 1767 3643 1841">
     <span class='ocr_line' id='line_1_32' title="bbox 2071 1767 3643 1841; baseline 0.004 -22"><span class='ocrx_word' id='word_1_219' title='bbox 2071 1769 2146 1821; x_wconf 88' lang='lat' dir='ltr'><strong>dit</strong></span> <span class='ocrx_word' id='word_1_220' title='bbox 2173 1779 2301 1822; x_wconf 88' lang='lat' dir='ltr'><strong>vero</strong></span> <span class='ocrx_word' id='word_1_221' title='bbox 2327 1783 2422 1836; x_wconf 91' lang='lat' dir='ltr'><strong>per</strong></span> <span class='ocrx_word' id='word_1_222' title='bbox 2443 1767 2660 1826; x_wconf 86' lang='lat' dir='ltr'><strong>Filium.</strong></span> <span class='ocrx_word' id='word_1_223' title='bbox 2695 1769 2939 1841; x_wconf 83' lang='lat' dir='ltr'><strong>Namque</strong></span> <span class='ocrx_word' id='word_1_224' title='bbox 2963 1783 3026 1826; x_wconf 71' lang='lat' dir='ltr'><strong>ex</strong></span> <span class='ocrx_word' id='word_1_225' title='bbox 3055 1769 3218 1825; x_wconf 85' lang='lat' dir='ltr'><strong>Patre</strong></span> <span class='ocrx_word' id='word_1_226' title='bbox 3246 1772 3388 1840; x_wconf 87' lang='lat' dir='ltr'><strong>quod</strong></span> <span class='ocrx_word' id='word_1_227' title='bbox 3422 1772 3643 1834; x_wconf 85' lang='lat' dir='ltr'><strong>dicitur,</strong></span> 
     </span>
    </p>
   </div>
   <div class='ocr_carea' id='block_1_33' title="bbox 397 1842 1965 1942">
    <p class='ocr_par' dir='ltr' id='par_1_33' title="bbox 397 1842 1957 1942">
     <span class='ocr_line' id='line_1_33' title="bbox 397 1842 1957 1942; baseline 0.001 -19"><span class='ocrx_word' id='word_1_228' title='bbox 397 1874 641 1938; x_wconf 83' lang='lat' dir='ltr'><strong>dicatur,</strong></span> <span class='ocrx_word' id='word_1_229' title='bbox 678 1873 790 1942; x_wconf 88' lang='lat' dir='ltr'><strong>ipsa</strong></span> <span class='ocrx_word' id='word_1_230' title='bbox 824 1842 1006 1927; x_wconf 80' lang='lat' dir='ltr'><strong>divina</strong></span> <span class='ocrx_word' id='word_1_231' title='bbox 1060 1842 1292 1942; x_wconf 81' lang='lat' dir='ltr'><strong>persona</strong></span> <span class='ocrx_word' id='word_1_232' title='bbox 1345 1869 1582 1940; x_wconf 82' lang='lat' dir='ltr'><strong>Spiritus</strong></span> <span class='ocrx_word' id='word_1_233' title='bbox 1629 1842 1957 1926; x_wconf 79' lang='lat' dir='ltr'><strong>insinuatur.</strong></span> 
     </span>
    </p>
   </div>
   <div class='ocr_carea' id='block_1_34' title="bbox 2071 1842 3646 1942">
    <p class='ocr_par' dir='ltr' id='par_1_34' title="bbox 2071 1857 3646 1933">
     <span class='ocr_line' id='line_1_34' title="bbox 2071 1857 3646 1933; baseline 0.004 -22"><span class='ocrx_word' id='word_1_234' title='bbox 2071 1858 2212 1926; x_wconf 78' lang='lat' dir='ltr'><strong>iuxta</strong></span> <span class='ocrx_word' id='word_1_235' title='bbox 2249 1857 2468 1915; x_wconf 86' lang='lat' dir='ltr'><strong>Patrum</strong></span> <span class='ocrx_word' id='word_1_236' title='bbox 2505 1863 2852 1928; x_wconf 74' lang='lat' dir='ltr'><strong>sententiam,</strong></span> <span class='ocrx_word' id='word_1_237' title='bbox 2885 1863 3047 1916; x_wconf 83' lang='lat' dir='ltr'><strong>etiam</strong></span> <span class='ocrx_word' id='word_1_238' title='bbox 3104 1877 3202 1932; x_wconf 90' lang='lat' dir='ltr'><strong>per</strong></span> <span class='ocrx_word' id='word_1_239' title='bbox 3241 1861 3435 1917; x_wconf 79' lang='lat' dir='ltr'><strong>Filium</strong></span> <span class='ocrx_word' id='word_1_240' title='bbox 3465 1865 3646 1933; x_wconf 83' lang='lat' dir='ltr'><strong>sequi-</strong></span> 
     </span>
    </p>
   </div>
   <div class='ocr_carea' id='block_1_35' title="bbox 397 1959 1967 2030">
    <p class='ocr_par' dir='ltr' id='par_1_35' title="bbox 397 1959 1967 2030">
     <span class='ocr_line' id='line_1_35' title="bbox 397 1959 1967 2030; baseline 0.001 -14"><span class='ocrx_word' id='word_1_241' title='bbox 397 1960 781 2018; x_wconf 76' lang='lat' dir='ltr'><strong>Procedentem</strong></span> <span class='ocrx_word' id='word_1_242' title='bbox 832 1961 978 2017; x_wconf 78' lang='lat' dir='ltr'><strong>enim</strong></span> <span class='ocrx_word' id='word_1_243' title='bbox 1007 1975 1070 2014; x_wconf 79' lang='lat' dir='ltr'><strong>ex</strong></span> <span class='ocrx_word' id='word_1_244' title='bbox 1114 1960 1271 2016; x_wconf 87' lang='lat' dir='ltr'><strong>Patre</strong></span> <span class='ocrx_word' id='word_1_245' title='bbox 1323 1959 1616 2030; x_wconf 86' lang='lat' dir='ltr'><strong>Spiritum,</strong></span> <span class='ocrx_word' id='word_1_246' title='bbox 1649 1966 1810 2017; x_wconf 87' lang='lat' dir='ltr'><strong>nemo</strong></span> <span class='ocrx_word' id='word_1_247' title='bbox 1847 1961 1967 2018; x_wconf 88' lang='lat' dir='ltr'><strong>sine</strong></span> 
     </span>
    </p>
   </div>
   <div class='ocr_carea' id='block_1_36' title="bbox 398 2055 1966 2128">
    <p class='ocr_par' dir='ltr' id='par_1_36' title="bbox 398 2055 1966 2128">
     <span class='ocr_line' id='line_1_36' title="bbox 398 2055 1966 2128; baseline 0.002 -20"><span class='ocrx_word' id='word_1_248' title='bbox 398 2055 694 2110; x_wconf 82' lang='lat' dir='ltr'><strong>substantia</strong></span> <span class='ocrx_word' id='word_1_249' title='bbox 742 2055 921 2111; x_wconf 82' lang='lat' dir='ltr'><strong>dicere</strong></span> <span class='ocrx_word' id='word_1_250' title='bbox 949 2055 1249 2126; x_wconf 65' lang='lat' dir='ltr'><strong>praesumit,</strong></span> <span class='ocrx_word' id='word_1_251' title='bbox 1284 2055 1390 2111; x_wconf 90' lang='lat' dir='ltr'><strong>nisi</strong></span> <span class='ocrx_word' id='word_1_252' title='bbox 1430 2056 1554 2128; x_wconf 85' lang='lat' dir='ltr'><strong>quis</strong></span> <span class='ocrx_word' id='word_1_253' title='bbox 1588 2055 1966 2127; x_wconf 83' lang='lat' dir='ltr'><strong>biasphemare</strong></span> 
     </span>
    </p>
   </div>
   <div class='ocr_carea' id='block_1_37' title="bbox 399 2147 548 2202">
    <p class='ocr_par' dir='ltr' id='par_1_37' title="bbox 399 2147 548 2202">
     <span class='ocr_line' id='line_1_37' title="bbox 399 2147 548 2202; baseline 0.007 -4"><span class='ocrx_word' id='word_1_254' title='bbox 399 2147 548 2202; x_wconf 79' lang='lat' dir='ltr'><strong>velit.</strong></span> 
     </span>
    </p>
   </div>
   <div class='ocr_carea' id='block_1_38' title="bbox 471 2257 1965 2329">
    <p class='ocr_par' dir='ltr' id='par_1_38' title="bbox 471 2257 1965 2329">
     <span class='ocr_line' id='line_1_38' title="bbox 471 2257 1965 2329; baseline 0.003 -17"><span class='ocrx_word' id='word_1_255' title='bbox 471 2257 604 2312; x_wconf 84' lang='lat' dir='ltr'><strong>Illud</strong></span> <span class='ocrx_word' id='word_1_256' title='bbox 633 2267 834 2322; x_wconf 73' lang='lat' dir='ltr'><strong>autem;</strong></span> <span class='ocrx_word' id='word_1_257' title='bbox 864 2257 1006 2328; x_wconf 85' lang='lat' dir='ltr'><strong>quod</strong></span> <span class='ocrx_word' id='word_1_258' title='bbox 1042 2257 1259 2329; x_wconf 88' lang='lat' dir='ltr'><strong>quidam</strong></span> <span class='ocrx_word' id='word_1_259' title='bbox 1295 2260 1469 2327; x_wconf 87' lang='lat' dir='ltr'><strong>aiunt,</strong></span> <span class='ocrx_word' id='word_1_260' title='bbox 1497 2269 1716 2316; x_wconf 88' lang='lat' dir='ltr'><strong>sanctos</strong></span> <span class='ocrx_word' id='word_1_261' title='bbox 1760 2261 1965 2326; x_wconf 86' lang='lat' dir='ltr'><strong>dicere,</strong></span> 
     </span>
    </p>
   </div>
   <div class='ocr_carea' id='block_1_39' title="bbox 401 2348 1964 2421">
    <p class='ocr_par' dir='ltr' id='par_1_39' title="bbox 401 2348 1964 2421">
     <span class='ocr_line' id='line_1_39' title="bbox 401 2348 1964 2421; baseline 0.002 -16"><span class='ocrx_word' id='word_1_262' title='bbox 401 2349 656 2420; x_wconf 88' lang='lat' dir='ltr'><strong>Spiritum</strong></span> <span class='ocrx_word' id='word_1_263' title='bbox 703 2361 955 2406; x_wconf 87' lang='lat' dir='ltr'><strong>sanctum</strong></span> <span class='ocrx_word' id='word_1_264' title='bbox 1007 2352 1299 2420; x_wconf 89' lang='lat' dir='ltr'><strong>procedere</strong></span> <span class='ocrx_word' id='word_1_265' title='bbox 1333 2348 1553 2421; x_wconf 84' lang='lat' dir='ltr'><strong>quidem</strong></span> <span class='ocrx_word' id='word_1_266' title='bbox 1595 2368 1661 2408; x_wconf 78' lang='lat' dir='ltr'><strong>ex</strong></span> <span class='ocrx_word' id='word_1_267' title='bbox 1701 2352 1881 2417; x_wconf 83' lang='lat' dir='ltr'><strong>Patre,</strong></span> <span class='ocrx_word' id='word_1_268' title='bbox 1934 2368 1964 2408; x_wconf 88' lang='lat' dir='ltr'><strong>a</strong></span> 
     </span>
    </p>
   </div>
   <div class='ocr_carea' id='block_1_40' title="bbox 406 2444 1966 2519">
    <p class='ocr_par' dir='ltr' id='par_1_40' title="bbox 406 2444 1966 2519">
     <span class='ocr_line' id='line_1_40' title="bbox 406 2444 1966 2519; baseline 0.001 -19"><span class='ocrx_word' id='word_1_269' title='bbox 406 2445 540 2501; x_wconf 79' lang='lat' dir='ltr'><strong>Filio</strong></span> <span class='ocrx_word' id='word_1_270' title='bbox 587 2455 765 2500; x_wconf 89' lang='lat' dir='ltr'><strong>autem</strong></span> <span class='ocrx_word' id='word_1_271' title='bbox 802 2444 1052 2516; x_wconf 82' lang='lat' dir='ltr'><strong>profundi</strong></span> <span class='ocrx_word' id='word_1_272' title='bbox 1081 2457 1174 2513; x_wconf 87' lang='lat' dir='ltr'><strong>;et</strong></span> <span class='ocrx_word' id='word_1_273' title='bbox 1233 2462 1474 2513; x_wconf 87' lang='lat' dir='ltr'><strong>rursum,</strong></span> <span class='ocrx_word' id='word_1_274' title='bbox 1519 2450 1814 2518; x_wconf 88' lang='lat' dir='ltr'><strong>procedere</strong></span> <span class='ocrx_word' id='word_1_275' title='bbox 1842 2451 1966 2519; x_wconf 90' lang='lat' dir='ltr'><strong>qui-</strong></span> 
     </span>
    </p>
   </div>
   <div class='ocr_carea' id='block_1_41' title="bbox 413 2537 1964 2612">
    <p class='ocr_par' dir='ltr' id='par_1_41' title="bbox 413 2537 1964 2612">
     <span class='ocr_line' id='line_1_41' title="bbox 413 2537 1964 2612; baseline 0.005 -22"><span class='ocrx_word' id='word_1_276' title='bbox 413 2538 523 2591; x_wconf 92' lang='lat' dir='ltr'><strong>dem</strong></span> <span class='ocrx_word' id='word_1_277' title='bbox 550 2553 608 2592; x_wconf 82' lang='lat' dir='ltr'><strong>ex</strong></span> <span class='ocrx_word' id='word_1_278' title='bbox 640 2537 820 2605; x_wconf 85' lang='lat' dir='ltr'><strong>Patre,</strong></span> <span class='ocrx_word' id='word_1_279' title='bbox 852 2539 921 2594; x_wconf 84' lang='lat' dir='ltr'><strong>ab</strong></span> <span class='ocrx_word' id='word_1_280' title='bbox 950 2553 1015 2595; x_wconf 90' lang='lat' dir='ltr'><strong>eo</strong></span> <span class='ocrx_word' id='word_1_281' title='bbox 1039 2549 1219 2594; x_wconf 88' lang='lat' dir='ltr'><strong>autem</strong></span> <span class='ocrx_word' id='word_1_282' title='bbox 1258 2539 1537 2612; x_wconf 81' lang='lat' dir='ltr'><strong>elIulgere,</strong></span> <span class='ocrx_word' id='word_1_283' title='bbox 1559 2541 1646 2596; x_wconf 83' lang='lat' dir='ltr'><strong>vel</strong></span> <span class='ocrx_word' id='word_1_284' title='bbox 1688 2541 1964 2612; x_wconf 86' lang='lat' dir='ltr'><strong>proprium</strong></span> 
     </span>
    </p>
   </div>
   <div class='ocr_carea' id='block_1_42' title="bbox 413 2622 1968 2705">
    <p class='ocr_par' dir='ltr' id='par_1_42' title="bbox 413 2622 1968 2705">
     <span class='ocr_line' id='line_1_42' title="bbox 413 2622 1968 2705; baseline 0.004 -23"><span class='ocrx_word' id='word_1_285' title='bbox 413 2629 569 2697; x_wconf 88' lang='lat' dir='ltr'><strong>ipsius</strong></span> <span class='ocrx_word' id='word_1_286' title='bbox 616 2645 759 2694; x_wconf 86' lang='lat' dir='ltr'><strong>esse,</strong></span> <span class='ocrx_word' id='word_1_287' title='bbox 796 2630 882 2686; x_wconf 85' lang='lat' dir='ltr'><strong>vel</strong></span> <span class='ocrx_word' id='word_1_288' title='bbox 940 2645 1048 2685; x_wconf 90' lang='lat' dir='ltr'><strong>non</strong></span> <span class='ocrx_word' id='word_1_289' title='bbox 1084 2632 1345 2698; x_wconf 88' lang='lat' dir='ltr'><strong>alienum,</strong></span> <span class='ocrx_word' id='word_1_290' title='bbox 1379 2641 1434 2688; x_wconf 87' lang='lat' dir='ltr'><strong>et</strong></span> <span class='ocrx_word' id='word_1_291' title='bbox 1482 2648 1602 2702; x_wconf 59' lang='lat' dir='ltr'><strong>quae</strong></span> <span class='ocrx_word' id='word_1_292' title='bbox 1641 2633 1768 2688; x_wconf 90' lang='lat' dir='ltr'><strong>talia</strong></span> <span class='ocrx_word' id='word_1_293' title='bbox 1804 2653 1817 2689; x_wconf 91' lang='lat'><strong>:</strong></span> <span class='ocrx_word' id='word_1_294' title='bbox 1871 2622 1968 2705; x_wconf 83' lang='lat' dir='ltr'><strong>per</strong></span> 
     </span>
    </p>
   </div>
   <div class='ocr_carea' id='block_1_43' title="bbox 408 2723 1968 2798">
    <p class='ocr_par' dir='ltr' id='par_1_43' title="bbox 408 2723 1968 2798">
     <span class='ocr_line' id='line_1_43' title="bbox 408 2723 1968 2798; baseline 0.003 -22"><span class='ocrx_word' id='word_1_295' title='bbox 408 2723 504 2778; x_wconf 73' lang='lat' dir='ltr'><strong>llas</strong></span> <span class='ocrx_word' id='word_1_296' title='bbox 549 2723 958 2791; x_wconf 74' lang='lat' dir='ltr'><strong>coniunctiones</strong></span> <span class='ocrx_word' id='word_1_297' title='bbox 1003 2725 1357 2791; x_wconf 81' lang='lat' dir='ltr'><strong>connexivas,</strong></span> <span class='ocrx_word' id='word_1_298' title='bbox 1392 2727 1803 2782; x_wconf 87' lang='lat' dir='ltr'><strong>substantiaiem</strong></span> <span class='ocrx_word' id='word_1_299' title='bbox 1848 2727 1968 2798; x_wconf 87' lang='lat' dir='ltr'><strong>Spi-</strong></span> 
     </span>
    </p>
   </div>
   <div class='ocr_carea' id='block_1_44' title="bbox 407 2814 1970 2888">
    <p class='ocr_par' dir='ltr' id='par_1_44' title="bbox 407 2814 1970 2888">
     <span class='ocr_line' id='line_1_44' title="bbox 407 2814 1970 2888; baseline 0.002 -19"><span class='ocrx_word' id='word_1_300' title='bbox 407 2818 547 2872; x_wconf 85' lang='lat' dir='ltr'><strong>ritus</strong></span> <span class='ocrx_word' id='word_1_301' title='bbox 585 2830 895 2884; x_wconf 89' lang='lat' dir='ltr'><strong>processum</strong></span> <span class='ocrx_word' id='word_1_302' title='bbox 957 2814 1093 2871; x_wconf 85' lang='lat' dir='ltr'><strong>Filio</strong></span> <span class='ocrx_word' id='word_1_303' title='bbox 1127 2816 1401 2881; x_wconf 87' lang='lat' dir='ltr'><strong>tollentes,</strong></span> <span class='ocrx_word' id='word_1_304' title='bbox 1461 2817 1715 2888; x_wconf 85' lang='lat' dir='ltr'><strong>Patrique</strong></span> <span class='ocrx_word' id='word_1_305' title='bbox 1767 2820 1970 2874; x_wconf 81' lang='lat' dir='ltr'><strong>solutu-</strong></span> 
     </span>
    </p>
   </div>
   <div class='ocr_carea' id='block_1_45' title="bbox 408 2909 1966 2974">
    <p class='ocr_par' dir='ltr' id='par_1_45' title="bbox 408 2909 1966 2974">
     <span class='ocr_line' id='line_1_45' title="bbox 408 2909 1966 2974; baseline 0.004 -12"><span class='ocrx_word' id='word_1_306' title='bbox 408 2910 564 2962; x_wconf 88' lang='lat' dir='ltr'><strong>modo</strong></span> <span class='ocrx_word' id='word_1_307' title='bbox 609 2909 752 2964; x_wconf 90' lang='lat' dir='ltr'><strong>hunc</strong></span> <span class='ocrx_word' id='word_1_308' title='bbox 787 2909 1166 2974; x_wconf 82' lang='lat' dir='ltr'><strong>attribuentes,</strong></span> <span class='ocrx_word' id='word_1_309' title='bbox 1208 2911 1435 2964; x_wconf 78' lang='lat' dir='ltr'><strong>munitio</strong></span> <span class='ocrx_word' id='word_1_310' title='bbox 1484 2911 1815 2967; x_wconf 87' lang='lat' dir='ltr'><strong>imbecillum</strong></span> <span class='ocrx_word' id='word_1_311' title='bbox 1864 2924 1966 2969; x_wconf 89' lang='lat' dir='ltr'><strong>cst.</strong></span> 
     </span>
    </p>
   </div>
   <div class='ocr_carea' id='block_1_46' title="bbox 407 3003 1966 3077">
    <p class='ocr_par' dir='ltr' id='par_1_46' title="bbox 407 3003 1966 3077">
     <span class='ocr_line' id='line_1_46' title="bbox 407 3003 1966 3077; baseline 0.004 -20"><span class='ocrx_word' id='word_1_312' title='bbox 407 3003 718 3076; x_wconf 87' lang='lat' dir='ltr'><strong>liujusmodi</strong></span> <span class='ocrx_word' id='word_1_313' title='bbox 784 3005 983 3076; x_wconf 89' lang='lat' dir='ltr'><strong>quippe</strong></span> <span class='ocrx_word' id='word_1_314' title='bbox 1051 3005 1263 3062; x_wconf 90' lang='lat' dir='ltr'><strong>illorum</strong></span> <span class='ocrx_word' id='word_1_315' title='bbox 1334 3023 1484 3062; x_wconf 88' lang='lat' dir='ltr'><strong>meus</strong></span> <span class='ocrx_word' id='word_1_316' title='bbox 1553 3018 1636 3063; x_wconf 89' lang='lat' dir='ltr'><strong>est</strong></span> <span class='ocrx_word' id='word_1_317' title='bbox 1712 3011 1966 3077; x_wconf 88' lang='lat' dir='ltr'><strong>quoniam</strong></span> 
     </span>
    </p>
   </div>
   <div class='ocr_carea' id='block_1_47' title="bbox 404 3101 1970 3172">
    <p class='ocr_par' dir='ltr' id='par_1_47' title="bbox 404 3101 1970 3172">
     <span class='ocr_line' id='line_1_47' title="bbox 404 3101 1970 3172; baseline 0.003 -18"><span class='ocrx_word' id='word_1_318' title='bbox 404 3103 602 3155; x_wconf 74' lang='lat' dir='ltr'><strong>dicitur</strong></span> <span class='ocrx_word' id='word_1_319' title='bbox 635 3101 850 3170; x_wconf 83' lang='lat' dir='ltr'><strong>quidem</strong></span> <span class='ocrx_word' id='word_1_320' title='bbox 890 3101 1123 3170; x_wconf 86' lang='lat' dir='ltr'><strong>Spiritus</strong></span> <span class='ocrx_word' id='word_1_321' title='bbox 1165 3117 1230 3156; x_wconf 73' lang='lat' dir='ltr'><strong>ex</strong></span> <span class='ocrx_word' id='word_1_322' title='bbox 1271 3101 1431 3157; x_wconf 89' lang='lat' dir='ltr'><strong>Patre</strong></span> <span class='ocrx_word' id='word_1_323' title='bbox 1449 3101 1777 3172; x_wconf 82' lang='lat' dir='ltr'><strong>procedere,</strong></span> <span class='ocrx_word' id='word_1_324' title='bbox 1827 3105 1970 3159; x_wconf 89' lang='lat' dir='ltr'><strong>unde</strong></span> 
     </span>
    </p>
   </div>
   <div class='ocr_carea' id='block_1_48' title="bbox 403 3194 1964 3264">
    <p class='ocr_par' dir='ltr' id='par_1_48' title="bbox 403 3194 1964 3264">
     <span class='ocr_line' id='line_1_48' title="bbox 403 3194 1964 3264; baseline 0.001 -15"><span class='ocrx_word' id='word_1_325' title='bbox 403 3195 692 3249; x_wconf 83' lang='lat' dir='ltr'><strong>secundum</strong></span> <span class='ocrx_word' id='word_1_326' title='bbox 725 3195 1012 3250; x_wconf 85' lang='lat' dir='ltr'><strong>essentiam</strong></span> <span class='ocrx_word' id='word_1_327' title='bbox 1060 3194 1132 3248; x_wconf 85' lang='lat' dir='ltr'><strong>illi</strong></span> <span class='ocrx_word' id='word_1_328' title='bbox 1169 3194 1460 3264; x_wconf 88' lang='lat' dir='ltr'><strong>peculiaris</strong></span> <span class='ocrx_word' id='word_1_329' title='bbox 1488 3205 1571 3250; x_wconf 87' lang='lat' dir='ltr'><strong>est</strong></span> <span class='ocrx_word' id='word_1_330' title='bbox 1603 3214 1614 3248; x_wconf 92' lang='lat'>:</span> <span class='ocrx_word' id='word_1_331' title='bbox 1649 3211 1755 3250; x_wconf 81' lang='lat' dir='ltr'><strong>non</strong></span> <span class='ocrx_word' id='word_1_332' title='bbox 1785 3204 1964 3251; x_wconf 90' lang='lat' dir='ltr'><strong>tamen</strong></span> 
     </span>
    </p>
   </div>
   <div class='ocr_carea' id='block_1_49' title="bbox 401 3286 1964 3356">
    <p class='ocr_par' dir='ltr' id='par_1_49' title="bbox 401 3286 1964 3356">
     <span class='ocr_line' id='line_1_49' title="bbox 401 3286 1964 3356; baseline 0.001 -16"><span class='ocrx_word' id='word_1_333' title='bbox 401 3299 487 3341; x_wconf 85' lang='lat' dir='ltr'><strong>est</strong></span> <span class='ocrx_word' id='word_1_334' title='bbox 537 3288 744 3342; x_wconf 87' lang='lat' dir='ltr'><strong>alienus</strong></span> <span class='ocrx_word' id='word_1_335' title='bbox 794 3302 822 3340; x_wconf 90' lang='lat' dir='ltr'><strong>a</strong></span> <span class='ocrx_word' id='word_1_336' title='bbox 882 3287 1041 3354; x_wconf 82' lang='lat' dir='ltr'><strong>Filio,</strong></span> <span class='ocrx_word' id='word_1_337' title='bbox 1101 3286 1338 3356; x_wconf 89' lang='lat' dir='ltr'><strong>Spiritus</strong></span> <span class='ocrx_word' id='word_1_338' title='bbox 1378 3288 1524 3342; x_wconf 87' lang='lat' dir='ltr'><strong>enim</strong></span> <span class='ocrx_word' id='word_1_339' title='bbox 1575 3286 1695 3341; x_wconf 86' lang='lat' dir='ltr'><strong>Filii</strong></span> <span class='ocrx_word' id='word_1_340' title='bbox 1744 3288 1964 3353; x_wconf 88' lang='lat' dir='ltr'><strong>dicitur,</strong></span> 
     </span>
    </p>
   </div>
   <div class='ocr_carea' id='block_1_50' title="bbox 401 3378 1967 3448">
    <p class='ocr_par' dir='ltr' id='par_1_50' title="bbox 401 3378 1967 3448">
     <span class='ocr_line' id='line_1_50' title="bbox 401 3378 1967 3448; baseline 0.006 -19"><span class='ocrx_word' id='word_1_341' title='bbox 401 3380 552 3447; x_wconf 81' lang='lat' dir='ltr'><strong>juxta</strong></span> <span class='ocrx_word' id='word_1_342' title='bbox 585 3380 724 3446; x_wconf 86' lang='lat' dir='ltr'><strong>quod</strong></span> <span class='ocrx_word' id='word_1_343' title='bbox 766 3378 867 3434; x_wconf 85' lang='lat' dir='ltr'><strong>sibi</strong></span> <span class='ocrx_word' id='word_1_344' title='bbox 901 3379 1063 3434; x_wconf 86' lang='lat' dir='ltr'><strong>etiam</strong></span> <span class='ocrx_word' id='word_1_345' title='bbox 1101 3378 1390 3448; x_wconf 85' lang='lat' dir='ltr'><strong>peculiaris</strong></span> <span class='ocrx_word' id='word_1_346' title='bbox 1426 3388 1530 3435; x_wconf 86' lang='lat' dir='ltr'><strong>est.</strong></span> <span class='ocrx_word' id='word_1_347' title='bbox 1571 3379 1698 3434; x_wconf 65' lang='lat' dir='ltr'><strong>Ivlco</strong></span> <span class='ocrx_word' id='word_1_348' title='bbox 1725 3379 1873 3434; x_wconf 89' lang='lat' dir='ltr'><strong>etab</strong></span> <span class='ocrx_word' id='word_1_349' title='bbox 1901 3398 1967 3439; x_wconf 80' lang='lat' dir='ltr'><strong>eo</strong></span> 
     </span>
    </p>
   </div>
   <div class='ocr_carea' id='block_1_51' title="bbox 406 3471 1967 3542">
    <p class='ocr_par' dir='ltr' id='par_1_51' title="bbox 406 3471 1967 3542">
     <span class='ocr_line' id='line_1_51' title="bbox 406 3471 1967 3542; baseline 0.005 -18"><span class='ocrx_word' id='word_1_350' title='bbox 406 3473 763 3540; x_wconf 77' lang='lat' dir='ltr'><strong>profunditur,</strong></span> <span class='ocrx_word' id='word_1_351' title='bbox 789 3471 1240 3542; x_wconf 89' lang='lat' dir='ltr'><strong>quemadmodum</strong></span> <span class='ocrx_word' id='word_1_352' title='bbox 1269 3488 1332 3528; x_wconf 78' lang='lat' dir='ltr'><strong>ex</strong></span> <span class='ocrx_word' id='word_1_353' title='bbox 1368 3471 1478 3528; x_wconf 84' lang='lat' dir='ltr'><strong>Deo</strong></span> <span class='ocrx_word' id='word_1_354' title='bbox 1504 3481 1559 3526; x_wconf 88' lang='lat' dir='ltr'><strong>et</strong></span> <span class='ocrx_word' id='word_1_355' title='bbox 1583 3473 1763 3541; x_wconf 87' lang='lat' dir='ltr'><strong>Patre,</strong></span> <span class='ocrx_word' id='word_1_356' title='bbox 1794 3476 1967 3532; x_wconf 86' lang='lat' dir='ltr'><strong>haeres</strong></span> 
     </span>
    </p>
   </div>
   <div class='ocr_carea' id='block_1_52' title="bbox 405 3562 1967 3634">
    <p class='ocr_par' dir='ltr' id='par_1_52' title="bbox 405 3562 1967 3634">
     <span class='ocr_line' id='line_1_52' title="bbox 405 3562 1967 3634; baseline 0.003 -17"><span class='ocrx_word' id='word_1_357' title='bbox 405 3563 546 3617; x_wconf 84' lang='lat' dir='ltr'><strong>enim</strong></span> <span class='ocrx_word' id='word_1_358' title='bbox 598 3571 942 3630; x_wconf 88' lang='lat' dir='ltr'><strong>paternorum</strong></span> <span class='ocrx_word' id='word_1_359' title='bbox 978 3562 1241 3617; x_wconf 88' lang='lat' dir='ltr'><strong>bonorum</strong></span> <span class='ocrx_word' id='word_1_360' title='bbox 1275 3571 1383 3624; x_wconf 90' lang='lat' dir='ltr'><strong>est,</strong></span> <span class='ocrx_word' id='word_1_361' title='bbox 1421 3573 1476 3617; x_wconf 93' lang='lat' dir='ltr'><strong>et</strong></span> <span class='ocrx_word' id='word_1_362' title='bbox 1511 3565 1760 3632; x_wconf 90' lang='lat' dir='ltr'><strong>proprius</strong></span> <span class='ocrx_word' id='word_1_363' title='bbox 1793 3565 1967 3634; x_wconf 89' lang='lat' dir='ltr'><strong>ipsius</strong></span> 
     </span>
    </p>
   </div>
   <div class='ocr_carea' id='block_1_53' title="bbox 405 3651 1966 3723">
    <p class='ocr_par' dir='ltr' id='par_1_53' title="bbox 405 3651 1966 3723">
     <span class='ocr_line' id='line_1_53' title="bbox 405 3651 1966 3723; baseline 0.004 -17"><span class='ocrx_word' id='word_1_364' title='bbox 405 3661 509 3715; x_wconf 80' lang='lat' dir='ltr'><strong>est,</strong></span> <span class='ocrx_word' id='word_1_365' title='bbox 544 3662 724 3722; x_wconf 92' lang='lat' dir='ltr'><strong>utpote</strong></span> <span class='ocrx_word' id='word_1_366' title='bbox 777 3667 872 3722; x_wconf 88' lang='lat' dir='ltr'><strong>per</strong></span> <span class='ocrx_word' id='word_1_367' title='bbox 917 3651 1090 3720; x_wconf 89' lang='lat' dir='ltr'><strong>ipsum</strong></span> <span class='ocrx_word' id='word_1_368' title='bbox 1147 3653 1468 3708; x_wconf 87' lang='lat' dir='ltr'><strong>naturaliter</strong></span> <span class='ocrx_word' id='word_1_369' title='bbox 1495 3655 1775 3723; x_wconf 88' lang='lat' dir='ltr'><strong>prodiens,</strong></span> <span class='ocrx_word' id='word_1_370' title='bbox 1815 3665 1871 3712; x_wconf 89' lang='lat' dir='ltr'><strong>et</strong></span> <span class='ocrx_word' id='word_1_371' title='bbox 1899 3672 1966 3712; x_wconf 80' lang='lat' dir='ltr'><strong>ex</strong></span> 
     </span>
    </p>
   </div>
   <div class='ocr_carea' id='block_1_54' title="bbox 409 3742 1969 3814">
    <p class='ocr_par' dir='ltr' id='par_1_54' title="bbox 409 3742 1969 3814">
     <span class='ocr_line' id='line_1_54' title="bbox 409 3742 1969 3814; baseline 0.004 -16"><span class='ocrx_word' id='word_1_372' title='bbox 409 3745 526 3811; x_wconf 88' lang='lat' dir='ltr'><strong>ipso</strong></span> <span class='ocrx_word' id='word_1_373' title='bbox 576 3745 864 3802; x_wconf 80' lang='lat' dir='ltr'><strong>exsistens.</strong></span> <span class='ocrx_word' id='word_1_374' title='bbox 925 3742 1112 3814; x_wconf 87' lang='lat' dir='ltr'><strong>igitur,</strong></span> <span class='ocrx_word' id='word_1_375' title='bbox 1153 3744 1257 3798; x_wconf 85' lang='lat' dir='ltr'><strong>etsi</strong></span> <span class='ocrx_word' id='word_1_376' title='bbox 1307 3747 1554 3814; x_wconf 89' lang='lat' dir='ltr'><strong>procedit</strong></span> <span class='ocrx_word' id='word_1_377' title='bbox 1583 3763 1647 3801; x_wconf 78' lang='lat' dir='ltr'><strong>ex</strong></span> <span class='ocrx_word' id='word_1_378' title='bbox 1691 3747 1872 3814; x_wconf 87' lang='lat' dir='ltr'><strong>Patre,</strong></span> <span class='ocrx_word' id='word_1_379' title='bbox 1915 3759 1969 3804; x_wconf 85' lang='lat' dir='ltr'><strong>at</strong></span> 
     </span>
    </p>
   </div>
   <div class='ocr_carea' id='block_1_55' title="bbox 405 3833 1964 3905">
    <p class='ocr_par' dir='ltr' id='par_1_55' title="bbox 405 3833 1964 3905">
     <span class='ocr_line' id='line_1_55' title="bbox 405 3833 1964 3905; baseline 0.001 -15"><span class='ocrx_word' id='word_1_380' title='bbox 405 3849 580 3904; x_wconf 90' lang='lat' dir='ltr'><strong>neque</strong></span> <span class='ocrx_word' id='word_1_381' title='bbox 617 3850 646 3890; x_wconf 88' lang='lat' dir='ltr'><strong>a</strong></span> <span class='ocrx_word' id='word_1_382' title='bbox 687 3833 819 3890; x_wconf 75' lang='lat' dir='ltr'><strong>Filio</strong></span> <span class='ocrx_word' id='word_1_383' title='bbox 850 3834 1085 3890; x_wconf 88' lang='lat' dir='ltr'><strong>alienum</strong></span> <span class='ocrx_word' id='word_1_384' title='bbox 1122 3842 1336 3905; x_wconf 86' lang='lat' dir='ltr'><strong>oportet</strong></span> <span class='ocrx_word' id='word_1_385' title='bbox 1363 3837 1635 3891; x_wconf 56' lang='lat' dir='ltr'><strong>aestimare</strong></span> <span class='ocrx_word' id='word_1_386' title='bbox 1668 3839 1964 3894; x_wconf 88' lang='lat' dir='ltr'><strong>secundum</strong></span> 
     </span>
    </p>
   </div>
   <div class='ocr_carea' id='block_1_56' title="bbox 401 3928 1970 4002">
    <p class='ocr_par' dir='ltr' id='par_1_56' title="bbox 401 3928 1970 4002">
     <span class='ocr_line' id='line_1_56' title="bbox 401 3928 1970 4002; baseline 0.003 -18"><span class='ocrx_word' id='word_1_387' title='bbox 401 3947 526 3985; x_wconf 69' lang='lat' dir='ltr'><strong>etilli!</strong></span> <span class='ocrx_word' id='word_1_388' title='bbox 577 3944 732 4000; x_wconf 88' lang='lat' dir='ltr'><strong>quem</strong></span> <span class='ocrx_word' id='word_1_389' title='bbox 783 3929 1128 3997; x_wconf 59' lang='lat' dir='ltr'><strong>praediximus</strong></span> <span class='ocrx_word' id='word_1_390' title='bbox 1165 3928 1405 3983; x_wconf 89' lang='lat' dir='ltr'><strong>modum.</strong></span> <span class='ocrx_word' id='word_1_391' title='bbox 1459 3928 1715 3986; x_wconf 88' lang='lat' dir='ltr'><strong>Procedit</strong></span> <span class='ocrx_word' id='word_1_392' title='bbox 1772 3932 1970 4002; x_wconf 91' lang='lat' dir='ltr'><strong>quippe</strong></span> 
     </span>
    </p>
   </div>
   <div class='ocr_carea' id='block_1_57' title="bbox 403 4019 1966 4091">
    <p class='ocr_par' dir='ltr' id='par_1_57' title="bbox 403 4019 1966 4091">
     <span class='ocr_line' id='line_1_57' title="bbox 403 4019 1966 4091; baseline 0 -14"><span class='ocrx_word' id='word_1_393' title='bbox 403 4037 500 4091; x_wconf 87' lang='lat' dir='ltr'><strong>per</strong></span> <span class='ocrx_word' id='word_1_394' title='bbox 530 4019 748 4077; x_wconf 83' lang='lat' dir='ltr'><strong>Filium.</strong></span> <span class='ocrx_word' id='word_1_395' title='bbox 780 4020 1082 4076; x_wconf 88' lang='lat' dir='ltr'><strong>Procedere</strong></span> <span class='ocrx_word' id='word_1_396' title='bbox 1134 4031 1314 4075; x_wconf 90' lang='lat' dir='ltr'><strong>autem</strong></span> <span class='ocrx_word' id='word_1_397' title='bbox 1348 4021 1494 4090; x_wconf 88' lang='lat' dir='ltr'><strong>quod</strong></span> <span class='ocrx_word' id='word_1_398' title='bbox 1539 4023 1759 4088; x_wconf 89' lang='lat' dir='ltr'><strong>dicitur,</strong></span> <span class='ocrx_word' id='word_1_399' title='bbox 1803 4024 1966 4078; x_wconf 89' lang='lat' dir='ltr'><strong>etiam</strong></span> 
     </span>
    </p>
   </div>
   <div class='ocr_carea' id='block_1_58' title="bbox 407 4114 1969 4185">
    <p class='ocr_par' dir='ltr' id='par_1_58' title="bbox 407 4114 1969 4185">
     <span class='ocr_line' id='line_1_58' title="bbox 407 4114 1969 4185; baseline 0.001 -18"><span class='ocrx_word' id='word_1_400' title='bbox 407 4131 501 4184; x_wconf 87' lang='lat' dir='ltr'><strong>per</strong></span> <span class='ocrx_word' id='word_1_401' title='bbox 531 4114 721 4169; x_wconf 78' lang='lat' dir='ltr'><strong>Filium</strong></span> <span class='ocrx_word' id='word_1_402' title='bbox 754 4114 1122 4185; x_wconf 86' lang='lat' dir='ltr'><strong>consequitur.</strong></span> <span class='ocrx_word' id='word_1_403' title='bbox 1172 4114 1345 4169; x_wconf 86' lang='lat' dir='ltr'><strong>Aliter</strong></span> <span class='ocrx_word' id='word_1_404' title='bbox 1373 4115 1515 4169; x_wconf 87' lang='lat' dir='ltr'><strong>enim</strong></span> <span class='ocrx_word' id='word_1_405' title='bbox 1548 4130 1652 4170; x_wconf 83' lang='lat' dir='ltr'><strong>non</strong></span> <span class='ocrx_word' id='word_1_406' title='bbox 1695 4117 1969 4170; x_wconf 82' lang='lat' dir='ltr'><strong>diceretur</strong></span> 
     </span>
    </p>
   </div>
   <div class='ocr_carea' id='block_1_59' title="bbox 406 4207 1006 4278">
    <p class='ocr_par' dir='ltr' id='par_1_59' title="bbox 406 4207 1006 4278">
     <span class='ocr_line' id='line_1_59' title="bbox 406 4207 1006 4278; baseline 0.007 -18"><span class='ocrx_word' id='word_1_407' title='bbox 406 4223 470 4261; x_wconf 77' lang='lat' dir='ltr'><strong>es</strong></span> <span class='ocrx_word' id='word_1_408' title='bbox 505 4207 662 4262; x_wconf 85' lang='lat' dir='ltr'><strong>Patre</strong></span> <span class='ocrx_word' id='word_1_409' title='bbox 697 4209 1006 4278; x_wconf 85' lang='lat' dir='ltr'><strong>procedere.</strong></span> 
     </span>
    </p>
   </div>
   <div class='ocr_carea' id='block_1_60' title="bbox 481 4337 1966 4413">
    <p class='ocr_par' dir='ltr' id='par_1_60' title="bbox 481 4337 1966 4413">
     <span class='ocr_line' id='line_1_60' title="bbox 481 4337 1966 4413; baseline 0.004 -17"><span class='ocrx_word' id='word_1_410' title='bbox 481 4343 772 4398; x_wconf 69' lang='lat' dir='ltr'><strong>Attestatur</strong></span> <span class='ocrx_word' id='word_1_411' title='bbox 817 4349 872 4398; x_wconf 84' lang='lat' dir='ltr'><strong>et</strong></span> <span class='ocrx_word' id='word_1_412' title='bbox 905 4344 989 4399; x_wconf 86' lang='lat' dir='ltr'><strong>his</strong></span> <span class='ocrx_word' id='word_1_413' title='bbox 1037 4357 1263 4413; x_wconf 80' lang='lat' dir='ltr'><strong>magnus</strong></span> <span class='ocrx_word' id='word_1_414' title='bbox 1308 4337 1558 4410; x_wconf 82' lang='lat' dir='ltr'><strong>Basilius,</strong></span> <span class='ocrx_word' id='word_1_415' title='bbox 1603 4361 1730 4401; x_wconf 87' lang='lat' dir='ltr'><strong>cum</strong></span> <span class='ocrx_word' id='word_1_416' title='bbox 1783 4346 1966 4403; x_wconf 86' lang='lat' dir='ltr'><strong>dicit:</strong></span> 
     </span>
    </p>
   </div>
   <div class='ocr_carea' id='block_1_61' title="bbox 413 4431 1968 4508">
    <p class='ocr_par' dir='ltr' id='par_1_61' title="bbox 413 4431 1968 4508">
     <span class='ocr_line' id='line_1_61' title="bbox 413 4431 1968 4508; baseline 0.005 -22"><span class='ocrx_word' id='word_1_417' title='bbox 413 4431 564 4488; x_wconf 82' lang='lat' dir='ltr'><strong>Illius</strong></span> <span class='ocrx_word' id='word_1_418' title='bbox 592 4435 798 4502; x_wconf 79' lang='lat' dir='ltr'><strong>quidem</strong></span> <span class='ocrx_word' id='word_1_419' title='bbox 822 4436 891 4487; x_wconf 81' lang='lat' dir='ltr'><strong>atl</strong></span> <span class='ocrx_word' id='word_1_420' title='bbox 927 4433 1139 4488; x_wconf 77' lang='lat' dir='ltr'><strong>Patrem</strong></span> <span class='ocrx_word' id='word_1_421' title='bbox 1163 4437 1540 4505; x_wconf 65' lang='lat' dir='ltr'><strong>proprietatem</strong></span> <span class='ocrx_word' id='word_1_422' title='bbox 1568 4438 1804 4508; x_wconf 81' lang='lat' dir='ltr'><strong>intelligo</strong></span> <span class='ocrx_word' id='word_1_423' title='bbox 1833 4447 1968 4508; x_wconf 77' lang='lat' dir='ltr'><strong>quo-</strong></span> 
     </span>
    </p>
   </div>
   <div class='ocr_carea' id='block_1_62' title="bbox 2068 1941 3647 2026">
    <p class='ocr_par' dir='ltr' id='par_1_62' title="bbox 2068 1941 3647 2026">
     <span class='ocr_line' id='line_1_62' title="bbox 2068 1941 3647 2026; baseline 0.006 -23"><span class='ocrx_word' id='word_1_424' title='bbox 2068 1941 2152 2004; x_wconf 85' lang='lat' dir='ltr'><strong>tu&#39;r</strong></span> <span class='ocrx_word' id='word_1_425' title='bbox 2180 1967 2195 2019; x_wconf 90' lang='lat'><strong>;</strong></span> <span class='ocrx_word' id='word_1_426' title='bbox 2241 1952 2399 2006; x_wconf 88' lang='lat' dir='ltr'><strong>aliter</strong></span> <span class='ocrx_word' id='word_1_427' title='bbox 2425 1953 2627 2022; x_wconf 87' lang='lat' dir='ltr'><strong>quippe</strong></span> <span class='ocrx_word' id='word_1_428' title='bbox 2659 1956 2959 2022; x_wconf 83' lang='lat' dir='ltr'><strong>procedens</strong></span> <span class='ocrx_word' id='word_1_429' title='bbox 2991 1969 3095 2011; x_wconf 92' lang='lat' dir='ltr'><strong>non</strong></span> <span class='ocrx_word' id='word_1_430' title='bbox 3121 1965 3281 2011; x_wconf 86' lang='lat' dir='ltr'><strong>esset.</strong></span> <span class='ocrx_word' id='word_1_431' title='bbox 3310 1955 3495 2026; x_wconf 84' lang='lat' dir='ltr'><strong>itaque</strong></span> <span class='ocrx_word' id='word_1_432' title='bbox 3514 1973 3647 2012; x_wconf 80' lang='lat' dir='ltr'><strong>cou-</strong></span> 
     </span>
    </p>
   </div>
   <div class='ocr_carea' id='block_1_63' title="bbox 2069 2043 3637 2120">
    <p class='ocr_par' dir='ltr' id='par_1_63' title="bbox 2069 2043 3637 2120">
     <span class='ocr_line' id='line_1_63' title="bbox 2069 2043 3637 2120; baseline 0.006 -24"><span class='ocrx_word' id='word_1_433' title='bbox 2069 2051 2295 2098; x_wconf 88' lang='lat' dir='ltr'><strong>nectunt</strong></span> <span class='ocrx_word' id='word_1_434' title='bbox 2327 2045 2496 2114; x_wconf 78' lang='lat' dir='ltr'><strong>magis</strong></span> <span class='ocrx_word' id='word_1_435' title='bbox 2525 2045 2699 2112; x_wconf 83' lang='lat' dir='ltr'><strong>Patri,</strong></span> <span class='ocrx_word' id='word_1_436' title='bbox 2742 2043 2936 2103; x_wconf 83' lang='lat' dir='ltr'><strong>Filium</strong></span> <span class='ocrx_word' id='word_1_437' title='bbox 2977 2051 3273 2105; x_wconf 83' lang='lat' dir='ltr'><strong>secundum</strong></span> <span class='ocrx_word' id='word_1_438' title='bbox 3303 2067 3637 2120; x_wconf 85' lang='lat' dir='ltr'><strong>processum.</strong></span> 
     </span>
    </p>
   </div>
   <div class='ocr_carea' id='block_1_64' title="bbox 2070 2137 3644 2214">
    <p class='ocr_par' dir='ltr' id='par_1_64' title="bbox 2070 2137 3644 2214">
     <span class='ocr_line' id='line_1_64' title="bbox 2070 2137 3644 2214; baseline 0.008 -25"><span class='ocrx_word' id='word_1_439' title='bbox 2070 2148 2168 2190; x_wconf 87' lang='lat' dir='ltr'><strong>seu</strong></span> <span class='ocrx_word' id='word_1_440' title='bbox 2223 2137 2627 2205; x_wconf 76' lang='lat' dir='ltr'><strong>processionem</strong></span> <span class='ocrx_word' id='word_1_441' title='bbox 2676 2141 2848 2195; x_wconf 80' lang='lat' dir='ltr'><strong>sancti</strong></span> <span class='ocrx_word' id='word_1_442' title='bbox 2886 2141 3139 2210; x_wconf 81' lang='lat' dir='ltr'><strong>Spiritus,</strong></span> <span class='ocrx_word' id='word_1_443' title='bbox 3175 2159 3338 2214; x_wconf 89' lang='lat' dir='ltr'><strong>quam</strong></span> <span class='ocrx_word' id='word_1_444' title='bbox 3403 2145 3644 2202; x_wconf 83' lang='lat' dir='ltr'><strong>dividunt</strong></span> 
     </span>
    </p>
   </div>
   <div class='ocr_carea' id='block_1_65' title="bbox 2069 2222 3065 2297">
    <p class='ocr_par' dir='ltr' id='par_1_65' title="bbox 2069 2222 3065 2297">
     <span class='ocr_line' id='line_1_65' title="bbox 2069 2222 3065 2297; baseline 0.006 -17"><span class='ocrx_word' id='word_1_445' title='bbox 2069 2227 2377 2296; x_wconf 68' lang='lat' dir='ltr'><strong>huiusmodi</strong></span> <span class='ocrx_word' id='word_1_446' title='bbox 2413 2229 2846 2297; x_wconf 75' lang='lat' dir='ltr'><strong>coniunctiones.</strong></span> <span class='ocrx_word' id='word_1_447' title='bbox 3063 2222 3065 2226; x_wconf 12' lang='lat'><strong><em>4</em></strong></span> 
     </span>
    </p>
   </div>
   <div class='ocr_carea' id='block_1_66' title="bbox 2140 2319 3644 2393">
    <p class='ocr_par' dir='ltr' id='par_1_66' title="bbox 2140 2319 3644 2393">
     <span class='ocr_line' id='line_1_66' title="bbox 2140 2319 3644 2393; baseline 0.009 -20"><span class='ocrx_word' id='word_1_448' title='bbox 2140 2319 2342 2375; x_wconf 80' lang='lat' dir='ltr'><strong>Eorum</strong></span> <span class='ocrx_word' id='word_1_449' title='bbox 2395 2328 2600 2389; x_wconf 84' lang='lat' dir='ltr'><strong>autem,</strong></span> <span class='ocrx_word' id='word_1_450' title='bbox 2660 2323 2751 2393; x_wconf 90' lang='lat' dir='ltr'><strong>qui</strong></span> <span class='ocrx_word' id='word_1_451' title='bbox 2792 2323 3155 2382; x_wconf 70' lang='lat' dir='ltr'><strong>differentiam</strong></span> <span class='ocrx_word' id='word_1_452' title='bbox 3184 2331 3435 2385; x_wconf 73' lang='lat' dir='ltr'><strong>essentia:</strong></span> <span class='ocrx_word' id='word_1_453' title='bbox 3465 2331 3644 2388; x_wconf 85' lang='lat' dir='ltr'><strong>Patris</strong></span> 
     </span>
    </p>
   </div>
   <div class='ocr_carea' id='block_1_67' title="bbox 2074 2406 3646 2485">
    <p class='ocr_par' dir='ltr' id='par_1_67' title="bbox 2074 2406 3646 2485">
     <span class='ocr_line' id='line_1_67' title="bbox 2074 2406 3646 2485; baseline 0.012 -22"><span class='ocrx_word' id='word_1_454' title='bbox 2074 2426 2139 2467; x_wconf 90' lang='lat' dir='ltr'><strong>ac</strong></span> <span class='ocrx_word' id='word_1_455' title='bbox 2190 2411 2311 2466; x_wconf 90' lang='lat' dir='ltr'><strong>Filii</strong></span> <span class='ocrx_word' id='word_1_456' title='bbox 2366 2406 2595 2485; x_wconf 82' lang='lat' dir='ltr'><strong>pergunt</strong></span> <span class='ocrx_word' id='word_1_457' title='bbox 2655 2426 2920 2485; x_wconf 85' lang='lat' dir='ltr'><strong>astruere,</strong></span> <span class='ocrx_word' id='word_1_458' title='bbox 2966 2418 3182 2476; x_wconf 86' lang='lat' dir='ltr'><strong>divisim</strong></span> <span class='ocrx_word' id='word_1_459' title='bbox 3235 2437 3298 2477; x_wconf 87' lang='lat' dir='ltr'><strong>ac</strong></span> <span class='ocrx_word' id='word_1_460' title='bbox 3332 2423 3646 2482; x_wconf 77' lang='lat' dir='ltr'><strong>dil‘ferenter</strong></span> 
     </span>
    </p>
   </div>
   <div class='ocr_carea' id='block_1_68' title="bbox 2071 2488 3644 2580">
    <p class='ocr_par' dir='ltr' id='par_1_68' title="bbox 2071 2488 3644 2580">
     <span class='ocr_line' id='line_1_68' title="bbox 2071 2488 3644 2580; baseline 0.01 -23"><span class='ocrx_word' id='word_1_461' title='bbox 2071 2504 2193 2558; x_wconf 77' lang='lat' dir='ltr'><strong>ista‘</strong></span> <span class='ocrx_word' id='word_1_462' title='bbox 2227 2506 2454 2561; x_wconf 85' lang='lat' dir='ltr'><strong>reddere</strong></span> <span class='ocrx_word' id='word_1_463' title='bbox 2493 2517 2610 2576; x_wconf 88' lang='lat' dir='ltr'><strong>est;</strong></span> <span class='ocrx_word' id='word_1_464' title='bbox 2663 2488 2878 2580; x_wconf 78' lang='lat' dir='ltr'><strong>quippe,</strong></span> <span class='ocrx_word' id='word_1_465' title='bbox 2924 2512 2994 2566; x_wconf 91' lang='lat' dir='ltr'><strong>ita</strong></span> <span class='ocrx_word' id='word_1_466' title='bbox 3044 2513 3367 2580; x_wconf 80' lang='lat' dir='ltr'><strong>dividentes,</strong></span> <span class='ocrx_word' id='word_1_467' title='bbox 3393 2519 3644 2573; x_wconf 81' lang='lat' dir='ltr'><strong>essenti-e</strong></span> 
     </span>
    </p>
   </div>
   <div class='ocr_carea' id='block_1_69' title="bbox 2074 2599 3644 2681">
    <p class='ocr_par' dir='ltr' id='par_1_69' title="bbox 2074 2599 3644 2681">
     <span class='ocr_line' id='line_1_69' title="bbox 2074 2599 3644 2681; baseline 0.011 -32"><span class='ocrx_word' id='word_1_468' title='bbox 2074 2611 2292 2666; x_wconf 83' lang='lat' dir='ltr'><strong>quoque</strong></span> <span class='ocrx_word' id='word_1_469' title='bbox 2359 2599 2664 2655; x_wconf 86' lang='lat' dir='ltr'><strong>dill&#39;erentia</strong></span> <span class='ocrx_word' id='word_1_470' title='bbox 2735 2605 3046 2660; x_wconf 84' lang='lat' dir='ltr'><strong>necessario</strong></span> <span class='ocrx_word' id='word_1_471' title='bbox 3101 2619 3379 2676; x_wconf 81' lang='lat' dir='ltr'><strong>sequetur.</strong></span> <span class='ocrx_word' id='word_1_472' title='bbox 3440 2609 3644 2681; x_wconf 87' lang='lat' dir='ltr'><strong>Nempe</strong></span> 
     </span>
    </p>
   </div>
   <div class='ocr_carea' id='block_1_70' title="bbox 2067 2689 3646 2766">
    <p class='ocr_par' dir='ltr' id='par_1_70' title="bbox 2067 2689 3646 2766">
     <span class='ocr_line' id='line_1_70' title="bbox 2067 2689 3646 2766; baseline 0.012 -24"><span class='ocrx_word' id='word_1_473' title='bbox 2067 2689 2216 2744; x_wconf 85' lang='lat' dir='ltr'><strong>enim</strong></span> <span class='ocrx_word' id='word_1_474' title='bbox 2255 2700 2306 2746; x_wconf 89' lang='lat' dir='ltr'><strong>et</strong></span> <span class='ocrx_word' id='word_1_475' title='bbox 2355 2693 2633 2764; x_wconf 80' lang='lat' dir='ltr'><strong>theologus</strong></span> <span class='ocrx_word' id='word_1_476' title='bbox 2659 2693 2955 2766; x_wconf 81' lang='lat' dir='ltr'><strong>Gregorius</strong></span> <span class='ocrx_word' id='word_1_477' title='bbox 2987 2700 3038 2753; x_wconf 90' lang='lat' dir='ltr'><strong>in</strong></span> <span class='ocrx_word' id='word_1_478' title='bbox 3079 2701 3196 2757; x_wconf 82' lang='lat' dir='ltr'><strong>suis</strong></span> <span class='ocrx_word' id='word_1_479' title='bbox 3247 2702 3313 2758; x_wconf 88' lang='lat' dir='ltr'><strong>de</strong></span> <span class='ocrx_word' id='word_1_480' title='bbox 3362 2704 3646 2761; x_wconf 86' lang='lat' dir='ltr'><strong>divinitate</strong></span> 
     </span>
    </p>
   </div>
   <div class='ocr_carea' id='block_1_71' title="bbox 2075 2784 3646 2866">
    <p class='ocr_par' dir='ltr' id='par_1_71' title="bbox 2075 2784 3646 2866">
     <span class='ocr_line' id='line_1_71' title="bbox 2075 2784 3646 2866; baseline 0.012 -32"><span class='ocrx_word' id='word_1_481' title='bbox 2075 2784 2437 2851; x_wconf 87' lang='lat' dir='ltr'><strong>sermonibus,</strong></span> <span class='ocrx_word' id='word_1_482' title='bbox 2470 2786 2521 2839; x_wconf 92' lang='lat' dir='ltr'><strong>in</strong></span> <span class='ocrx_word' id='word_1_483' title='bbox 2549 2788 2813 2843; x_wconf 84' lang='lat' dir='ltr'><strong>orationis</strong></span> <span class='ocrx_word' id='word_1_484' title='bbox 2843 2799 3020 2858; x_wconf 88' lang='lat' dir='ltr'><strong>parte,</strong></span> <span class='ocrx_word' id='word_1_485' title='bbox 3064 2791 3302 2860; x_wconf 86' lang='lat' dir='ltr'><strong>Patrem,</strong></span> <span class='ocrx_word' id='word_1_486' title='bbox 3337 2806 3390 2850; x_wconf 91' lang='lat' dir='ltr'><strong>et</strong></span> <span class='ocrx_word' id='word_1_487' title='bbox 3425 2795 3646 2866; x_wconf 83' lang='lat' dir='ltr'><strong>Filium,</strong></span> 
     </span>
    </p>
   </div>
   <div class='ocr_carea' id='block_1_72' title="bbox 2075 2875 3646 2958">
    <p class='ocr_par' dir='ltr' id='par_1_72' title="bbox 2075 2875 3646 2958">
     <span class='ocr_line' id='line_1_72' title="bbox 2075 2875 3646 2958; baseline 0.014 -31"><span class='ocrx_word' id='word_1_488' title='bbox 2075 2885 2126 2928; x_wconf 84' lang='lat' dir='ltr'><strong>et</strong></span> <span class='ocrx_word' id='word_1_489' title='bbox 2169 2875 2429 2944; x_wconf 87' lang='lat' dir='ltr'><strong>Spiritum</strong></span> <span class='ocrx_word' id='word_1_490' title='bbox 2463 2888 2712 2934; x_wconf 87' lang='lat' dir='ltr'><strong>sanctum</strong></span> <span class='ocrx_word' id='word_1_491' title='bbox 2753 2882 3030 2947; x_wconf 85' lang='lat' dir='ltr'><strong>invocans.</strong></span> <span class='ocrx_word' id='word_1_492' title='bbox 3074 2891 3236 2954; x_wconf 86' lang='lat' dir='ltr'><strong>atque</strong></span> <span class='ocrx_word' id='word_1_493' title='bbox 3281 2890 3646 2958; x_wconf 85' lang='lat' dir='ltr'><strong>subinl‘ercns,</strong></span> 
     </span>
    </p>
   </div>
   <div class='ocr_carea' id='block_1_73' title="bbox 2075 2963 3650 3052">
    <p class='ocr_par' dir='ltr' id='par_1_73' title="bbox 2075 2963 3650 3052">
     <span class='ocr_line' id='line_1_73' title="bbox 2075 2963 3650 3052; baseline 0.013 -34"><span class='ocrx_word' id='word_1_494' title='bbox 2075 2968 2242 3021; x_wconf 80' lang='lat' dir='ltr'><strong>alium</strong></span> <span class='ocrx_word' id='word_1_495' title='bbox 2271 2965 2479 3037; x_wconf 73' lang='lat' dir='ltr'><strong>quidem</strong></span> <span class='ocrx_word' id='word_1_496' title='bbox 2515 2974 2639 3027; x_wconf 82' lang='lat' dir='ltr'><strong>bene</strong></span> <span class='ocrx_word' id='word_1_497' title='bbox 2687 2968 3036 3043; x_wconf 71' lang='lat' dir='ltr'><strong>complacare,</strong></span> <span class='ocrx_word' id='word_1_498' title='bbox 3072 2963 3236 3032; x_wconf 82' lang='lat' dir='ltr'><strong>alium</strong></span> <span class='ocrx_word' id='word_1_499' title='bbox 3298 2997 3414 3035; x_wconf 84' lang='lat' dir='ltr'><strong>vero</strong></span> <span class='ocrx_word' id='word_1_500' title='bbox 3463 2999 3650 3052; x_wconf 68' lang='lat' dir='ltr'><strong>coope-</strong></span> 
     </span>
    </p>
   </div>
   <div class='ocr_carea' id='block_1_74' title="bbox 2075 3061 3651 3142">
    <p class='ocr_par' dir='ltr' id='par_1_74' title="bbox 2075 3061 3651 3142">
     <span class='ocr_line' id='line_1_74' title="bbox 2075 3061 3651 3142; baseline 0.014 -33"><span class='ocrx_word' id='word_1_501' title='bbox 2075 3061 2208 3121; x_wconf 85' lang='lat' dir='ltr'><strong>rari,</strong></span> <span class='ocrx_word' id='word_1_502' title='bbox 2250 3062 2416 3116; x_wconf 83' lang='lat' dir='ltr'><strong>alium</strong></span> <span class='ocrx_word' id='word_1_503' title='bbox 2453 3073 2626 3118; x_wconf 79' lang='lat' dir='ltr'><strong>autem</strong></span> <span class='ocrx_word' id='word_1_504' title='bbox 2661 3066 2969 3134; x_wconf 76' lang='lat' dir='ltr'><strong>inspirare:</strong></span> <span class='ocrx_word' id='word_1_505' title='bbox 3015 3084 3120 3124; x_wconf 91' lang='lat' dir='ltr'><strong>non</strong></span> <span class='ocrx_word' id='word_1_506' title='bbox 3158 3086 3290 3128; x_wconf 86' lang='lat' dir='ltr'><strong>sane</strong></span> <span class='ocrx_word' id='word_1_507' title='bbox 3339 3088 3435 3141; x_wconf 80' lang='lat' dir='ltr'><strong>per</strong></span> <span class='ocrx_word' id='word_1_508' title='bbox 3465 3075 3651 3142; x_wconf 83' lang='lat' dir='ltr'><strong>hujus-</strong></span> 
     </span>
    </p>
   </div>
   <div class='ocr_carea' id='block_1_75' title="bbox 1991 3152 3650 3238">
    <p class='ocr_par' dir='ltr' id='par_1_75' title="bbox 1991 3152 3650 3238">
     <span class='ocr_line' id='line_1_75' title="bbox 1991 3152 3650 3238; baseline 0.011 -35"><span class='ocrx_word' id='word_1_509' title='bbox 1991 3178 2036 3238; x_wconf 66' lang='grc' dir='ltr'>ο</span> <span class='ocrx_word' id='word_1_510' title='bbox 2079 3152 2221 3207; x_wconf 88' lang='lat' dir='ltr'><strong>modi</strong></span> <span class='ocrx_word' id='word_1_511' title='bbox 2259 3155 2695 3224; x_wconf 87' lang='lat' dir='ltr'><strong>conjunctioues,</strong></span> <span class='ocrx_word' id='word_1_512' title='bbox 2725 3159 2842 3213; x_wconf 90' lang='lat' dir='ltr'><strong>sive</strong></span> <span class='ocrx_word' id='word_1_513' title='bbox 2875 3159 3294 3231; x_wconf 87' lang='lat' dir='ltr'><strong>beneplacitum,</strong></span> <span class='ocrx_word' id='word_1_514' title='bbox 3325 3166 3440 3220; x_wconf 86' lang='lat' dir='ltr'><strong>sive</strong></span> <span class='ocrx_word' id='word_1_515' title='bbox 3477 3168 3650 3236; x_wconf 87' lang='lat' dir='ltr'><strong>inspi-</strong></span> 
     </span>
    </p>
   </div>
   <div class='ocr_carea' id='block_1_76' title="bbox 2079 3247 3647 3328">
    <p class='ocr_par' dir='ltr' id='par_1_76' title="bbox 2079 3247 3647 3328">
     <span class='ocr_line' id='line_1_76' title="bbox 2079 3247 3647 3328; baseline 0.009 -27"><span class='ocrx_word' id='word_1_516' title='bbox 2079 3247 2381 3312; x_wconf 82' lang='lat' dir='ltr'><strong>rationem,</strong></span> <span class='ocrx_word' id='word_1_517' title='bbox 2451 3250 2566 3305; x_wconf 84' lang='lat' dir='ltr'><strong>sive</strong></span> <span class='ocrx_word' id='word_1_518' title='bbox 2623 3253 3064 3321; x_wconf 85' lang='lat' dir='ltr'><strong>cooperationem</strong></span> <span class='ocrx_word' id='word_1_519' title='bbox 3130 3257 3374 3324; x_wconf 89' lang='lat' dir='ltr'><strong>personis</strong></span> <span class='ocrx_word' id='word_1_520' title='bbox 3430 3258 3647 3328; x_wconf 81' lang='lat' dir='ltr'><strong>divisit;</strong></span> 
     </span>
    </p>
   </div>
   <div class='ocr_carea' id='block_1_77' title="bbox 2079 3340 3646 3420">
    <p class='ocr_par' dir='ltr' id='par_1_77' title="bbox 2079 3340 3646 3420">
     <span class='ocr_line' id='line_1_77' title="bbox 2079 3340 3646 3420; baseline 0.011 -29"><span class='ocrx_word' id='word_1_521' title='bbox 2079 3352 2252 3406; x_wconf 89' lang='lat' dir='ltr'><strong>neque</strong></span> <span class='ocrx_word' id='word_1_522' title='bbox 2303 3340 2446 3393; x_wconf 89' lang='lat' dir='ltr'><strong>enim</strong></span> <span class='ocrx_word' id='word_1_523' title='bbox 2504 3340 2713 3410; x_wconf 87' lang='lat' dir='ltr'><strong>singula</strong></span> <span class='ocrx_word' id='word_1_524' title='bbox 2773 3343 2963 3398; x_wconf 79' lang='lat' dir='ltr'><strong>horum</strong></span> <span class='ocrx_word' id='word_1_525' title='bbox 3021 3347 3248 3414; x_wconf 80' lang='lat' dir='ltr'><strong>singulis</strong></span> <span class='ocrx_word' id='word_1_526' title='bbox 3292 3363 3646 3420; x_wconf 76' lang='lat' dir='ltr'><strong>personarum</strong></span> 
     </span>
    </p>
   </div>
   <div class='ocr_carea' id='block_1_78' title="bbox 2078 3431 3646 3517">
    <p class='ocr_par' dir='ltr' id='par_1_78' title="bbox 2078 3431 3646 3517">
     <span class='ocr_line' id='line_1_78' title="bbox 2078 3431 3646 3517; baseline 0.013 -35"><span class='ocrx_word' id='word_1_527' title='bbox 2078 3431 2249 3499; x_wconf 87' lang='lat' dir='ltr'><strong>magis</strong></span> <span class='ocrx_word' id='word_1_528' title='bbox 2305 3434 2522 3503; x_wconf 89' lang='lat' dir='ltr'><strong>proprie</strong></span> <span class='ocrx_word' id='word_1_529' title='bbox 2580 3439 3081 3504; x_wconf 87' lang='lat' dir='ltr'><strong>accommodantur,</strong></span> <span class='ocrx_word' id='word_1_530' title='bbox 3135 3458 3298 3510; x_wconf 88' lang='lat' dir='ltr'><strong>quam</strong></span> <span class='ocrx_word' id='word_1_531' title='bbox 3354 3446 3576 3517; x_wconf 80' lang='lat' dir='ltr'><strong>reliquis</strong></span> <span class='ocrx_word' id='word_1_532' title='bbox 3629 3463 3646 3502; x_wconf 89' lang='lat'><strong>:</strong></span> 
     </span>
    </p>
   </div>
   <div class='ocr_carea' id='block_1_79' title="bbox 2077 3527 3647 3604">
    <p class='ocr_par' dir='ltr' id='par_1_79' title="bbox 2077 3527 3647 3604">
     <span class='ocr_line' id='line_1_79' title="bbox 2077 3527 3647 3604; baseline 0.013 -31"><span class='ocrx_word' id='word_1_533' title='bbox 2077 3533 2282 3588; x_wconf 82' lang='lat' dir='ltr'><strong>verum,</strong></span> <span class='ocrx_word' id='word_1_534' title='bbox 2338 3527 2518 3580; x_wconf 85' lang='lat' dir='ltr'><strong>omnia</strong></span> <span class='ocrx_word' id='word_1_535' title='bbox 2570 3532 2907 3585; x_wconf 89' lang='lat' dir='ltr'><strong>conveniunt</strong></span> <span class='ocrx_word' id='word_1_536' title='bbox 2967 3533 3214 3604; x_wconf 76' lang='lat' dir='ltr'><strong>singulis,</strong></span> <span class='ocrx_word' id='word_1_537' title='bbox 3272 3537 3380 3591; x_wconf 89' lang='lat' dir='ltr'><strong>imo</strong></span> <span class='ocrx_word' id='word_1_538' title='bbox 3431 3550 3486 3593; x_wconf 90' lang='lat' dir='ltr'><strong>et</strong></span> <span class='ocrx_word' id='word_1_539' title='bbox 3537 3549 3647 3595; x_wconf 87' lang='lat' dir='ltr'><strong>tota</strong></span> 
     </span>
    </p>
   </div>
   <div class='ocr_carea' id='block_1_80' title="bbox 2078 3615 3659 3692">
    <p class='ocr_par' dir='ltr' id='par_1_80' title="bbox 2078 3615 3659 3692">
     <span class='ocr_line' id='line_1_80' title="bbox 2078 3615 3659 3692; baseline 0.011 -25"><span class='ocrx_word' id='word_1_540' title='bbox 2078 3615 2338 3684; x_wconf 83' lang='lat' dir='ltr'><strong>Trinitas,</strong></span> <span class='ocrx_word' id='word_1_541' title='bbox 2373 3629 2435 3673; x_wconf 88' lang='lat' dir='ltr'><strong>ut</strong></span> <span class='ocrx_word' id='word_1_542' title='bbox 2466 3635 2606 3675; x_wconf 91' lang='lat' dir='ltr'><strong>unus</strong></span> <span class='ocrx_word' id='word_1_543' title='bbox 2635 3620 2780 3677; x_wconf 83' lang='lat' dir='ltr'><strong>Deus</strong></span> <span class='ocrx_word' id='word_1_544' title='bbox 2813 3623 3062 3692; x_wconf 85' lang='lat' dir='ltr'><strong>inspirat,</strong></span> <span class='ocrx_word' id='word_1_545' title='bbox 3088 3635 3142 3681; x_wconf 90' lang='lat' dir='ltr'><strong>et</strong></span> <span class='ocrx_word' id='word_1_546' title='bbox 3185 3628 3285 3682; x_wconf 88' lang='lat' dir='ltr'><strong>sibi</strong></span> <span class='ocrx_word' id='word_1_547' title='bbox 3321 3630 3457 3684; x_wconf 88' lang='lat' dir='ltr'><strong>bene</strong></span> <span class='ocrx_word' id='word_1_548' title='bbox 3500 3635 3659 3686; x_wconf 73' lang='lat' dir='ltr'><strong>com-‘</strong></span> 
     </span>
    </p>
   </div>
   <div class='ocr_carea' id='block_1_81' title="bbox 2079 3707 3650 3790">
    <p class='ocr_par' dir='ltr' id='par_1_81' title="bbox 2079 3707 3650 3790">
     <span class='ocr_line' id='line_1_81' title="bbox 2079 3707 3650 3790; baseline 0.012 -32"><span class='ocrx_word' id='word_1_549' title='bbox 2079 3707 2255 3776; x_wconf 86' lang='lat' dir='ltr'><strong>placet</strong></span> <span class='ocrx_word' id='word_1_550' title='bbox 2300 3709 2354 3763; x_wconf 89' lang='lat' dir='ltr'><strong>in</strong></span> <span class='ocrx_word' id='word_1_551' title='bbox 2382 3709 2562 3775; x_wconf 88' lang='lat' dir='ltr'><strong>bonis,</strong></span> <span class='ocrx_word' id='word_1_552' title='bbox 2598 3721 2654 3766; x_wconf 90' lang='lat' dir='ltr'><strong>et</strong></span> <span class='ocrx_word' id='word_1_553' title='bbox 2684 3716 3046 3784; x_wconf 84' lang='lat' dir='ltr'><strong>quodcunque</strong></span> <span class='ocrx_word' id='word_1_554' title='bbox 3077 3713 3462 3774; x_wconf 72' lang='lat' dir='ltr'><strong>inchoantibus</strong></span> <span class='ocrx_word' id='word_1_555' title='bbox 3496 3725 3650 3790; x_wconf 89' lang='lat' dir='ltr'><strong>adju-</strong></span> 
     </span>
    </p>
   </div>
   <div class='ocr_carea' id='block_1_82' title="bbox 2077 3797 3649 3879">
    <p class='ocr_par' dir='ltr' id='par_1_82' title="bbox 2077 3797 3649 3879">
     <span class='ocr_line' id='line_1_82' title="bbox 2077 3797 3649 3879; baseline 0.011 -29"><span class='ocrx_word' id='word_1_556' title='bbox 2077 3797 2181 3852; x_wconf 76' lang='lat' dir='ltr'><strong>trix</strong></span> <span class='ocrx_word' id='word_1_557' title='bbox 2240 3808 2343 3854; x_wconf 88' lang='lat' dir='ltr'><strong>est.</strong></span> <span class='ocrx_word' id='word_1_558' title='bbox 2401 3801 2577 3868; x_wconf 84' lang='lat' dir='ltr'><strong>Atque</strong></span> <span class='ocrx_word' id='word_1_559' title='bbox 2628 3804 2826 3872; x_wconf 84' lang='lat' dir='ltr'><strong>ubique</strong></span> <span class='ocrx_word' id='word_1_560' title='bbox 2882 3806 3098 3874; x_wconf 90' lang='lat' dir='ltr'><strong>penitus</strong></span> <span class='ocrx_word' id='word_1_561' title='bbox 3132 3822 3359 3876; x_wconf 64' lang='lat' dir='ltr'><strong>quaeque</strong></span> <span class='ocrx_word' id='word_1_562' title='bbox 3393 3814 3649 3879; x_wconf 88' lang='lat' dir='ltr'><strong>personis</strong></span> 
     </span>
    </p>
   </div>
   <div class='ocr_carea' id='block_1_83' title="bbox 2081 3890 3650 3962">
    <p class='ocr_par' dir='ltr' id='par_1_83' title="bbox 2081 3890 3650 3962">
     <span class='ocr_line' id='line_1_83' title="bbox 2081 3890 3650 3962; baseline 0.013 -21"><span class='ocrx_word' id='word_1_563' title='bbox 2081 3890 2434 3961; x_wconf 87' lang='lat' dir='ltr'><strong>assignantur</strong></span> <span class='ocrx_word' id='word_1_564' title='bbox 2481 3901 2540 3946; x_wconf 92' lang='lat' dir='ltr'><strong>ut</strong></span> <span class='ocrx_word' id='word_1_565' title='bbox 2573 3895 2818 3962; x_wconf 85' lang='lat' dir='ltr'><strong>propria,</strong></span> <span class='ocrx_word' id='word_1_566' title='bbox 2851 3895 2970 3950; x_wconf 89' lang='lat' dir='ltr'><strong>sine</strong></span> <span class='ocrx_word' id='word_1_567' title='bbox 3015 3897 3123 3952; x_wconf 91' lang='lat' dir='ltr'><strong>ulla</strong></span> <span class='ocrx_word' id='word_1_568' title='bbox 3156 3900 3424 3956; x_wconf 86' lang='lat' dir='ltr'><strong>varietate</strong></span> <span class='ocrx_word' id='word_1_569' title='bbox 3447 3917 3650 3960; x_wconf 84' lang='lat' dir='ltr'><strong>conve-</strong></span> 
     </span>
    </p>
   </div>
   <div class='ocr_carea' id='block_1_84' title="bbox 2082 3979 3649 4062">
    <p class='ocr_par' dir='ltr' id='par_1_84' title="bbox 2082 3979 3649 4062">
     <span class='ocr_line' id='line_1_84' title="bbox 2082 3979 3649 4062; baseline 0.011 -28"><span class='ocrx_word' id='word_1_570' title='bbox 2082 3979 2234 4035; x_wconf 90' lang='lat' dir='ltr'><strong>nient</strong></span> <span class='ocrx_word' id='word_1_571' title='bbox 2287 3996 2302 4037; x_wconf 89' lang='lat'><strong>:</strong></span> <span class='ocrx_word' id='word_1_572' title='bbox 2353 3981 2444 4036; x_wconf 89' lang='lat' dir='ltr'><strong>ubi</strong></span> <span class='ocrx_word' id='word_1_573' title='bbox 2506 3998 2611 4037; x_wconf 89' lang='lat' dir='ltr'><strong>non</strong></span> <span class='ocrx_word' id='word_1_574' title='bbox 2682 3985 2979 4053; x_wconf 88' lang='lat' dir='ltr'><strong>opponitur</strong></span> <span class='ocrx_word' id='word_1_575' title='bbox 3041 3988 3328 4045; x_wconf 87' lang='lat' dir='ltr'><strong>relationis</strong></span> <span class='ocrx_word' id='word_1_576' title='bbox 3393 3993 3649 4062; x_wconf 74' lang='lat' dir='ltr'><strong>obiectio,</strong></span> 
     </span>
    </p>
   </div>
   <div class='ocr_carea' id='block_1_85' title="bbox 2077 4074 3646 4148">
    <p class='ocr_par' dir='ltr' id='par_1_85' title="bbox 2077 4074 3646 4148">
     <span class='ocr_line' id='line_1_85' title="bbox 2077 4074 3646 4148; baseline 0.012 -24"><span class='ocrx_word' id='word_1_577' title='bbox 2077 4074 2531 4143; x_wconf 84' lang='lat' dir='ltr'><strong>quemadmodum</strong></span> <span class='ocrx_word' id='word_1_578' title='bbox 2561 4079 2841 4145; x_wconf 85' lang='lat' dir='ltr'><strong>processio</strong></span> <span class='ocrx_word' id='word_1_579' title='bbox 2897 4079 3152 4148; x_wconf 90' lang='lat' dir='ltr'><strong>Spiritus,</strong></span> <span class='ocrx_word' id='word_1_580' title='bbox 3183 4081 3304 4138; x_wconf 83' lang='lat' dir='ltr'><strong>Filii</strong></span> <span class='ocrx_word' id='word_1_581' title='bbox 3340 4085 3406 4139; x_wconf 86' lang='lat' dir='ltr'><strong>ad</strong></span> <span class='ocrx_word' id='word_1_582' title='bbox 3433 4085 3646 4143; x_wconf 89' lang='lat' dir='ltr'><strong>Patrem</strong></span> 
     </span>
    </p>
   </div>
   <div class='ocr_carea' id='block_1_86' title="bbox 2078 4165 3652 4246">
    <p class='ocr_par' dir='ltr' id='par_1_86' title="bbox 2078 4165 3652 4246">
     <span class='ocr_line' id='line_1_86' title="bbox 2078 4165 3652 4246; baseline 0.011 -26"><span class='ocrx_word' id='word_1_583' title='bbox 2078 4165 2324 4222; x_wconf 80' lang='lat' dir='ltr'><strong>relatloni</strong></span> <span class='ocrx_word' id='word_1_584' title='bbox 2376 4167 2508 4222; x_wconf 80' lang='lat' dir='ltr'><strong>nihil</strong></span> <span class='ocrx_word' id='word_1_585' title='bbox 2558 4167 2762 4236; x_wconf 80' lang='lat' dir='ltr'><strong>obstat,</strong></span> <span class='ocrx_word' id='word_1_586' title='bbox 2795 4179 2852 4225; x_wconf 87' lang='lat' dir='ltr'><strong>ut</strong></span> <span class='ocrx_word' id='word_1_587' title='bbox 2903 4173 2952 4226; x_wconf 88' lang='lat' dir='ltr'><strong>in</strong></span> <span class='ocrx_word' id='word_1_588' title='bbox 3007 4177 3364 4246; x_wconf 88' lang='lat' dir='ltr'><strong>sequentibus</strong></span> <span class='ocrx_word' id='word_1_589' title='bbox 3415 4179 3652 4237; x_wconf 73' lang='lat' dir='ltr'><strong>lucidius</strong></span> 
     </span>
    </p>
   </div>
   <div class='ocr_carea' id='block_1_87' title="bbox 2079 4259 2492 4314">
    <p class='ocr_par' dir='ltr' id='par_1_87' title="bbox 2079 4259 2492 4314">
     <span class='ocr_line' id='line_1_87' title="bbox 2079 4259 2492 4314; baseline 0.007 -3"><span class='ocrx_word' id='word_1_590' title='bbox 2079 4259 2492 4314; x_wconf 84' lang='lat' dir='ltr'><strong>monstrabitur.</strong></span> 
     </span>
    </p>
   </div>
   <div class='ocr_carea' id='block_1_88' title="bbox 2151 4349 3654 4433">
    <p class='ocr_par' dir='ltr' id='par_1_88' title="bbox 2151 4349 3654 4433">
     <span class='ocr_line' id='line_1_88' title="bbox 2151 4349 3654 4433; baseline 0.014 -31"><span class='ocrx_word' id='word_1_591' title='bbox 2151 4350 2305 4416; x_wconf 86' lang='lat' dir='ltr'><strong>Quod</strong></span> <span class='ocrx_word' id='word_1_592' title='bbox 2346 4349 2391 4405; x_wconf 92' lang='lat' dir='ltr'><strong>si</strong></span> <span class='ocrx_word' id='word_1_593' title='bbox 2433 4353 2726 4422; x_wconf 88' lang='lat' dir='ltr'><strong>procedere</strong></span> <span class='ocrx_word' id='word_1_594' title='bbox 2759 4357 2928 4426; x_wconf 87' lang='lat' dir='ltr'><strong>ipsam</strong></span> <span class='ocrx_word' id='word_1_595' title='bbox 2963 4359 3278 4429; x_wconf 83' lang='lat' dir='ltr'><strong>dictionem,</strong></span> <span class='ocrx_word' id='word_1_596' title='bbox 3304 4379 3424 4433; x_wconf 65' lang='lat' dir='ltr'><strong>qua:</strong></span> <span class='ocrx_word' id='word_1_597' title='bbox 3466 4366 3654 4424; x_wconf 68' lang='lat' dir='ltr'><strong>Grtece</strong></span> 
     </span>
    </p>
   </div>
   <div class='ocr_carea' id='block_1_89' title="bbox 2075 4444 3650 4526">
    <p class='ocr_par' dir='ltr' id='par_1_89' title="bbox 2075 4444 3650 4526">
     <span class='ocr_line' id='line_1_89' title="bbox 2075 4444 3650 4526; baseline 0.011 -30"><span class='ocrx_word' id='word_1_598' title='bbox 2075 4444 2476 4514; x_wconf 74' lang='grc' dir='ltr'><strong>ἐκπορεύεσθαι</strong></span> <span class='ocrx_word' id='word_1_599' title='bbox 2529 4447 2748 4514; x_wconf 90' lang='lat' dir='ltr'><strong>dicitur,</strong></span> <span class='ocrx_word' id='word_1_600' title='bbox 2788 4451 2841 4504; x_wconf 92' lang='lat' dir='ltr'><strong>in</strong></span> <span class='ocrx_word' id='word_1_601' title='bbox 2876 4451 3012 4508; x_wconf 82' lang='lat' dir='ltr'><strong>Filio</strong></span> <span class='ocrx_word' id='word_1_602' title='bbox 3037 4453 3318 4522; x_wconf 88' lang='lat' dir='ltr'><strong>inquirunt</strong></span> <span class='ocrx_word' id='word_1_603' title='bbox 3358 4473 3373 4510; x_wconf 90' lang='lat'><strong>:</strong></span> <span class='ocrx_word' id='word_1_604' title='bbox 3417 4460 3650 4526; x_wconf 87' lang='lat' dir='ltr'><strong>primum</strong></span> 
     </span>
    </p>
   </div>
   <div class='ocr_carea' id='block_1_90' title="bbox 411 4505 3650 4618">
    <p class='ocr_par' dir='ltr' id='par_1_90' title="bbox 411 4505 3650 4618">
     <span class='ocr_line' id='line_1_90' title="bbox 411 4505 3650 4618; baseline 0.009 -41"><span class='ocrx_word' id='word_1_605' title='bbox 411 4525 550 4578; x_wconf 82' lang='lat' dir='ltr'><strong>niam</strong></span> <span class='ocrx_word' id='word_1_606' title='bbox 580 4527 810 4594; x_wconf 82' lang='lat' dir='ltr'><strong>procedit</strong></span> <span class='ocrx_word' id='word_1_607' title='bbox 842 4542 906 4580; x_wconf 78' lang='lat' dir='ltr'><strong>ea:</strong></span> <span class='ocrx_word' id='word_1_608' title='bbox 945 4524 1143 4592; x_wconf 83' lang='lat' dir='ltr'><strong>Patre;</strong></span> <span class='ocrx_word' id='word_1_609' title='bbox 1193 4529 1260 4581; x_wconf 91' lang='lat' dir='ltr'><strong>ad</strong></span> <span class='ocrx_word' id='word_1_610' title='bbox 1298 4526 1499 4582; x_wconf 82' lang='lat' dir='ltr'><strong>Filium</strong></span> <span class='ocrx_word' id='word_1_611' title='bbox 1539 4541 1678 4592; x_wconf 80' lang='lat' dir='ltr'><strong>vero,</strong></span> <span class='ocrx_word' id='word_1_612' title='bbox 1721 4505 1972 4595; x_wconf 72' lang='lat' dir='ltr'><strong>quoniam</strong></span> <span class='ocrx_word' id='word_1_613' title='bbox 1997 4505 2052 4566; x_wconf 73' lang='grc' dir='ltr'><strong><em>Β</em></strong></span> <span class='ocrx_word' id='word_1_614' title='bbox 2077 4505 2296 4606; x_wconf 79' lang='lat' dir='ltr'><strong>quidem</strong></span> <span class='ocrx_word' id='word_1_615' title='bbox 2358 4532 2600 4606; x_wconf 84' lang='lat' dir='ltr'><strong>pluribus</strong></span> <span class='ocrx_word' id='word_1_616' title='bbox 2652 4505 2814 4610; x_wconf 75' lang='lat' dir='ltr'><strong>supra</strong></span> <span class='ocrx_word' id='word_1_617' title='bbox 2871 4505 3170 4600; x_wconf 72' lang='lat' dir='ltr'><strong>rationibus</strong></span> <span class='ocrx_word' id='word_1_618' title='bbox 3221 4505 3496 4604; x_wconf 67' lang='lat' dir='ltr'><strong>ostensum</strong></span> <span class='ocrx_word' id='word_1_619' title='bbox 3547 4564 3650 4618; x_wconf 85' lang='lat' dir='ltr'><strong>est,</strong></span> 
     </span>
    </p>
   </div>
   <div class='ocr_carea' id='block_1_91' title="bbox 409 4614 1974 4685">
    <p class='ocr_par' dir='ltr' id='par_1_91' title="bbox 409 4614 1974 4685">
     <span class='ocr_line' id='line_1_91' title="bbox 409 4614 1974 4685; baseline 0.004 -17"><span class='ocrx_word' id='word_1_620' title='bbox 409 4615 631 4669; x_wconf 62' lang='lat' dir='ltr'><strong>audiri:</strong></span> <span class='ocrx_word' id='word_1_621' title='bbox 663 4633 681 4668; x_wconf 78' lang='grc' dir='ltr'>ι</span> <span class='ocrx_word' id='word_1_622' title='bbox 715 4614 775 4671; x_wconf 84' lang='lat' dir='ltr'><strong>Si</strong></span> <span class='ocrx_word' id='word_1_623' title='bbox 805 4617 918 4684; x_wconf 75' lang='lat' dir='ltr'><strong>quia</strong></span> <span class='ocrx_word' id='word_1_624' title='bbox 949 4616 1210 4685; x_wconf 76' lang='lat' dir='ltr'><strong>Spiritum</strong></span> <span class='ocrx_word' id='word_1_625' title='bbox 1258 4617 1456 4672; x_wconf 81' lang='lat' dir='ltr'><strong>Christi</strong></span> <span class='ocrx_word' id='word_1_626' title='bbox 1485 4634 1593 4673; x_wconf 78' lang='lat' dir='ltr'><strong>non</strong></span> <span class='ocrx_word' id='word_1_627' title='bbox 1643 4620 1822 4684; x_wconf 78' lang='lat' dir='ltr'><strong>habet,</strong></span> <span class='ocrx_word' id='word_1_628' title='bbox 1870 4635 1974 4674; x_wconf 82' lang='lat' dir='ltr'><strong>non</strong></span> 
     </span>
    </p>
   </div>
   <div class='ocr_carea' id='block_1_92' title="bbox 408 4705 1973 4779">
    <p class='ocr_par' dir='ltr' id='par_1_92' title="bbox 408 4705 1973 4779">
     <span class='ocr_line' id='line_1_92' title="bbox 408 4705 1973 4779; baseline 0.003 -18"><span class='ocrx_word' id='word_1_629' title='bbox 408 4717 486 4761; x_wconf 79' lang='lat' dir='ltr'><strong>est</strong></span> <span class='ocrx_word' id='word_1_630' title='bbox 513 4707 624 4773; x_wconf 85' lang='lat' dir='ltr'><strong>ejus</strong></span> <span class='ocrx_word' id='word_1_631' title='bbox 652 4706 716 4760; x_wconf 82' lang='grc'><strong>⁸⁸.</strong></span> <span class='ocrx_word' id='word_1_632' title='bbox 749 4721 768 4760; x_wconf 71' lang='lat' dir='ltr'><strong>s</strong></span> <span class='ocrx_word' id='word_1_633' title='bbox 809 4707 884 4766; x_wconf 78' lang='lat' dir='ltr'><strong>Et</strong></span> <span class='ocrx_word' id='word_1_634' title='bbox 912 4707 1044 4763; x_wconf 85' lang='lat' dir='ltr'><strong>illud</strong></span> <span class='ocrx_word' id='word_1_635' title='bbox 1087 4705 1315 4779; x_wconf 80' lang='lat' dir='ltr'><strong>:Neque</strong></span> <span class='ocrx_word' id='word_1_636' title='bbox 1361 4709 1500 4762; x_wconf 85' lang='lat' dir='ltr'><strong>enim</strong></span> <span class='ocrx_word' id='word_1_637' title='bbox 1540 4710 1714 4763; x_wconf 82' lang='lat' dir='ltr'><strong>minus</strong></span> <span class='ocrx_word' id='word_1_638' title='bbox 1772 4710 1973 4778; x_wconf 82' lang='lat' dir='ltr'><strong>aliquid</strong></span> 
     </span>
    </p>
   </div>
   <div class='ocr_carea' id='block_1_93' title="bbox 323 4788 1974 4872">
    <p class='ocr_par' dir='ltr' id='par_1_93' title="bbox 323 4788 1974 4872">
     <span class='ocr_line' id='line_1_93' title="bbox 323 4788 1974 4872; baseline 0.003 -17"><span class='ocrx_word' id='word_1_639' title='bbox 323 4788 331 4794; x_wconf 60' lang='grc'><em>’</em></span> <span class='ocrx_word' id='word_1_640' title='bbox 409 4815 624 4855; x_wconf 79' lang='lat' dir='ltr'><strong>eramus</strong></span> <span class='ocrx_word' id='word_1_641' title='bbox 655 4801 889 4854; x_wconf 71' lang='lat' dir='ltr'><strong>habituri</strong></span> <span class='ocrx_word' id='word_1_642' title='bbox 920 4801 988 4854; x_wconf 87' lang='lat' dir='ltr'><strong>ad</strong></span> <span class='ocrx_word' id='word_1_643' title='bbox 1024 4805 1459 4872; x_wconf 78' lang='lat' dir='ltr'><strong>cognoscendum,</strong></span> <span class='ocrx_word' id='word_1_644' title='bbox 1487 4800 1747 4871; x_wconf 77' lang='lat' dir='ltr'><strong>Spiritum</strong></span> <span class='ocrx_word' id='word_1_645' title='bbox 1776 4820 1843 4858; x_wconf 71' lang='lat' dir='ltr'><strong>ea:</strong></span> <span class='ocrx_word' id='word_1_646' title='bbox 1867 4804 1974 4860; x_wconf 73' lang='lat' dir='ltr'><strong>Deo</strong></span> 
     </span>
    </p>
   </div>
   <div class='ocr_carea' id='block_1_94' title="bbox 409 4890 1975 4965">
    <p class='ocr_par' dir='ltr' id='par_1_94' title="bbox 409 4890 1975 4965">
     <span class='ocr_line' id='line_1_94' title="bbox 409 4890 1975 4965; baseline 0.004 -21"><span class='ocrx_word' id='word_1_647' title='bbox 409 4907 538 4955; x_wconf 80' lang='lat' dir='ltr'><strong>esse,</strong></span> <span class='ocrx_word' id='word_1_648' title='bbox 575 4890 832 4958; x_wconf 76' lang='lat' dir='ltr'><strong>Spiritum</strong></span> <span class='ocrx_word' id='word_1_649' title='bbox 866 4894 973 4946; x_wconf 77' lang='lat' dir='ltr'><strong>oris</strong></span> <span class='ocrx_word' id='word_1_650' title='bbox 999 4892 1113 4961; x_wconf 78' lang='lat' dir='ltr'><strong>ejus</strong></span> <span class='ocrx_word' id='word_1_651' title='bbox 1139 4894 1412 4948; x_wconf 74' lang='lat' dir='ltr'><strong>audientes</strong></span> <span class='ocrx_word' id='word_1_652' title='bbox 1442 4909 1558 4949; x_wconf 77' lang='lat' dir='ltr'><strong>eum</strong></span> <span class='ocrx_word' id='word_1_653' title='bbox 1576 4909 1596 4958; x_wconf 90' lang='grc'><strong><em>;</em></strong></span> <span class='ocrx_word' id='word_1_654' title='bbox 1625 4897 1718 4949; x_wconf 83' lang='lat' dir='ltr'><strong>sed</strong></span> <span class='ocrx_word' id='word_1_655' title='bbox 1754 4895 1975 4965; x_wconf 61' lang='lat' dir='ltr'><strong>suﬁcie-</strong></span> 
     </span>
    </p>
   </div>
   <div class='ocr_carea' id='block_1_95' title="bbox 409 4984 1976 5056">
    <p class='ocr_par' dir='ltr' id='par_1_95' title="bbox 409 4984 1976 5056">
     <span class='ocr_line' id='line_1_95' title="bbox 409 4984 1976 5056; baseline 0.004 -20"><span class='ocrx_word' id='word_1_656' title='bbox 409 4984 501 5036; x_wconf 74' lang='lat' dir='ltr'><strong>bat</strong></span> <span class='ocrx_word' id='word_1_657' title='bbox 543 4992 591 5038; x_wconf 77' lang='lat' dir='ltr'><strong>et</strong></span> <span class='ocrx_word' id='word_1_658' title='bbox 627 4985 722 5038; x_wconf 77' lang='lat' dir='ltr'><strong>hoc</strong></span> <span class='ocrx_word' id='word_1_659' title='bbox 749 4999 935 5038; x_wconf 64' lang='lat' dir='ltr'><strong>nomen</strong></span> <span class='ocrx_word' id='word_1_660' title='bbox 993 4985 1065 5039; x_wconf 79' lang='lat' dir='ltr'><strong>ad</strong></span> <span class='ocrx_word' id='word_1_661' title='bbox 1117 4985 1521 5051; x_wconf 71' lang='lat' dir='ltr'><strong>insinuandum,</strong></span> <span class='ocrx_word' id='word_1_662' title='bbox 1563 4987 1732 5056; x_wconf 82' lang='lat' dir='ltr'><strong>ipsius</strong></span> <span class='ocrx_word' id='word_1_663' title='bbox 1763 5002 1830 5041; x_wconf 67' lang='lat' dir='ltr'><strong>ex</strong></span> <span class='ocrx_word' id='word_1_664' title='bbox 1863 4987 1976 5042; x_wconf 81' lang='lat' dir='ltr'><strong>Deo</strong></span> 
     </span>
    </p>
   </div>
   <div class='ocr_carea' id='block_1_96' title="bbox 408 5071 911 5133">
    <p class='ocr_par' dir='ltr' id='par_1_96' title="bbox 408 5071 911 5133">
     <span class='ocr_line' id='line_1_96' title="bbox 408 5071 911 5133; baseline 0.006 -4"><span class='ocrx_word' id='word_1_665' title='bbox 408 5091 518 5130; x_wconf 80' lang='lat' dir='ltr'><strong>esse</strong></span> <span class='ocrx_word' id='word_1_666' title='bbox 540 5071 911 5133; x_wconf 54' lang='lat' dir='ltr'><strong>substantiam;</strong></span> 
     </span>
    </p>
   </div>
   <div class='ocr_carea' id='block_1_97' title="bbox 477 5191 1973 5256">
    <p class='ocr_par' dir='ltr' id='par_1_97' title="bbox 477 5191 1973 5256">
     <span class='ocr_line' id='line_1_97' title="bbox 477 5191 1973 5256; baseline 0.001 -10"><span class='ocrx_word' id='word_1_667' title='bbox 477 5191 643 5248; x_wconf 78' lang='lat' dir='ltr'><strong>Perro</strong></span> <span class='ocrx_word' id='word_1_668' title='bbox 677 5191 851 5246; x_wconf 88' lang='lat' dir='ltr'><strong>Patris</strong></span> <span class='ocrx_word' id='word_1_669' title='bbox 902 5207 966 5247; x_wconf 91' lang='lat' dir='ltr'><strong>os</strong></span> <span class='ocrx_word' id='word_1_670' title='bbox 1011 5191 1184 5249; x_wconf 78' lang='lat' dir='ltr'><strong>Filius</strong></span> <span class='ocrx_word' id='word_1_671' title='bbox 1232 5201 1337 5256; x_wconf 91' lang='lat' dir='ltr'><strong>est,</strong></span> <span class='ocrx_word' id='word_1_672' title='bbox 1398 5203 1458 5247; x_wconf 91' lang='lat' dir='ltr'><strong>ut</strong></span> <span class='ocrx_word' id='word_1_673' title='bbox 1514 5192 1708 5248; x_wconf 85' lang='lat' dir='ltr'><strong>Patres</strong></span> <span class='ocrx_word' id='word_1_674' title='bbox 1761 5193 1973 5249; x_wconf 83' lang='lat' dir='ltr'><strong>volunt.</strong></span> 
     </span>
    </p>
   </div>
   <div class='ocr_carea' id='block_1_98' title="bbox 407 5279 1972 5354">
    <p class='ocr_par' dir='ltr' id='par_1_98' title="bbox 407 5279 1972 5354">
     <span class='ocr_line' id='line_1_98' title="bbox 407 5279 1972 5354; baseline 0.003 -19"><span class='ocrx_word' id='word_1_675' title='bbox 407 5279 637 5337; x_wconf 84' lang='lat' dir='ltr'><strong>Prorsus</strong></span> <span class='ocrx_word' id='word_1_676' title='bbox 669 5293 818 5350; x_wconf 82' lang='lat' dir='ltr'><strong>vero,</strong></span> <span class='ocrx_word' id='word_1_677' title='bbox 847 5283 990 5353; x_wconf 84' lang='lat' dir='ltr'><strong>quod</strong></span> <span class='ocrx_word' id='word_1_678' title='bbox 1021 5293 1210 5340; x_wconf 84' lang='lat' dir='ltr'><strong>sancto</strong></span> <span class='ocrx_word' id='word_1_679' title='bbox 1242 5283 1473 5354; x_wconf 88' lang='lat' dir='ltr'><strong>Spiritui</strong></span> <span class='ocrx_word' id='word_1_680' title='bbox 1519 5285 1584 5338; x_wconf 91' lang='lat' dir='ltr'><strong>ad</strong></span> <span class='ocrx_word' id='word_1_681' title='bbox 1616 5281 1837 5338; x_wconf 85' lang='lat' dir='ltr'><strong>Patrem</strong></span> <span class='ocrx_word' id='word_1_682' title='bbox 1868 5291 1972 5350; x_wconf 84' lang='lat' dir='ltr'><strong>est,</strong></span> 
     </span>
    </p>
   </div>
   <div class='ocr_carea' id='block_1_99' title="bbox 402 5369 1966 5448">
    <p class='ocr_par' dir='ltr' id='par_1_99' title="bbox 402 5369 1966 5448">
     <span class='ocr_line' id='line_1_99' title="bbox 402 5369 1966 5448; baseline 0.002 -20"><span class='ocrx_word' id='word_1_683' title='bbox 402 5391 471 5428; x_wconf 71' lang='lat' dir='ltr'><strong>ea:</strong></span> <span class='ocrx_word' id='word_1_684' title='bbox 519 5371 673 5428; x_wconf 80' lang='lat' dir='ltr'><strong>Patre</strong></span> <span class='ocrx_word' id='word_1_685' title='bbox 699 5374 999 5440; x_wconf 77' lang='lat' dir='ltr'><strong>procedere,</strong></span> <span class='ocrx_word' id='word_1_686' title='bbox 1043 5369 1327 5446; x_wconf 86' lang='lat' dir='ltr'><strong>Patrisque</strong></span> <span class='ocrx_word' id='word_1_687' title='bbox 1348 5374 1626 5448; x_wconf 72' lang='lat' dir='ltr'><strong>Spiritum</strong></span> <span class='ocrx_word' id='word_1_688' title='bbox 1656 5375 1761 5430; x_wconf 89' lang='lat' dir='ltr'><strong>dici</strong></span> <span class='ocrx_word' id='word_1_689' title='bbox 1791 5393 1806 5432; x_wconf 87' lang='lat'><strong>:</strong></span> <span class='ocrx_word' id='word_1_690' title='bbox 1838 5375 1966 5441; x_wconf 85' lang='lat' dir='ltr'><strong>hoc,</strong></span> 
     </span>
    </p>
   </div>
   <div class='ocr_carea' id='block_1_100' title="bbox 404 5463 1970 5548">
    <p class='ocr_par' dir='ltr' id='par_1_100' title="bbox 404 5463 1970 5548">
     <span class='ocr_line' id='line_1_100' title="bbox 404 5463 1970 5548; baseline 0.003 -30"><span class='ocrx_word' id='word_1_691' title='bbox 404 5473 462 5518; x_wconf 85' lang='lat' dir='ltr'><strong>et</strong></span> <span class='ocrx_word' id='word_1_692' title='bbox 513 5466 576 5519; x_wconf 87' lang='lat' dir='ltr'><strong>ad</strong></span> <span class='ocrx_word' id='word_1_693' title='bbox 608 5463 824 5527; x_wconf 81' lang='lat' dir='ltr'><strong>Filium,</strong></span> <span class='ocrx_word' id='word_1_694' title='bbox 856 5463 923 5520; x_wconf 86' lang='lat' dir='ltr'><strong>ab</strong></span> <span class='ocrx_word' id='word_1_695' title='bbox 973 5466 1092 5534; x_wconf 77' lang='lat' dir='ltr'><strong>ipSo</strong></span> <span class='ocrx_word' id='word_1_696' title='bbox 1125 5468 1392 5536; x_wconf 87' lang='lat' dir='ltr'><strong>accipere,</strong></span> <span class='ocrx_word' id='word_1_697' title='bbox 1426 5477 1484 5523; x_wconf 87' lang='lat' dir='ltr'><strong>et</strong></span> <span class='ocrx_word' id='word_1_698' title='bbox 1534 5468 1746 5534; x_wconf 87' lang='lat' dir='ltr'><strong>audire,</strong></span> <span class='ocrx_word' id='word_1_699' title='bbox 1777 5478 1832 5522; x_wconf 85' lang='lat' dir='ltr'><strong>et</strong></span> <span class='ocrx_word' id='word_1_700' title='bbox 1865 5483 1970 5548; x_wconf 76' lang='lat' dir='ltr'><strong>cte-</strong></span> 
     </span>
    </p>
   </div>
   <div class='ocr_carea' id='block_1_101' title="bbox 403 5556 1976 5628">
    <p class='ocr_par' dir='ltr' id='par_1_101' title="bbox 403 5556 1976 5628">
     <span class='ocr_line' id='line_1_101' title="bbox 403 5556 1976 5628; baseline 0.003 -18"><span class='ocrx_word' id='word_1_701' title='bbox 403 5567 540 5623; x_wconf 84' lang='lat' dir='ltr'><strong>tera,</strong></span> <span class='ocrx_word' id='word_1_702' title='bbox 572 5571 692 5628; x_wconf 73' lang='lat' dir='ltr'><strong>qua:</strong></span> <span class='ocrx_word' id='word_1_703' title='bbox 727 5557 846 5611; x_wconf 81' lang='lat' dir='ltr'><strong>Filii</strong></span> <span class='ocrx_word' id='word_1_704' title='bbox 876 5559 1133 5626; x_wconf 83' lang='lat' dir='ltr'><strong>Spiritum</strong></span> <span class='ocrx_word' id='word_1_705' title='bbox 1160 5575 1281 5616; x_wconf 86' lang='lat' dir='ltr'><strong>esse</strong></span> <span class='ocrx_word' id='word_1_706' title='bbox 1312 5561 1718 5615; x_wconf 87' lang='lat' dir='ltr'><strong>commendant.</strong></span> <span class='ocrx_word' id='word_1_707' title='bbox 1754 5556 1886 5614; x_wconf 79' lang='lat' dir='ltr'><strong>Nam</strong></span> <span class='ocrx_word' id='word_1_708' title='bbox 1919 5568 1976 5615; x_wconf 87' lang='lat' dir='ltr'><strong>et</strong></span> 
     </span>
    </p>
   </div>
   <div class='ocr_carea' id='block_1_102' title="bbox 405 5647 1972 5720">
    <p class='ocr_par' dir='ltr' id='par_1_102' title="bbox 405 5647 1972 5720">
     <span class='ocr_line' id='line_1_102' title="bbox 405 5647 1972 5720; baseline 0.005 -19"><span class='ocrx_word' id='word_1_709' title='bbox 405 5663 435 5701; x_wconf 71' lang='grc' dir='ltr'><strong>ει</strong></span> <span class='ocrx_word' id='word_1_710' title='bbox 481 5647 638 5703; x_wconf 86' lang='lat' dir='ltr'><strong>Patro</strong></span> <span class='ocrx_word' id='word_1_711' title='bbox 670 5649 964 5718; x_wconf 81' lang='lat' dir='ltr'><strong>procedere</strong></span> <span class='ocrx_word' id='word_1_712' title='bbox 993 5649 1134 5720; x_wconf 82' lang='lat' dir='ltr'><strong>quod</strong></span> <span class='ocrx_word' id='word_1_713' title='bbox 1186 5652 1384 5708; x_wconf 87' lang='lat' dir='ltr'><strong>dicitur</strong></span> <span class='ocrx_word' id='word_1_714' title='bbox 1427 5667 1456 5707; x_wconf 86' lang='lat' dir='ltr'><strong>a</strong></span> <span class='ocrx_word' id='word_1_715' title='bbox 1505 5650 1673 5708; x_wconf 86' lang='lat' dir='ltr'><strong>Patre</strong></span> <span class='ocrx_word' id='word_1_716' title='bbox 1725 5653 1972 5720; x_wconf 85' lang='lat' dir='ltr'><strong>accipere</strong></span> 
     </span>
    </p>
   </div>
   <div class='ocr_carea' id='block_1_103' title="bbox 518 5829 1000 5896">
    <p class='ocr_par' dir='ltr' id='par_1_103' title="bbox 518 5829 1000 5896">
     <span class='ocr_line' id='line_1_103' title="bbox 518 5829 1000 5896; baseline 0.002 -13"><span class='ocrx_word' id='word_1_717' title='bbox 518 5831 562 5863; x_wconf 83' lang='grc'><strong>⁸⁸</strong></span> <span class='ocrx_word' id='word_1_718' title='bbox 598 5831 758 5883; x_wconf 72' lang='lat' dir='ltr'><strong>Iiom.</strong></span> <span class='ocrx_word' id='word_1_719' title='bbox 795 5844 912 5896; x_wconf 76' lang='lat' dir='ltr'><strong>VIII,</strong></span> <span class='ocrx_word' id='word_1_720' title='bbox 946 5829 1000 5884; x_wconf 86' lang='lat'><strong>9.</strong></span> 
     </span>
    </p>
   </div>
   <div class='ocr_carea' id='block_1_104' title="bbox 2077 4629 3654 4704">
    <p class='ocr_par' dir='ltr' id='par_1_104' title="bbox 2077 4629 3654 4704">
     <span class='ocr_line' id='line_1_104' title="bbox 2077 4629 3654 4704; baseline 0.008 -21"><span class='ocrx_word' id='word_1_721' title='bbox 2077 4629 2223 4698; x_wconf 88' lang='lat' dir='ltr'><strong>quod</strong></span> <span class='ocrx_word' id='word_1_722' title='bbox 2268 4630 2370 4684; x_wconf 78' lang='lat' dir='ltr'><strong>alia</strong></span> <span class='ocrx_word' id='word_1_723' title='bbox 2428 4641 2644 4701; x_wconf 84' lang='lat' dir='ltr'><strong>quoque</strong></span> <span class='ocrx_word' id='word_1_724' title='bbox 2685 4635 2846 4689; x_wconf 84' lang='lat' dir='ltr'><strong>verba</strong></span> <span class='ocrx_word' id='word_1_725' title='bbox 2910 4637 3015 4692; x_wconf 83' lang='lat' dir='ltr'><strong>hoc</strong></span> <span class='ocrx_word' id='word_1_726' title='bbox 3070 4637 3245 4704; x_wconf 86' lang='lat' dir='ltr'><strong>ipsum</strong></span> <span class='ocrx_word' id='word_1_727' title='bbox 3302 4639 3654 4702; x_wconf 75' lang='lat' dir='ltr'><strong>nihilominus</strong></span> 
     </span>
    </p>
   </div>
   <div class='ocr_carea' id='block_1_105' title="bbox 2076 4706 3651 4803">
    <p class='ocr_par' dir='ltr' id='par_1_105' title="bbox 2076 4706 3651 4803">
     <span class='ocr_line' id='line_1_105' title="bbox 2076 4706 3651 4803; baseline 0.008 -25"><span class='ocrx_word' id='word_1_728' title='bbox 2076 4723 2404 4793; x_wconf 79' lang='lat' dir='ltr'><strong>signiﬁcant.</strong></span> <span class='ocrx_word' id='word_1_729' title='bbox 2447 4706 2672 4791; x_wconf 82' lang='lat' dir='ltr'><strong>Deinde,</strong></span> <span class='ocrx_word' id='word_1_730' title='bbox 2715 4725 2840 4794; x_wconf 89' lang='lat' dir='ltr'><strong>quia</strong></span> <span class='ocrx_word' id='word_1_731' title='bbox 2869 4735 2922 4780; x_wconf 88' lang='lat' dir='ltr'><strong>et</strong></span> <span class='ocrx_word' id='word_1_732' title='bbox 2946 4742 2974 4780; x_wconf 89' lang='lat' dir='ltr'><strong>a</strong></span> <span class='ocrx_word' id='word_1_733' title='bbox 3005 4728 3210 4782; x_wconf 86' lang='lat' dir='ltr'><strong>sanctis</strong></span> <span class='ocrx_word' id='word_1_734' title='bbox 3237 4745 3448 4800; x_wconf 86' lang='lat' dir='ltr'><strong>quoque</strong></span> <span class='ocrx_word' id='word_1_735' title='bbox 3475 4737 3651 4803; x_wconf 84' lang='lat' dir='ltr'><strong>posita</strong></span> 
     </span>
    </p>
   </div>
   <div class='ocr_carea' id='block_1_106' title="bbox 2073 4815 3654 4896">
    <p class='ocr_par' dir='ltr' id='par_1_106' title="bbox 2073 4815 3654 4896">
     <span class='ocr_line' id='line_1_106' title="bbox 2073 4815 3654 4896; baseline 0.006 -25"><span class='ocrx_word' id='word_1_736' title='bbox 2073 4825 2162 4871; x_wconf 88' lang='lat' dir='ltr'><strong>est</strong></span> <span class='ocrx_word' id='word_1_737' title='bbox 2213 4817 2526 4885; x_wconf 84' lang='lat' dir='ltr'><strong>bujusmodl</strong></span> <span class='ocrx_word' id='word_1_738' title='bbox 2587 4815 2774 4871; x_wconf 86' lang='lat' dir='ltr'><strong>dictio.</strong></span> <span class='ocrx_word' id='word_1_739' title='bbox 2830 4815 2938 4871; x_wconf 85' lang='lat' dir='ltr'><strong>Sed</strong></span> <span class='ocrx_word' id='word_1_740' title='bbox 2976 4826 3028 4871; x_wconf 85' lang='lat' dir='ltr'><strong>et</strong></span> <span class='ocrx_word' id='word_1_741' title='bbox 3092 4818 3293 4889; x_wconf 89' lang='lat' dir='ltr'><strong>ipsum,</strong></span> <span class='ocrx_word' id='word_1_742' title='bbox 3349 4824 3493 4891; x_wconf 91' lang='lat' dir='ltr'><strong>quod</strong></span> <span class='ocrx_word' id='word_1_743' title='bbox 3559 4842 3654 4896; x_wconf 87' lang='lat' dir='ltr'><strong>per</strong></span> 
     </span>
    </p>
   </div>
   <div class='ocr_carea' id='block_1_107' title="bbox 2077 4900 3655 4978">
    <p class='ocr_par' dir='ltr' id='par_1_107' title="bbox 2077 4900 3655 4978">
     <span class='ocr_line' id='line_1_107' title="bbox 2077 4900 3655 4978; baseline 0.006 -15"><span class='ocrx_word' id='word_1_744' title='bbox 2077 4900 2273 4964; x_wconf 81' lang='lat' dir='ltr'><strong>Filium</strong></span> <span class='ocrx_word' id='word_1_745' title='bbox 2316 4907 2610 4978; x_wconf 87' lang='lat' dir='ltr'><strong>procedere</strong></span> <span class='ocrx_word' id='word_1_746' title='bbox 2639 4907 2858 4972; x_wconf 71' lang='lat' dir='ltr'><strong>dicitur,</strong></span> <span class='ocrx_word' id='word_1_747' title='bbox 2894 4921 2924 4962; x_wconf 83' lang='lat' dir='ltr'><strong>a</strong></span> <span class='ocrx_word' id='word_1_748' title='bbox 2969 4907 3229 4967; x_wconf 76' lang='lat' dir='ltr'><strong>Patribus</strong></span> <span class='ocrx_word' id='word_1_749' title='bbox 3271 4915 3655 4972; x_wconf 73' lang='lat' dir='ltr'><strong>commendare</strong></span> 
     </span>
    </p>
   </div>
   <div class='ocr_carea' id='block_1_108' title="bbox 2083 4999 3649 5079">
    <p class='ocr_par' dir='ltr' id='par_1_108' title="bbox 2083 4999 3649 5079">
     <span class='ocr_line' id='line_1_108' title="bbox 2083 4999 3649 5079; baseline 0.004 -22"><span class='ocrx_word' id='word_1_750' title='bbox 2083 5000 2300 5067; x_wconf 69' lang='lat' dir='ltr'><strong>Sollicit,</strong></span> <span class='ocrx_word' id='word_1_751' title='bbox 2352 4999 2494 5069; x_wconf 89' lang='lat' dir='ltr'><strong>quod</strong></span> <span class='ocrx_word' id='word_1_752' title='bbox 2533 5000 2696 5055; x_wconf 86' lang='lat' dir='ltr'><strong>etiam</strong></span> <span class='ocrx_word' id='word_1_753' title='bbox 2750 5002 2999 5072; x_wconf 81' lang='lat' dir='ltr'><strong>procedit</strong></span> <span class='ocrx_word' id='word_1_754' title='bbox 3029 5017 3096 5058; x_wconf 80' lang='lat' dir='ltr'><strong>ex</strong></span> <span class='ocrx_word' id='word_1_755' title='bbox 3142 5003 3300 5060; x_wconf 80' lang='lat' dir='ltr'><strong>Filio.</strong></span> <span class='ocrx_word' id='word_1_756' title='bbox 3331 5007 3649 5079; x_wconf 83' lang='lat' dir='ltr'><strong>Quanquam</strong></span> 
     </span>
    </p>
   </div>
   <div class='ocr_carea' id='block_1_109' title="bbox 2083 5093 3655 5170">
    <p class='ocr_par' dir='ltr' id='par_1_109' title="bbox 2083 5093 3655 5170">
     <span class='ocr_line' id='line_1_109' title="bbox 2083 5093 3655 5170; baseline 0.006 -22"><span class='ocrx_word' id='word_1_757' title='bbox 2083 5095 2282 5163; x_wconf 77' lang='lat' dir='ltr'><strong>quibus</strong></span> <span class='ocrx_word' id='word_1_758' title='bbox 2331 5107 2438 5149; x_wconf 85' lang='lat' dir='ltr'><strong>non</strong></span> <span class='ocrx_word' id='word_1_759' title='bbox 2497 5093 2754 5159; x_wconf 77' lang='lat' dir='ltr'><strong>sufﬁciat,</strong></span> <span class='ocrx_word' id='word_1_760' title='bbox 2790 5097 2933 5166; x_wconf 87' lang='lat' dir='ltr'><strong>quod</strong></span> <span class='ocrx_word' id='word_1_761' title='bbox 2979 5111 3044 5151; x_wconf 76' lang='lat' dir='ltr'><strong>ex</strong></span> <span class='ocrx_word' id='word_1_762' title='bbox 3090 5095 3233 5152; x_wconf 81' lang='lat' dir='ltr'><strong>Filio</strong></span> <span class='ocrx_word' id='word_1_763' title='bbox 3269 5098 3507 5170; x_wconf 89' lang='lat' dir='ltr'><strong>Spiritus</strong></span> <span class='ocrx_word' id='word_1_764' title='bbox 3533 5117 3655 5158; x_wconf 90' lang='lat' dir='ltr'><strong>esse</strong></span> 
     </span>
    </p>
   </div>
   <div class='ocr_carea' id='block_1_110' title="bbox 2073 5189 3656 5262">
    <p class='ocr_par' dir='ltr' id='par_1_110' title="bbox 2073 5189 3656 5262">
     <span class='ocr_line' id='line_1_110' title="bbox 2073 5189 3656 5262; baseline 0.006 -19"><span class='ocrx_word' id='word_1_765' title='bbox 2073 5199 2306 5244; x_wconf 84' lang='lat' dir='ltr'><strong>sanctus</strong></span> <span class='ocrx_word' id='word_1_766' title='bbox 2351 5189 2593 5245; x_wconf 78' lang='lat' dir='ltr'><strong>dicitur?</strong></span> <span class='ocrx_word' id='word_1_767' title='bbox 2637 5203 2761 5245; x_wconf 87' lang='lat' dir='ltr'><strong>cum</strong></span> <span class='ocrx_word' id='word_1_768' title='bbox 2810 5191 2984 5246; x_wconf 85' lang='lat' dir='ltr'><strong>sancti</strong></span> <span class='ocrx_word' id='word_1_769' title='bbox 3019 5191 3124 5247; x_wconf 86' lang='lat' dir='ltr'><strong>hoc</strong></span> <span class='ocrx_word' id='word_1_770' title='bbox 3155 5193 3403 5262; x_wconf 81' lang='lat' dir='ltr'><strong>plurimis</strong></span> <span class='ocrx_word' id='word_1_771' title='bbox 3436 5197 3487 5251; x_wconf 89' lang='lat' dir='ltr'><strong>iu</strong></span> <span class='ocrx_word' id='word_1_772' title='bbox 3521 5197 3656 5252; x_wconf 82' lang='lat' dir='ltr'><strong>locis</strong></span> 
     </span>
    </p>
   </div>
   <div class='ocr_carea' id='block_1_111' title="bbox 2083 5276 3652 5352">
    <p class='ocr_par' dir='ltr' id='par_1_111' title="bbox 2083 5276 3652 5352">
     <span class='ocr_line' id='line_1_111' title="bbox 2083 5276 3652 5352; baseline 0.006 -17"><span class='ocrx_word' id='word_1_773' title='bbox 2083 5281 2337 5351; x_wconf 80' lang='lat' dir='ltr'><strong>dixerint,</strong></span> <span class='ocrx_word' id='word_1_774' title='bbox 2386 5297 2512 5336; x_wconf 90' lang='lat' dir='ltr'><strong>cum</strong></span> <span class='ocrx_word' id='word_1_775' title='bbox 2560 5281 2626 5337; x_wconf 89' lang='lat' dir='ltr'><strong>de</strong></span> <span class='ocrx_word' id='word_1_776' title='bbox 2675 5276 3056 5352; x_wconf 78' lang='lat' dir='ltr'><strong>personalibus</strong></span> <span class='ocrx_word' id='word_1_777' title='bbox 3105 5281 3423 5342; x_wconf 72' lang='lat' dir='ltr'><strong>substantilb</strong></span> <span class='ocrx_word' id='word_1_778' title='bbox 3473 5289 3652 5344; x_wconf 51' lang='lat' dir='ltr'><strong>disse.</strong></span> 
     </span>
    </p>
   </div>
   <div class='ocr_carea' id='block_1_112' title="bbox 2081 5377 3652 5446">
    <p class='ocr_par' dir='ltr' id='par_1_112' title="bbox 2081 5377 3652 5446">
     <span class='ocr_line' id='line_1_112' title="bbox 2081 5377 3652 5446; baseline 0.001 -16"><span class='ocrx_word' id='word_1_779' title='bbox 2081 5385 2316 5431; x_wconf 75' lang='lat' dir='ltr'><strong>recent:</strong></span> <span class='ocrx_word' id='word_1_780' title='bbox 2372 5377 2708 5445; x_wconf 68' lang='lat' dir='ltr'><strong>uerbumque</strong></span> <span class='ocrx_word' id='word_1_781' title='bbox 2741 5389 2876 5441; x_wconf 82' lang='lat' dir='ltr'><strong>esse,</strong></span> <span class='ocrx_word' id='word_1_782' title='bbox 2931 5377 3326 5433; x_wconf 84' lang='lat' dir='ltr'><strong>‘substantivum</strong></span> <span class='ocrx_word' id='word_1_783' title='bbox 3375 5393 3498 5432; x_wconf 90' lang='lat' dir='ltr'><strong>cum</strong></span> <span class='ocrx_word' id='word_1_784' title='bbox 3557 5380 3652 5446; x_wconf 88' lang='lat' dir='ltr'><strong>sit,</strong></span> 
     </span>
    </p>
   </div>
   <div class='ocr_carea' id='block_1_113' title="bbox 2080 5468 3651 5540">
    <p class='ocr_par' dir='ltr' id='par_1_113' title="bbox 2080 5468 3651 5540">
     <span class='ocr_line' id='line_1_113' title="bbox 2080 5468 3651 5540; baseline 0.003 -17"><span class='ocrx_word' id='word_1_785' title='bbox 2080 5469 2256 5540; x_wconf 79' lang='lat' dir='ltr'><strong>magis</strong></span> <span class='ocrx_word' id='word_1_786' title='bbox 2315 5469 2480 5525; x_wconf 86' lang='lat' dir='ltr'><strong>etiam</strong></span> <span class='ocrx_word' id='word_1_787' title='bbox 2539 5468 2838 5540; x_wconf 78' lang='lat' dir='ltr'><strong>cultt5piam</strong></span> <span class='ocrx_word' id='word_1_788' title='bbox 2914 5475 3003 5524; x_wconf 75' lang='lat' dir='ltr'><strong>ex&#39;</strong></span> <span class='ocrx_word' id='word_1_789' title='bbox 3043 5470 3229 5540; x_wconf 86' lang='lat' dir='ltr'><strong>aliquo</strong></span> <span class='ocrx_word' id='word_1_790' title='bbox 3293 5471 3651 5528; x_wconf 85' lang='lat' dir='ltr'><strong>substantiam</strong></span> 
     </span>
    </p>
   </div>
   <div class='ocr_carea' id='block_1_114' title="bbox 2081 5559 3653 5634">
    <p class='ocr_par' dir='ltr' id='par_1_114' title="bbox 2081 5559 3653 5634">
     <span class='ocr_line' id='line_1_114' title="bbox 2081 5559 3653 5634; baseline 0.004 -17"><span class='ocrx_word' id='word_1_791' title='bbox 2081 5563 2390 5631; x_wconf 82' lang='lat' dir='ltr'><strong>exprimere</strong></span> <span class='ocrx_word' id='word_1_792' title='bbox 2421 5561 2610 5633; x_wconf 89' lang='lat' dir='ltr'><strong>possit,</strong></span> <span class='ocrx_word' id='word_1_793' title='bbox 2656 5561 2810 5631; x_wconf 81' lang='lat' dir='ltr'><strong>juxta</strong></span> <span class='ocrx_word' id='word_1_794' title='bbox 2865 5559 3074 5618; x_wconf 86' lang='lat' dir='ltr'><strong>scilicet</strong></span> <span class='ocrx_word' id='word_1_795' title='bbox 3125 5560 3330 5634; x_wconf 81' lang='lat' dir='ltr'><strong>proprii</strong></span> <span class='ocrx_word' id='word_1_796' title='bbox 3363 5577 3653 5632; x_wconf 75' lang='lat' dir='ltr'><strong>processus</strong></span> 
     </span>
    </p>
   </div>
   <div class='ocr_carea' id='block_1_115' title="bbox 2085 5653 2386 5709">
    <p class='ocr_par' dir='ltr' id='par_1_115' title="bbox 2085 5653 2386 5709">
     <span class='ocr_line' id='line_1_115' title="bbox 2085 5653 2386 5709; baseline 0 -3"><span class='ocrx_word' id='word_1_797' title='bbox 2085 5653 2386 5709; x_wconf 86' lang='lat' dir='ltr'><strong>terminum.</strong></span> 
     </span>
    </p>
   </div>
  </div>
