4106 6438
503 345 623 411 "ill

1731 298 1743 305 ’
1780 344 2174 405 MANUELts
2201 346 2506 411 anser.

3664 356 3770 421 112

596 457 862 511 Praeterea
899 464 1112 510 constat
1149 469 1212 509 ex
1249 452 1639 523 superioribus,
1666 452 1806 522 quod
1853 453 2081 516 dicimus
2112 457 2155 513 Α
2189 458 2314 511 litua
2390 463 2646 536 (actione)
2725 464 3216 521 eminentissimum
3281 467 3543 524 Ecclesiae
3599 471 3777 540 inagi-

525 551 579 602 in
619 547 758 601 Filio
815 561 1040 600 manere
1076 546 1357 614 Spiritum,
1395 545 1537 614 quod
1581 545 1797 614 quidam
1831 543 1916 598 his
1948 544 2086 612 obji-

525 643 718 707 ciunt,
743 641 832 709 qtti
863 640 1024 694 etiam
1047 654 1109 692 ex
1143 637 1281 691 Filio
1310 635 1610 706 proferunt,
1640 636 1771 690 nihil
1796 651 1890 691 eos
1914 636 2086 704 juvat.

517 734 627 800 Qui
677 734 819 786 enim
853 739 908 786 et
961 746 1027 785 ex
1071 728 1206 782 Filio
1245 729 1504 796 Spiritum
1540 729 1746 790 dicunt,
1777 739 1829 783 et
1863 729 1913 781 in
1952 727 2090 782 Filio

523 829 682 896 iunge
707 825 854 894 prius
876 822 1482 890 conﬁtentur-manuque
1510 828 1564 874 et
1585 820 1776 883 sancti,
1797 828 1851 875 et
1876 822 1927 873 in
1951 819 2090 874 Filio

524 921 734 983 dictmt;
789 927 843 970 ut
897 931 992 984 per
1058 915 1257 983 ipsum,
1314 921 1368 968 et
1405 928 1469 966 ex
1527 913 1640 980 ipso
1679 928 1808 976 esse,
1863 914 2086 966 addunt.

522 1008 706 1077 Neque
741 1009 838 1061 hoc
870 1007 1064 1068 solum,
1088 1005 1179 1058 sed
1209 1014 1264 1058 et
1291 1005 1341 1057 in
1371 1004 1551 1068 Patre,
1583 1012 1637 1057 et
1667 1003 1717 1056 in
1749 1003 1884 1056 Filio
1913 1002 2088 1071 Spiri-

523 1115 632 1156 tum
675 1111 921 1155 sanctum
976 1113 1220 1152 manere.
1276 1096 1430 1151 Sicut
1467 1106 1648 1150 autem
1700 1097 1751 1149 in
1788 1095 1948 1150 Patre
1975 1111 2092 1150 ma-

521 1209 674 1259 nens,
714 1195 876 1244 etiam
915 1205 981 1244 ex
1039 1190 1159 1258 ipso
1204 1197 1306 1252 est,
1353 1187 1435 1241 sic
1467 1195 1521 1241 et
1565 1186 1617 1240 in
1657 1185 1792 1241 Filio
1840 1199 2087 1250 manens,

511 1289 678 1341 etiam
715 1300 777 1340 cx
833 1283 953 1352 ipso
1003 1290 1106 1336 est.
1160 1278 1277 1333 Non
1331 1278 1475 1332 enim
1525 1277 1773 1348 profecto
1821 1276 2088 1348 quispiam

519 1378 901 1445 blasphemare
931 1371 1168 1435 audebit,
1194 1373 1264 1425 ita
1297 1369 1350 1423 in
1388 1367 1526 1423 Filio
1557 1382 1773 1422 manere
1803 1366 2086 1448 Spiritum,

513 1473 660 1526 sicut
709 1470 762 1522 in
798 1465 1040 1535 quolibet
1074 1472 1408 1524 sanctorum,
1461 1459 1518 1514 in
1551 1459 1748 1530 quibus
1796 1460 2090 1529 requiescit

518 1563 758 1633 quidem,
786 1567 841 1613 et
871 1563 1075 1622 manet,
1109 1553 1202 1609 sed
1231 1567 1327 1622 per
1361 1551 1610 1623 gratiam.
1659 1565 1762 1606 non
1795 1567 1895 1622 per
1924 1563 2088 1608 natu-

504 1673 576 1710 -τέὶ
587 1671 660 1710 m.

590 1748 854 1800 Przeterea
909 1756 1059 1806 vero,
1109 1738 1250 1808 quod
1301 1738 1674 1808 procedit,-in
1713 1753 1798 1804 eo,
1857 1753 1923 1793 ex
1981 1750 2087 1805 quo

2201 559 2397 617 suum,
2429 569 2493 608 ac
2519 565 2766 612 sanctum
2798 559 3182 627 prtedicarunt.

2275 642 2380 698 Sed
2425 653 2482 700 et
2505 647 2572 702 de
2605 651 2998 718 pra‘nomiuato
3040 657 3231 705 sancto
3269 649 3556 704 Anastasio
3579 648 3774 703 Antio-

2199 737 2374 794 cheno
2402 740 2729 807 patriarcha,
2752 752 2902 795 sexta
2927 743 3182 810 synodus,
3207 741 3286 796 sic
3305 743 3372 793 ait
3399 759 3413 795 :
3445 739 3774 805 Suscipimus

2197 839 2439 882 sanctum
2500 832 2843 886 Anastasium
2903 843 3045 884 recta
3101 833 3202 899 ﬁde
3249 832 3643 899 respondentem
3673 847 3772 899 pro

2197 930 2338 988 tanta
2363 922 2552 984 sancti,
2579 939 2642 975 ac
2669 923 2973 977 venerabilis
3002 922 3164 992 Papa:
3189 924 3400 978 Leonis.
3433 926 3508 980 Ac
3533 941 3724 980 rursus
3753 945 3768 980 :

2199 1011 2454 1066 Sanctum
2489 1015 2728 1070 nominat
2762 1013 2950 1068 Oriens
3001 1026 3140 1068 totus
3179 1017 3315 1070 hunc
3344 1027 3540 1072 sancta
3575 1034 3774 1072 memo-

2197 1103 2291 1156 ria:
2353 1104 2718 1165 Anastasium.
2763 1106 2857 1170 qui
2910 1106 3012 1174 fuit
3076 1108 3372 1160 Antiochia:
3423 1109 3772 1176 archiepisco-

2195 1210 2314 1263 pus,
2365 1205 2413 1250 et
2451 1199 2542 1265 qui
2594 1213 2712 1251 eum
2767 1214 2870 1252 non
2927 1199 3171 1266 suscipit,
3221 1198 3360 1253 Deus
3412 1202 3768 1255 anathemati-

2195 1294 2298 1340 set.
2625 1349 2628 1352 ,

2270 1377 2504 1434 Sanctus
2562 1378 2728 1451 igitur
2786 1379 3046 1446 Hilarius,
3085 1381 3338 1450 antiquus
3387 1381 3569 1448 Pater,
3604 1391 3771 1452 atque

2196 1469 2551 1536 venerabilis,
2578 1481 2634 1526 et
2656 1471 2872 1526 dicendi
2911 1471 2981 1536 vi,
3017 1481 3070 1526 et
3094 1472 3449 1542 philosophia:
3473 1475 3685 1537 studiis,
3711 1485 3772 1528 et

2197 1558 2484 1628 theologite
2515 1559 2874 1626 sublimitate,
2905 1570 2959 1616 et
2983 1563 3103 1616 vita:
3134 1564 3419 1628 munditia,
3443 1573 3495 1618 et
3527 1564 3769 1618 miracu-

2194 1647 2370 1703 lorum
2403 1651 2714 1706 ostensione
2767 1654 3004 1717 maxime
3047 1653 3249 1717 clarus,
3314 1655 3407 1719 ita,
3465 1665 3522 1709 ut
3553 1655 3769 1710 beatus

2195 1742 2526 1812 Augustinus
2565 1745 2630 1798 de
2679 1744 2769 1798 illo
2817 1745 2964 1800 dicat
3011 1763 3024 1798 :
3069 1743 3269 1798 Mirum
3331 1762 3480 1809 sane,
3541 1748 3586 1800 si
3641 1749 3768 1815 quis

516 1838 784 1907 procedit,
834 1834 984 1904 prius
1011 1830 1308 1887 substiterit
1338 1845 1559 1886 necesse
1590 1837 1690 1884 est.
1727 1829 1910 1899 Neque
1939 1828 2082 1882 enirn
2116 1813 2159 1872 Β
2191 1831 2461 1887 Hilarium
2516 1835 2687 1904 legens
2737 1851 2840 1889 non
2894 1837 3193 1890 admiratur
3239 1854 3356 1891 cum
3409 1838 3490 1892 his
3570 1813 3663 1908 qui
3712 1842 3768 1892 in

507 1946 580 1983 ex
623 1928 716 1981 illo
748 1927 906 1979 aliter
930 1924 1268 1993 procederet.
1302 1918 1357 1972 ln
1389 1920 1584 1974 divinis
1607 1927 1789 1974 autem
1813 1917 2082 1988 personis,

515 2023 676 2078 simul
725 2031 782 2076 et
840 2020 892 2073 in
927 2019 1062 2087 ipso,
1109 2022 1163 2068 et
1210 2030 1306 2082 per
1352 2015 1546 2084 ipsum,
1591 2020 1647 2066 et
1691 2027 1758 2066 ex
1813 2011 1931 2079 ipso
1977 2017 2083 2072 est,

511 2127 741 2186 propter
775 2112 1153 2174 mterttitatcni,
1193 2117 1247 2162 et
1279 2107 1420 2177 quod
1473 2105 1584 2160 illic
1621 2103 1873 2173 tempori;
1903 2101 2085 2156 nullus

522 2221 669 2260 locus
700 2206 788 2258 sit.
823 2202 974 2256 Sicut
1022 2215 1151 2270 ergo
1188 2199 1359 2253 Filius
1394 2199 1446 2251 in
1501 2195 1663 2250 Patre
1692 2194 1966 2250 exsistens
2017 2209 2118 2252 ex,

518 2314 633 2367 ipso
659 2307 762 2359 est,
795 2305 848 2350 et
873 2284 1109 2363 Spiritus
1131 2301 1354 2345 sanctus
1381 2287 1658 2352 similiter;
1693 2286 1806 2354 pari
1840 2283 2084 2355 profecto

515 2390 749 2451 ratione,
784 2385 938 2440 etde
990 2381 1273 2438 mansione
1316 2377 1492 2435 sancti
1543 2377 1783 2447 Spiritus
1835 2377 1888 2431 in
1943 2376 2084 2430 Filio

515 2481 823 2535 dicendum.

585 2573 650 2626 Et
685 2577 768 2624 est
807 2568 1025 2636 quidem
1056 2566 1106 2619 id
1158 2579 1366 2628 verum,
1401 2562 1540 2632 quod
1586 2561 1660 2614 ait
1687 2560 1847 2613 divus
1879 2557 2082 2628 Diony-

519 2664 656 2727 sius,
699 2660 845 2731 quod
881 2659 1077 2712 dit-inte
1131 2656 1442 2710 substantia:
1473 2654 1525 2707 in
1566 2652 1794 2708 invicem
1854 2652 2086 2706 circum-

513 2765 670 2817 eunt,
706 2755 799 2809 sed
849 2767 954 2804 non
1018 2749 1220 2802 idcirco
1276 2745 1524 2801 confusio
1570 2753 1674 2810 est,
1735 2757 1908 2812 neque
1952 2743 2083 2796 hinc

523 2845 817 2903 immobilis
847 2842 978 2894 ordo
1004 2836 1330 2909 pervertitur
1359 2855 1374 2890 :
1419 2832 1600 2904 Neque
1643 2850 1846 2888 necesse
1880 2832 2082 2886 Filium

509 2943 575 2993 in
599 2937 801 3006 Spiritu
843 2949 957 2986 cum
992 2932 1238 2992 dicimus,
1269 2929 1426 2981 etiam
1462 2944 1526 2982 ea:
1567 2925 1772 2994 Spiritu
1821 2942 1930 2978 esse
1960 2942 2085 2979 ron-

501 3031 674 3100 .ﬁteri,
718 3038 775 3082 ut
809 3024 1101 3093 Gregorius
1135 3022 1406 3091 Nyssenus
1441 3021 1558 3073 ait:
1605 3018 1727 3083 Sed,
1766 3026 1842 3070 est
1873 3018 2080 3085 quidem

509 3124 682 3177 Filius
718 3123 771 3174 in
809 3118 1002 3180 Patre,
1036 3117 1170 3169 sicut
1212 3112 1545 3182 pulchritudo
1579 3111 1820 3180 imaginis
1873 3111 1928 3163 in
1965 3111 2082 3179 pri-
2110 3145 2154 3206 C

513 3217 694 3269 mitira
728 3213 898 3280 {arma
950 3209 1002 3262 in
1037 3207 1252 3277 propria
1288 3204 1534 3274 imagine.
1569 3201 1715 3257 ldcm
1769 3217 1897 3257 vero
1928 3213 1979 3257 et
2029 3203 2077 3256 in

503 3306 669 3366 -Flil0,
706 3314 760 3356 ct
793 3300 997 3364 Spiritu
1031 3297 1340 3355 dicendum.

587 3397 851 3463 Quoniam
879 3395 1040 3460 igitur
1073 3392 1140 3445 ab
1169 3389 1464 3446 Orientalis
1497 3389 1751 3445 Ecclesia:
1787 3391 2076 3461 magistris,

498 3505 574 3542 ex
637 3484 776 3549 Filio
826 3498 980 3546 esse,
1042 3497 1104 3535 ac
1159 3482 1456 3548 procedere
1515 3480 1772 3548 Spiritum
1829 3494 2076 3536 sanctum

514 3578 774 3630 traditum
811 3573 1074 3635 constitit,
1112 3572 1236 3625 licet
1281 3570 1512 3640 plurima
1551 3573 1746 3626 omissa
1794 3573 1921 3638 sint,
1960 3589 2080 3644 quzc

513 3667 694 3724 all‘erri
727 3674 977 3734 poterant
1007 3663 1072 3716 ad
1107 3663 1209 3716 hoc
1240 3661 1412 3731 ipsum
1459 3664 1908 3732 asseverandnm;
1939 3682 2081 3723 nunc

503 3761 616 3826 jum
644 3767 698 3813 et
726 3757 795 3810 ab
825 3754 869 3809 0
904 3753 1186 3810 cidcntalis
1211 3750 1467 3807 Ecclesiae
1495 3753 1826 3818 doctoribus,
1855 3765 1910 3808 ut
1939 3756 2076 3810 idem

510 3865 752 3908 astruere
781 3851 1043 3913 nitamur,
1076 3847 1428 3900 admonemur
1460 3862 1474 3899 :
1506 3853 1562 3899 ut
1600 3845 1701 3910 his,
1733 3847 1822 3914 qui
1862 3857 2080 3902 contra-

505 3945 692 3998 dicere
724 3942 990 4003 nituntur,
1017 3937 1161 3991 nulla
1186 3935 1297 4004 jam
1334 3937 1613 3991 excusatio
1643 3939 1847 4007 reliqua
1877 3939 1966 3993 sit.
2004 3943 2078 3995 Ac

482 4037 684 4104 ,pritno
741 4033 980 4102 quidem,
1035 4039 1289 4097 quantam
1332 4027 1436 4079 illis
1497 4028 1830 4082 universales
1889 4030 2076 4099 synodi

483 4125 867 4180 ..rcverentiam
935 4121 1424 4185 auctoritatemque
1473 4119 1855 4185 praestiterint,
1888 4129 1940 4173 et
1973 4134 2077 4190 qua

514 4216 616 4270 tide
680 4215 890 4270 illorum
945 4211 1088 4266 dicta
1145 4207 1343 4276 suscipi
1411 4208 1732 4277 conveniat,
1802 4210 2080 4266 insinuan-

481 4316 658 4365 .dum.
1630 4349 1632 4351 ,

582 4403 777 4469 Saucia
815 4398 1002 4469 igitur,
1052 4402 1216 4462 atque
1261 4391 1584 4448 universalis
1624 4395 1808 4463 quinta
1838 4397 2076 4466 synodus

2188 1923 2377 1978 Nictea
2431 1935 2800 1981 convenerunt.
2859 1927 2967 1981 Pro
3027 1927 3287 1996 Unigeniti
3349 1931 3516 1998 gloria
3579 1940 3770 1985 contra

2186 2017 2372 2070 Arium
2404 2034 2666 2085 pugnans,
2710 2019 2785 2072 ait
2827 2017 2881 2072 in
2923 2021 3161 2090 secundo
3199 2018 3272 2072 De
3310 2018 3768 2088 Trinitatelibro,

2185 2121 2345 2176 quem
2424 2116 2614 2161 contra
2665 2107 2854 2160 Arium
2918 2117 2970 2160 et
3032 2091 3325 2162 Sabellium
3384 2110 3767 2179 conscripsit:

2185 2197 2460 2252 Credimus
2513 2209 2747 2251 sanctam
2795 2196 3131 2264 Trinitatem,
3178 2199 3275 2253 hoc
3319 2211 3392 2254 est
3440 2199 3681 2264 Patrem,
3718 2212 3769 2256 et

2187 2285 2411 2351 Filium,
2448 2290 2497 2342 el
2539 2288 2789 2356 Spiritum
2828 2300 3090 2351 sanctum,
3121 2305 3284 2343 unum
3325 2289 3486 2343 Deum
3526 2293 3771 2359 omnipo-

2185 2388 2393 2442 tentem,
2455 2381 2608 2432 unius
2672 2381 2932 2442 essentiaa,
2994 2382 3150 2434 unius
3210 2379 3542 2448 substantiae,
3603 2387 3768 2439 unius

2185 2473 2450 2537 potentite,
2478 2483 2775 2540 creatorem
2833 2474 3061 2526 omnium
3107 2485 3470 2527 creaturarum
3503 2492 3523 2539 ;
3551 2492 3614 2529 ex
3658 2493 3769 2546 quo

2186 2563 2384 2625 omnia,
2417 2579 2512 2630 per
2533 2580 2680 2629 quem
2713 2565 2912 2628 Omnia,
2945 2565 2996 2616 in
3035 2580 3136 2632 quo
3165 2567 3363 2618 omnia.
3407 2564 3621 2619 Patrem
3656 2586 3769 2622 non

2185 2655 2248 2707 ab
2311 2655 2438 2718 alio,
2479 2653 2675 2707 Filium
2717 2671 2777 2708 ex
2810 2653 2967 2709 Patre
2999 2657 3252 2724 genitum,
3291 2657 3451 2712 Deum
3494 2677 3667 2713 rerum
3703 2664 3770 2715 de

2188 2725 2290 2799 Deo
2321 2762 2460 2810 vero,
2493 2747 2665 2798 lumen
2703 2763 2894 2812 rerum,
2937 2764 3000 2800 ea:
3031 2749 3223 2801 lumine
3251 2766 3391 2814 vero,
3434 2768 3534 2805 non
3583 2763 3769 2807 tamen

2185 2839 2288 2890 duo
2317 2838 2541 2898 lumina,
2580 2839 2669 2890 sed
2701 2854 2857 2889 unum
2902 2837 3072 2891 lumen
3098 2854 3116 2891 :
3162 2839 3421 2906 Spiritum
3453 2850 3696 2894 sanctum
3731 2862 3762 2896 a

2185 2928 2370 2991 Patre,
2404 2940 2452 2982 et
2485 2928 2616 2984 Filio
2651 2931 2926 2997 tequaliter
2976 2934 3356 2999 procedentem,
3415 2937 3768 2989 consubstan-

2187 3019 2362 3071 tialem
2392 3028 2441 3070 et
2485 3031 2800 3073 cateternum
2840 3019 2990 3073 Patri
3017 3029 3064 3072 et
3109 3019 3270 3084 Filio,
3311 3021 3472 3076 Pater
3500 3025 3552 3076 in
3588 3026 3764 3091 seipse

2185 3110 2369 3176 plenus
2404 3109 2565 3172 Deus,
2620 3109 2791 3163 Filius
2840 3109 3024 3177 plenus
3059 3109 3194 3164 Deus
3226 3128 3290 3164 ex
3335 3110 3494 3166 Patre
3523 3116 3763 3183 genitus,

2189 3201 2420 3269 Spiritus
2450 3215 2660 3254 sanctus
2693 3200 2874 3268 plenus
2896 3217 2960 3254 ex
2997 3199 3181 3267 Patre,
3208 3213 3257 3256 et
3286 3201 3420 3258 Filio
3446 3207 3762 3273 procedens.

2189 3291 2312 3346 Non
2347 3302 2519 3345 tamen
2554 3301 2656 3346 tres
2715 3292 2838 3347 deos
2892 3294 3139 3356 dicimus,
3199 3297 3290 3348 sed
3341 3311 3501 3350 unum
3564 3296 3760 3352 Deum.

2186 3382 2332 3438 idem
2375 3382 2427 3436 in
2463 3379 2882 3438 Commentariis
2914 3384 2966 3439 in
3019 3387 3356 3455 Apostolum,
3401 3389 3468 3442 de
3497 3390 3660 3444 Patre
3692 3409 3764 3446 ac

2187 3473 2326 3528 Filio
2355 3475 2648 3539 disserens,
2670 3474 2747 3528 ait
2787 3491 2802 3528 :
2833 3473 2984 3529 Nihil
3022 3479 3074 3530 in
3113 3488 3298 3532 sancto
3329 3478 3533 3548 Spiritu
3562 3481 3764 3550 duplex

2187 3567 2428 3636 intelligi,
2459 3567 2583 3634 quin
2635 3563 2800 3642 Pater
2849 3576 2899 3619 et
2954 3567 3122 3621 Filius
3152 3569 3236 3622 illi
3269 3585 3379 3624 esse
3407 3572 3763 3638 praebuerint.

2191 3659 2337 3714 Unde
2364 3660 2516 3713 ambo
2547 3675 2707 3711 unum
2734 3660 3046 3728 principium
3082 3661 3252 3714 sancti
3291 3659 3518 3730 Spiritus
3567 3663 3764 3718 dicun-

2187 3764 2293 3808 tur.

2260 3847 2496 3899 Sanctus
2531 3843 2657 3898 item
2697 3841 3064 3913 Hieronymus
3111 3843 3345 3909 quodam
3379 3850 3430 3897 tn
3466 3846 3582 3904 loco
3621 3866 3762 3920 opu-

2186 3937 2461 3995 sculorum
2520 3940 2765 3996 suorum,
2827 3934 2904 3988 ait
2949 3952 2962 3987 :
3013 3932 3244 4002 Spiritus
3282 3947 3490 3991 sanctus
3523 3955 3555 3992 a
3588 3937 3757 3998 Patre

2188 4047 2250 4084 ac
2315 4027 2459 4082 Filio
2517 4026 2824 4094 procedens,
2892 4040 2984 4086 per
3053 4024 3228 4078 omnia
3293 4024 3442 4080 Patri
3488 4040 3535 4082 et
3607 4029 3761 4088 Filio

2185 4121 2465 4192 coa’qualis
2491 4131 2536 4174 et
2568 4131 2853 4174 coaeternus
2884 4127 2981 4171 est.

2257 4213 2493 4267 Sanetus
2541 4223 2756 4278 quoque
2801 4208 3121 4262 Ambrosius
3170 4207 3592 4269 Mediolanensis
3637 4216 3761 4284 epi-

2179 4318 2377 4373 scopus
2410 4304 2462 4355 in
2492 4301 2630 4354 libro
2662 4315 2759 4352 suo
2782 4298 2859 4352 De
2897 4298 3152 4354 Trinitate
3186 4303 3262 4356 ait
3294 4322 3308 4358 :
3357 4304 3480 4358 Non
3509 4308 3661 4374 quasi
3688 4313 3762 4384 ea:

2183 4397 2296 4449 loco
2329 4393 2558 4447 mittitur
2590 4389 2838 4458 Spiritus,
2884 4406 3044 4458 neque
3074 4394 3226 4459 quasi
3258 4394 3322 4448 de
3357 4395 3471 4449 loco
3517 4400 3761 4463 procedit

505 4493 757 4564 ingestis
786 4491 898 4544 suis
933 4489 1005 4541 ita
1050 4492 1218 4541 ferme
1267 4486 1332 4539 ad
1363 4486 1608 4551 verbum,
1653 4486 1727 4538 ait
1757 4502 1770 4538 :
1800 4484 2078 4555 Sequimur
2108 4494 2152 4548 ι)
2184 4506 2216 4540 a
2267 4485 2408 4539 Filio
2463 4484 2769 4551 procedens.
2833 4482 2975 4536 ldctn
3038 4482 3092 4535 in
3149 4488 3387 4539 secundo
3439 4489 3504 4542 de
3562 4500 3758 4545 sancto

491 4589 564 4638 in
600 4585 837 4638 omnibus
877 4593 1089 4634 sanctos
1139 4577 1354 4643 Patres,
1391 4593 1453 4632 ac
1485 4575 1724 4630 doctores
1753 4590 1947 4633 sanctte
1982 4579 2076 4632 Dei

507 4676 784 4736 Ecclesiw,
820 4671 1194 4733 Athanasium,
1229 4667 1520 4732 Hilarium,
1556 4668 1838 4734 Basiliam,
1880 4667 2075 4737 Grego-

511 4773 647 4818 rium
677 4763 1012 4831 Theologum,
1040 4757 1343 4828 Gregorium
1368 4757 1687 4826 Nyssenum,
1715 4758 2073 4822 Ambrosium,

507 4857 884 4926 Augustinum,
931 4852 1294 4920 Theophilum,
1328 4849 1608 4920 Cyrillum,
1633 4851 1892 4924 Joannem
1934 4849 2075 4904 Con-

505 4945 1057 5013 stuntinopolitanum,
1086 4943 1327 5008 Leonem,
1358 4943 1624 5004 Proclttm,
1656 4952 1705 4995 et
1733 4943 1930 5000 omnia.
1959 4955 2077 5010 qua:

491 5044 570 5094 ab
605 5041 678 5094 eis
707 5040 769 5091 de
795 5039 899 5108 [ide
932 5047 1098 5094 recta.
1143 5048 1190 5090 et
1228 5038 1296 5090 ad
1334 5036 1822 5088 condemnationem
1866 5033 2050 5087 hwreti

489 5146 691 5182 eorum
724 5130 1019 5198 conscripta
1044 5137 1187 5192 sunt,
1213 5128 1549 5195 suscipimus.
1586 5127 1720 5191 lino,
1749 5137 1800 5179 et
1831 5125 1884 5177 in
1918 5139 2068 5194 synoo

505 5222 648 5285 dico,
699 5221 839 5286 quod
898 5219 1114 5283 dicitur,
1195 5220 1544 5274 anathemate
1597 5219 1925 5284 plectuntur,
1984 5219 2074 5286 qui

495 5315 790 5382 pandimus
823 5311 1077 5365 doctores
1116 5325 1221 5365 nou
1278 5313 1609 5380 suscipiunt,
1664 5324 1836 5377 neque
1893 5311 2072 5363 nuntia

507 5420 630 5472 quae
685 5405 751 5457 ab
791 5401 882 5457 eis
941 5402 1140 5469 scripta
1199 5413 1345 5463 sunt,
1387 5401 1736 5454 conﬁtentur.
1802 5399 2074 5470 Praecipue

509 5511 639 5550 vero
683 5495 1040 5561 Augustinum
1072 5505 1276 5572 sanctae
1307 5491 1639 5544 universales
1684 5492 1894 5562 synodi,
1932 5503 1988 5546 ut
2019 5500 2071 5546 t'n

503 5603 693 5643 carum
730 5590 891 5655 gestis
919 5598 1154 5652 constat,
1191 5581 1354 5640 tertia‘
1381 5585 1608 5651 scilicet,
1645 5593 1798 5640 sexta
1857 5598 1911 5640 et
1951 5601 2072 5657 sep-

543 5762 594 5796 “
625 5760 782 5818 Joan.
811 5779 904 5828 xx,
941 5760 1035 5814 2i.

2183 4580 2385 4649 Spiritu
2419 4575 2578 4641 libro,
2604 4575 2715 4628 ait:
2753 4574 2905 4638 Quod
2932 4590 2997 4628 ea:
3025 4575 3200 4645 aliquo
3233 4587 3328 4642 est,
3359 4591 3448 4631 aut
3477 4596 3541 4633 ea:
3573 4597 3752 4635 essen-

2184 4673 2258 4725 tia
2284 4668 2712 4740 quidemhveluti
2740 4684 2857 4720 cum
2891 4665 3066 4721 Filius
3099 4683 3163 4721 ea:
3200 4667 3380 4734 Patre,
3405 4671 3486 4724 vel
3516 4671 3755 4740 Spiritus

2183 4772 2398 4816 sanctus
2427 4775 2492 4814 ea:
2525 4759 2688 4812 Patre
2716 4770 2765 4812 et
2797 4759 2955 4812 Filio.
2989 4757 3073 4812 Ex
3105 4770 3358 4828 potestate
3389 4772 3563 4816 autem
3593 4766 3757 4819 sicuti

2178 4869 2244 4908 ea;
2282 4853 2388 4905 Deo
2421 4851 2616 4905 omnia.

2256 4942 2488 4997 Sanctus
2528 4939 2862 5006 Augustinus
2896 4948 3074 4994 autem
3109 4941 3160 4993 in
3185 4940 3279 4996 lib.
3317 4957 3371 4995 tv
3397 4943 3462 4998 de
3488 4943 3754 5000 Trinitate

2179 5034 2304 5086 ait:
2354 5030 2466 5084 Nec
2506 5047 2783 5099 possumus
2833 5031 3026 5093 dicere,
3076 5033 3214 5100 quod
3248 5031 3477 5102 Spiritus
3525 5052 3557 5090 a
3605 5035 3752 5092 Filio

2181 5141 2284 5178 non
2325 5124 2595 5192 procedat.
2639 5121 2820 5190 Neque
2845 5123 2983 5175 enim
3017 5123 3217 5192 frustra
3251 5125 3386 5177 idem
3416 5123 3674 5193 Spiritus,
3702 5141 3749 5180 et

2177 5218 2381 5283 Patris,
2436 5227 2480 5269 et
2537 5213 2674 5292 Filii
2721 5205 3223 5279 Spiritus‘dicitur.
3280 5215 3392 5269 Nec
3426 5218 3596 5283 uideo,
3623 5220 3750 5288 quid

2177 5309 2326 5363 aliud
2384 5306 2683 5376 signiﬁcare
2745 5305 2990 5371 voluerit,
3045 5322 3164 5358 cum
3209 5307 3422 5377 suﬂians
3469 5308 3523 5362 in
3557 5310 3749 5376 faciem

2179 5400 2579 5467 discipulorum,
2609 5399 2683 5450 ait
2708 5413 2726 5450 :
2759 5415 2776 5446 t
2804 5397 3033 5462 Accipite
3065 5397 3323 5467 Spiritum
3353 5411 3598 5454 sanctum
3624 5401 3691 5458 “.
3721 5423 3740 5455 ι

2180 5493 2363 5562 Neque
2414 5492 2548 5544 enim
2585 5491 2744 5556 [latus
2790 5490 2878 5542 ille
2909 5506 3188 5557 corporeus
3219 5506 3334 5544 cum
3371 5508 3525 5544 sensu
3559 5509 3746 5562 corpo-

2147 5587 2366 5647 raliter
2413 5583 2659 5652 tangendi
2719 5583 3002 5651 procedens
3060 5598 3125 5637 ea:
3177 5598 3413 5653 corpore,
3448 5585 3747 5641 substantia
