4106 6438
355 376 472 444 113
573 422 579 431 ς
1250 382 1263 407 ‘

1416 352 1825 439 ADVERSUS
1865 371 2191 436 cumcos
2229 369 2377 463 me:
2414 368 2501 431 Il.

3446 334 3451 337 ’
3517 324 3661 435 ut:

356 489 592 561 Spiritus
611 486 784 543 sancti
808 485 953 557 fuit;
984 486 1076 540 sed
1096 486 1501 554 demonstratio,
1523 504 1615 557 per
1635 501 1924 557 congruam
1954 487 2000 547 Α
2028 483 2182 547 tiam,
2219 490 2269 534 et
2301 481 2507 550 inspira
2550 477 2700 542 mihi,
2731 483 2780 532 et
2806 477 2935 532 doce
2961 492 3045 532 me
3068 493 3159 546 per
3186 477 3418 549 gratiam
3449 490 3619 543 tuam,

355 580 812 651 signiﬁcationem,
854 596 957 635 non
997 588 1205 634 tantum
1238 596 1269 634 a
1318 580 1500 645 Patre,
1538 581 1630 635 sed
1655 589 1706 633 et
1738 595 1768 631 a
1798 577 1937 632 Filio

358 675 636 743 procedere
658 672 921 744 Spiritum
949 684 1211 728 sanctum.
1245 674 1378 740 Quis
1407 675 1550 728 enim
1597 671 1935 727 dementissi-

362 784 478 822 mus
507 767 720 833 dixerit,
770 767 939 821 alium
970 766 1134 837 fuisse
1179 765 1440 835 Spiritum
1480 775 1747 830 sanctum,
1779 779 1930 834 quem
1962 776 1969 789 ’

359 859 575 929 sufﬂans
621 858 789 922 dedit,
839 868 897 912 et
942 857 1146 924 alium,
1194 873 1347 929 quem
1407 866 1525 926 post
1575 859 1932 910 ascensionem

360 966 509 1004 suam
540 950 728 1006 misit!
779 946 931 1005 Unus
972 950 1110 1029 enim
1147 947 1378 1018 Spiritus
1409 956 1487 1002 est
1524 945 1787 1029 Spiritus,
1811 942 1932 1012 Dei,

360 1041 586 1112 Spiritus
619 1040 817 1109 Patris,
852 1053 899 1096 et
929 1022 1066 1097 Filii
1110 1039 1345 1111 Spiritus
1379 1041 1574 1106 sancti,
1619 1041 1712 1110 qui
1739 1022 1931 1109 opera-

362 1143 451 1188 tur
473 1135 650 1189 omnia
682 1136 736 1189 in
763 1135 1023 1189 omnibus.

435 1228 577 1283 Idem
635 1228 690 1282 in
738 1227 834 1283 lib.
888 1243 957 1281 xv
1010 1213 1089 1281 De
1128 1225 1441 1281 Trinitate:
1503 1224 1568 1278 Et
1604 1235 1778 1279 tamen
1826 1240 1932 1278 non

362 1322 565 1391 [rustra
606 1322 662 1375 in
707 1322 807 1375 hac
857 1319 1121 1375 Trinitate
1159 1336 1259 1374 non
1311 1320 1510 1373 dicitur
1548 1317 1773 1371 Verbum
1812 1317 1928 1381 Dei,

362 1413 467 1468 nisi
503 1411 689 1475 Filius,
720 1426 815 1465 nec
855 1409 1050 1464 donum
1086 1408 1202 1475 Dei,
1245 1409 1351 1463 nisi
1396 1408 1633 1478 Spiritus
1677 1415 1930 1467 sanctus;

356 1523 450 1561 nec
478 1506 540 1559 de
568 1522 669 1576 quo
696 1505 927 1575 genitum
953 1511 1031 1558 est
1071 1502 1323 1568 Verbum,
1360 1512 1409 1556 et
1456 1502 1526 1557 de.
1559 1518 1661 1572 quo
1694 1500 1928 1568 procedit

354 1597 722 1669 principaliter
751 1595 1003 1665 Spiritus,
1037 1596 1142 1650 nisi
1174 1595 1312 1650 Deus
1344 1593 1526 1648 Pater.
1577 1592 1702 1647 Ideo
1751 1600 1927 1645 autem

360 1692 545 1747 addidi
569 1691 953 1761 principaliter,
975 1690 1099 1760 quia
1128 1698 1176 1744 et
1199 1688 1264 1743 de
1293 1687 1435 1743 Filio
1456 1685 1689 1757 Spiritus
1710 1696 1929 1741 sanctus

354 1792 631 1856 procedere
659 1786 938 1854 reperitur.
972 1783 1077 1840 Sed
1108 1784 1206 1837 hoc
1231 1797 1437 1852 quoque
1471 1781 1557 1835 illi
1590 1777 1752 1834 Pater
1782 1777 1926 1832 dedit

357 1895 463 1933 non
488 1878 601 1948 jam
624 1878 917 1941 exsistenti,
936 1883 987 1929 et
1016 1876 1251 1929 nandum
1273 1872 1490 1928 habenti
1504 1888 1525 1937 ;
1550 1873 1643 1927 sed
1669 1869 1927 1940 quidquid

356 1968 619 2041 unigenito
691 1965 855 2022 Verbo
903 1965 1067 2031 dedit,
1123 1962 1382 2035 gignendo
1437 1961 1605 2015 dedit.
1661 1958 1750 2015 Sic
1803 1975 1927 2028 ergo

356 2078 474 2117 eum
525 2060 741 2132 genuit,
790 2070 846 2113 ut
899 2059 1062 2113 etiam
1115 2057 1181 2110 de
1234 2054 1333 2110 illo
1396 2056 1597 2109 donum
1654 2068 1932 2108 commune

356 2154 670 2223 procederet,
701 2161 748 2206 et
786 2150 1019 2221 Spiritus
1047 2149 1259 2203 sanctui
1284 2155 1417 2203 esset
1440 2148 1740 2201 amborum.

430 2247 574 2302 ldem
597 2245 650 2300 in
683 2244 775 2300 lib.
800 2259 832 2296 ν
864 2243 941 2297 De
975 2241 1234 2298 Trinitate
1255 2256 1276 2296 :
1298 2239 1752 2317 Quemadmodum
1786 2238 1930 2293 Filio

360 2338 705 2395 substantiam
768 2345 987 2406 praestat
1059 2337 1178 2390 sine
1243 2334 1407 2390 initio
1463 2334 1753 2403 temporis,
1815 2333 1933 2387 sine

366 2429 709 2487 mutabilitate
772 2437 986 2485 natura:
1047 2443 1115 2482 ea:
1175 2424 1345 2482 Patre
1402 2426 1675 2492 natioitas,
1735 2425 1816 2479 ita
1877 2432 1931 2477 et

375 2524 588 2594 Spiritui
618 2533 804 2579 sancto
841 2539 955 2578 esse
984 2529 1200 2592 prtestat
1222 2521 1337 2576 sine
1365 2519 1629 2590 principio
1658 2517 1929 2587 temporis,

371 2616 481 2670 sine
508 2615 849 2670 mutabilitate
895 2625 1120 2679 naturas,
1153 2614 1266 2680 ipsa
1295 2627 1361 2667 ea:
1380 2621 1613 2682 utroque
1635 2611 1925 2679 processio.

435 2707 570 2762 Idem
616 2722 776 2776 super
804 2704 964 2761 Joan.
998 2724 1011 2760 :
1039 2704 1351 2774 Corporalis
1382 2704 1478 2760 illa
1507 2704 1927 2777 insuﬂlatio_non

362 2800 591 2869 Spiritus
645 2799 819 2853 sancti
863 2798 1162 2854 substantia
1217 2797 1344 2868 fuit,
1400 2798 1492 2852 sed
1551 2796 1927 2851 demonstratio

358 2910 453 2964 per
486 2909 766 2962 congruam
802 2891 1266 2967 signiﬁcationem,
1293 2905 1398 2945 non
1426 2874 1635 2944 tantum
1678 2905 1711 2942 a
1742 2887 1927 2952 Patre,

357 2987 450 3041 sed
487 2986 646 3040 etiam
679 3002 712 3039 a
733 2985 873 3041 Filio
895 2985 1175 3055 procedere
1204 2983 1467 3054 Spiritum
1501 2989 1744 3036 sanctum
1764 2998 1784 3045 ;
1808 2982 1957 3051 quisi

355 3079 491 3133 enim
526 3077 600 3133 ita
631 3077 839 3133 demens
884 3079 977 3144 sit,
1009 3085 1068 3131 ut
1100 3076 1266 3143 dicat,
1318 3076 1484 3129 alium
1525 3090 1635 3129 esse
1667 3071 1926 3142 Spiritum

355 3181 616 3235 sanctum,
671 3186 823 3242 quem
888 3169 1163 3240 insuﬁians
1231 3168 1378 3223 dedit
1427 3183 1448 3223 :

356 3276 629 3335 postquam
655 3271 952 3332 assumptus
979 3272 1079 3327 est,
1111 3260 1304 3317 misit?

428 3358 573 3413 Idem
607 3357 672 3411 ad
715 3356 933 3412 Petrum
984 3353 1297 3425 quemdam,
1343 3353 1715 3423 postulantem
1764 3359 1929 3408 recta:

361 3448 484 3505 ﬁdei
513 3448 779 3505 conscribi
813 3448 1077 3520 regulam,
1105 3447 1462 3518 quadraginta
1496 3445 1642 3502 illam
1671 3444 1930 3517 capitulis

360 3540 633 3609 distinxit;
685 3554 913 3610 quorum
949 3538 1184 3610 singula,
1221 3537 1419 3606 dogma
1459 3536 1744 3593 continent
1782 3535 1929 3591 saluc

360 3635 477 3699 bre,
511 3641 675 3703 atque
723 3632 790 3687 ad
837 3631 996 3686 ﬁdem
1047 3629 1439 3686 necessarium.
1496 3627 1587 3683 Ait
1643 3627 1812 3698 igitur
1871 3627 1928 3683 in

356 3737 481 3793 cap.
522 3724 607 3780 8:
663 3721 994 3778 Firmissime
1046 3730 1183 3783 tene,
1244 3729 1296 3775 et
1348 3720 1652 3775 nullatenus
1699 3718 1929 3785 dubites,

359 3817 528 3884 ipsum
558 3813 812 3884 Spiritum
843 3823 1114 3877 sanctum,
1141 3815 1233 3882 qui
1271 3810 1485 3879 Patris,
1519 3824 1582 3866 ac
1616 3808 1751 3866 Filii
1792 3826 1931 3866 unus

360 3909 590 3977 Spiritus
627 3917 723 3975 est,
772 3924 807 3963 a
838 3906 1018 3972 Patre,
1049 3914 1099 3960 et
1130 3905 1271 3961 Filio
1305 3890 1608 3977 procedere.
1656 3904 1744 3959 Ait
1790 3904 1932 3958 enim

364 4001 584 4059 Filius:
620 4019 641 4055 s
680 4000 814 4058 Cum
852 4002 1053 4056 uenerit
1078 3997 1423 4065 .Paracletus,
1462 3997 1697 4067 Spiritus
1737 3997 1937 4052 ueritas

358 4099 447 4162 tis,
477 4097 566 4167 qui
594 4112 627 4150 a
657 4094 814 4150 Patre
841 4096 1072 4165 procedit
1096 4094 1143 4126 '°
1173 4111 1188 4162 ;
1224 4113 1245 4148 s
1279 4110 1382 4165 quo
1409 4094 1464 4148 in
1493 4093 1609 4147 loco
1634 4107 1790 4147 suum
1820 4107 1937 4147 esse

362 4190 538 4244 docuit
571 4187 828 4259 Spiritum
859 4197 1121 4243 sanctum.
1177 4185 1301 4257 Ipse
1342 4187 1529 4256 quippe
1578 4196 1655 4243 est
1701 4183 1931 4241 Veritas.

368 4283 438 4338 Et
471 4299 535 4339 ea:
559 4280 698 4337 Filio
730 4282 1009 4353 procedere
1040 4279 1297 4348 Spiritum
1328 4287 1596 4343 sanctum,
1628 4290 1676 4333 et
1710 4278 1935 4348 prophe-

364 4379 470 4431 tica
498 4376 664 4442 nobis,
699 4385 749 4430 et
774 4374 1059 4444 apostolica
1089 4373 1332 4428 doctrina
1367 4372 1726 4427 commendat.
1753 4372 1935 4427 Isaias

365 4473 504 4525 enim
534 4469 597 4522 de
632 4464 774 4521 Filio
823 4466 949 4520 dicit
981 4481 1003 4519 :
1035 4484 1054 4518 t
1094 4463 1360 4521 Percutiet
1402 4474 1598 4520 terram
1630 4466 1778 4536 uirga
1819 4466 1933 4520 oris

2033 579 2296 646 quomodo
2330 574 2385 626 in
2422 582 2471 626 te
2502 570 2901 642 inculpabiliter
2926 580 3168 640 oporteat
3203 572 3435 635 credere,
3474 581 3534 626 ut
3574 583 3624 626 te

2038 667 2226 730 Deum,
2273 682 2460 729 unum,
2487 673 2745 720 a’ternum
2773 665 3013 727 sentiam,
3049 673 3099 718 et
3125 665 3613 734 incomprehensibi-

2034 760 2159 814 liter
2195 761 2396 813 trinum
2432 760 2485 812 in
2516 757 2755 828 personis
2791 759 3028 821 credam,
3067 757 3279 811 Patrem
3304 758 3623 829 ingenitum,

2036 849 2238 904 Filium
2258 867 2324 905 ea:
2345 844 2873 921 Patreunigenitum,
2906 852 3267 917 procedentem
3295 866 3360 903 ex
3382 851 3622 920 utrisque

2031 950 2424 1014 permanentem
2460 941 2719 1009 Spiritum
2747 953 3014 996 sanctum.
3380 992 3401 1005 ,

2104 1032 2249 1089 Idem
2284 1033 2339 1088 in
2372 1034 2562 1088 eodem
2585 1034 2724 1089 libro
2751 1052 2765 1088 :
2792 1033 2944 1088 Hanc
2981 1035 3140 1105 ﬁdem
3171 1052 3262 1105 per
3291 1047 3359 1104 te,
3387 1047 3436 1092 et
3466 1053 3530 1092 ex
3551 1047 3619 1104 te,
3649 1089 3653 1093 .

2031 1136 2083 1183 et
2112 1128 2166 1182 in
2202 1137 2252 1182 te
2287 1125 2569 1195 confiteor,-
2592 1143 2624 1181 ο
2669 1126 2846 1193 beata,
2875 1136 2927 1181 et
2962 1128 3257 1194 benedicta,
3306 1139 3356 1184 et
3385 1131 3621 1200 gloriosa

2036 1215 2295 1282 Trinitas,
2323 1233 2354 1271 ο
2382 1230 2524 1283 vera,
2553 1225 2606 1271 et
2635 1234 2865 1284 summa,
2890 1229 2937 1273 et
2966 1231 3164 1275 (eterna
3198 1223 3401 1285 unitas,
3436 1221 3619 1284 Pater,

2031 1320 2079 1364 et
2111 1309 2303 1376 Filius,
2355 1321 2404 1364 et
2458 1308 2692 1378 Spiritus
2737 1322 2978 1379 sanctus,
3041 1313 3204 1380 Deus,
3261 1326 3308 1368 et
3361 1314 3617 1368 Dominus

2033 1399 2377 1468 Paracletus,
2410 1401 2671 1469 charitas,
2702 1406 2898 1474 gratia,
2936 1407 3083 1469 unio,
3120 1422 3242 1459 vera
3295 1407 3406 1469 lux,
3444 1425 3618 1460 rerum

2031 1495 2211 1548 lumen
2250 1509 2316 1548 ex
2349 1510 2471 1549 vero
2502 1496 2722 1560 lumine,
2760 1513 2877 1550 vera
2906 1497 3253 1563 illuminatio,
3290 1501 3459 1552 vivens
3491 1502 3617 1558 vita.

2034 1587 2144 1641 vita
2177 1602 2243 1640 ex
2271 1587 2496 1652 uiuente,
2528 1589 2810 1642 viventium
2860 1591 3173 1658 uiviﬁcatio’,
3219 1589 3355 1660 fons,
3399 1593 3625 1661 fluuius,
3671 1624 3677 1630 ν

2031 1678 2197 1743 rivus,
2230 1694 2369 1732 unus
2398 1695 2466 1734 ea:
2511 1680 2679 1744 nullo,
2712 1681 2943 1734 unus'ab
2978 1697 3104 1744 uno,
3150 1698 3287 1735 unus
3332 1699 3396 1735 ea:
3432 1685 3616 1736 ambo-

2032 1768 2149 1822 bus.
2199 1767 2279 1822 Ab
2328 1784 2433 1823 uno
2481 1770 2683 1836 omnia,
2729 1771 2905 1823 omnia
2952 1787 3045 1837 per
3079 1787 3239 1823 unum
3278 1773 3330 1824 in
3367 1789 3490 1826 uno.
3536 1774 3617 1824 Ex

2032 1861 2177 1915 nullo
2208 1861 2386 1927 Pater,
2419 1879 2484 1917 ea:
2513 1863 2701 1930 altero,
2726 1863 2889 1918 Patre
2918 1865 3133 1931 scilicet,
3163 1864 3373 1930 Filius;
3413 1883 3479 1920 ea:
3506 1883 3620 1918 am-

2028 1953 2188 2008 bobus
2220 1953 2452 2023 Spiritus
2481 1965 2724 2023 sanctus,
2775 1938 2872 2009 hoc
2920 1967 3019 2023 est,
3052 1973 3118 2011 ea:
3158 1957 3323 2013 Patre
3365 1967 3413 2012 et
3451 1956 3618 2012 Filio.

2038 2048 2203 2102 Verus
2243 2051 2471 2123 genitor,
2512 2052 2739 2117 veritas,
2774 2053 3000 2121 genitus,
3036 2050 3314 2105 amborum
3358 2051 3617 2111 charitas.

2029 2139 2264 2207 Spiritus
2287 2153 2529 2199 sanctus.
2556 2141 2601 2198 υ
2609 2144 2751 2198 nitas
2777 2160 2906 2209 una,
2927 2160 3080 2215 requa
3103 2144 3379 2214 majestas,
3398 2145 3618 2216 (aqualis

2028 2233 2222 2304 gloria,
2254 2251 2360 2289 una
2402 2235 2687 2307 eademque
2718 2237 2967 2293 essentia.

2021 2346 2071 2389 ν,
2104 2324 2344 2382 Sanctus
2394 2341 2618 2398 quoque
2664 2326 2776 2384 Leo
2809 2322 2971 2398 papa;
3015 2329 3117 2384 sub
3164 2344 3272 2399 quo
3316 2329 3619 2386 Chalcedo-

2030 2432 2203 2474 nense
2228 2419 2522 2473 concilium
2556 2418 2850 2475 conﬂatum
2883 2430 3006 2489 est;
3052 2420 3211 2491 cujus
3246 2421 3313 2476 de
3341 2421 3443 2477 lide
3471 2421 3637 2476 litte-r

2030 2528 2146 2580 ras,
2221 2524 2388 2570 recta:
2469 2515 2594 2571 lidci
2677 2516 2986 2571 columnam
3053 2517 3308 2571 universa
3383 2516 3619 2590 synodus

2030 2607 2289 2677 appellat,
2334 2608 2391 2663 in
2437 2609 2723 2664 canonicis
2756 2609 3136 2665 sanctionibus
3170 2617 3359 2664 contra
3397 2623 3492 2664 eos
3524 2610 3627 2676 qui.

2032 2700 2276 2770 pecunia:
2310 2701 2510 2771 gratia,
2563 2715 2765 2757 munus
2820 2702 3186 2770 imponerent,
3242 2701 3315 2755 ait
3355 2719 3368 2755 :
3404 2700 3618 2764 Gratia,

2028 2809 2149 2865 quae
2174 2795 2342 2863 gratis
2372 2810 2475 2848 non
2519 2795 2701 2861 datur,
2744 2804 2794 2847 et
2831 2794 3116 2864 accipitur,
3152 2795 3330 2864 gratia
3375 2811 3479 2848 non
3517 2803 3617 2848 est.

2030 2889 2104 2942 At
2128 2884 2424 2943 Simoniaci
2452 2902 2557 2941 non
2575 2889 2737 2958 gratis
2758 2888 3060 2957 accipiunt;
3092 2904 3193 2942 non
3217 2904 3338 2956 ergo
3366 2890 3618 2956 gratiam,
3661 2956 3666 2960 _

2029 2998 2148 3049 qua:
2195 2982 2250 3034 in
2299 2980 2679 3036 ecclesiasticis
2732 2982 3012 3036 ordinibus
3064 2981 3297 3035 maxime
3343 2990 3619 3051 operatur,

2029 3075 2321 3144 accipiunt.
2375 3075 2437 3130 Si
2490 3082 2666 3130 autem
2717 3089 2820 3126 non
2900 3074 3191 3140 accipiunt,
3246 3090 3350 3126 non
3403 3058 3620 3138 habent,

1506 3166 1700 3231 alium,
1772 3180 1924 3236 quem
1955 3182 2001 3249 ο
2034 3185 2197 3235 neque
2219 3170 2409 3240 gratis,
2436 3185 2598 3241 neque
2628 3184 2745 3222 cum
2770 3168 2990 3239 pecunia
3020 3165 3153 3220 dare
3181 3166 3346 3220 alicui
3377 3179 3623 3233 possunt.

1980 3260 2185 3327 'Quid
2254 3262 2415 3332 igitur
2476 3262 2659 3315 dant?
2724 3260 2989 3328 Spiritum
3056 3259 3324 3313 mendacii
3392 3258 3620 3314 scilicet.

2034 3352 2309 3419 Quomodo
2327 3355 2354 3411 Σ)
2372 3354 2440 3408 Id
2466 3360 2821 3407 ostendemus.
2846 3351 2906 3405 Si
2932 3351 3069 3404 enim
3100 3348 3331 3418 Spiritus
3359 3354 3618 3417 ueritatis,

2041 3443 2274 3499 Veritate
2308 3446 2425 3509 ipsa
2461 3454 2708 3511 testante,
2727 3460 2791 3501 ex
2817 3461 2921 3516 qua
2945 3446 3206 3514 procedit,
3231 3445 3400 3512 gratis
3433 3445 3623 3510 datur;

2030 3536 2216 3610 procul
2266 3537 2426 3592 dubio
2457 3540 2677 3608 spiritus
2735 3539 3001 3592 mendacii
3029 3554 3154 3592 esse
3189 3538 3625 3605 deprehenditur,

2030 3632 2123 3702 qui
2155 3648 2259 3685 non
2306 3631 2474 3701 gratis
2507 3631 2688 3685 datur.

2109 3722 2350 3779 Sanctus
2396 3722 2530 3776 item
2594 3720 2892 3792 Gregorius
2941 3723 3218 3781 Romanus
3269 3726 3531 3796 pontifex,
3569 3729 3631 3782 iu

2024 3816 2222 3871 'ltomtl.
2277 3830 2443 3885 super
2472 3815 2602 3869 illud
2632 3813 2813 3869 Joan..
2877 3815 3009 3872 Cum
3033 3834 3151 3871 sero
3194 3828 3325 3873 esset
3384 3818 3474 3871 die
3525 3821 3618 3873 ilfo

2033 3925 2143 3964 una
2172 3898 2536 3964 Sabbatorum
2562 3907 2630 3972 ⁷⁸,
2658 3909 2734 3962 ait
2761 3925 2777 3961 :
2814 3926 2834 3959 t
2869 3907 3018 3964 Sicut
3063 3911 3204 3964 misit
3246 3928 3328 3964 me
3359 3909 3542 3973 Pater,
3573 3925 3629 3967 et-

2033 4001 2309 4073 ego'mitto
2343 4017 2433 4056 vos
2467 4013 2490 4054 :
2530 4019 2549 4054 ι
2590 4001 2686 4055 hoc
2732 4012 2833 4065 est,
2876 4018 2938 4056 ea
2988 4002 3251 4059 cltatitate
3304 4020 3393 4059 vos
3438 4007 3621 4076 diligo,

2035 4111 2159 4150 cum
2214 4094 2356 4148 inter
2401 4093 2657 4149 scandala
2705 4102 3100 4162 persecutorum
3152 4097 3328 4157 mitto.
3363 4107 3470 4151 etc.
3504 4113 3625 4167 qum

2036 4200 2199 4256 supra
2233 4185 2565 4241 notavimus.
2592 4185 2738 4239 Idem
2772 4198 2896 4239 cum
2917 4169 3232 4255 exponeret
3259 4188 3387 4241 illud
3413 4184 3626 4261 cantici

2037 4278 2399 4341 canticorum,
2424 4276 2637 4332 scilicet
2686 4295 2702 4331 :
2760 4278 2908 4331 Odor
2947 4289 3339 4348 unguentorum
3386 4288 3622 4344 tuorum,

2035 4385 2192 4441 super
2242 4370 2422 4425 omnia
2483 4379 2728 4425 aromata
2777 4370 2842 4427 ⁷⁸.
2891 4369 3009 4424 ait:
3042 4367 3375 4441 Unguentum
3408 4369 3631 4447 Domini

2043 4460 2276 4533 Spiritus
2299 4471 2516 4516 sanctus
2546 4473 2680 4527 erat,
2704 4463 2891 4539 dequo
2920 4460 3184 4531 Propheta
3209 4465 3281 4516 ad
3307 4479 3422 4517 eum
3446 4463 3583 4519 dixit
3606 4479 3627 4519 :

365 4561 471 4624 sui,
528 4571 576 4614 et
642 4559 846 4630 Spiritu
898 4557 1161 4612 labiorum
1214 4573 1432 4612 suorum
1486 4532 1764 4628 inter/Sciet
1830 4563 1928 4614 int-
1955 4532 2011 4595 D
2048 4532 2275 4610 cUnrcit
2311 4565 2361 4610 te
2394 4554 2554 4619 Deus,
2593 4554 2730 4609 Deus
2779 4532 2923 4618 tuus,
2953 4553 3066 4607 oleo
3100 4554 3477 4608 exsultationis
3514 4570 3627 4625 pra:

366 4653 508 4720 piunt
529 4649 597 4704 ".
627 4667 647 4702 ι
693 4648 769 4704 De
799 4664 902 4717 quo
927 4658 978 4702 et
1001 4648 1282 4717 Apostolus
1313 4650 1393 4703 ait
1430 4664 1452 4704 :
1487 4667 1508 4703 t
1545 4647 1714 4716 Quem
1746 4650 1934 4707 Domi-

368 4755 465 4793 nus
496 4738 653 4793 .lcsus
682 4739 957 4808 iuterﬁciet
1004 4737 1210 4807 Spiritu
1241 4739 1351 4794 oris
1390 4739 1478 4794 sui
1502 4741 1572 4796 τ’.
1613 4758 1634 4794 s
1687 4741 1855 4807 Quem
1884 4749 1941 4796 et

365 4831 474 4898 ipse
505 4831 801 4901 unigenitus
851 4828 1024 4887 Filius
1072 4829 1191 4898 Dei,
1239 4832 1353 4887 oris
1391 4831 1478 4887 sui
1510 4829 1778 4903 Spiritum
1824 4849 1938 4890 esse

366 4925 633 4995 signanter
691 4927 962 4981 ostendens
987 4970 1003 4991 ,
1069 4935 1188 4995 post
1261 4928 1700 4983 resurrectionem
1728 4936 1753 4947 “
1776 4943 1929 4985 suam

367 5018 632 5087 discipulis
667 5022 783 5075 suis
821 5020 1092 5099 insuﬂans
1132 5020 1272 5075 dixit
1298 5035 1319 5074 :
1355 5037 1375 5072 ‹
1401 5020 1638 5092 Accipite
1668 5019 1930 5090 Spiritum

366 5123 603 5166 sanctum
619 5112 683 5176 ",
707 5130 725 5162 ι
758 5121 806 5166 et
839 5113 1000 5168 Joan.
1027 5115 1084 5168 in
1116 5114 1301 5185 Apoc.,
1327 5131 1393 5169 ea:
1421 5129 1510 5168 ore
1534 5113 1700 5183 ipsius
1722 5113 1936 5169 Domini

366 5201 494 5259 Iesu
536 5204 765 5275 gladium
808 5205 886 5260 bis
927 5215 1142 5261 acutum
1171 5207 1453 5275 procedere
1484 5205 1720 5263 dixit".
1752 5224 1771 5261 s
1812 5206 1935 5275 Ipse

370 5311 497 5367 ergo
535 5296 771 5366 Spiritus
812 5299 954 5370 ejus,
1010 5299 1127 5370 ipse
1176 5307 1233 5355 et
1285 5299 1500 5370 gladius
1549 5312 1614 5354 ex
1665 5313 1760 5355 ore
1814 5299 1936 5370 ejus

368 5391 682 5461 procedens.

434 5480 575 5536 Idem
607 5482 661 5536 in
692 5480 787 5535 lib.
822 5479 897 5535 De
936 5481 1044 5552 ﬁde
1085 5481 1349 5536 catholica
1392 5498 1408 5539 :
1464 5479 1700 5547 Praesta,
1736 5481 1935 5551 inquit,

369 5574 518 5642 mihi,
566 5576 620 5630 in
652 5576 755 5629 hac
797 5576 904 5642 via,
937 5592 1119 5647 quam,
1156 5586 1203 5630 te
1250 5576 1402 5643 duce,
1452 5576 1685 5643 ambulo,
1723 5576 1930 5644 sapien-

427 5781 476 5814 "'
503 5780 663 5838 Joan.
688 5797 783 5847 xv,
818 5780 912 5837 26.
988 5782 1035 5816 "
1067 5782 1179 5838 Isa.
1211 5801 1288 5845 XI,
1321 5786 1412 5839 44.
1453 5783 1498 5815 ’⁸
1534 5782 1574 5836 II
1599 5778 1796 5839 Thess.
1825 5795 1887 5849 It,
1921 5780 1976 5836 8.

376 5853 463 5908 i9.
536 5854 584 5888 "
610 5852 774 5910 Cant.
813 5869 887 5920 tv,
920 5855 1003 5910 l0.
1079 5856 1124 5887 ⁷⁷
1149 5855 1294 5911 Psal.
1328 5870 1475 5925 xuv,
1508 5856 1560 5911 8.

2039 4649 2388 4722 participibus
2416 4648 2520 4701 tuis
2547 4648 2617 4701 ".
2653 4665 2684 4699 »-
2723 4646 2834 4700 Hoc
2876 4646 3012 4709 oleo,
3057 4647 3269 4714 quando
3314 4646 3635 4701 incarnatus

2040 4752 2139 4807 est,
2172 4750 2358 4795 unctus
2391 4749 2512 4794 est:
2547 4736 2667 4792 Non
2699 4738 2837 4792 enim
2869 4738 3099 4804 primum
3131 4735 3284 4791 homo
3314 4737 3490 4805 [actus
3519 4748 3623 4803 est,

2040 4828 2223 4906 postea
2271 4831 2532 4902 Spiritum
2583 4838 2828 4884 sanctum
2872 4828 3073 4896 accepit
3118 4843 3139 4883 :
3173 4829 3286 4906 sed,
3314 4831 3526 4898 quando
3561 4831 3625 4885 de

2042 4925 2245 4997 Spiritu
2295 4935 2480 4979 sancto
2510 4923 2821 4993 incarnatps
2863 4930 2960 4987 est,
2996 4920 3155 4975 simul
3180 4904 3245 4976 ’ἐι
3289 4923 3621 4983 incarnatus.
3701 4964 3712 4973 .

2038 5030 2087 5076 et
2121 5026 2311 5074 unctus
2352 5025 2452 5071 est.
2503 5014 2651 5069 Odor
2693 5013 2833 5068 enim
2882 5023 3271 5083 unguentorum
3320 5015 3625 5087 fragrantia

2041 5111 2215 5166 sancti
2245 5108 2476 5178 Spiritus
2509 5115 2605 5171 est,
2632 5107 2721 5175 qui
2776 5115 2824 5158 et
2854 5106 2918 5159 ab
2943 5107 3057 5176 ipso
3078 5108 3337 5175 procedit,
3360 5119 3408 5163 et
3431 5108 3486 5162 in
3508 5112 3626 5181 ipso

2041 5212 2333 5276 permanet.
2374 5200 2521 5257 Idem
2557 5200 2611 5254 in
2645 5198 2689 5253 Il
2729 5197 2918 5254 Moral.
2971 5198 3206 5268 Spiritus
3233 5212 3449 5257 sanctus
3485 5218 3625 5256 nun-

2045 5315 2204 5369 quam
2235 5294 2466 5351 deseruit
2492 5292 2876 5347 humanitatem
2900 5276 3123 5357 Christi,
3149 5295 3302 5364 cujus
3329 5309 3394 5348 ea:
3420 5295 3630 5349 Deitate

2043 5389 2304 5463 procedit.
2870 5399 2879 5404 ’
2972 5376 2981 5387 ’

2115 5484 2221 5539 Ista
2259 5481 2475 5551 quidem
2509 5494 2536 5534 a
2586 5477 2792 5534 Latinis
2843 5476 3158 5535 doctoribus
3187 5489 3420 5547 sumpta,
3454 5490 3629 5546 pauca

2048 5579 2115 5635 de
2150 5575 2643 5631 innumerabilibus
2702 5573 3022 5644 posuimus:
3086 5587 3182 5640 per
3244 5586 3367 5641 quae
3422 5567 3629 5624 Griecis

2040 5773 2087 5814 ⁷³
2115 5778 2273 5836 loau.
2310 5794 2402 5844 xx,
2437 5777 2530 5832 ‘Zl.
2634 5760 2876 5848 “Apoc.
2909 5783 3012 5831 tet
3041 5788 3153 5828 tux.
3262 5770 3307 5805 "
3336 5770 3497 5829 Joau.
3527 5786 3627 5838 xx,
