4106 6442
344 332 442 397 ili

1395 329 1800 401 ADVERSUS
1832 335 2157 398 GBICOS
2200 336 2348 400 LIB.
2397 335 2512 399 IL:

3507 331 3606 395 113

336 459 586 515 ru«-runt,
621 450 915 522 fragilitate
946 451 1278 510 conditionis
1296 451 1549 508 humana-
1580 453 1632 508 in
1668 467 1913 510 errorem
1940 457 1988 514 Α
2019 455 2167 508 nium
2202 452 2530 508 naturalium
2557 451 2850 530 bonorum,
2886 448 3177 520 Patrisque
3199 449 3341 505 bona
3403 432 3611 501 habeat

339 547 519 615 lapsos
539 544 739 613 dicent,
776 545 879 601 sibi
910 557 1090 601 autem
1136 547 1236 616 ipsi
1296 547 1675 602 tantummodo
1723 536 1916 602 errore

336 636 508 705 deripi
532 651 635 691 non
665 651 846 703 posse,
901 638 1170 708 peculiare
1213 640 1363 695 erit?

409 727 512 784 Sed
547 729 670 792 ista,
729 739 789 782 ut
842 729 1133 798 superbia,
1177 731 1542 800 stultitimque
1601 732 1913 802 plenissima

338 825 445 878 illis
482 822 879 890 relinquantur.
915 836 1053 892 quos
1099 823 1332 878 delectat
1367 825 1679 893 huiusmodi
1742 827 1918 884 fatuas

341 915 667 985 inutilesque
697 915 958 987 gloriolas
985 916 1185 986 sequi;
1236 918 1474 972 maxime
1501 933 1625 973 cum
1655 918 1913 986 possibile

341 1026 444 1063 non
480 1010 570 1068 sit.
595 1009 810 1064 eosdem
844 1018 896 1063 et
930 1021 1151 1066 sanctos
1175 997 1572 1077 consentiente,
1620 1011 1753 1066 orbe
1792 1013 1917 1066 uni-

342 1119 517 1170 verso,
554 1101 739 1162 fuisse.
768 1113 818 1155 et
856 1118 886 1156 a
920 1103 1022 1157 fide
1048 1104 1322 1167 deviasse,
1360 1104 1478 1159 sine
1502 1120 1607 1176 qua
1657 1104 1768 1160 Deo
1799 1105 1917 1172 pla-

340 1212 464 1252 cere
491 1197 828 1264 impossibile
858 1205 961 1257 est.
991 1205 1050 1252 ut
1079 1198 1154 1252 ait
1223 1199 1520 1266 Apostolus
1552 1197 1618 1255 ".
1670 1198 1780 1254 Nos
1817 1215 1918 1253 au-

343 1304 447 1344 tem
473 1291 732 1345 honorem
770 1291 875 1346 illis
906 1291 972 1344 ab
1013 1291 1421 1348 universalibus
1481 1292 1728 1348 conciliis
1765 1293 1951 1346 attri—‘

341 1386 526 1438 butum
556 1395 858 1449 servantes,
899 1385 1108 1455 hosque
1136 1395 1194 1440 ut
1243 1394 1628 1455 praeceptores,
1663 1395 1719 1442 et
1747 1387 1918 1441 duces

340 1477 554 1532 Graecos
597 1475 924 1548 Latinosque
979 1485 1310 1549 sequentes:
1384 1478 1451 1534 In
1517 1477 1726 1536 Christo
1780 1481 1920 1534 enim

343 1567 496 1632 Iesu,
533 1587 694 1639 neque
724 1569 976 1637 Judteus,
1029 1588 1192 1641 neque
1241 1568 1462 1626 Cra-cus
1485 1582 1561 1626 est
1622 1571 1826 1642 aliquid
1851 1571 1919 1636 τ’,

342 1663 593 1732 quodque
616 1677 644 1715 a
683 1651 926 1733 quolibet
971 1663 1198 1729 dictum,
1229 1662 1497 1719 veraciter
1524 1665 1767 1719 eamdem
1793 1645 1922 1718 ’11³-

342 1757 433 1810 bet
468 1738 593 1819 vim,
628 1753 910 1819 librantes,
957 1755 1062 1811 sibi
1124 1756 1283 1824 ipsis,
1337 1765 1502 1824 atque
1567 1756 1800 1814 invicezn
1854 1759 1924 1812 de

236 1907 244 1916 ε
341 1856 530 1902 sancto
557 1846 787 1916 Spiritu,
825 1846 980 1901 valde
1028 1849 1330 1904 concordes
1386 1849 1703 1918 aspicimus.

416 1939 518 1994 Alii
563 1941 702 1995 enim
767 1932 835 1997 ei
898 1939 1038 1996 Filio
1091 1943 1387 2010 procedere
1442 1944 1595 1997 aiunt
1656 1941 1918 2012 Spiritum

344 2042 619 2096 sanctum;
651 2031 750 2087 Alii
801 2047 920 2088 esse
947 2048 1015 2087 ex
1055 2031 1216 2098 Filio,
1275 2045 1436 2103 atque
1461 2038 1528 2090 ab
1577 2050 1644 2090 eo
1670 2049 1791 2090 esse
1823 2035 1922 2091 Ita-

348 2127 499 2190 bere,
529 2135 581 2180 et
611 2125 676 2179 ab
713 2127 830 2194 ipso
858 2121 1185 2182 naturaliter
1233 2128 1476 2196 prodire,
1530 2139 1587 2184 et
1655 2129 1918 2198 profundi

343 2227 398 2271 et
429 2217 681 2282 emicare,
716 2226 771 2272 et
798 2217 1092 2286 proﬂuere,
1125 2233 1186 2272 ac
1213 2234 1310 2289 per
1352 2219 1552 2274 Filium
1589 2229 1642 2275 et
1671 2235 1733 2274 ex
1783 2219 1922 2276 Filio

343 2311 672 2377 procedere;
699 2319 774 2374 et,
805 2311 852 2365 si
896 2309 1024 2379 quid
1064 2309 1334 2380 ejusmodi
1383 2311 1756 2382 intelligentiae
1791 2326 1920 2382 pro-

345 2405 543 2458 ximum
580 2405 648 2460 ab
677 2405 756 2460 eis
787 2405 1008 2470 dicitur,
1042 2421 1383 2476 quanquam,
1420 2406 1522 2461 etsi
1551 2421 1657 2475 qua
1719 2421 1751 2460 a
1797 2422 1918 2460 ma-

352 2496 529 2564 gistris
558 2497 845 2553 obscurius
877 2497 1128 2553 fortassis
1169 2499 1234 2554 de
1287 2499 1394 2554 bac—
1459 2515 1519 2554 re
1574 2499 1724 2576 dicta
1772 2499 1924 2554 vide-

357 2585 565 2652 bantur,
605 2591 906 2657 prudentite
937 2589 1139 2656 fuerat,
1170 2605 1232 2644 ea
1265 2606 1331 2646 ex
1400 2591 1711 2647 manifestis
1756 2591 1921 2646 dictis

354 2676 688 2748 interpretari
720 2697 735 2737 :
764 2696 834 2735 ne
870 2689 1089 2757 propter
1120 2697 1219 2738 nos
1241 2683 1524 2738 videantur
1550 2691 1608 2739 et
1637 2683 1740 2741 sibi
1778 2684 1915 2754 ipsis

349 2779 401 2824 et
432 2771 653 2824 invicem
681 2771 823 2825 sacri
879 2773 1131 2827 doctores
1184 2773 1512 2830 adversari:
1576 2775 1628 2829 id
1680 2775 1923 2844 profecto

347 2875 446 2931 pro
477 2871 626 2918 certo
674 2862 936 2918 habentes
983 2863 1128 2933 quod
1182 2879 1214 2918 a
1270 2866 1378 2920 Deo
1421 2865 1607 2921 traditi
1665 2865 1924 2922 Ecclesiae

347 2955 615 3026 magistri,
655 2973 935 3028 nunquam
999 2957 1232 3015 diversis
1293 2960 1436 3015 inter
1466 2973 1526 3014 se
1575 2961 1926 3030 dogmatibus

343 3045 630 3102 dissentire
662 3059 1047 3120 possent:per
1078 3065 1312 3120 quorum
1373 3067 1436 3108 os
1495 3068 1644 3108 unus
1698 3053 1812 3121 ille,
1871 3063 1927 3110 et

344 3138 560 3194 divinus
593 3138 846 3206 Spiritus,
880 3140 947 3197 de
999 3157 1110 3212 quo
1168 3158 1350 3199 sermo
1397 3155 1506 3211 est,
1557 3146 1780 3204 locutus
1825 3149 1918 3204 sit.
1949 3182 1996 3242 α

417 3229 514 3287 His
542 3231 756 3300 positis,
792 3243 1006 3289 constat
1035 3249 1103 3289 ex
1158 3234 1244 3290 his
1272 3252 1398 3307 qua:
1457 3241 1821 3304 communiter
1872 3252 1926 3297 et

344 3323 692 3391 singulariter
718 3341 745 3379 a
768 3325 973 3382 sanctis
999 3326 1250 3384 Patribus
1279 3330 1422 3384 dicta
1453 3332 1884 3400 praenotavimus
1908 3349 1928 3388 :

344 3414 490 3485 quod
527 3414 626 3484 ipsi
665 3417 836 3471 sancti
873 3417 971 3472 viri
1069 3419 1164 3487 qui
1219 3435 1286 3474 ex
1345 3419 1506 3476 Patre
1571 3437 1669 3492 per
1732 3410 1930 3479 Filium

347 3511 635 3576 procedere
708 3505 968 3579 Spiritum
1055 3522 1306 3570 sanctum
1377 3515 1668 3583 dixerunt,
1731 3525 1785 3572 et
1860 3531 1930 3572 ex

349 3599 484 3658 Filio
506 3604 818 3670 procedere,
847 3613 901 3660 et
935 3605 1003 3660 ab
1025 3606 1143 3674 ipso
1200 3619 1342 3674 esse,
1399 3617 1566 3678 atque
1604 3609 1676 3666 ab
1710 3624 1780 3666 eo
1807 3625 1932 3666 esse

347 3693 566 3758 habere,
600 3704 653 3750 ct
689 3710 754 3750 ex
781 3711 848 3752 eo
879 3697 1202 3752 naturaliter
1231 3699 1473 3769 prodire,
1502 3711 1559 3756 et
1608 3700 1884 3771 proﬂuere
1911 3721 1928 3759 :

346 3799 421 3847 et.
452 3789 500 3843 si
535 3789 668 3856 quid
694 3797 778 3844 est
815 3790 1154 3860 bujusmodi.
1197 3801 1397 3860 praeter
1420 3794 1471 3847 id
1502 3795 1646 3862 quod
1699 3811 1772 3852 ex
1797 3796 1940 3866 ipsis

347 3881 472 3937 ﬁdei
507 3882 789 3953 principiis
812 3884 1138 3940 necessario
1162 3887 1376 3941 sicista
1404 3887 1835 3956 concluduntur,
1861 3907 1932 3946 ex

348 3975 481 4045 ipsis
535 3973 833 4032 Salvatoris
888 3978 1117 4033 vocibus
1179 3979 1504 4038 occasiones
1557 3992 1928 4051 acceperunt;

347 4083 412 4120 ex
443 4066 606 4123 Patre
639 4068 854 4138 quidem
899 4069 1046 4123 illum
1077 4069 1198 4126 ideo
1228 4084 1349 4126 esse
1399 4083 1742 4142 asserentes,
1785 4073 1934 4144 quod

347 4159 597 4222 Salvator
627 4162 676 4216 in
717 4161 1025 4234 Evangeliis
1061 4163 1291 4230 dixerit,
1312 4165 1420 4233 Qui
1465 4183 1499 4220 a
1537 4166 1703 4224 Patre
1753 4183 1938 4238 prore.

347 4254 424 4308 dit
449 4253 521 4310 '°.
563 4251 665 4307 Per
694 4252 890 4310 Filium
954 4271 1086 4312 vero
1123 4272 1269 4323 esse,
1341 4268 1394 4315 et
1442 4274 1524 4340 ἐκ
1579 4259 1742 4328 Filio,
1807 4263 1936 4332 quia

349 4348 521 4415 ipsum
576 4346 855 4414 Dominus,
904 4365 1053 4437 nunc
1104 4350 1326 4420 quidem
1382 4353 1634 4414 veritatis
1665 4354 1940 4424 Spiritum

345 4440 568 4505 dixerit,
603 4455 749 4498 nunc
777 4449 962 4498 autem
1006 4443 1186 4513 ipsum
1243 4444 1532 4516 discipulis
1567 4449 1935 4517 corporaliter

2019 547 2258 616 propria,
2291 554 2457 615 atque
2487 545 2794 615 praecipua;
2825 559 2890 600 ac
2928 558 2995 599 ex
3037 559 3125 607 eo,
3172 539 3315 612 quod
3350 555 3454 593 non
3496 554 3614 592 scr-

1955 691 1968 703 ,
2019 641 2224 704 viliter.
2255 655 2320 696 ac
2349 640 2584 698 ministri
2629 638 2808 696 ofﬁcio
2844 655 2872 694 a
2931 639 3072 696 Filio
3129 636 3386 698 mittitur,
3428 622 3616 699 utpote

2018 735 2110 805 Qui
2144 742 2228 790 est
2279 734 2750 790 incommutabilis
2797 734 2977 802 imago
3027 731 3228 786 Patris.
3295 726 3424 781 Haec
3467 724 3613 778 enim

2018 844 2084 884 ex
2122 829 2404 900 prtedictis
2437 830 2713 885 insinuata
2743 828 2852 883 sint
2881 827 2985 882 etsi
3018 824 3250 894 plurima
3283 823 3413 878 sint.
3452 821 3517 878 Et
3544 823 3616 877 il-

2018 921 2110 975 lud
2150 935 2255 974 una
2293 927 2538 990 apparet,
2574 922 2716 989 quod
2750 919 2971 989 quando
3015 916 3320 972 insufﬂavit
3361 917 3414 970 in
3447 915 3616 970 disci-

2021 1013 2182 1082 pulos
2243 1013 2544 1077 Dominus,
2605 1020 2658 1067 et
2707 1011 2847 1065 dixit
2896 1010 2977 1066 eis
3018 1028 3032 1064 :
3067 1008 3302 1078 Accipite
3351 1005 3616 1077 Spiritum

2019 1117 2265 1162 sanctum
2299 1106 2368 1174 ⁸³,
2401 1107 2494 1176 qui
2554 1121 2620 1160 ex
2680 1103 2844 1160 Patre
2893 1117 2992 1173 per
3043 1101 3242 1156 Filium
3295 1099 3628 1156 naturaliter-

2021 1201 2222 1270 prodit,
2247 1207 2301 1254 et
2347 1213 2444 1268 per
2470 1213 2530 1255 se
2562 1197 2947 1268 procedentem
2991 1194 3142 1250 dedit
3165 1193 3267 1248 eis.
3550 1196 3554 1200 '

2094 1293 2209 1348 Hoc
2242 1273 2432 1364 igitur,
2463 1302 2524 1349 ut
2554 1292 2762 1346 dictum
2804 1298 2891 1346 est
2918 1290 2986 1343 ab
3019 1287 3277 1342 Ecclesia:
3312 1283 3636 1356 magistris,

2022 1385 2158 1440 satis
2189 1399 2356 1454 supra
2387 1384 2724 1440 declaratum
2754 1392 2886 1450 est;
2923 1381 3198 1451 praecipue
3258 1389 3458 1434 tamen-
3499 1394 3618 1433 ma-

2023 1490 2165 1545 gnus
2195 1475 2428 1531 Basilius
2456 1484 2613 1531 suam
2649 1477 2752 1530 hac
2779 1469 2843 1530 de
2867 1490 2928 1530 re
2971 1473 3281 1544 Opinionem
3347 1471 3616 1536 indicans,

2025 1569 2282 1639 praedicta
2307 1551 2620 1625 confirmat.
2651 1567 2787 1623 Nam
2816 1569 2872 1623 in
2923 1576 3124 1636 quarto
3188 1573 3382 1620 contra
3437 1562 3621 1617 Euno-

2025 1662 2214 1726 mium,
2234 1662 2287 1716 in
2308 1665 2419 1715 uno
2438 1660 2680 1728 capitulo
2699 1659 2843 1731 quod
2889 1658 3206 1714 inscribitur
3227 1656 3383 1724 Quod
3431 1655 3616 1710 divina

2027 1766 2215 1812 natura
2268 1758 2340 1813 sit
2407 1757 2675 1828 Spiritus:
2747 1754 2983 1824 Spiritus
3004 1751 3165 1816 enim,
3195 1750 3392 1834 inquit,
3422 1748 3615 1803 virenti

1955 1841 1995 1896 Β
2037 1846 2200 1904 Verbo
2227 1851 2296 1905 ad
2318 1849 2610 1906 creandum
2631 1846 2972 1916 conjunctus,
3000 1843 3116 1897 uiua
3137 1841 3304 1897 virtus
3326 1850 3424 1902 est,
3448 1849 3499 1893 et
3526 1853 3632 1893 τωο-

2025 1953 2169 2007 tura,
2193 1941 2715 2011 divina,.inelfabilis
2744 1951 2809 1994 ea:
2836 1934 3099 2006 ineffabili
3129 1951 3218 1990 ore
3237 1933 3505 2002 pradicas,
3532 1923 3618 1984 in-

2024 2032 2412 2102 eﬂabiliterper
2457 2031 2867 2103 insufﬂationem
2915 2028 2969 2082 in
2991 2027 3257 2081 hominem
3298 2025 3516 2084 emissa,
3569 2027 3622 2075 et

2023 2126 2312 2180 secundum
2338 2129 2570 2194 [ot-mam
2599 2140 2628 2177 a
2659 2120 2872 2176 Christo
2922 2118 3276 2187 corporaliter
3324 2127 3617 2181 ostensam,

2024 2233 2210 2271 rursus
2232 2214 2300 2270 ab
2329 2218 2443 2281 ipso
2459 2231 2550 2284 per
2572 2214 2977 2284 insufﬂationem
2999 2210 3266 2265 restituta.
3294 2208 3621 2263 Concurrere

2022 2311 2207 2376 quippe
2233 2304 2505 2375 oportebat
2536 2305 2770 2374 antiqua:
2809 2302 3036 2356 novitati
3075 2309 3384 2369 prasentem
3415 2311 3622 2365 quoque

2027 2399 2435 2464 renovationem,
2473 2407 2523 2453 et
2565 2395 2877 2466 hujusmodi
2913 2395 3314 2450 concursionem
3353 2389 3608 2459 expressit

2024 2493 2321 2562 insumunt.
2358 2509 2464 2546 non
2501 2490 2640 2544 alius
2671 2489 2952 2549 exsisteus,
2994 2501 3156 2552 qttam
3184 2487 3230 2539 is
3255 2485 3348 2554 qui
3372 2484 3434 2536 ab
3463 2481 3622 2536 initio

2024 2587 2412 2658 inm/ﬂaverat;
2444 2586 2535 2640 sed
2557 2585 2687 2651 ipse,
2707 2598 2798 2652 per
2819 2592 2971 2651 quem
2989 2565 3135 2634 dedit
3156 2580 3293 2634 Deus
3319 2576 3624 2648 insuﬂlario-
3705 2579 3708 2582 ’

2025 2695 2165 2745 nem,
2189 2689 2312 2734 tunc
2335 2679 2541 2751 quidem
2565 2695 2683 2733 cum
2701 2677 2908 2740 anima,
2925 2691 3064 2728 nunc
3086 2683 3262 2727 autem
3281 2674 3335 2726 in
3360 2672 3620 2727 animum.

2097 2769 2325 2842 Magnus
2352 2785 2568 2840 quoque
2604 2769 3040 2833 Athanasius,in
3078 2767 3244 2834 epist.
3266 2770 3332 2821 ad
3367 2766 3623 2833 Serapio-

2026 2881 2150 2922 nem
2199 2866 2267 2920 de
2310 2864 2516 2934 Spiritu
2564 2872 2776 2929 sancto,
2841 2863 2996 2929 cujus
3047 2863 3282 2915 iuitium'
3311 2871 3394 2915 est
3435 2855 3641 2929 :-Legi'

2027 2975 2165 3013 nunc
2196 2969 2401 3029 quoque
2431 2958 2686 3025 scriptam
2723 2972 2755 3007 a
2801 2963 2896 3007 tua
2936 2953 3274 3007 veneratione
3303 2949 3620 3019 epistolam,

1991 3061 1995 3069 '
2027 3049 2138 3104 ait:
2168 3047 2407 3119 Denique
2435 3048 2674 3102 mittente
2725 3043 2884 3100 Patre
2913 3043 3194 3112 Spiritum,
3229 3041 3426 3095 Filium
3465 3039 3618 3094 illum

2028 3141 2299 3210 discipulis
2368 3140 2642 3210 insuﬂlans
2704 3138 2868 3193 dedit.
2897 3136 3094 3194 Omnia
3151 3137 3286 3190 enim
3317 3152 3433 3206 qua:
3463 3134 3622 3188 habet

2029 3233 2214 3300 Pater,
2249 3231 2384 3288 Filii
2407 3242 2554 3288 sunt.

2101 3325 2334 3382 Sanctus
2369 3325 2495 3379 item
2530 3323 2768 3396 Cyrillus
2826 3325 2880 3379 in
2934 3337 2985 3378 tv
3046 3324 3116 3379 ad
3169 3321 3474 3385 Hermiam,
3511 3321 3622 3375 ait:

2031 3417 2210 3476 Simul
2239 3419 2404 3480 enim.
2435 3428 2596 3490 atque
2642 3419 2840 3472 summi
2868 3416 3095 3486 Opi/iris
3135 3417 3499 3486 ine/fallimus
3529 3430 3628 3468 nu-

2031 3510 2174 3568 tibus
2201 3519 2397 3564 natura
2429 3509 2656 3564 hominis
2697 3511 2767 3566 ad
2806 3509 3164 3564 substantiam
3227 3518 3479 3579 prouecta
3525 3514 3622 3572 est,

2031 3604 2218 3659 habitu
2235 3605 2397 3658 etiam
2428 3603 2499 3658 ad
2525 3603 2794 3673 Spiritum
2829 3604 3268 3672 componebatur.
3330 3601 3644 3674 Iucuﬁiauit'

2031 3699 2172 3754 enim
2204 3699 2259 3752 in
2289 3681 2479 3768 faciem
2517 3697 2640 3768 ejur
2695 3697 3024 3766 spiraculum
3070 3698 3210 3762 vita,
3275 3712 3381 3750 non
3440 3697 3623 3760 aliter,

2033 3799 2091 3846 ut
2123 3806 2267 3853 reor,
2298 3790 2526 3844 monui
2549 3791 2650 3842 hoc
2675 3787 2846 3842 lucem
2874 3785 3342 3856 sanctiﬁcationis,
3379 3789 3626 3856 proprie-

2036 3884 2264 3951 tatisqae
2297 3883 2367 3935 ad
2405 3881 2572 3935 Deum
2597 3880 2868 3944 habituro,
2904 3879 3007 3932 nisi
3034 3879 3446 3946 participatione
3505 3877 3626 3946 Spi-

2037 3970 2172 4031 ritus
2191 3977 2362 4030 sancti
2387 3975 2571 4043 [uisset
2595 3981 2840 4028 ornatus.
2887 3969 3078 4041 Itaque
3105 3982 3157 4026 et
3179 3971 3398 4043 quando
3443 3974 3629 4043 uuigcs

2035 4067 2182 4122 nitus
2235 4068 2408 4125 tactas
2463 4075 2541 4120 est
2605 4064 2783 4130 homo,
2835 4062 3153 4126 desertam.
3197 4078 3264 4117 ac
3311 4063 3628 4118 destitutam

2038 4162 2258 4231 antique
2310 4161 2470 4224 bona,
2497 4169 2546 4215 et
2597 4159 2739 4230 quod
2770 4175 2804 4214 a
2839 4157 3104 4227 principio
3149 4166 3443 4225 acceperat,
3474 4159 3623 4212 incc-

2035 4253 2190 4308 niens
2219 4253 2750 4314 natmam‘ltoncinic.
2778 4265 2896 4306 eam
2916 4267 3104 4306 rursus
3122 4251 3176 4304 in
3198 4249 3334 4302 illud
3357 4251 3630 4319 ιταηείον-

2038 4361 2186 4401 mare
2208 4347 2434 4411 curauit,
2461 4345 2629 4402 ueluti
2655 4361 2688 4399 a
2714 4345 2899 4416 fonte,-
2920 4344 3136 4411 propria
3161 4342 3366 4397 scilicet
3400 4343 3632 4412 plenitu-

2038 4436 2162 4490 dine
2181 4435 2334 4492 illum
2363 4437 2686 4498 imminens.
2707 4453 2770 4490 ac
2798 4436 2977 4497 dicem
3007 4450 3026 4489 :
3063 4451 3084 4486 ι
3109 4435 3344 4501 Accipite
3371 4431 3643 4501 Spiritum-

349 4534 657 4588 ostenderit.
733 4533 912 4604 Atque
975 4551 1124 4591 nunc
1214 4539 1442 4607 quidem
1501 4541 1569 4594 ad
1635 4540 1928 4608 discipulos

2043 4540 2311 4595 sanctum,
2346 4549 2365 4582 ι
2401 4529 2726 4585 euidentiore
2751 4527 3108 4596 inminutione
3135 4539 3230 4594 per
3247 4541 3463 4580 carnem
3509 4525 3636 4595 Spi-

348 4623 445 4685 ait.
491 4623 628 4691 Quia
655 4626 719 4682 dc
780 4643 894 4681 meo
941 4629 1165 4694 accipiet
1217 4639 1268 4685 et
1319 4634 1654 4687 annuntiabit
1700 4633 1844 4689 vobis
1868 4634 1936 4691 “.

348 4716 498 4773 Nunc
524 4733 652 4773 vero
680 4718 749 4774 ad
765 4718 1014 4777 Patrem:
1049 4719 1247 4778 Omnia-
1289 4740 1404 4779 tnea
1444 4733 1540 4780 tua
1580 4735 1726 4795 sunt,
1761 4737 1820 4784 et.
1842 4739 1945 4786 tua-

347 4827 459 4865 ntea
485 4821 613 4866 sunt
625 4810 690 4868 ⁸⁸.
1621 4866 1624 4867 ν

417 4903 600 4975 Atque
620 4920 686 4960 ex
722 4920 812 4971 eo,
841 4907 989 4976 quod
1043 4909 1184 4962 mitti
1217 4910 1438 4978 quidem
1477 4909 1716 4982 Spiritus
1750 4929 1786 4968 a‘
1833 4913 1938 4969 Pa-

352 5007 436 5053 tre
458 5006 512 5052 et
548 4998 760 5065 donari,
786 5007 841 5055 et
874 5001 920 5054 si
943 5001 1076 5070 quid
1105 5001 1420 5072 huiusmodi
1441 5014 1528 5061 est
1555 5045 1572 5070 ,
1606 5005 1747 5062 mitti
1775 5022 1931 5074 vero,

347 5099 400 5145 et
432 5091 569 5155 dari,
613 5099 670 5146 et
697 5107 726 5146 a
758 5089 897 5148 Filio
965 5091 1164 5150 ibidem
1199 5097 1421 5162 dicitur,
1467 5111 1642 5164 neque
1699 5101 1930 5155 seorsisn

349 5181 513 5237 mittit
547 5180 708 5238 Pater
733 5182 996 5254 Spiritum
1025 5198 1299 5256 sanctum,
1340 5205 1404 5244 ac
1444 5192 1672 5246 seorsim
1713 5190 1924 5259 Filius;

348 5274 446 5329 sed
469 5289 533 5329 ex
563 5289 628 5330 eo
651 5277 792 5346 quod
822 5292 850 5331 a
885 5277 1046 5335 Pal-re
1087 5296 1182 5350 per
1202 5282 1402 5338 Filium
1437 5293 1602 5353 atque
1632 5298 1698 5341 ex
1737 5283 1928 5350 Patre,

347 5379 401 5422 et
432 5366 567 5422 Filio
591 5383 695 5423 una
732 5370 974 5440 (latione,
1004 5389 1110 5428 una
1147 5353 1472 5446 largitione,
1502 5391 1608 5431 una
1667 5379 1940 5434 missione-

348 5461 526 5525 datur,
588 5472 642 5516 et
703 5465 973 5522 mittitur:
1037 5470 1506 5536 quemadmoan
1557 5471 1771 5525 scilicet
1821 5487 1929 5526 una

347 5553 690 5621 processione
721 5572 786 5608 ex
812 5557 977 5612 Patre
1033 5574 1130 5628 per
1198 5561 1395 5616 Filium
1448 5562 1724 5632 procedit,
1765 5571 1930 5633 atque

347 5658 411 5697 ex
444 5657 530 5708 eo,
583 5645 730 5713 quod
760 5642 930 5704 Filius
985 5663 1216 5708 consors
1276 5653 1348 5708 sit
1399 5663 1750 5722 paternorum
1809 5667 1926 5707 om-

454 5764 496 5795 "
523 5760 685 5820 llebr.
721 5779 795 5831 ιι,
829 5765 882 5820 6.
995 5769 1038 5800 ⁷⁸
1069 5768 1245 5826 Galat.
1282 5788 1361 5835 III,
1394 5771 1484 5826 28.

349 5835 544 5901 xx,‘2l.

1597 5771 1641 5804 '°
1671 5771 1827 5828 Joan.
1863 5788 1947 5837 xv,
1979 5769 2092 5839 26.,

2046 4623 2179 4678 ritus
2208 4634 2454 4676 naturam
2474 4622 2668 4690 optime
2713 4621 2960 4692 signans.

2115 4715 2321 4772 Praeter
2353 4715 2458 4769 ista
2489 4728 2639 4779 vero,
2671 4728 2794 4783 quas
2816 4728 2845 4765 a
2878 4710 3084 4774 sanctis
3110 4710 3243 4767 viris
3280 4711 3433 4767 dicta
3483 4721 3642 4775 sunt,

2044 4807 2241 4879 quibus
2299 4816 2486 4876 aperte
2548 4807 2847 4869 indicatur,
2906 4805 3171 4875 Spiritum
3235 4814 3488 4862 sanctum
3537 4823 3638 4878 per

2047 4899 2471 4956 tusuﬂatiouem
2557 4898 2844 4969 discipulis
2927 4899 3156 4954 datum:
3193 4901 3646 4972 quandoquidem-

2046 4996 2391 5062 lticmagnus
2447 4991 2676 5047 Basilius
2736 4989 3005 5061 Spiritum
3053 4990 3247 5050 Verbo
3280 4993 3636 5064 coniunctum

2042 5090 2109 5144 ad
2137 5089 2462 5153 creandum,
2492 5101 2653 5158 quem
2681 5095 2738 5143 et
2773 5086 2948 5140 vivam
3005 5087 3288 5152 virtutem,
3313 5097 3368 5143 et
3396 5089 3635 5144 divinam

2040 5182 2180 5239 dixit
2217 5190 2471 5238 naturam
2499 5195 2529 5235 a
2553 5177 2780 5236 Christo
2806 5195 2904 5251 per
2950 5180 3374 5236 insuﬂiuti'on'em
3429 5182 3639 5238 homini

2038 5275 2212 5332 fuisse
2236 5274 2582 5337 restitutam;
2619 5286 2786 5342 quam
2812 5272 2979 5325 etiam
3013 5285 3338 5342 corpoream
3392 5273 3638 5343 appella-

2037 5369 2114 5423 vit
2155 5365 2388 5422 forma-In
2445 5364 2516 5419 ab
2590 5364 2714 5432 ipso
2753 5363 3224 5432 demonstratam;
3288 5367 3638 5419 mani-festum
3737 5353 3740 5356 ’

2036 5473 2170 5516 sane
2200 5469 2308 5520 est,
2340 5457 2485 5518 quod
2536 5455 2760 5528 quando
2801 5455 3084 5512 insumans
3140 5457 3283 5512 dixit
3329 5475 3344 5511 :
3409 5455 3642 5522 Accipite

2031 5552 2300 5623 Spiritum
2325 5559 2589 5613 sanctum,
2625 5564 2722 5617 per
2751 5550 2857 5604 hoc
2922 5550 3128 5618 ipsum,
3188 5547 3283 5615 qui
3334 5563 3401 5600 ex
3466 5547 3639 5600 Patre

2029 5645 2372 5719 procederet,
2431 5642 2695 5708 Spiritum
2765 5641 3084 5697 insinuavit.
3175 5637 3290 5692 Hoc
3343 5638 3486 5693 enim
3559 5643 3644 5693 est

2177 5767 2219 5800 ⁸¹
2247 5763 2405 5822 Joan.
2440 5779 2554 5832 xvi,
2598 5762 2683 5819 Η.
2789 5761 2836 5795 ⁸³
2866 5761 3022 5817 Joan.
3053 5777 3183 5827 wn,
3219 5759 3304 5815 l0.
3413 5759 3642 5816 "Joan.
