4106 6438
526 275 630 344 ll9

1699 331 1704 338 .
1781 291 2181 358 MANUELIS
2215 300 2522 396 etiam

3652 312 3757 378 12)

523 393 700 453 Verbo
730 399 1082 470 coniunctam
1109 402 1277 461 fuisse
1306 406 1373 461 ad
1425 410 1743 474 creandum,
1775 411 1948 464 vivam
1977 427 2092 466 νη·-
2123 423 2168 470 A
2195 430 2352 482 quam
2388 393 2665 484 senserint,
2697 430 2747 476 et
2780 436 2940 492 usque
2966 422 3020 475 in
3057 422 3214 492 ﬁnem
3268 421 3321 478 in
3379 439 3442 479 ea
3501 425 3764 497 impietate

523 489 691 546 lutem
722 491 959 548 divinam
995 503 1265 558 naturam,
1325 497 1662 554 Paracletum
1685 501 1917 558 scilicet.

590 580 745 671 Quod
782 615 963 662 autem
1021 610 1273 677 formam,
1319 611 1472 665 aiunt
1529 611 1782 680 Basilius,
1831 616 2096 686 Cyrillus-

518 711 644 758 que,
670 696 1130 754 adumbrationem
1177 717 1269 768 per
1311 717 1522 756 carnem
1567 703 1800 769 Spiritus
1858 716 2094 774 naturte,

519 788 618 841 hoc
652 789 988 858 Augustinus
1020 792 1354 861 corporalem
1389 796 1806 852 insumationem
1841 801 2093 870 appella.

519 879 613 933 vit.
643 877 710 933 Et
737 880 865 948 quia
891 880 1084 947 forma,
1117 892 1170 936 et
1199 883 1547 941 adumbratio
1595 889 1834 954 Spiritus
1885 904 2092 946 natura:

525 979 632 1034 est,
668 970 1092 1028 insuﬂlationem
1122 973 1267 1028 illam
1296 990 1401 1029 non
1447 990 1568 1032 esse
1623 977 1863 1047 Spiritus
1919 985 2090 1039 sancti

516 1061 877 1117 substantiam
913 1063 1072 1126 dixit,
1109 1065 1203 1120 sed
1231 1066 1622 1128 documentum
1672 1086 1767 1140 per
1819 1075 2090 1144 prapriam

512 1161 567 1205 et
620 1166 918 1222 congruam
971 1155 1447 1224 signiﬁcationem,
1497 1161 1642 1229 quod
1728 1162 1816 1218 hic
1851 1165 2093 1234 Spiritus

513 1255 732 1300 sanctus
754 1246 917 1300 etiam
941 1262 1005 1300 ex
1037 1246 1172 1302 Filio
1198 1249 1538 1318 procederet.
1594 1253 1662 1307 Et
1713 1257 1908 1311 merito
1936 1272 2088 1322 sane,

513 1338 770 1404 quoniam
795 1340 942 1392 enim
973 1340 1107 1394 nihil
1151 1357 1338 1397 eorum
1371 1361 1494 1414 qua:
1523 1361 1551 1398 a
1595 1345 1822 1403 Domino
1867 1349 2088 1414 ﬁebant,

513 1425 796 1478 fortuitum
828 1436 978 1492 erat;
1011 1437 1066 1482 et
1093 1444 1218 1499 quae
1249 1431 1302 1485 in
1326 1432 1496 1502 figura
1520 1447 1855 1506 peraguntur
1876 1441 2092 1497 relatio-

515 1529 636 1568 nem
653 1514 888 1583 aliquam
907 1517 971 1571 ad
994 1532 1055 1571 ea
1075 1534 1193 1586 quae
1209 1521 1536 1588 signiﬁcant,
1552 1525 1748 1581 habent
1765 1547 1778 1581 :
1796 1530 1936 1585 sicut
1958 1531 2092 1601 hap-

517 1606 698 1669 tisma,
732 1607 881 1674 quod
908 1623 1006 1677 per
1035 1625 1230 1678 aquam
1260 1612 1440 1678 datur,
1478 1616 1825 1674 invisibiliter
1857 1636 2088 1692 operan-

515 1707 622 1750 tem
654 1697 1097 1754 emundationem
1134 1701 1333 1758 indicat
1361 1743 1378 1769 ,
1409 1709 1670 1762 emundat
1695 1710 1893 1779 quippe
1914 1727 2077 1782 aqua,
2114 1741 2158 1796 Β

513 1794 568 1840 et
594 1786 752 1841 diluit
773 1803 1058 1857 corporum
1087 1794 1275 1849 sordes
1295 1834 1310 1859 ,
1350 1799 1778 1869 mysteriumque
1809 1801 2079 1859 Dominici

515 1879 764 1948 corporis
799 1881 850 1936 in
873 1883 1055 1952 specie
1085 1886 1242 1953 panis
1290 1895 1346 1940 et
1385 1889 1494 1942 vini
1543 1890 1827 1957 traditum,
1890 1895 2082 1965 mysti-

513 1983 635 2021 cum
662 1966 856 2025 animus
890 1974 1068 2042 signat
1101 1977 1460 2044 alimentum;
1514 1990 1569 2034 et
1598 1985 1738 2050 quod
1763 1982 1819 2036 in
1878 1983 2079 2056 linguis

513 2059 688 2126 igneis
717 2058 955 2130 Spiritus
985 2074 1206 2122 sanctus
1245 2066 1496 2136 delapsus
1515 2078 1620 2135 est,
1652 2072 1914 2127 rationem
1956 2091 2082 2144 pro-

513 2145 657 2205 fecto
689 2151 849 2208 habet
879 2154 944 2208 ad
974 2170 1036 2210 ea
1071 2172 1189 2226 quas
1239 2166 1366 2213 tunc
1425 2169 1555 2214 sunt
1604 2172 1750 2231 gesta
1817 2165 2075 2223 divinitus

512 2240 682 2308 signa.
724 2242 862 2308 Ignis
899 2245 1098 2315 quippe
1139 2247 1395 2304 Deitatem
1436 2252 1636 2321 signat,
1691 2253 1906 2326 linguae,
1965 2273 2078 2311 ma-

510 2334 716 2398 gisterii
745 2336 1146 2402 proprietatem.
1183 2340 1257 2393 Ita
1342 2341 1568 2410 scilicet,
1635 2345 1724 2400 illa
1783 2346 2072 2404 insumatio

509 2419 713 2490 aliquid
745 2421 1113 2490 signiﬁcabat.
1168 2420 1297 2478 Erat
1329 2429 1474 2482 enim
1519 2442 1895 2501 argumentum
1936 2434 2074 2489 divi-

511 2527 592 2568 na:
618 2513 932 2569 substantiae
974 2513 1255 2584 Spiritus;
1314 2521 1513 2588 quippe
1555 2522 1686 2575 nihil
1748 2539 2072 2594 corporeum

507 2604 580 2658 ita
616 2604 856 2659 divinum
886 2605 1091 2661 indicat
1155 2607 1442 2677 Spiritum,
1491 2612 1632 2667 sicut
1676 2613 1833 2669 ﬂatus
1879 2617 2071 2672 huma-

511 2711 614 2752 nus
641 2713 657 2762 ;
682 2698 824 2752 sicut
850 2697 999 2752 enim’
1031 2699 1118 2753 illa
1165 2701 1452 2758 insulilatio
1492 2719 1590 2773 per
1615 2721 1677 2761 os
1720 2723 1785 2762 ex
1845 2711 2070 2777 intimis,

505 2789 895 2858 corporeisque
920 2789 1220 2844 visceribus
1244 2795 1445 2859 prodit,
1478 2794 1552 2847 ita
1581 2806 1634 2850 et
1666 2798 1781 2867 ipse
1834 2799 2070 2869 Spiritus

505 2886 729 2932 sanctus
761 2878 916 2944 cujus
943 2876 1116 2932 forma
1148 2881 1440 2949 corporalis
1475 2884 1700 2953 Spiritus
1739 2897 1842 2954 est,
1882 2901 1935 2944 et
1999 2907 2066 2948 ex

503 2963 664 3024 Patre
685 2984 781 3039 per
811 2970 1005 3026 Filium
1035 2973 1393 3029 substantiam
1422 2975 1606 3036 habet.
1636 2979 1837 3048 Natura
1865 2985 2066 3054 quippe

2196 503 2521 573 duraverint,
2555 512 2838 564 anathema
2865 511 2954 566 sit.

2270 597 2349 650 Ex
2384 597 2491 662 his,
2520 599 2682 653 simul
2735 601 3062 667 ostenditur,
3129 617 3237 682 non
3300 603 3484 672 plures
3535 605 3766 673 Spiritus

2196 698 2415 744 sanctos
2447 699 2700 758 Oportere
2730 692 2975 747 conﬁteri
3007 693 3060 746 in
3114 691 3245 756 Deo,
3292 703 3349 746 ut
3383 696 3600 763 quidam
3663 699 3763 752 liu-

2195 790 2367 850 gunt;
2398 797 2522 836 cum
2557 783 2845 853 Apostolus
2879 785 3098 853 quidem
3148 785 3370 851 dixerit,
3407 785 3553 842 Unus
3595 787 3766 859 Spiri-

2195 878 2278 927 tus
2312 883 2544 940 sanctus,
2575 876 2626 928 in
2663 893 2764 946 quo
2797 878 2978 930 omnia
3016 875 3098 943 ⁸⁸;
3146 893 3486 944 magnusque
3535 881 3766 937 Basilius

2195 967 2261 1020 ad
2334 967 2796 1036 Amphilochium,
2875 967 3021 1023 Unus
3106 969 3240 1024 Deus
3289 980 3338 1025 et
3385 971 3567 1039 Pater,
3630 990 3764 1029 unus

2193 1059 2488 1128 unigenitus
2521 1056 2720 1123 Filius,
2747 1070 2796 1114 et
2819 1078 2976 1125 unus,
3011 1060 3246 1130 Spiritus
3291 1077 3537 1131 sanctus,
3558 1076 3619 1120 et
3656 1068 3765 1136 ipse

2190 1151 2535 1220 singulariter
2565 1154 2892 1220 enuntiatus,
2931 1163 2980 1208 et
3014 1171 3106 1221 per
3148 1172 3311 1210 unum
3367 1154 3567 1212 Filium
3608 1159 3766 1212 Patri

2190 1241 2522 1311 conjunctus,
2578 1253 2629 1296 et
2711 1260 2802 1313 per
2875 1245 3048 1314 ipsam
3120 1247 3342 1316 implens
3415 1249 3764 1303 venerandam

2191 1347 2253 1384 ac
2279 1333 2634 1386 beatissimam
2684 1334 3020 1391 Trinitatem.
3058 1338 3121 1391 Et
3153 1353 3345 1393 rursus
3375 1357 3389 1394 :
3426 1339 3543 1404 Via,
3574 1341 3764 1396 divina:

2190 1421 2504 1490 cognitionis
2541 1423 2604 1475 ab
2640 1439 2744 1476 uno
2799 1422 3031 1491 Spiritu,
3095 1441 3187 1494 per
3235 1441 3394 1478 unum
3446 1427 3652 1481 Filium
3696 1431 3764 1482 ad

2173 1529 2353 1565 unum
2386 1508 2600 1565 Patrem
2623 1523 2718 1566 est.
2763 1512 3023 1582 Gregorio
3049 1515 3174 1568 item
3204 1513 3479 1585 Theologo
3537 1518 3589 1571 in
3626 1517 3762 1572 libro

2188 1595 2258 1648 ad
2286 1594 2543 1648 Heronem
2586 1594 2951 1665 philosophum
2995 1597 3245 1656 dicente:
3297 1597 3535 1668 Deﬁnias
3585 1609 3762 1654 autem

2188 1693 2238 1738 et
2266 1680 2500 1738 nostram
2533 1687 2856 1758 religionem,
2906 1689 3098 1742 docens
3141 1702 3305 1742 unum
3359 1693 3571 1761 quidem
3611 1709 3762 1747 nosse

2183 1773 2349 1827 Deum
2389 1775 2676 1844 ingenitum
2752 1776 3014 1842 Patrem;
3051 1793 3214 1832 unum
3286 1792 3463 1835 autent
3520 1786 3759 1852 genitum

2182 1864 2409 1932 Filium,
2441 1883 2600 1920 unum
2637 1884 2752 1922 vero
2781 1869 3036 1936 Spiritum
3079 1873 3441 1939 procedentem
3476 1892 3541 1929 ea;
3571 1873 3757 1938 Patre,

2179 1957 2286 2010 sive
2312 1960 2674 2026 prodeuntem.
2737 1959 2972 2015 Pratl'ato
3023 1964 3152 2018 item
3241 1967 3400 2021 beato
3458 1969 3760 2022 Athanasio

2179 2047 2234 2101 in
2267 2048 2488 2116 praelato
2515 2049 2654 2104 libro
2690 2053 2760 2106 ita
2814 2053 3083 2110 docente:
3146 2055 3404 2124 Spiritum
3452 2076 3572 2114 vero
3638 2078 3760 2117 san-

2177 2148 2315 2190 ctum
2347 2141 2420 2192 sic
2451 2140 2576 2204 dici,
2605 2158 2708 2196 non
2759 2147 2984 2199 alterum
3040 2145 3290 2212 invenies,
3328 2147 3558 2219 Spiritus
3620 2155 3759 2207 enim

2177 2236 2234 2278 ut
2261 2227 2395 2289 dixi,
2433 2228 2576 2284 Deus
2603 2231 2821 2298 dicitur,
2882 2245 2929 2288 et
2971 2245 3187 2290 sancttts
3240 2238 3400 2294 Deus.
3431 2241 3601 2295 Ambo
3639 2260 3758 2298 vero

2176 2321 2392 2372 nomina
2413 2325 2705 2391 composita
2737 2327 2805 2391 ei,
2833 2328 2924 2395 qui
2944 2331 3152 2398 proprie
3187 2332 3490 2400 appellatur
3521 2333 3757 2402 Spiritus

2175 2418 2410 2470 sanctus,
2431 2422 2726 2479 congruunt
2755 2428 2773 2464 :
2805 2414 2942 2467 sicut
2981 2413 3163 2470 Patris
3216 2418 3499 2486 appellatio
3555 2436 3756 2484 causte,

2174 2496 2408 2572 Filiique
2457 2505 2540 2558 illi
2568 2507 2660 2575 qui
2689 2508 2799 2561 sine
2822 2508 2930 2562 ullo
2957 2510 3126 2564 medio
3173 2527 3237 2566 ea:
3258 2529 3418 2567 causa
3441 2523 3539 2568 est.

2244 2592 2424 2663 Itaque
2455 2595 2580 2650 licet
2635 2599 2852 2666 quidem
2918 2600 3101 2669 plures
3157 2604 3438 2658 nominare
3489 2607 3752 2675 spiritus;

2170 2683 2337 2738 alium
2395 2686 2614 2756 quidem
2680 2691 2932 2760 spiritum
2997 2696 3326 2764 adoptionis,
3379 2697 3543 2751 alium
3628 2717 3756 2756 veru

2169 2774 2417 2844 spiritum
2459 2777 2786 2845 dilectionis,
2821 2783 3101 2851 sapientire
3147 2785 3337 2852 alium,
3398 2790 3563 2844 alium
3603 2791 3753 2858 fidei,

2169 2866 2330 2920 alium
2373 2870 2584 2924 timoris
2619 2871 2733 2950 Dei,
2792 2874 2954 2928 alium
3009 2877 3242 2942 consilii,
3271 2887 3325 2932 et
3386 2879 3754 2947 fortitudinis,

2168 2967 2220 3012 et
2255 2960 2554 3028 patientiae,
2589 2971 2642 3016 et
2702 2967 3085 3034 continentiae;
3146 2969 3342 3039 quippe
3399 2975 3755 3042 Operationes

503 3059 689 3117 divina
722 3061 904 3116 dictus
931 3063 1329 3122 estiueﬁ‘abilis
1373 3081 1437 3121 ex
1505 3069 1763 3126 inelTabili
1814 3048 1909 3129 ore
1964 3048 2140 3131 nia-C
2176 3048 2428 3118 Spiritus"
2464 3053 2632 3108 Isaia”
2687 3053 2920 3124 spirit“
2976 3073 3169 3114 vocare
3229 3065 3754 3130 ⁰⁰¹¹⁸¹¹θνίί’⁵θ⁰““’

507 3166 663 3207 nans.
728 3152 946 3208 Manere
979 3165 1186 3221 autem,
1217 3166 1275 3211 ut
1323 3174 1484 3228 supra
1546 3158 1908 3220 monstratum
1964 3179 2070 3236 est,

503 3239 557 3290 in
589 3239 894 3294 substantia
923 3240 1161 3311 Spiritus
1206 3255 1432 3301 sanctus
1479 3249 1710 3321 accepit.

572 3373 805 3434 Sanctus
840 3392 1057 3450 quoque
1089 3381 1324 3454 Cyrillus
1379 3387 1651 3445 ait:Sieut
1677 3400 1726 3447 et
1791 3399 2072 3466 unusquis-

501 3481 598 3532 que
630 3477 870 3522 nostrum
900 3473 1176 3546 spiritum,
1223 3477 1313 3529 aui
1363 3478 1417 3531 in
1469 3481 1638 3546 seipso
1669 3493 1767 3548 est,
1815 3487 2066 3552 continet,

500 3566 660 3620 atque
682 3573 747 3610 ea:
783 3561 983 3615 intimis
1011 3564 1289 3620 visceribus
1319 3569 1388 3620 ad
1429 3574 1694 3626 exteriora
1752 3577 2068 3644 profundit:

497 3649 696 3704 idcirco
759 3653 978 3723 denique
1036 3665 1085 3709 et
1155 3662 1500 3726 corporaliter
1547 3664 1696 3717 illum
1743 3667 2068 3738 insufﬂauit:

495 3745 793 3805 ostendens,
818 3745 944 3813 quia
970 3749 1107 3802 sicut
1139 3749 1402 3806 humanus
1453 3755 1668 3821 spiritus
1700 3741 1704 3745 ’
1731 3773 1798 3811 ea:
1834 3759 2070 3816 humano

494 3845 583 3884 ore
607 3834 860 3898 procedit,
893 3837 970 3889 ita
1003 3847 1054 3890 et
1111 3854 1176 3893 ea:
1223 3841 1401 3896 divina
1432 3847 1822 3916 essentia,quod
1851 3866 1916 3904 ea:
1948 3854 2062 3920 ipsa

496 3930 596 3984 est,
626 3925 797 3978 divine
821 3931 1176 3995 profunditur.
1209 3932 1451 3988 Divinam
1473 3942 1792 4008 essentiam,
1819 3942 2058 4010 Patrem,

493 4019 550 4064 et
603 4010 796 4066 Filium
825 4020 1081 4084 nominat,
1118 4036 1345 4088 quorum
1375 4027 1537 4094 paulo
1573 4031 1823 4099 superius
1859 4050 2064 4092 memo-

495 4101 633 4156 riam
661 4104 962 4162 districtius
994 4109 1145 4178 l'ecit,
1183 4113 1259 4186 Es
1298 4118 1499 4184 quibus
1528 4123 1694 4177 etiam
1724 4135 1944 4182 constat
1989 4143 2056 4183 es

491 4191 652 4287 Patre
683 4203 739 4250 et
759 4195 898 4252 Filio
925 4199 1088 4254 veluti
1120 4217 1184 4257 ex
1222 4220 1350 4272 uno,
1390 4213 1686 4276 procedere
1708 4230 1772 4271 ac
1816 4221 2056 4287 prodire.

499 4333 504 4337 -
559 4273 714 4358 Pa\tct
746 4306 947 4376 itaque,
985 4314 1125 4378 quod
1179 4317 1270 4384 qui
1332 4333 1427 4388 per
1483 4322 1898 4407 insumationem
1971 4329 2053 4384 l'a-

2171 3140 2299 3195 dum
2334 3143 2644 3214 theologum
2697 3145 3042 3226 Gregorium.
3091 3148 3284 3206 Omnia
3319 3157 3461 3208 enim
3531 3161 3751 3226 operari

2172 3247 2358 3300 unum,
2404 3238 2760 3306 eumdemque
2814 3222 3076 3308 Spiritum
3127 3243 3421 3313 Apostolus
3474 3222 3581 3314 ait,
3632 3266 3752 3320 quae

2168 3325 2330 3404 etiam
2359 3329 2706 3397 operationes
2737 3342 2913 3396 vocat,
2955 3334 3182 3391 dicens:
3213 3337 3282 3390 Et
3303 3339 3583 3395 divisiones
3621 3360 3749 3412 ope-

2168 3402 2438 3471 rationum
2475 3431 2616 3484 sunt,
2648 3421 2785 3476 idem
2818 3431 2990 3478 autent
3025 3425 3187 3496 Deus,
3237 3431 3324 3500 r[ui
3358 3442 3609 3498 operatur
3641 3453 3754 3490 om-

2168 3511 2258 3563 nia
2291 3513 2345 3565 in
2391 3512 2539 3566 nobis
2583 3513 2651 3570 ⁸³.

2237 3600 2400 3656 Divus
2430 3619 2647 3674 quoque
2671 3605 3090 3680 Chrysostomus
3126 3614 3180 3668 in
3211 3628 3463 3673 sermone
3498 3627 3566 3674 de
3619 3637 3752 3676 san-

2166 3693 2509 3762 cto‘Spiritu,
2545 3698 2700 3767 cujus
2734 3700 2945 3756 initium
2971 3715 3087 3758 est:
3113 3708 3245 3760 Heri
3277 3709 3510 3778 quidem,
3535 3728 3564 3764 ο
3591 3729 3750 3768 ama-

2167 3793 2304 3840 tores
2335 3785 2553 3854 Christi,
2581 3791 2837 3846 adcentus
2869 3796 3040 3848 sancti
3090 3813 3153 3849 ac
3173 3801 3456 3854 venerandi
3508 3800 3746 3869 Spiritus

2164 3894 2197 3930 a
2238 3878 2384 3932 nobis
2418 3880 2739 3937 laudabatur
2785 3896 2806 3936 .'
2837 3884 2996 3951 Quia,
3055 3887 3250 3958 inquit,
3290 3893 3428 3958 quod
3477 3894 3745 3961 donatur,

2163 3969 2397 4036 Spiritus
2449 3983 2664 4027 sanctus
2714 3989 2811 4029 est.
2889 3975 3117 4032 Vocatur
3162 3990 3211 4034 et
3270 3983 3462 4036 donum
3509 3983 3750 4051 Spiritus

2161 4071 2377 4117 sanctus
2422 4079 2454 4116 α
2503 4065 2759 4120 donatore
2811 4083 2998 4123 nomen
3061 4072 3298 4137 habens;
3351 4077 3560 4145 quando
3623 4095 3747 4133 vero

2161 4153 2392 4222 Spiritus
2422 4154 2640 4221 dicitur,
2673 4175 2775 4212 non
2806 4160 2972 4216 alium
3003 4162 3293 4233 intelligere
3340 4167 3424 4234 fas
3451 4177 3549 4230 est,
3576 4185 3746 4237 quam

2159 4260 2279 4298 eum
2308 4247 2398 4314 qui
2417 4261 2482 4298 ea:
2514 4246 2674 4307 Patre
2717 4250 2948 4318 proprie,
3001 4253 3424 4310 substantialiter
3479 4263 3742 4325 procedit.

2161 4330 2314 4385 Sicut
2345 4333 2480 4385 enim
2502 4331 2643 4398 Filii,
2674 4343 2723 4388 et
2771 4335 2950 4392 Patris
2994 4355 3179 4394 nomen
3221 4345 3535 4399 substantiis
3610 4364 3742 4402 con-

490 4403 651 4458 ctam,
685 4409 791 4450 non
826 4413 947 4455 esst:
975 4404 1156 4456 datum
1189 4411 1448 4474 apostolis
1484 4401 1746 4483 Spiritum
1805 4429 2052 4474 sanctum
2089 4396 2132 4450 θ
2160 4422 2321 4490 gruit,
2351 4423 2427 4474 ita
2459 4433 2507 4476 et
2535 4422 2771 4490 Spiritus
2812 4431 2988 4482 sancti
3028 4432 3315 4499 appellatio
3363 4437 3458 4490 uni
3497 4454 3743 4505 persona:

491 4495 552 4505 Α..
586 4480 740 4505 h_._-
777 4489 996 4505 __.__,I_
1048 4499 1059 4505 -
1319 4499 1332 4505 -
1413 4500 1424 4505 -
2103 4501 2113 4505 _

488 4495 552 4533 ex
585 4480 744 4538 Patre
775 4489 1176 4556 procedentem.
1238 4499 1333 4551 sed
1394 4480 1592 4554 donum
1663 4506 1880 4574 aliquod
1937 4508 2054 4563 sine
2092 4501 2113 4518 ’
2160 4480 2444 4567 Ῐήηὶιαιίε
2478 4518 2744 4584 competit.
2789 4518 2858 4574 Ut
2892 4521 3035 4574 enim
3085 4523 3286 4578 dictum
3308 4533 3412 4591 est,
3470 4480 3736 4597 Srpiritus,

490 4570 786 4597 n..L---...!-
831 4578 942 4597 .12-”
991 4590 1003 4597 .
1260 4595 1264 4597 Α
1483 4591 1513 4597 _

1755 4570 1769 4574 _
2593 4570 2604 4584 Ι
2801 4570 2824 4574 ν
2844 4570 2850 4571 κ
2901 4570 3035 4574 -------
3089 4570 3285 4578 ν--ν---ιυ
3310 4570 3412 4591 νυν.
3470 4570 3506 4581 ν
3533 4570 3582 4582 'I'
3599 4570 3736 4596 ιιιιοο

487 4570 793 4630 substantia
823 4578 1029 4646 dicunt,
1058 4598 1085 4635 a
1120 4595 1426 4644 sanctorum
1479 4591 1700 4648 Patrum
1752 4597 2056 4667 intelligcn-
2157 4613 2210 4659 et
2242 4615 2464 4662 sanctus
2491 4609 2808 4676 composita,
2837 4612 2910 4678 ei,
2937 4613 3030 4682 qui
3082 4619 3302 4686 proprie
3355 4570 3580 4676 vocatitr
3605 4621 3737 4694 Spi-

489 4664 559 4694 l:n
631 4667 934 4694 ιΙξρΑ-Α-ι-..ι
1039 4685 1123 4694 Αιμ
1150 4693 1157 4694 ,
1176 4692 1188 4694 _
1416 4684 1428 4694 ι
1599 4686 1612 4694 .
1737 4687 1752 4694 -
1777 4689 1809 4694 --
1850 4690 1862 4694 -

1931 4664 1950 4667 -
2615 4664 2629 4676 .
2795 4664 2808 4676 ,
2841 4664 2861 4666 -
2896 4664 2910 4678 ,
3082 4664 3300 4686 τητ---
3366 4664 3510 4675 ην...

489 4664 560 4717 tia
627 4667 954 4737 discrepant,
1035 4685 1196 4746 atque
1283 4684 1612 4740 anathemati
1670 4687 2051 4758 subjiciuntur.
2157 4697 2297 4753 ritus
2329 4707 2571 4765 sanctus,
2617 4702 2970 4760 conveniunt.
3507 4725 3510 4728 ’

487 4757 688 4813 Sancta
725 4764 870 4816 enim
907 4763 1238 4826 universalis
1260 4776 1447 4842 quinta
1501 4781 1740 4849 synodus
1772 4757 1847 4836 in
1914 4798 2054 4850 quo-
2229 4785 2532 4844 Atlestatur
2586 4794 2640 4841 et
2688 4787 2772 4843 his
2812 4805 3044 4860 magnus
3097 4793 3428 4853 Athanasius
3489 4800 3543 4853 in
3573 4799 3738 4874 Epig.

488 4850 607 4874 ΛΑ...
639 4854 863 4874 --_:.__I_
902 4859 934 4874 ο-
1148 4864 1160 4874 .
1284 4866 1334 4874 ι.-
1485 4871 1495 4874 -
1562 4870 1620 4874 ..Α

485 4850 608 4903 dam
635 4854 872 4922 capitulo
902 4859 972 4911 ita
1007 4864 1233 4927 posuit:
1275 4866 1334 4919 Si
1403 4871 1522 4939 quis
1558 4870 1829 4929 Theodoro
1899 4874 2052 4945 Hop-
2154 4877 2258 4932 tola
2316 4878 2384 4933 ad
2442 4879 2787 4950 Serapionem
2819 4923 2835 4947 ,
2872 4850 3026 4954 cujus
3073 4885 3286 4942 initium
3342 4850 3461 4944 est:
3492 4850 3730 4948 λεαίνας

413 4994 420 4999 ,
482 4945 694 4998 suestice
738 4950 978 5017 episcopo
1028 4953 1166 5020 favet
1221 4957 1438 5027 dicenti,
1493 4963 1660 5016 alium
1719 4982 1830 5020 esse
1888 4968 2048 5021 Deum
2155 4969 2326 5022 sancti
2375 4971 2569 5023 amoris
2619 4973 2740 5035 tui;
2784 4975 2916 5027 dicit
2980 4977 3165 5032 enim:
3218 4978 3422 5047 Dicite,
3459 4984 3627 5037 sicubi
3670 4987 3729 5038 in

488 5034 722 5098 Verbum.
750 5047 800 5090 et
823 5040 988 5094 alium
1019 5041 1312 5109 Christum,
1365 5061 1517 5117 atque
1548 5068 1664 5105 cum
1701 5057 1904 5110 crs-teris
1970 5061 2052 5110 in-

481 5131 708 5180 numeris
739 5131 1073 5196 blasphemiis
1102 5137 1210 5189 suis
1238 5139 1406 5192 dicere
1437 5143 1732 5210 audentem,
1759 5149 1886 5216 quia
1929 5161 2048 5218 post

479 5222 910 5275 resurrectionem
977 5226 1246 5296 insu/flans
1288 5230 1341 5281 in
1397 5233 1704 5302 discipulos,
1763 5238 2042 5307 Dominus,

473 5309 752 5364 eld‘cens:
789 5331 808 5362 α
842 5314 1074 5382 Accipite
1105 5316 1362 5385 Spiritum
1391 5333 1652 5391 sanctum,
1694 5346 1710 5378 ι
1747 5346 1849 5383 non
1901 5333 2046 5388 dedit

475 5402 553 5453 eis
596 5400 857 5469 Spiritum
896 5415 1161 5482 sanctum,
1217 5411 1307 5460 sed
1352 5414 1646 5481 ﬁguraliter
1700 5428 1906 5476 tantum
1959 5426 2044 5478 in-

476 5493 733 5561 sit/ﬂavit;
769 5494 847 5547 his
879 5497 1064 5565 igitur,
1097 5503 1185 5567 qui
1226 5508 1428 5568 eadem,
1453 5517 1502 5558 et
1562 5509 1643 5564 his
1693 5513 1890 5569 similia
1947 5531 2048 5571 un-

562 5668 602 5696 "
630 5669 827 5733 prcs.
867 5689 940 5728 tv.
983 5675 1034 5730 6.
1112 5677 1156 5709 ⁸⁵
1187 5679 1204 5731 l
1240 5678 1365 5734 Cor.
1399 5696 1498 5748 stt,
1521 5685 1572 5740 6.

2151 5062 2441 5134 Scripturis
2479 5066 2694 5135 legistis,
2733 5067 2990 5135 Spiritum
3017 5085 3256 5126 sanctum
3289 5075 3599 5139 simpliciter
3619 5077 3729 5130 dici

2151 5155 2405 5222 Spiritum
2455 5159 2566 5212 sine
2618 5161 2917 5229 adjectione
2960 5164 3052 5217 vel-
3083 5165 3197 5228 Dei,
3261 5165 3342 5219 vel
3397 5165 3602 5231 Patris,
3646 5169 3726 5222 vel

2148 5263 2345 5314 meum,
2378 5251 2456 5303 vel
2509 5251 2673 5318 ipsius
2703 5251 2901 5308 Christi
2930 5263 2981 5305 et
3026 5253 3146 5308 Filii
3188 5257 3266 5310 vel
3316 5271 3346 5310 a
3403 5272 3489 5312 me
3523 5297 3539 5322 ,
3580 5260 3723 5330 quod

2145 5347 2220 5391 est
2254 5353 2283 5391 a
2339 5339 2466 5404 Deo,
2496 5341 2572 5392 vel
2603 5341 2714 5392 sine
2745 5342 2971 5394 articulo
2999 5341 3193 5398 Gra'cae
3237 5345 3518 5401 locutionis
3555 5364 3720 5401 more:

2145 5445 2209 5482 ne
2235 5430 2542 5496 simpliciter
2591 5432 2925 5506 intelligatur
2953 5435 3205 5501 Spiritus.
3259 5439 3398 5492 Nam
3430 5442 3477 5493 si
3509 5443 3722 5494 dicatur

2144 5519 2383 5590 πνεῦμα,
2424 5522 2538 5576 sine
2565 5524 2887 5596 nrtecedente
2913 5527 3156 5594 articulo,
3183 5529 3247 5584 de
3272 5529 3496 5601 quolibet
3525 5533 3718 5604 spiritu
