4106 6460
342 379 442 444 121

1427 370 1837 436 ADVEBSUS
1881 369 2203 432 Gli/ECOS
2245 374 2390 435 LIB.
2424 375 2504 435 Π.

3489 373 3603 439 WE).

337 471 563 559 intelligi
591 496 778 556 potest.
798 486 899 543 Sin
930 499 1046 540 vero
1062 494 1360 555 apponatur
1385 484 1668 550 articulus,
1701 497 1755 536 ut
1781 484 1926 537 dicd-
1951 480 2004 537 A
2032 484 2309 540 relaxandi
2368 495 2495 541 tunc
2529 495 2858 557 acceperunt
2893 502 2987 557 per
3019 486 3286 557 Spiritum
3330 499 3605 552 sanctum,

339 593 426 639 tur
451 582 512 636 τὲ
533 581 756 650 Πνεῦμα.
785 580 846 633 τὸ
873 579 1047 649 ἅγιον,
1074 577 1336 649 signiﬁcat
1364 576 1624 641 Spiritum
1644 587 1912 638 sanctum,

339 675 418 730 rel
463 673 822 738 Paracletum,
865 673 939 727 vel
966 671 1208 738 oeritqtis
1240 668 1520 737 Spiritum.
1559 670 1613 722 id
1642 678 1737 729 est,
1764 665 1917 730 Filii,

339 769 451 835 ipso
468 767 726 819 dicentem
756 763 868 833 Ego
885 779 1001 818 sum
1025 751 1230 818 Ver‘itas
1247 764 1293 796 ³⁸
1307 803 1323 828 ,
1339 781 1358 814 r
1379 779 1441 816 ne
1462 762 1728 816 audientes
1749 751 1921 823 Spiri-

344 867 454 910 tum
507 838 815 924 simpliciier
864 857 992 918 dici,
1024 856 1106 909 vel
1154 857 1266 909 sine
1304 855 1626 919 praecedente
1669 851 1918 913 articulo,

345 950 418 1004 sel
448 952 558 1006 sine
578 951 875 1016 adjectione
895 949 1252 1016 subsequente.
1275 948 1534 1014 Spiritum
1551 957 1790 1002 sanctum
1813 944 1920 999 dici

346 1043 693 1098 arbitremini.
725 1041 912 1111 Itaque
941 1058 1061 1095 cum
1103 1041 1430 1094 audierimus
1468 1032 1732 1105 Spiritum
1759 1053 1920 1091 sanc-

348 1145 479 1194 tum.
508 1133 582 1186 rei
609 1147 726 1185 cum
760 1132 984 1184 articulo
1015 1131 1294 1196 Spiritum,
1327 1144 1428 1182 non
1454 1127 1519 1181 de
1542 1128 1771 1196 quolibet
1799 1125 1924 1193 Spi-

347 1230 450 1280 ritu
476 1227 858 1294 intelligendum
879 1225 1002 1278 :sed
1032 1223 1095 1277 de
1116 1223 1341 1293 illo.qui
1364 1221 1603 1291 procedit
1638 1237 1702 1274 ex
1731 1219 1917 1284 Patre,

347 1319 549 1388 Spiritu
604 1318 864 1378 ueritatis,
900 1316 976 1370 vel
1015 1316 1405 1386 quomodoiibet
1450 1330 1569 1368 cum
1623 1313 1808 1383 aliqua
1856 1329 1924 1366 ea:

345 1411 608 1478 praedictis
650 1407 1034 1478 adjectionibus
1065 1408 1393 1477 proferatur.
1420 1404 1623 1476 Nempe
1678 1406 1844 1470 enim,
1873 1406 1921 1459 si

351 1501 602 1572 quoniam
642 1515 673 1554 ιι
721 1499 924 1570 Spiritu
973 1499 1132 1554 datur
1180 1497 1426 1569 spiritale
1483 1497 1706 1563 donum,
1750 1493 1924 1564 Spiri-

355 1604 466 1648 tum
502 1603 748 1648 sanctum
795 1593 1064 1664 quispiam
1099 1591 1262 1646 dicat:
1305 1590 1428 1646 Filii
1459 1592 1650 1655 etiam,
1709 1603 1777 1644 ac
1814 1588 1922 1642 Pa-

352 1687 452 1741 tris
497 1686 656 1750 dona,
694 1682 814 1738 Filii
847 1699 910 1739 ac
973 1683 1164 1739 Patres
1223 1694 1404 1748 erunt,
1456 1691 1623 1751 atque
1673 1681 1744 1734 ita
1789 1678 1921 1735 nihil

349 1776 654 1846 prohibebit
699 1775 1020 1830 Trinitatem
1057 1775 1434 1846 multiplicare.
1484 1771 1621 1838 lmo,
1683 1787 1810 1828 cum
1850 1775 1921 1827 sit

2021 577 2162 645 quod
2191 576 2282 631 Dei
2314 578 2484 633 solius
2531 589 2638 642 est,
2676 585 2733 631 ut
2781 587 2836 630 et
2898 593 3125 648 magnus
3176 576 3407 632 Basilius
3451 578 3504 631 in
3555 594 3605 631 tv

2019 680 2204 723 contra
2265 667 2472 724 Eunom
2494 709 2510 725 .
2544 670 2802 734 ostendit,
2835 670 3040 725 dicens:
3071 667 3130 726 Si
3182 670 3346 738 igitur
3391 679 3609 740 peccata

2020 762 2282 816 dimittere
2314 761 2509 816 nullius
2536 774 2636 829 est,
2664 763 2765 815 nisi
2803 761 2968 815 solius
3012 761 3145 827 Dei;
3177 761 3391 815 dimittit
3425 771 3602 814 autem

2020 863 2235 924 peccata
2273 871 2364 922 per
2420 856 2696 924 Apostolos
2751 854 2987 924 Spiritus
3033 863 3272 918 sanctus,
3313 854 3452 908 Deus
3481 835 3604 923 ergo

2021 956 2099 1000 est
2140 943 2375 1014 Spiritus
2407 956 2645 1000 sanctus.
2697 945 2868 999 Simul
2899 957 2953 1000 et
2988 946 3118 1001 illud
3154 954 3392 1010 constat,
3436 945 3606 1013 quod,

2023 1037 2127 1091 nisi
2183 1037 2344 1092 datus
2390 1047 2535 1092 esset
2573 1045 2702 1092 tunc
2757 1038 2994 1107 Spiritus
3041 1048 3306 1101 sanctus,
3357 1037 3606 1106 Apestoli

2023 1139 2247 1199 peccata
2283 1130 2557 1184 dimittere
2619 1145 2724 1184 non
2775 1138 3025 1200 possent:
3084 1130 3212 1199 quia
3270 1145 3397 1183 vero
3448 1129 3610 1182 dimi-

2024 1229 2236 1294 serunt,
2287 1221 2481 1290 liquet,
2511 1222 2637 1290 quia
2679 1220 2979 1276 dimittendi
3021 1231 3244 1291 peccata
3285 1228 3606 1288 potestatem

2025 1329 2132 1371 una
2193 1329 2318 1370 cum
2382 1315 2584 1385 Spiritu
2634 1326 2824 1372 sancto
2875 1328 3220 1386 acceperunt.
3277 1316 3393 1372 Non
3445 1318 3593 1370 enim

2024 1406 2168 1461 banc
2203 1407 2489 1470 baberent,
2539 1407 2583 1461 si
2623 1406 2712 1460 ille
2761 1422 2868 1462 non
2916 1408 3153 1462 adesset.
3189 1407 3314 1460 ideo
3347 1414 3398 1460 et
3429 1406 3608 1476 Chry-

2025 1509 2301 1558 sostomus
2345 1501 2544 1556 aiebat.
2571 1497 2759 1569 Neque
2794 1500 3063 1570 peccabit,
3088 1500 3175 1568 qui
3207 1499 3404 1554 dixerit
3434 1513 3527 1553 eos
3558 1507 3613 1552 et

2027 1603 2156 1649 tunc
2195 1593 2428 1663 gratiam
2480 1593 2757 1664 accepisse
2791 1593 3117 1663 spiritalem,
3147 1601 3206 1646 ut
3235 1606 3334 1658 per
3375 1591 3513 1644 hanc
3555 1592 3608 1642 in

2024 1688 2108 1742 eis
2136 1686 2374 1756 Spiritus
2406 1695 2632 1742 sanctus
2660 1685 2951 1750 habitaret,
2983 1700 3145 1754 quem
3181 1685 3451 1752 negabant
3479 1685 3614 1753 qui-

2026 1779 2149 1835 dam
2175 1778 2256 1834 eis
2286 1789 2396 1832 tum
2426 1777 2702 1834 a-Cbristo
2727 1779 2912 1833 datum
2945 1778 3134 1832 fuisse.

350 1881 636 1923 Commune
692 1866 916 1930 donum.
969 1873 1023 1921 ει
1057 1844 1659 1926 communia-mum”.
1717 1863 1912 1917 horum
1954 1844 1995 1900 Β
2095 1871 2237 1928 Idem
2287 1872 2523 1928 Sanctus
2563 1887 2728 1942 super
2754 1870 2911 1926 Joan.
2961 1870 3303 1936 Evangelia:
3346 1870 3458 1925 Cur
3509 1885 3610 1922 au-

350 1973 565 2028 quoque
616 1957 746 2012 nihil
807 1956 1137 2028 prohibebit,
1189 1965 1245 2011 et
1310 1957 1527 2011 Patrem
1581 1965 1637 2010 et
1687 1953 1911 2019 Filium,

352 2062 408 2108 et
435 2049 690 2119 Spiritum
741 2057 992 2106 sanctum
1041 2049 1336 2122 appellare.
1369 2048 1478 2104 Sed
1531 2049 1638 2104 ista
1693 2047 1922 2102 nimium

354 2145 588 2201 absurda
621 2153 773 2199 sunt.

423 2236 683 2302 Queniam
713 2236 906 2306 igitur.
925 2236 1156 2305 Accipite
1173 2234 1424 2304 Spiritum
1454 2245 1697 2292 sanctum
1717 2233 1928 2293 ".disit

368 2328 635 2396 Salvator,
665 2330 804 2398 quod
832 2329 1002 2384 solum
1036 2329 1375 2384 Paracletum
1410 2327 1704 2399 significat,
1726 2338 1932 2394 nequa-

361 2436 520 2491 quam
566 2418 978 2490 Cbrysostomus
1007 2419 1082 2474 illi
1121 2419 1466 2493 contradicit,
1517 2435 1624 2474 non
1663 2418 1926 2487 Spiritum

365 2519 758 2576 sanctum,tunc
804 2511 986 2565 datum
1023 2511 1242 2569 dicens:
1276 2526 1348 2566 ex
1387 2526 1475 2577 eo,
1516 2514 1661 2582 quod
1718 2514 1926 2568 caelesti

371 2604 634 2676 magistro,
679 2596 994 2673 sanctisque
1051 2605 1368 2672 concordat,
1399 2605 1797 2676 Cbrysostomo
1829 2609 1928 2662 ha-

368 2697 520 2751 betur
552 2696 739 2762 honor.
789 2695 944 2752 Hunc
1002 2697 1145 2751 enim
1187 2699 1523 2752 arbitrantur
1567 2699 1790 2768 quidam
1845 2699 1931 2753 di—

359 2789 532 2854 xisse,
564 2791 758 2844 donum
809 2788 1079 2860 quoddam
1122 2790 1242 2846 sine
1301 2792 1608 2847 substantia
1664 2792 1930 2859 apostolis

357 2884 563 2947 datum,
595 2883 714 2950 quia
754 2881 882 2936 illud
907 2881 1112 2937 dictum
1140 2897 1434 2950 exponens,
1460 2885 1590 2938 aitzs
1663 2882 1932 2939 Nonnulli

354 2972 564 3040 quidem
605 2973 816 3037 dicunt,
873 2971 1024 3027 illum
1082 2989 1188 3028 non
1225 2971 1498 3042 Spiritum
1557 2975 1799 3042 dedisse,
1836 2976 1930 3030 sed

355 3065 566 3118 idoneos
604 3064 670 3118 ad
727 3063 1116 3134 percipiendum
1155 3064 1419 3134 Spiritum
1448 3067 1545 3121 illa
1575 3068 1934 3138 insufﬂatione

2021 1974 2124 2022 tem
2151 2005 2169 2032 ,
2199 1967 2406 2037 inquit:
2445 1965 2684 2036 rRogabo
2718 1963 2932 2019 Patrem
2947 1964 3021 2018 “‘l
3047 1983 3064 2017 r
3095 1965 3256 2030 Quia,
3283 1966 3327 2018 si
3362 1965 3609 2023 dixisset.

2027 2058 2172 2129 «Ego
2219 2059 2456 2121 mittam,
2488 2077 2507 2111 ο
2543 2073 2646 2112 non
2674 2056 2924 2111 similiter
2955 2055 3190 2126 profecto
3234 2055 3607 2110 credidissent.

2025 2150 2184 2205 Nunc
2222 2151 2361 2204 enim
2408 2150 2464 2203 id
2510 2151 2737 2203 maxime
2784 2147 2993 2218 agebat,
3034 2156 3094 2203 ut
3143 2147 3244 2202 sibi
3287 2147 3610 2204 crederetur.

2027 2241 2192 2297 Illum
2219 2243 2384 2310 igitur
2436 2250 2562 2295 tunc
2609 2249 2924 2309 acceperunt
2975 2239 3244 2309 Apostoli,
3303 2255 3459 2307 quem
3522 2241 3613 2291 dat

2027 2333 2312 2397 Christus;
2340 2335 2430 2386 dat
2455 2341 2824 2402 autem,quem
2855 2332 3055 2395 mittit;
3086 2346 3237 2398 quem
3271 2345 3394 2399 ergo
3424 2329 3614 2383 Chris-

2026 2432 2112 2480 tus
2139 2425 2322 2488 mittit,
2347 2425 2487 2478 hunc
2505 2432 2818 2492 acceperunt
2846 2420 3104 2487 Apostoli.
3144 2416 3312 2473 Mittit
3348 2435 3469 2472 vero
3503 2434 3607 2471 non

2026 2519 2223 2573 donum
2247 2519 2360 2570 sine
2386 2514 2702 2577 substantia,
2731 2512 2820 2567 sed
2845 2511 3015 2578 ipsum
3041 2507 3618 2578 SpiritumuParack-

2028 2623 2112 2665 tus
2147 2610 2303 2671 enim,
2339 2609 2536 2676 inquit,
2566 2622 2719 2676 quem
2763 2620 2857 2675 ego
2893 2605 3100 2656 mittam
3143 2601 3290 2655 vobis
3323 2616 3353 2654 a
3417 2599 3603 2665 Patre,

2031 2702 2297 2768 Spiritum
2325 2697 2590 2761 veritatis,
2621 2695 2711 2765 qui
2743 2711 2776 2748 a
2819 2690 2986 2747 Patre
3016 2691 3252 2761 procedit
3279 2691 3348 2746 θ’.
3379 2709 3398 2742 ι

2105 2796 2213 2852 Sed
2249 2793 2320 2849 ad
2357 2794 2410 2848 id
2438 2805 2654 2862 quoque
2699 2787 3192 2845 commendandum
3247 2786 3389 2851 quod
3434 2784 3620 2840 Chris-

2035 2901 2118 2945 tus
2144 2888 2406 2958 Spiritum
2438 2882 2647 2948 mittat,
2680 2880 2878 2951 adjecit
2903 2879 3216 2950 Chrysost.:
3257 2876 3447 2932 Postea
3479 2877 3620 2928 enim

2031 2984 2142 3051 ipse
2168 2998 2223 3037 se
2249 2981 2450 3034 mittere
2485 2978 2584 3040 ait,
2621 2976 2810 3031 dicens
2844 2991 2857 3026 :
2892 2972 3128 3042 Accipite
3155 2970 3422 3039 Spiritum
3463 2984 3623 3023 sauc-

2034 3083 2169 3128 tum.
2219 3072 2410 3142 Igitur,
2466 3069 2558 3140 qui
2617 3081 2748 3123 tunc
2795 3063 3072 3120 aChrisw
3105 3064 3266 3117 datus
3320 3071 3426 3124 est,
3491 3075 3618 3115 eum

358 3156 562 3224 fecisse.
592 3155 738 3210 Non.
761 3165 938 3210 autem
982 3157 1249 3227 quispiam
1299 3161 1613 3229 peccaverit,
1756 3161 1924 3227 dicat,
1955 3177 1999 3236 (ς
2033 3134 2368 3236 Cltrystost.,
2405 3173 2460 3218 et
2484 3134 2560 3216 ab
2593 3161 2733 3229 ipso,
2765 3166 2816 3212 et
2846 3173 2875 3211 a
2907 3155 3070 3232 Patre
3112 3154 3336 3208 missum
3371 3151 3468 3206 ait.
3499 3134 3639 3204 Non‘

355 3265 467 3308 eos.
491 3259 537 3302 et
569 3257 691 3303 tunc
717 3257 1028 3319 potestatem
1053 3252 1342 3319 quamdam
1376 3254 1644 3323 accepisse
1674 3254 1936 3324 spiritua-

359 3342 482 3402 lem,
537 3351 586 3395 et
619 3343 882 3410 gratiam,
923 3353 983 3397 ut
1040 3353 1258 3412 peccata
1312 3345 1662 3400 dimitterent.
1716 3347 1840 3402 Ideo
1883 3354 1937 3403 et

363 3432 614 3486 addidit:
647 3434 881 3499 Quorum
932 3436 1238 3490 remiseritis
1291 3455 1538 3509 peccata,
1585 3441 1937 3495 remittuntur

360 3525 460 3590 eis,
507 3527 779 3580 ostendens
828 3542 987 3594 quam
1017 3528 1244 3596 speciem
1271 3531 1597 3601 operationis
1626 3532 1748 3585 det.
1781 3550 1800 3584 ι
1840 3534 1937 3585 At-

361 3616 452 3684 qui
479 3623 696 3672 sanctus
724 3631 820 3687 per
843 3619 944 3674 hoc
968 3633 1074 3674 non
1098 3621 1442 3677 contradicit;
1467 3621 1655 3690 Neque
1685 3624 1851 3689 enim,
1879 3631 1938 3676 ut

360 3721 510 3760 suam
559 3708 885 3777 opinionem,
932 3712 1048 3773 sed,
1080 3722 1136 3765 ut
1169 3714 1234 3766 ab
1265 3713 1386 3770 aliis
1415 3715 1683 3770 invectam
1715 3716 1933 3784 objicit.

363 3798 630 3864 Quosdam
657 3801 817 3868 enim,
851 3802 950 3867 ait,
980 3804 1171 3870 dicere,
1201 3809 1330 3874 quia
1367 3821 1470 3860 non
1489 3805 1754 3876 Spiritum
1789 3807 1936 3860 dedit

361 3891 621 3947 Christus.
666 3895 745 3948 Ac
787 3895 980 3951 deinde
1015 3895 1226 3951 illorum
1251 3898 1532 3968 corrigens
1573 3899 1882 3969 opinionem
1914 3914 1933 3954 :

364 3984 486 4040 Non
526 4000 699 4042 autem
740 3989 972 4054 peccabit
1022 3991 1310 4059 quispiam,
1341 3991 1567 4063 inquiet,
1598 4003 1648 4048 et
1693 4003 1815 4048 tunc
1847 4009 1934 4049 eos

362 4086 668 4144 potestatem
707 4077 942 4147 aliquam
984 4071 1344 4150 sps'ritualem,
1365 4085 1670 4153 et-gratiam
1697 4085 1934 4155 accepis-

363 4186 436 4232 se.
487 4171 668 4226 dicens
699 4173 891 4241 ;quasi
932 4171 1099 4228 dicat:
1137 4174 1246 4229 Illis
1295 4176 1513 4245 quidem
1565 4194 1672 4232 non
1723 4178 1936 4233 videtur

365 4263 631 4331 apostolos
671 4271 799 4318 tunc
837 4263 1100 4334 Spiritum
1134 4277 1386 4322 sanctum
1421 4269 1720 4340 accepisse,
1769 4279 1934 4340 atque

366 4355 484 4408 ideo
517 4369 693 4438 neque
742 4355 888 4412 illius
945 4358 1222 4428 accepisse
1264 4361 1520 4429 gratiam,
1587 4362 1926 4432 idoneusque

363 4442 692 4498 solummodo
719 4442 940 4500 eﬂ‘ectos
966 4460 1086 4501 esse
1120 4461 1217 4516 per
1247 4461 1366 4503 eam
1410 4449 1832 4506 insuiﬂationem
1861 4452 1928 4506 ad

366 4535 732 4604 accipiendum
786 4536 1048 4608 Spiritum
1085 4549 1354 4598 sanctum.
1391 4542 1742 4614 Consequens
1781 4545 1926 4601 enim
1961 4516 2007 4572 θ

368 4639 510 4696 erat,
535 4639 594 4682 ut
640 4630 733 4699 qui
765 4643 858 4686 eos
883 4629 1144 4702 Spiritum
1195 4626 1442 4690 sanctum
1492 4637 1768 4707 accepisse
1799 4646 1928 4693 tunc

363 4723 628 4792 negabant
662 4741 677 4777 :
708 4723 871 4778 etiam
918 4711 1109 4794 gratia:
1168 4729 1569 4798 perceptionem
1639 4715 1930 4794 tollerent,

361 4828 522 4880 quam
567 4815 687 4869 sine
732 4813 936 4884 Spiritu
1014 4819 1266 4888 cuiquam
1324 4820 1578 4890 possibile
1648 4837 1754 4876 non
1817 4829 1935 4876 erat

362 4905 635 4962 advenire.
1063 4903 1071 4920 '

435 4995 638 5054 Deinde
684 5010 739 5054 et
769 5015 922 5054 suam
975 5002 1305 5057 sententiam
1349 5003 1535 5059 infert:
1575 5003 1699 5058 Non
1753 5015 1932 5059 autem

364 5089 594 5158 peccabit
629 5091 908 5160 quispiam,
951 5108 1036 5148 eos
1073 5103 1122 5148 et
1179 5105 1304 5149 tunc
1363 5097 1594 5166 gratiam
1625 5098 1889 5168 accepisse
1914 5137 1930 5163 ,

369 5182 586 5248 dicens;
629 5185 780 5252 quasi
831 5185 1046 5240 illorum
1100 5190 1430 5243 sententiam
1491 5192 1794 5260 corrigens,
1827 5191 1923 5262 qui

366 5275 626 5342 negabant
658 5275 916 5341 Spiritum
944 5288 1191 5334 sanctum
1223 5289 1350 5336 tunc
1375 5281 1560 5336 datum
1607 5282 1800 5347 fuisse,
1834 5297 1932 5338 os-

366 5365 532 5418 tendit
580 5365 822 5435 apertius
864 5366 1178 5436 opiniOnem
1233 5384 1386 5425 suam
1435 5385 1580 5438 esse,
1627 5374 1772 5442 quod
1803 5382 1930 5428 tunc

364 5457 667 5524 acceperint
720 5455 982 5528 Spiritum
1044 5470 1330 5517 sanetum.
1381 5462 1518 5518 Nam
1574 5479 1697 5519 cum
1750 5465 1927 5534 gratia

366 5547 592 5616 Spiritus
631 5560 684 5606 et
715 5551 832 5621 ipse
872 5568 975 5608 una
1000 5556 1189 5610 adesse
1233 5556 1594 5627 intelligitur:
1628 5567 1791 5628 atque
1821 5557 1926 5613 hoc

366 5639 485 5695 inde
528 5641 578 5696 in
629 5643 829 5715 primis
869 5654 1098 5712 constat,
1141 5648 1281 5716 quod
1329 5658 1655 5720 potestatem
1704 5660 1927 5719 peccata

429 5826 650 5887 "toan.
679 5843 799 5893 xw,
839 5827 893 5883 6.
968 5829 1014 5861 ‘"
1046 5828 1206 5888 loan.
1241 5849 1332 5900 xx,
1369 5833 1460 5888 2i.

2037 3271 2166 3325 ergo
2201 3255 2286 3310 vel
2315 3254 2440 3318 sibi,
2477 3251 2562 3308 vel
2611 3250 2732 3305 aliis
2773 3247 3054 3322 magistris
3095 3243 3378 3308 Ecclesiae,
3422 3242 3478 3297 in
3514 3242 3620 3306 bis,

2037 3364 2159 3419 quia
2184 3347 2344 3411 dixit,
2380 3343 2695 3400 contrarius
2725 3351 2833 3398 est.

2110 3441 2390 3498 Caeterum
2430 3437 2498 3492 ad
2531 3451 2648 3502 eos,
2683 3437 2776 3505 qui
2814 3433 3011 3490 dicunt
3046 3447 3063 3488 ς
3095 3431 3158 3487 Si
3191 3440 3318 3486 tunc
3365 3429 3622 3498 Spiritum

2035 3541 2284 3589 sanctum
2318 3538 2629 3597 acceperunt
2665 3524 2925 3594 Apostoli,
2985 3524 3112 3594 quid
3159 3538 3367 3578 necesse
3414 3523 3517 3591 fuit
3565 3521 3628 3573 il-

2036 3626 2148 3681 lum
2195 3623 2281 3678 die
2321 3621 2649 3679 Pentewstes
2689 3616 3188 3672 mittiidiceudum
3234 3623 3340 3676 est,
3365 3612 3625 3681 quoniam

2035 3718 2198 3773 datus
2227 3725 2312 3772 est
2336 3714 2582 3784 quidem,
2617 3726 2722 3765 non
2743 3719 2925 3764 autem
2967 3715 3084 3762 tota
3111 3706 3200 3761 illa
3231 3720 3331 3760 sua
3383 3705 3625 3771 plenitu-

2037 3809 2194 3875 dine,
2225 3821 2403 3876 neque
2432 3803 2727 3860 secundum
2775 3814 2992 3855 omnem
3028 3812 3184 3855 suam
3212 3797 3625 3864 operationem;

2037 3915 2142 3954 non
2169 3899 2312 3966 quod
2353 3895 2471 3964 ipse
2515 3894 2814 3957 discretus,
2863 3905 2926 3943 ac
2949 3889 3157 3944 divisus
3201 3887 3296 3949 sit.
3321 3885 3418 3942 sed
3463 3899 3629 3954 prop-

2039 4007 2124 4053 ter
2177 3989 2582 4061 suscipientium
2629 3981 3199 4052 itnbecillitatem,qui
3255 3993 3476 4033 omnem
3505 3977 3628 4045 ejus

2034 4085 2446 4158 operationem,
2474 4091 2529 4136 et
2567 4075 2919 4155 efﬁcientiam
2943 4083 3097 4158 \lunc
3133 4071 3380 4142 profecto
3427 4082 3628 4138 capere

2036 4177 2359 4248 nequibant.
2392 4173 2587 4228 Postea
2612 4185 2738 4226 vero
2769 4183 2932 4239 quam
2969 4167 3036 4222 ad
3091 4164 3418 4234 perfectiora
3449 4162 3630 4231 proie-

2035 4277 2247 4333 cerant,
2295 4277 2448 4333 tunc,
2491 4265 2605 4336 jam
2647 4262 2895 4318 omnium
2951 4259 3280 4332 gratiarum,
3325 4258 3630 4314 donorum-

2034 4380 2141 4437 que
2169 4362 2477 4419 caelestium
2508 4372 2737 4428 capaces
2771 4356 2900 4412 iacti
2927 4365 3076 4411 sunt.

2104 4455 2370 4524 Quocirca
2399 4464 2453 4508 et
2472 4453 2896 4522 Chrysostomus
2932 4466 2945 4502 :
2975 4446 3087 4501 Nec
3119 4443 3381 4514 peccabit,
3416 4443 3626 4514 inquit,

2041 4551 2132 4618 qui
2159 4559 2206 4604 et
2240 4558 2364 4602 tunc
2402 4562 2488 4600 eos
2517 4543 2779 4612 accepisse
2815 4539 3009 4595 dixerit
3040 4537 3336 4607 spiritalem
3394 4536 3630 4604 aliquam

2042 4641 2291 4714 gratiam,
2311 4656 2428 4694 cum
2445 4635 2675 4707 Spiritus
2705 4647 2828 4688 tunc
2854 4649 2916 4688 ea
2938 4632 3052 4686 sola
3075 4631 3262 4700 dignos
3291 4628 3628 4696 iudicaverit.

2041 4731 2178 4788 Nam
2213 4731 2500 4788 sacerdotii
2531 4728 2764 4800 gratiam
2812 4737 2938 4780 tunc
2968 4725 3142 4779 solam
3191 4723 3338 4778 dedit
3371 4720 3632 4791 apostolis

2043 4825 2460 4889 iuhabitantem,
2487 4820 2651 4889 cujus
2687 4816 2968 4889 proprium
3010 4823 3235 4885 peccata
3283 4813 3518 4878 solvere,
3550 4822 3633 4866 at-

2044 4929 2152 4984 que
2185 4915 2358 4984 ligare
2395 4927 2411 4966 :
2442 4926 2549 4966 non
2583 4919 2766 4964 tamen
2809 4907 3072 4962 doctrinae
3120 4905 3314 4970 etiam,
3367 4911 3422 4958 et
3475 4899 3629 4956 verbi

2041 5005 2294 5076 gratiam,
2324 5006 2467 5058 hanc
2499 5001 2641 5056 enim
2683 4999 2739 5054 in
2765 4997 2854 5054 die
2880 4995 3259 5062 Pentecostes,
3283 5010 3390 5065 per
3415 4994 3632 5065 linguas

2045 5101 2240 5168 igneas
2270 5095 2439 5152 dedit.
2486 5093 2619 5158 Sed,
2655 5108 2722 5148 ne
2772 5101 2903 5146 tunc
2929 5091 3149 5160 quidem
3186 5097 3298 5145 tota
3341 5089 3446 5144 illis
3477 5088 3631 5157 copia

2041 5201 2126 5245 est
2153 5189 2302 5243 data.
2334 5185 2522 5256 Neque
2563 5184 2708 5240 enim
2737 5181 2982 5254 quotidie
3006 5181 3073 5236 ad
3122 5179 3375 5248 majores,
3417 5180 3636 5249 periec-

2042 5283 2318 5352 tioresque
2368 5280 2600 5334 virtutes
2675 5286 3086 5348 potestatesque
3139 5275 3468 5331 evasissent.
3527 5268 3634 5326 Sed

2040 5387 2094 5430 et
2139 5384 2260 5444 post
2290 5372 2681 5436 Pentecostcn,
2725 5371 3083 5425 narrantibus
3109 5366 3293 5432 Petro,
3321 5375 3375 5420 et
3417 5364 3629 5420 Joanne

2044 5467 2267 5537 reliquis
2301 5465 2584 5534 apostolis,
2609 5471 2814 5534 quanta
2857 5478 2884 5515 a
2910 5461 3112 5518 Juilaais
3148 5460 3290 5530 passi
3331 5463 3540 5519 essent,
3566 5467 3632 5505 eo

2045 5559 2191 5628 quod
2223 5556 2559 5612 iiducialiter
2583 5556 2636 5610 in
2669 5553 2874 5611 Christi
2903 5553 3125 5608 nomine
3152 5550 3430 5619 egissent:
3453 5541 3629 5605 Motu,

2039 5651 2238 5722 inquit,
2275 5651 2420 5722 [acto
2465 5649 2646 5719 repleti
2677 5657 2802 5704 sunt
2857 5662 3035 5703 omnes
3074 5643 3283 5714 Spiritu
3336 5644 3542 5696 sancto.
3574 5639 3630 5680 νοΐ

1542 5833 1768 5890 "10:10.
1805 5848 1914 5898 xw,
1953 5832 2036 5890 16.
2116 5833 2162 5866 ⁸⁸
2190 5831 2350 5888 Joan.
2385 5848 2473 5900 xv,
2498 5831 2587 5889 '26.
