4106 6440
553 337 652 401 123

1799 341 2195 407 MANUELIS
2232 342 2541 405 CALECS

3692 339 3790 408 ω

547 452 884 519 loquerentur
904 452 1116 524 uerbum
1140 455 1232 508 Dei
1251 473 1368 510 cum
1397 457 1593 525 fiducia
1621 458 1688 511 “.
1721 455 1923 527 Nempe
1945 456 2115 520 enim,
2149 461 2192 513 Α
2223 461 2412 506 sancto
2442 453 2590 507 canit
2626 469 2641 506 :
2690 451 2767 507 Tu
2805 451 2938 518 uita,
2983 465 3154 518 amor,
3190 450 3388 507 lumen.
3419 450 3672 510 Charitas
3698 473 3789 511 au-

548 545 593 598 si
617 555 785 598 totum
813 544 862 595 in
884 541 1208 600 Pentecoste
1242 546 1558 613 habuerant,
1577 563 1816 618 quonam
1845 559 1973 604 tunc
1999 551 2114 618 spl-

547 634 654 688 ritu
686 634 887 704 impleti
922 637 1089 693 sunt?
1108 637 1332 692 Constat
1362 654 1491 694 vero
1512 639 1637 709 quia
1666 640 1936 696 habebant
1957 641 2113 696 illum

547 728 788 796 quidem,
808 731 923 796 sed,
947 729 1071 797 quia
1089 731 1328 797 perfecte
1349 747 1452 786 non
1476 733 1768 798 habebam,
1789 735 1906 802 ipso
1923 749 2116 792 rursus

549 818 752 882 impleti
775 815 919 876 sunt.
941 820 1168 888 Semper
1183 821 1324 875 enim
1347 837 1409 874 ac
1437 821 1636 893 iugiter
1667 823 1904 894 Spiritus
1931 825 2115 892 datur,

553 919 606 960 et
643 923 739 977 per
774 909 984 979 singula
1007 911 1174 979 ipsius
1214 928 1458 980 munera,
1504 903 1756 984 ipse‘una
1777 917 2104 986 ingreditur.

617 997 683 1052 Et
715 999 770 1053 in
795 1002 1022 1061 Actibus
1053 1005 1422 1073 apostolorum
1465 1008 1728 1073 scriptum
1769 1019 1851 1062 est
1888 1026 1902 1062 :
1933 1008 2116 1079 Impo-

545 1091 736 1143 nebant
765 1093 991 1158 apostoli
1023 1111 1208 1150 manus
1256 1113 1412 1164 super
1438 1114 1576 1163 eum,
1606 1101 1694 1168 qui
1719 1099 2112 1170 baptisabatur,

544 1179 814 1246 populant,
831 1191 878 1235 et
898 1183 1241 1238 descendebat
1259 1184 1494 1255 Spiritus
1526 1201 1742 1244 sanctus
1765 1207 1918 1259 super
1940 1210 2026 1248 eos
2044 1195 2113 1250 ".

553 1270 718 1326 Datur
753 1277 898 1327 enim
931 1275 983 1328 in
1009 1276 1636 1350 adoptioneibaptizatis,
1667 1294 1719 1338 et
1751 1287 2114 1354 principatum

547 1362 848 1430 spiritalem
875 1364 932 1418 in
963 1367 1144 1435 populi
1190 1368 1455 1438 regimine
1480 1373 1924 1441 suscipientibus,
1956 1388 2118 1446 atque

550 1455 605 1508 in
662 1455 765 1510 hac
808 1457 1149 1526 diﬂ'ercnter,
1185 1464 1482 1518 secundum
1525 1467 1733 1521 scilicet
1781 1483 2006 1524 munera
2048 1471 2117 1524 ad

549 1545 802 1603 Ecclesia
823 1550 1206 1618 perfectionem
1241 1556 1595 1613 conferentia.

624 1639 698 1695 Ea
729 1657 859 1712 ergo
884 1645 1183 1704 insumatio
1229 1651 1489 1705 indicium
1515 1661 1600 1707 est
1625 1666 1766 1707 vera:
1791 1653 1971 1708 sancti
1995 1652 2120 1723 Spi-

558 1735 692 1790 ritus
725 1736 1034 1806 elfusionis;
1086 1748 1250 1811 atque
1278 1757 1346 1798 eo
1396 1743 1587 1816 magis,
1622 1743 1765 1813 quod
1809 1756 1866 1801 et
1914 1746 2111 1816 gratia,

552 1829 604 1881 in
627 1844 730 1898 qua
758 1829 920 1886 datus
953 1842 1060 1898 est,
1131 1833 1302 1889 solius
1339 1833 1436 1890 Dei
1473 1848 1582 1891 est.
1625 1838 1766 1894 Deus
1795 1847 1975 1892 autem
2030 1848 2115 1893 est

553 1917 790 1986 Spiritus
830 1930 1072 1984 satietas,
1112 1923 1205 1977 sed
1245 1932 1299 1980 et
1329 1924 1713 1981 documentum
1740 1935 1825 1982 est
1849 1941 1912 1982 ea
1940 1926 2122 1982 insuf-

549 2008 717 2074 llatio,
743 1992 839 2080 per
867 2027 1182 2082 expressam
1215 2015 1692 2085 signiﬁcationem,
1722 2033 1787 2073 es
1820 2016 1958 2073 Filio
1987 2034 2119 2090 pro-

549 2103 744 2158 cedere
777 2103 1038 2171 Spiritum
1079 2117 1325 2164 sanctum
1357 2118 1524 2179 atque
1553 2125 1618 2164 es
1642 2123 1708 2166 eo
1733 2125 1878 2166 esse.

621 2191 698 2247 Ex
737 2195 935 2262 quibus
974 2196 1132 2252 etiam
1169 2200 1218 2252 id
1247 2209 1479 2265 constat,
1513 2204 1677 2270 quod,
1703 2205 1796 2272 qui
1831 2205 1962 2260 nihil
2016 2208 2116 2262 mi-

549 2301 666 2339 rum
703 2300 824 2342 esse
849 2289 1055 2354 dicunt,
1075 2291 1119 2344 si
1156 2290 1314 2344 datur
1342 2306 1374 2345 a
1408 2290 1546 2347 Filio
1573 2294 1836 2363 Spiritus,
1862 2301 2114 2366 quando-

551 2381 766 2448 quidem
796 2393 854 2437 et
879 2396 908 2436 a
939 2397 1266 2453 quocunque
1298 2385 1541 2449 homine,
1563 2389 1722 2444 modo
1745 2393 1998 2447 sacerdos
2021 2397 2114 2460 sit,

547 2471 707 2526 datur
742 2480 844 2526 :et.
892 2473 1036 2527 sicut
1089 2473 1158 2528 ab
1219 2475 1536 2532 hominibus
1586 2493 1710 2532 cum
1782 2479 1969 2546 datur,
2010 2496 2120 2536 non

550 2562 714 2618 etiam
749 2561 818 2616 ab
840 2563 920 2617 eis
940 2563 1200 2632 procedit
1228 2582 1243 2618 :
1270 2566 1342 2620 ita
1361 2582 1536 2636 neque
1557 2583 1586 2621 a
1615 2570 1706 2624 [rei
1747 2568 1887 2625 Filio
1926 2586 2119 2640 proce-

550 2655 648 2719 dit,
688 2654 942 2723 quamvis
973 2656 1040 2709 ab
1070 2655 1188 2724 ipso
1214 2658 1392 2722 detur,
1423 2660 1888 2728 irrationabiliter,
1925 2679 1988 2718 ac
2017 2668 2116 2720 de-

551 2746 894 2801 mentissime
939 2747 1340 2817 blasphemant.
1390 2749 1638 2806 Primum
1688 2755 1931 2824 quidem,
1977 2772 2116 2826 quo-

485 2881 496 2887 -
549 2836 696 2890 uiam
736 2839 963 2893 eandem
999 2841 1406 2907 proportionem
1455 2843 1718 2911 Spiritum
1761 2857 2011 2902 sanctum
2049 2850 2116 2904 ad

549 2926 742 2982 Filium
787 2929 1010 2997 habere,
1050 2947 1214 3000 quam
1253 2935 1414 2989 habet
1465 2937 1534 2990 ad
1573 2937 1837 3006 homines,
1873 2949 2114 3010 potant;

549 3021 780 3086 deinde,
809 3025 1062 3091 quoniam
1087 3040 1118 3078 a
1153 3026 1487 3096 quibuslibet
1517 3032 1828 3088 hominibus
1859 3034 1973 3088 dari
2010 3052 2117 3091 non

549 3121 753 3181 potest,
779 3114 872 3180 qui
903 3115 969 3168 ah
991 3116 1253 3182 apostolis
1277 3118 1438 3173 datus
1461 3134 1567 3174 non
1594 3129 1678 3176 est
1711 3140 1726 3177 :
1760 3123 2116 3192 Impouebant'
2137 3117 2183 3180 ϐ

547 3205 686 3256 enim
718 3214 935 3271 manus,
971 3207 1067 3270 ait,
1102 3224 1257 3274 super
1291 3209 1616 3279 baptizatum
1643 3217 1894 3286 pupulum
1926 3227 1977 3274 et
2019 3212 2116 3273 de-

549 3295 823 3349 scendebat
849 3297 1083 3366 Spiritus
1115 3310 1325 3357 sanctus
1340 3320 1498 3372 super
1515 3322 1621 3360 eos.

620 3410 677 3464 lu
709 3410 799 3465 his
824 3424 1030 3478 autem,
1079 3429 1200 3484 quae
1251 3434 1280 3472 a
1343 3421 1620 3490 magistris
1663 3420 1924 3477 Ecclesiae
1971 3422 2115 3479 dicta

552 3515 701 3569 sntit,
722 3505 912 3559 horum
932 3507 1093 3562 etiam
1119 3511 1404 3566 concordia
1430 3516 1661 3568 notanda
1681 3528 1780 3571 est.
1801 3516 1954 3573 Sicut
1971 3519 2116 3573 enim

553 3609 779 3664 magnus
799 3596 1127 3654 Athanasius
1155 3599 1209 3654 in
1241 3599 1412 3671 Epist.
1445 3603 1510 3657 ad
1543 3603 1920 3676 Serapionem,
1943 3610 2118 3678 Spiri-

555 3698 665 3742 tum
703 3701 950 3744 sanctum
983 3691 1122 3747 dixit
1157 3693 1357 3748 donum
1398 3694 1520 3750 Filii
1549 3715 1562 3752 :
1592 3699 1664 3752 ita
1695 3709 1748 3754 et
1785 3701 2118 3769 Augustinus

549 3780 602 3835 iu
628 3781 724 3837 lib.
751 3781 828 3835 De
861 3780 1144 3849 Trinitate,
1175 3785 1347 3856 ipsum
1375 3788 1511 3843 dixit
1549 3788 1672 3845 Filii
1699 3792 1917 3848 donum.
1956 3792 2116 3864 Tum,

548 3873 673 3941 quia
713 3889 740 3926 a
770 3873 928 3930 Patre
952 3887 1006 3931 ct
1038 3873 1177 3932 Filio
1211 3878 1392 3946 datur,
1423 3890 1534 3934 tum
1567 3883 1692 3951 quia
1725 3899 1791 3939 ex
1836 3883 2000 3943 Patre
2024 3902 2118 3957 per

547 3962 744 4019 Filium
796 3969 1057 4036 procedit,
1085 3969 1472 4042 stultorumque
1512 3976 1707 4031 donum
1725 3992 1864 4044 esse,
1890 3979 2118 4038 addidit.

547 4059 627 4113 Ac
655 4058 797 4113 sicut
833 4059 923 4114 ille
970 4059 1229 4131 Spiritum
1259 4074 1530 4134 sanctum,
1558 4075 1722 4124 un‘am
1760 4075 1926 4129 vitam
1961 4078 2121 4133 unius

2219 551 2354 608 tem,
2383 553 2435 597 et
2469 558 2624 599 arnor
2657 545 2797 600 idem
2825 544 2992 602 Valet.

2287 635 2394 692 Sed
2425 638 2572 691 enim
2603 635 2944 707 Augustinus
2965 636 3185 717 quidem
3216 652 3412 694 rursus
3435 641 3666 708 gratiam
3697 657 3790 696 vo-

2217 729 2363 783 cavit
2399 728 2662 794 Spiritum
2721 713 3334 783 mnctumIConcordat
3361 741 3541 785 autem
3570 742 3625 786 et
3663 733 3790 786 huic

2214 828 2432 874 sanctus
2451 819 2683 874 Basilius
2712 819 2767 872 in
2789 818 3030 888 mysticis
3047 819 3224 873 sancti
3242 821 3496 876 sacrificii
3517 825 3786 890 precibus,

2215 910 2532 978 adfati-ent
2573 911 2684 964 illic
2732 911 2796 964 de
2819 909 2957 964 Filio
2981 909 3209 979 loquens
3231 927 3246 966 :
3271 911 3376 976 Qui
3392 924 3468 966 est
3496 914 3672 979 imago
3695 927 3794 968 ture

2216 1002 2484 1067 bonitatis,
2504 1001 2736 1072 sigillum
2767 1002 2952 1071 format
2981 1003 3151 1070 parile
3189 1005 3246 1057 in
3267 1021 3322 1058 se
3365 1005 3478 1074 ipso
3502 1015 3550 1060 te
3582 1005 3790 1059 Patrem

2215 1095 2510 1158 ostendens,
2544 1110 2716 1147 sermo
2755 1096 2923 1155 uicus,
2973 1094 3109 1148 Deus
3144 1112 3316 1158 serus,
3345 1113 3377 1149 a
3411 1113 3515 1165 quo
3565 1095 3791 1164 Spiritus

2213 1193 2431 1237 sanctus
2485 1183 2706 1252 effulsit,
2760 1185 3062 1252 adoptionis
3114 1184 3338 1248 donum,
3396 1185 3558 1238 arrha
3599 1186 3792 1253 future

2216 1273 2566 1327 hereditatis.
2593 1273 2740 1328 Idem
2767 1289 2980 1339 rursus,
3025 1277 3080 1330 lu
3107 1276 3342 1344 epistola
3370 1276 3438 1330 ad
3473 1275 3792 1343 Gregorium

2215 1362 2442 1418 fratrem
2477 1364 2544 1417 de
2578 1363 2879 1419 differentia
2944 1367 3214 1429 ementita,
3250 1377 3414 1437 atque
3458 1367 3794 1430 substantia,

2217 1451 2335 1504 ait:
2365 1450 2532 1506 Omtte
2563 1454 2700 1521 quod
2735 1455 2793 1506 in
2839 1470 2932 1510 nos
2971 1471 3036 1510 ea:
3079 1457 3264 1514 divina
3307 1459 3499 1512 virtute
3545 1457 3794 1527 pertingit

2217 1537 2441 1601 bonum:
2472 1544 2645 1596 omnia
2697 1543 2752 1598 in
2782 1545 3027 1601 omnibus
3056 1547 3324 1614 operantis
3379 1551 3574 1617 gratia
3611 1565 3796 1618 opera-

2218 1633 2408 1688 tionem
2431 1634 2847 1701 dicimus,_sicut
2867 1637 2946 1691 ait
2969 1639 3256 1707 Apostolus
3283 1656 3300 1694 :
3338 1638 3468 1694 Haec
3492 1651 3668 1694 autent
3687 1656 3796 1694 ont-

2220 1723 2306 1778 uia
2333 1733 2584 1793 operatur
2601 1741 2739 1781 unus
2770 1736 2929 1783 atoue
2964 1729 3102 1784 idem
3126 1729 3361 1801 Spiritus
3411 1730 3655 1787 dividens
3673 1732 3794 1786 sitr-

2218 1813 2354 1884 gulis
2377 1825 2531 1885 prout
2565 1817 2672 1871 suit
2690 1817 2757 1872 ⁸³.
3153 1837 3163 1847 ’

2286 1906 2478 1972 Porro,
2527 1908 2573 1964 si
2605 1923 2852 1978 quaerere
2908 1912 3188 1982 pergimus
3243 1927 3312 1968 an
3359 1927 3423 1968 ex
3460 1914 3578 1970 solo
3610 1924 3802 1969 sancto

2219 1997 2429 2068 Spiritu
2461 2001 2732 2057 bonorum
2760 2001 2978 2072 largitio
3011 2005 3226 2060 initium
3253 2021 3501 2069 sumens,
3526 2008 3602 2061 ita
3623 2009 3794 2076 dignis

2204 2091 2469 2168 adveniat
2500 2109 2516 2147 :
2553 2109 2744 2149 rursus
2788 2110 2816 2148 a
2853 2095 3138 2166 Scriptura
3172 2099 3546 2165 admonemur,
3580 2108 3646 2154 ut
3671 2114 3793 2155 cro-

2215 2182 2409 2238 damus
2442 2181 2748 2250 largitionis
2795 2184 3059 2240 honorum
3089 2188 3358 2254 omnium,
3383 2203 3502 2258 qua!
3549 2189 3606 2245 in
3639 2190 3798 2246 nobis

2215 2285 2313 2338 per
2363 2271 2626 2340 Spiritum
2695 2273 2830 2330 ﬁunt
2897 2285 3211 2342 auctorem,
3264 2286 3318 2332 et
3382 2294 3606 2335 causam
3675 2296 3794 2337 esse

2217 2363 2550 2433 unigenitum
2596 2365 2804 2422 Iesum.
2853 2365 3044 2422 Omnia
3094 2369 3238 2423 enim
3275 2385 3371 2438 per
3417 2373 3592 2439 ipsum
3643 2373 3819 2429 facts.

2215 2469 2369 2516 esse,
2399 2463 2453 2508 et
2484 2456 2538 2509 in
2572 2456 2690 2525 ipso
2727 2457 3050 2524 consistere,
3077 2474 3108 2512 a
3139 2461 3342 2516 sanctis
3377 2461 3578 2517 litteris
3610 2464 3808 2519 didici:

2218 2561 2362 2603 mus.
2395 2545 2456 2601 In
2505 2548 2590 2603 his
2621 2557 2830 2614 autem,
2861 2564 3022 2617 quam
3064 2552 3244 2606 omnia
3281 2553 3332 2606 in
3378 2556 3642 2611 omnibus
3669 2571 3796 2625 ope-

2218 2638 2329 2694 rari
2375 2637 2608 2706 gratiam
2655 2638 2814 2702 dixit,
2868 2638 3130 2706 Spiritum
3179 2652 3426 2701 sanctum
3476 2659 3605 2700 esse
3665 2647 3793 2703 vult.
3823 2671 3844 2687 ν-

2220 2728 2411 2783 Ontnia
2449 2729 2586 2783 enim
2639 2739 2890 2796 operatur
2938 2749 3101 2797 unus,
3148 2742 3306 2802 atque
3351 2736 3489 2790 idem
3534 2735 3790 2805 Spiritus.

2219 2821 2282 2878 Et
2311 2822 2461 2876 addit
2491 2839 2505 2876 :
2539 2819 2734 2881 Omnia
2765 2824 2923 2878 nobis
2958 2825 3248 2894 peripenas
3285 2825 3552 2890 Spiritum
3588 2830 3730 2897 geri.

2288 2911 2592 2969 Nutandnm
2624 2927 2778 2977 vero,
2807 2924 2861 2968 et
2891 2916 3034 2982 quod
3086 2930 3182 2984 per
3211 2918 3448 2972 medium
3473 2911 3796 2982 dicti'illius.

2217 3001 2361 3072 quod
2397 3003 2579 3056 omnia
2614 3003 2826 3060 scilicet
2865 3020 2961 3074 per
2992 3003 3188 3060 Filium
3227 3007 3336 3062 sint
3384 3008 3562 3074 facta,
3604 3011 3801 3066 Filium

2217 3083 2514 3156 auctorem,
2547 3103 2601 3148 et
2639 3109 2864 3150 causa
2913 3096 3177 3152 honorum
3224 3113 3350 3168 qua
3397 3098 3496 3171 per
3535 3102 3798 3173 Spiritum

2219 3187 2377 3243 nobis
2414 3194 2702 3255 geruntur,
2731 3189 2968 3244 ostendit
3020 3189 3223 3256 ;sinutl
3268 3193 3457 3257 etiam,
3501 3209 3628 3264 quin
3679 3208 3802 3251 ante

2218 3277 2571 3348 praediximus
2629 3279 2697 3334 de
2738 3293 3094 3349 personarum
3146 3283 3375 3352 ordine,
3423 3300 3490 3340 ex
3542 3289 3826 3358 praesenti.

2217 3382 2432 3439 quoque
2461 3368 2607 3424 dicto
2651 3369 2996 3438 roborantur,
3063 3376 3363 3444 procedens
3391 3380 3619 3448 quippe,
3670 3382 3746 3435 ait
3777 3398 3791 3436 :

2219 3457 2368 3528 quod
2415 3471 2513 3528 per
2550 3457 2746 3514 Filium
2771 3460 2992 3530 quidem
3038 3465 3244 3530 omnia,
3294 3479 3564 3523 cumnon
3589 3480 3796 3536 essent,

2222 3549 2289 3602 ad
2329 3562 2449 3604 esse
2478 3549 2745 3618 producta
2774 3552 2904 3607 sint.
2941 3552 3062 3609 Non
3085 3554 3232 3610 enim
3265 3571 3439 3626 neque
3464 3572 3531 3614 ex
3561 3560 3672 3618 hac
3695 3563 3798 3616 vir-

2220 3645 2336 3693 tute
2381 3628 2507 3696 slne
2552 3640 2849 3711 principio,
2899 3644 2992 3698 sed
3038 3647 3286 3715 quadam
3324 3650 3504 3706 virtus.
3527 3661 3650 3722 est,
3684 3655 3799 3710 sine

2221 3729 2532 3800 nativitate,
2577 3733 2698 3788 sine
2751 3733 3019 3804 principio
3071 3738 3411 3808 subsistens;
3463 3759 3582 3810 qua
3641 3760 3794 3800 trama

2217 3827 2302 3874 est
2341 3835 2528 3876 eorum
2569 3837 2688 3891 qua:
2729 3833 2858 3879 sunt
2899 3826 3141 3882 omnium
3191 3844 3387 3893 causae,
3437 3841 3496 3886 et
3531 3849 3658 3901 qua
3705 3851 3802 3906 pcr

2223 3907 2490 3978 Spiritum
2531 3911 2693 3968 nobis
2735 3924 3024 3983 geruntur.
3075 3913 3151 3972 De
3201 3918 3308 3974 hoc
3334 3922 3480 3974 enim
3511 3923 3586 3976 illi
3619 3939 3798 3979 sermo

2223 4000 2514 4056 institutus
2541 4009 2662 4057 erat
2701 4019 2716 4056 :
2755 4005 2852 4058 sed
2883 4012 2940 4060 et
2983 4005 3319 4063 voluntate.
3356 4009 3463 4065 alio
3490 4026 3714 4082 atroque
3746 4015 3798 4069 in

2236 4093 2360 4148 loco
2407 4092 2668 4162 Spiritum
2709 4105 2959 4150 sanctum
3001 4099 3336 4168 Augustinus
3378 4103 3697 4171 appellavit.
3733 4107 3800 4162 At

548 4152 656 4252 vivi
687 4149 842 4252 Verbi
880 4152 1016 4206 dixit
1045 4168 1060 4207 :
1087 4153 1159 4254 ita
1199 4165 1255 4211 et
1295 4157 1707 4254 Aug‘usunus‘in
1741 4162 1844 4254 lib:
1876 4164 1956 4221 De
2011 4169 2121 4239 ﬁde
2222 4196 2362 4254 vero.
2383 4149 2646 4247 charitas,
2673 4195 2734 4241 et
2758 4199 2932 4252 amor,
2955 4197 3012 4242 et
3043 4149 3306 4244 vdtuntas
3327 4149 3678 4248 tan'ditmdem
3709 4210 3799 4246 va.

547 4241 724 4294 vivam
771 4242 959 4308 vitam,
991 4254 1046 4298 et
1076 4246 1330 4302 vitantes
1367 4249 1578 4304 vivente
1603 4251 1761 4307 dixit.
1807 4251 1876 4310 Et
1925 4271 2122 4326 quem-
2235 4249 2370 4329 lem;
2405 4273 2558 4340 Quod
2585 4276 2730 4330 enim
2759 4278 2884 4346 quis
2917 4241 3089 4344 Amat,
3129 4281 3230 4334 ιιοο
3262 4291 3318 4336 ει
3345 4281 3540 4353 diligit,
3569 4293 3628 4340 ει
3662 4287 3796 4340 vnn,

541 4333 837 4390 admodum
877 4335 1110 4408 Cyrillus
1149 4340 1215 4393 ad
1267 4339 1564 4397 Palladium
1610 4347 1978 4403 essentialiter
2040 4351 2112 4404 il~
2303 4333 2656 4421 ροηξοταθηι
2695 4333 2822 4423 huic
2858 4377 2912 4424 ei
2943 4333 3798 4442 “si...",1.{.,;;.‘.,°.;.;.i;.;.;.;);;

549 4426 654 4480 ium
687 4442 752 4482 ex
778 4438 1024 4503 utroque,
1047 4433 1098 4488 id
1123 4443 1225 4500 est,
1249 4449 1313 4489 ex
1350 4434 1510 4493 Patre
1533 4439 1838 4506 pet-Filium
1861 4445 2026 4514 dixit;
2049 4450 2122 4504 ita
2156 4464 2201 4520 ιι
2227 4457 2321 4512 site
2366 4457 2638 4526 magistri.
2671 4457 2734 4514 lli
2761 4462 2930 4526 enim,
2969 4470 3030 4516 et
3055 4477 3293 4531 maxime
3316 4426 3375 4519 llr!
3403 4465 3595 4534 primis
3621 4468 3794 4521 Atha-

541 4530 598 4574 et
623 4522 723 4575 iste
749 4537 815 4576 ex
846 4527 1088 4593 utrisque
1129 4527 1446 4596 procedere,
1481 4538 1535 4582 et
1565 4532 1617 4586 in
1642 4535 1888 4604 utrisque
1917 4540 2122 4608 perdu-
2228 4549 2415 4605 nasius
2459 4522 2520 4604 in
2552 4550 2659 4614 his,
2690 4565 2813 4618 qua:
2851 4522 3038 4607 contra
3071 4522 3260 4609 Arium
3303 4522 3542 4624 scripsit,
3573 4572 3680 4615 eos
3705 4546 3810 4629 qui

546 4627 669 4665 rare
696 4629 711 4679 ;
744 4623 907 4683 atque
943 4631 1009 4670 ex
1038 4619 1324 4685 ainbobus,
1373 4624 1425 4677 id
1464 4632 1568 4684 est,
1601 4637 1666 4678 ex
1695 4624 1880 4692 Patre,
1899 4639 1953 4684 et
1982 4629 2120 4688 Filio
2224 4640 2468 4695 dicerent
2499 4641 2831 4709 posteriores
2861 4642 3020 4700 Patre
3051 4643 3246 4700 Filiqu
3277 4655 3338 4700 et
3363 4619 3624 4716 spiritum
3672 4619 3799 4706 san-

541 4723 687 4762 esse.
718 4709 785 4764 Et
818 4721 879 4764 ut
916 4712 1236 4768 charitatem
1268 4714 1531 4784 Spiritum
1589 4712 1841 4776 sanctum
1861 4724 2117 4795 Augusti-
2221 4739 2366 4784 ctum
2400 4731 2776 4788 ratiocinando
2805 4733 2950 4788 illam
2989 4735 3382 4792 absurditatem
3407 4737 3742 4795 induxerunt
3776 4755 3792 4794 :

544 4805 980 4873 nus-appellavit
1003 4823 1018 4860 ς
1044 4807 1118 4861 it‘a
1165 4819 1219 4863 et
1249 4809 1579 4867 Athanasius
1632 4812 1700 4866 ad
1759 4815 2110 4889 Serapionem
2220 4817 2386 4872 veluti
2419 4817 2463 4871 si
2495 4819 2763 4887 dicerent,
2801 4820 2922 4894 sjne
2953 4825 3182 4889 ratione,
3221 4836 3275 4881 et
3307 4826 3590 4894 voluntate
3625 4827 3797 4884 Deum

543 4894 813 4963 scribens,
854 4898 967 4951 ait:
993 4898 1225 4970 Denique
1247 4901 1572 4972 Corinthiis,
1605 4924 1765 4966 orans
1806 4911 1869 4966 in
1930 4910 2109 4966 Trinir
2215 4924 2354 4965 esse.
2377 4908 2440 4963 Et
2465 4912 2699 4981 merito;
2732 4913 2855 4984 quia
2879 4915 3019 4970 enim
3045 4914 3186 4973 Deus
3219 4917 3594 4990 iutelligibilis,
3618 4935 3684 4975 ac
3707 4935 3798 4975 vo-

546 4991 915 5058 tnte‘orabat,
979 4993 1196 5047 dicens:
1225 4992 1447 5050 «Gratia
1482 4997 1695 5056 Domini
1755 5006 1922 5059 nostri
1982 5003 2115 5060 Jesu
2214 5001 2332 5056 lens
2369 5012 2472 5068 est,
2504 5007 2805 5061 secundum
2855 5023 3174 5064 cumanos
3225 5009 3296 5064 de
3343 5010 3446 5064 hoc
3483 5011 3795 5082 intelligeno

544 5080 767 5147 Christi,
791 5095 842 5136 et
886 5082 1098 5138 dilectio
1133 5083 1251 5152 Dei,
1298 5097 1348 5140 et
1375 5087 1577 5156 Patris,
1608 5104 1658 5147 et
1706 5078 2115 5152 conmunicatis
2223 5097 2350 5162 tias,
2384 5095 2787 5170 Scripturatque
2834 5099 3154 5163 sententias,
3195 5101 3600 5155 rationabilium
3664 5117 3804 5158 vero.

545 5169 778 5240 Spiritus
809 5177 978 5228 sancti
1003 5191 1120 5228 cum
1149 5178 1390 5233 omnibus
1416 5183 1554 5235 vobis
1585 5184 1685 5238 θ’.»
1713 5183 1947 5253 Spiritus
1974 5192 2124 5246 enim.
2221 5169 2515 5261 perfectio,
2549 5196 2832 5254 rationem,
2863 5201 3025 5258 atque
3069 5191 3408 5246 voluntatem
3439 5192 3637 5247 habere
3675 5204 3783 5256 est,

543 5265 848 5332 participes,
879 5266 1128 5321 habemus
1154 5272 1293 5326 verbi
1315 5275 1567 5341 gratiam,
1592 5288 1746 5345 atque
1778 5279 1832 5332 in
1861 5281 1974 5348 ipso
2003 5279 2114 5334 Pa-

545 5358 965 5414 trecharitatem.
980 5358 1204 5414 Constat
1218 5361 1401 5432 igitur,
1419 5366 1545 5434 quia
1581 5365 1842 5436 Spiritum
1860 5379 2106 5425 sanctum

545 5447 598 5498 in
625 5447 727 5501 hoc
765 5449 882 5501 loco
917 5448 1206 5516 appellavit
1231 5471 1244 5506 :
1269 5454 1340 5508 ita
1363 5457 1504 5510 enim
1536 5457 1776 5513 Trinitas
1803 5461 2110 5516 insinuabi-

451 5563 454 5566 ~
548 5548 637 5590 tur
669 5541 719 5592 in
757 5553 862 5604 qua
910 5541 1230 5610 Apostolum
1272 5545 1336 5599 ad
1397 5545 1707 5604 Corinthios
1770 5565 1978 5613 orasse,
2013 5561 2107 5606 ait.

546 5626 710 5682 Certe
757 5637 814 5682 et
861 5630 1051 5687 beatus
1101 5632 1422 5690 Theodorus
1477 5637 1719 5693 Studites
1766 5643 1833 5695 de
1902 5642 2110 5711 Spiritu

2222 5283 2406 5339 omnis
2436 5290 2618 5337 autem
2645 5281 2912 5351 perfectio
2969 5282 3343 5351 principalius.
3393 5295 3559 5352 atque
3587 5284 3795 5351 perfec-

2223 5375 2333 5430 tius
2395 5374 2446 5430 in
2501 5373 2611 5429 Deo
2662 5374 2765 5430 sita
2819 5383 2904 5428 est
2935 5393 2949 5428 :
2982 5376 3442 5442 quemadmodum
3477 5376 3617 5430 Deus
3675 5378 3798 5444 ipse

2219 5469 2452 5537 seipsum
2486 5455 2825 5536 intelligens,
2869 5467 3098 5536 ipsesibi
3138 5469 3236 5536 ipsi
3277 5469 3636 5539 intelligibilis
3663 5481 3786 5533 est;

2225 5560 2326 5612 hoc
2351 5559 2492 5612 enim
2520 5567 2605 5611 est
2637 5567 2690 5610 et
2722 5573 2950 5614 movere.
2982 5560 3155 5630 ipsum
3183 5561 3552 5638 speculatione
3581 5559 3660 5615 sui
3684 5576 3700 5625 ;
3731 5577 3791 5616 se

2223 5647 2396 5702 ipsum
2447 5661 2578 5700 vero
2624 5647 2970 5718 intelligens,
3025 5660 3079 5706 et
3125 5652 3229 5706 alia
3281 5650 3552 5720 intelligit,
3603 5659 3659 5704 ut
3715 5650 3792 5702 ait

623 5811 672 5842 '°
700 5809 817 5869 Act.
855 5831 910 5881 ll,
943 5817 994 5870 b.
1073 5819 1117 5850 “
1155 5822 1276 5873 Act.
1308 5835 1424 5888 xm,
1453 5822 1504 5876 5.
1586 5825 1628 5853 ’³
1673 5822 1691 5875 l
1731 5822 1858 5878 Cor.
1889 5839 2004 5889 ιιιι,
2047 5825 2124 5878 l3.
2202 5827 2245 5858 ”
2280 5827 2295 5879 l
2325 5826 2452 5881 Cor.
2499 5842 2593 5888 xu.
2629 5827 2711 5882 ll.
