4106 6438
328 343 432 414 125

1381 348 1782 413 ADVERSUS
1810 350 2127 416 GRECOS
2157 354 2313 418 LIB;
2353 355 2433 415 li.

3387 354 3586 420 cM!

330 461 620 533 Dionysius
654 462 1105 536 eximius;-atque
1135 463 1256 524 hinc
1314 463 1584 532 Verbi,et
1607 463 1728 522 Filii
1767 481 1891 534 per-
1917 483 1966 534 Α
1993 479 2086 526 eto
2129 469 2487 535 contumelia,
2517 468 2652 525 nihil
2697 466 2783 523 vel
2816 466 2970 543 ipsis,
3009 466 3092 522 vel
3127 467 3236 520 Deo
3283 468 3580 536 indignius,

327 571 458 609 sona
491 556 748 613 cooritun.
783 557 936 625 Quod
978 560 1122 616 enim
1169 557 1443 614 delinibile
1466 568 1552 614 est
1597 561 1666 616 ad
1699 561 1896 616 delini-

329 647 528 702 tionem
567 650 798 706 relative
825 651 1062 736 dicitur:
1095 663 1260 724 atque
1293 654 1409 723 ipse
1449 662 1534 712 est
1561 655 1736 712 Patris
1756 654 1894 710 deii—

331 741 482 814 nitio,
509 749 560 796 et
588 739 846 807 Verbum,
871 752 926 797 ct
945 743 1086 798 sicut
1105 746 1346 802 deﬁnitio
1368 748 1438 802 ad
1466 747 1764 810 deﬁnitum,
1791 747 1900 811 sic,

331 832 491 886 habet
522 830 691 888 Filius
725 833 791 888 ad
821 833 1034 890 Patrem
1066 839 1360 894 secundum
1389 840 1724 910 Theologum
1757 839 1896 894 Gre-

330 924 553 991 gorium.
609 925 714 980 Sed
762 936 817 981 et
863 929 1342 986 consubstantialis
1411 932 1462 987 ei
1512 939 1619 987 est.
1679 929 1896 984 Nullum

329 1016 469 1070 enirn
494 1017 740 1073 accidens
768 1019 822 1073 in
847 1017 974 1086 Deo,
1015 1022 1094 1076 sic
1126 1033 1183 1079 et
1220 1023 1335 1092 ipse
1368 1039 1427 1079 se
1457 1025 1634 1093 ipsum
1663 1033 1744 1077 est
1771 1021 1896 1076 dili-

330 1121 482 1175 gens,
507 1118 560 1162 et
585 1109 766 1162 volens
791 1119 844 1162 et
873 1125 1082 1198 amans.
1108 1113 1230 1183 Ipse
1292 1115 1492 1186 quippe
1520 1115 1623 1172 sibi
1647 1122 1734 1170 est
1750 1115 1896 1169 desim

331 1199 586 1265 derabile,
615 1209 667 1256 et
702 1217 998 1269 summum,
1043 1215 1098 1260 et
1125 1206 1350 1272 bonum,
1395 1223 1460 1262 ex
1494 1222 1553 1262 se
1589 1207 1706 1277 ipso
1740 1221 1900 1261 suam

329 1291 571 1357 producit
599 1291 945 1358 voluntatem,
970 1295 1082 1350 sive
1112 1296 1456 1363 charitatem,
1491 1298 1606 1354 sive
1629 1312 1897 1366 amorem.

329 1397 449 1455 qua:
499 1381 716 1451 Spiritui
753 1396 945 1442 sancto
1024 1387 1250 1444 relative
1296 1390 1580 1456 assignant
1637 1385 1896 1446 Ecclesia:

328 1474 590 1542 magistri.
621 1473 808 1546 Neque
840 1477 981 1532 enim
1007 1478 1143 1534 alias
1174 1480 1257 1535 bis
1284 1482 1375 1550 qui
1405 1488 1662 1553 negarent
1685 1477 1898 1538 Filium

326 1576 382 1619 et
410 1565 663 1634 Spiritum
689 1577 958 1636 sanctum,
991 1569 1286 1640 objicerent
1317 1574 1465 1642 quod
1509 1573 1626 1629 sine
1686 1560 1912 1632 ratione.

327 1664 384 1711 et
427 1657 700 1712 voluntate
749 1658 913 1715 Deum
949 1661 1103 1718 fateri
1153 1674 1508 1733 cogerentur;
1546 1664 1651 1719 nisi
1683 1663 1898 1721 Patrem

327 1747 564 1814 quidem,
593 1761 851 1816 mentem,
885 1751 1107 1819 Filium,
1133 1754 1367 1810 Verbum
1405 1771 1420 1809 :
1457 1753 1719 1824 Spiritum
1764 1769 1896 1814 vero.

326 1850 597 1905 sanctum,
625 1843 976 1909 voluntatem,
1003 1845 1225 1901 relative
1255 1845 1548 1902 voluissent
1576 1846 1780 1908 dicere.

1997 560 2080 617 vel
2133 561 2356 630 gravius
2408 559 2639 630 irrogari
2685 568 2884 634 potest,
2933 558 3188 628 quodque
3225 563 3408 625 majus
3445 567 3570 622 est,

1996 659 2184 707 contra
2231 653 2355 707 illos
2404 650 2756 713 mentiendo,
2809 663 2868 704 se
2913 648 3061 716 ipsos
3110 647 3200 702 isti
3252 662 3284 701 ι
3344 649 3580 703 veritate

1996 742 2212 807 illorum
2243 742 2452 801 faciunt
2474 750 2743 799 extorres:
2773 755 2839 796 ac
2877 737 3073 794 deinde
3103 748 3298 806 putant
3331 737 3576 792 debitum

1996 848 2062 900 se
2106 833 2214 890 illis
2248 836 2510 889 honorem
2570 832 2817 888 reddere.
2860 828 3049 900 Neque
3103 843 3238 883 sane
3295 829 3579 892 convenit,

1997 941 2064 984 ne
2106 926 2270 980 etiam
2301 940 2330 979 a
2359 923 2500 980 Filio
2529 938 2652 980 esse
2677 922 2941 992 Spiritum
2985 931 3234 977 sanctum
3266 913 3578 977 necessario

1994 1015 2375 1086 conﬁteantur,
2418 1013 2572 1082 juxta
2620 1013 2846 1068 Patrum
2895 1014 3306 1069 veracissimam
3357 1012 3572 1066 theolo-

1994 1109 2136 1182 giam
2161 1122 2178 1161 :
2207 1108 2334 1162 dum
2367 1121 2566 1174 negare
2615 1107 2801 1160 volunt
2827 1119 2954 1161 eum
2996 1120 3028 1159 ι
3055 1105 3198 1160 Filio
3220 1105 3364 1168 dari,
3400 1119 3577 1170 neque

1994 1197 2158 1261 mitti,
2186 1196 2450 1263 Spiritum
2495 1204 2770 1257 sanctum,
2835 1201 3065 1264 gratiam
3109 1196 3228 1250 sine
3273 1196 3578 1250 substantia

1995 1287 2180 1348 dicere
2235 1299 2614 1356 praesumere,
2667 1285 2812 1342 sicut
2865 1285 3010 1339 enim
3069 1285 3278 1340 dictum
3323 1296 3426 1339 est:
3486 1283 3580 1339 Sic

1999 1377 2149 1436 Detu-
2174 1378 2364 1436 dt'lean't
2406 1379 2682 1444 mundum,
2732 1387 2791 1431 ut
2824 1377 3028 1430 Filium
3062 1395 3216 1432 suum
3256 1379 3580 1446 unigenitum

1995 1473 2143 1530 daret
2186 1487 2279 1538 uno
2307 1487 2368 1526 eo
2393 1469 2479 1526 ἰι
2511 1473 2583 1530 ita
2611 1478 2667 1528 et
2697 1469 2959 1540 Spiritum
2998 1479 3267 1532 salictum,
3300 1469 3583 1538 Scriptura

1996 1579 2116 1626 cum
2167 1565 2484 1642 doctoribus
2533 1563 2802 1618 clamante
2833 1563 2974 1627 dari,
3011 1577 3078 1618 ac
3107 1563 3268 1624 mitti.
3300 1562 3580 1617 fatendum

1995 1664 2104 1718 est,
2162 1656 2424 1726 quoniam
2477 1654 2668 1712 dilexit
2722 1669 2820 1709 nos
2854 1671 2870 1712 :
2907 1653 3037 1708 illud
3088 1663 3352 1723 praeterea
3402 1661 3584 1708 mente

1997 1748 2312 1817 repetendo,
2367 1748 2512 1817 quod
2562 1746 2803 1816 quotidie
2846 1755 3092 1808 orantes,
3127 1744 3579 1812 dicimus:,Vcni,

1916 1835 1972 1903 Β
1999 1837 2268 1897 Parus-lete
2298 1839 2534 1908 benigne,
2562 1847 2611 1893 et
2649 1838 2832 1894 habita
2879 1839 2936 1891 in
2964 1838 3110 1892 nobis
3141 1849 3238 1903 ;et
3265 1855 3278 1891 :
3327 1837 3580 1903 Domine,

399 1932 465 1984 ει
510 1933 762 2001 quoniam
797 1946 1058 2003 quantum
1094 1946 1200 2001 est,
1236 1936 1378 2006 quod
1409 1937 1676 2010 diligitur,
1739 1945 1894 1998 tanta
1993 1930 2085 2008 qui
2130 1939 2372 1986 sanctum
2419 1931 2679 1998 Spiritum
2709 1936 2858 1984 tum
2912 1931 3045 1984 hora
3093 1931 3246 1984 tertia
3299 1930 3404 1984 tuis
3449 1946 3584 1998 ωρο-

327 2030 384 2077 et
430 2023 664 2091 dilectio,
694 2027 814 2082 sive
849 2028 1096 2084 voluntas
1147 2037 1268 2095 est;
1316 2030 1510 2100 parilis
1535 2039 1589 2086 et
1624 2033 1740 2102 ipsa
1782 2032 1900 2088 Deo

329 2124 433 2182 est,
467 2125 520 2171 et
549 2133 851 2185 umquam.
884 2120 974 2176 Est
1005 2132 1059 2176 et
1088 2123 1599 2188 consubstantialis,
1628 2124 1898 2192 quoniam,

335 2207 392 2260 in
439 2206 546 2261 Deo
597 2209 797 2264 nullum
841 2211 1112 2266 accidens.
1163 2210 1253 2266 Sic
1301 2211 1468 2282 igitur
1493 2223 1548 2267 et
1594 2213 1737 2268 Deus
1794 2226 1894 2282 pro

330 2297 578 2353 confesso
629 2299 858 2355 habetur
907 2300 1143 2373 Spiritus
1187 2313 1406 2359 sanctus
1457 2304 1896 2359 consubstantia-

334 2390 401 2443 lis
447 2389 589 2445 Patri
629 2401 682 2446 et
736 2392 894 2460 Filio,
944 2401 998 2448 et
1047 2405 1371 2450 coaeternus.
1419 2394 1704 2466 Nunquam
1749 2396 1896 2454 enim

339 2481 450 2535 fuit
492 2484 598 2538 sine
633 2485 819 2553 verbo,
869 2493 924 2542 et
976 2487 1097 2543 sine
1138 2489 1422 2545 voluntate
1461 2488 1626 2547 Deus.
1659 2489 1732 2542 Ex
1765 2504 1896 2559 (ιιιοι

344 2583 396 2629 et
429 2590 536 2642 quat
561 2578 810 2644 praedicta
845 2588 994 2642 sunt,
1050 2596 1156 2634 una
1217 2593 1501 2650 apparent,
1532 2581 1676 2651 quod
1728 2580 1898 2636 Filius

345 2668 543 2723 scilicet
590 2661 659 2724 sit
691 2684 752 2724 ex
791 2669 952 2726 Patre
993 2672 1112 2728 sine
1163 2674 1362 2738 medio,
1397 2674 1561 2729 veluti
1599 2689 1666 2728 ex
1715 2683 1900 2728 mente

341 2760 558 2813 verbum
592 2799 607 2814 .
639 2760 875 2829 Spiritus
916 2775 1094 2818 autem
1137 2775 1364 2820 sanctus
1387 2780 1453 2820 ex
1497 2763 1656 2821 Patre
1690 2781 1787 2834 per
1815 2762 1913 2818 Fi-‘

335 2848 485 2913 lium,
543 2851 698 2907 sicuti
744 2854 1036 2922 voluntas,
1091 2863 1145 2910 et
1198 2857 1462 2920 charitas,
1510 2865 1566 2916 et
1606 2872 1788 2924 amor,
1833 2872 1903 2914 ex

335 2948 513 2995 mcnte
557 2956 649 3009 per
711 2945 956 3009 verbum,
988 2953 1042 3001 et
1063 2962 1136 3001 ex
1181 2946 1362 3004 Verbo
1394 2950 1597 3019 prodit.
1640 2949 1901 3018 lmpossi-

334 3032 440 3087 bile
465 3049 693 3104 namque
719 3045 822 3100 est,
851 3037 1008 3102 velle,
1034 3038 1113 3092 vel
1139 3039 1382 3108 diligere,
1408 3039 1511 3096 nisi
1535 3055 1630 3109 per
1652 3043 1908 3106 verbum,

330 3133 386 3177 et
440 3126 769 3192 praecedente
817 3127 999 3181 verbo.
1045 3128 1314 3194 Quocirca
1369 3129 1534 3184 etiam
1585 3131 1782 3187 merito
1836 3145 1906 3186 et

337 3215 511 3271 Verbo
563 3217 851 3286 procedere
890 3219 1110 3275 dicitur.

408 3311 542 3378 Quia
597 3313 758 3382 igitur
816 3314 1113 3369 secundum
1177 3329 1493 3386 processum
1547 3316 1853 3391 voluntatis
1885 3358 1898 3380 ,

337 3405 452 3462 sive
495 3405 810 3472 cbaritatis,
843 3421 911 3462 ex
967 3405 1127 3466 Patre
1170 3422 1266 3478 per
1316 3408 1556 3465 Verbum
1617 3410 1907 3477 procedere

339 3494 599 3565 Spiritum
647 3499 980 3567 Augustinus
1037 3498 1333 3571 intelligit;
1384 3499 1592 3556 idcirco
1633 3517 1756 3558 cum
1818 3502 1906 3555 di-

347 3591 540 3654 xisset,
572 3582 770 3658 ipsum,
825 3591 1063 3650 dictante
1099 3592 1401 3662 Scriptura,
1452 3593 1774 3654 Charitelen:
1803 3593 1907 3652 Pa-

341 3681 438 3736 tris
476 3697 540 3734 ac
589 3681 744 3748 Filii,
777 3683 940 3746 etiam
988 3699 1053 3738 ex
1104 3683 1284 3748 Patre,
1315 3693 1370 3740 et
1421 3685 1559 3742 Filio
1605 3687 1909 3756 procedere.

339 3775 626 3831 concludit.
679 3773 795 3843 Qua
854 3777 1202 3834 conclusione
1249 3777 1456 3836 Graecis
1506 3793 1724 3850 quoque
1776 3779 1906 3839 doc-

341 3867 586 3934 toribus,
637 3878 694 3923 ut
746 3883 905 3936 supra
968 3870 1290 3933 docuimus,
1346 3872 1584 3927 maxime
1635 3885 1910 3928 consonus

339 3968 420 4014 est
450 3995 466 4010 .
525 3959 587 4013 lli
640 3960 780 4016 enim
830 3976 900 4018 ex.
941 3959 1103 4018 Patre
1162 3974 1259 4030 per
1309 3961 1506 4016 Filium
1567 3963 1861 4033 procedere
1891 4003 1912 4030 ,

340 4061 392 4105 et
428 4067 492 4107 ex
549 4051 728 4120 Patre
768 4061 822 4108 et
866 4051 1001 4107 Filio
1059 4066 1181 4112 esse
1248 4064 1503 4114 asserunt
1541 4073 1556 4112 :
1589 4056 1761 4125 quod,
1813 4059 1909 4127 qui

341 4150 518 4213 negat,
557 4143 786 4199 alterum
833 4160 896 4200 ex
939 4145 1167 4208 duobus,
1199 4146 1280 4200 vel
1314 4145 1526 4204 Patrem
1559 4149 1684 4209 sine
1710 4149 1907 4219 Verbo,

341 4245 394 4292 et
447 4239 737 4305 voluntate,
789 4239 870 4294 vel
924 4239 1059 4296 duos
1085 4237 1256 4299 Filios
1299 4241 1350 4296 in
1401 4252 1596 4300 sancta
1639 4241 1908 4300 Trinitate

341 4327 700 4395 conﬁtebitur,
743 4339 796 4386 et
853 4331 1040 4388 ambos
1105 4334 1224 4390 sine
1289 4332 1398 4388 ullo
1461 4334 1645 4393 medio.
1681 4349 1745 4392 ex
1803 4335 1906 4392 Pa-

345 4429 426 4476 tre
468 4436 586 4478 esse
636 4437 816 4492 posse.

1996 2023 2145 2084 stolis
2211 2024 2421 2088 misisti,
2454 2025 2592 2077 hunc
2625 2041 2660 2078 α
2717 2024 2863 2078 nobis
2927 2023 3169 2085 clemens.
3230 2039 3293 2076 ne
3343 2023 3580 2092 auferas.

1997 2111 2227 2174 Prorsus
2267 2129 2397 2169 vero
2429 2129 2708 2182 nunquam
2739 2114 2810 2174 ab
2857 2113 2979 2183 ipso
3010 2115 3174 2168 datus
3218 2114 3438 2178 luisset,
3471 2115 3582 2170 nisi

1999 2213 2053 2264 et
2078 2205 2144 2258 ab
2166 2203 2292 2273 ipso
2315 2215 2479 2262 esset.
2510 2205 2678 2260 Aliter
2707 2205 2909 2275 quippe
2935 2203 3188 2261 minister
3213 2213 3355 2260 esset
3387 2203 3582 2268 Filius.

2001 2295 2126 2358 ideo
2158 2296 2452 2368 et\dictum
2502 2305 2586 2351 est
2615 2312 2630 2349 :
2669 2297 2712 2349 Α
2743 2311 2854 2361 quo
2901 2304 3083 2350 autem
3107 2295 3224 2348 dari
3271 2297 3580 2361 oportebat.

2002 2389 2104 2450 nisi
2141 2389 2209 2442 ab
2241 2403 2330 2448 eo,
2371 2387 2526 2455 cujus
2565 2389 2692 2442 est?
2731 2387 2797 2442 Et
2831 2387 2968 2441 illud
3019 2387 3147 2442 item
3177 2395 3422 2451 constat,
3453 2388 3583 2456 quia

2003 2494 2182 2548 neque
2216 2478 2449 2534 Verbum
2490 2477 2736 2540 daretur,
2773 2477 2880 2532 nisi
2917 2477 3257 2545 praecedente
3292 2475 3582 2540 eltaritate,

2006 2569 2305 2630 Secundum
2342 2584 2505 2638 quam
2533 2567 2733 2623 dilexit.
2755 2582 2876 2624 nos.
2910 2566 2977 2623 Et
2999 2569 3129 2636 quia
3152 2563 3394 2633 Spiritus
3424 2581 3584 2621 sauc-

2017 2673 2104 2722 ttts
2164 2663 2410 2720 charitas
2479 2663 2721 2728 dicitur,
2779 2660 3154 2730 principaliter
3211 2661 3386 2730 ipsum
3436 2659 3586 2714 dedit

2007 2759 2169 2814 nobis
2199 2767 2322 2810 cum
2355 2757 2640 2811 dilexisset
2691 2769 2812 2818 nos,
2841 2756 3078 2808 maxime
3113 2753 3236 2823 quia
3296 2762 3351 2807 et
3385 2751 3577 2804 volun'

2005 2859 2114 2916 tas.
2174 2853 2302 2922 quia
2359 2865 2420 2906 se
2478 2849 2654 2916 ipsum
2710 2859 2766 2902 et
2802 2847 3001 2915 diligit,
3048 2852 3105 2900 et
3152 2845 3271 2898 vult
3345 2842 3588 2914 Spiritus

2009 2952 2253 3013 sanctus,
2292 2942 2593 3012 appellatus
2653 2949 2756 2996 est.
2802 2939 2906 3006 Qui
2955 2937 3097 2993 enim
3156 2936 3367 2991 amicus
3425 2935 3584 2992 alicui

2007 3037 2265 3102 efﬁcitur,
2321 3038 2520 3094 bonam
2561 3034 2715 3105 prius
2765 3032 3102 3087 voluntatem
3130 3045 3284 3108 suam
3339 3028 3441 3096 ipsi
3475 3027 3587 3082 lar-

2011 3130 2176 3200 gitur.

1930 3191 1975 3256 c
2080 3222 2232 3278 Scire
2257 3231 2435 3276 tamen
2471 3219 2880 3288 convenit,quae
2903 3214 3264 3274 communiter
3293 3219 3455 3280 atque
3492 3209 3581 3262 in—

2007 3317 2245 3371 discrete
2269 3330 2410 3384 sat-pe
2439 3315 2490 3368 in
2519 3313 2628 3368 Deo
2651 3313 2908 3367 dicuntur
2934 3351 2950 3375 ,
3000 3309 3221 3362 relative
3255 3318 3320 3358 ac
3366 3301 3584 3373 proprie

2008 3407 2306 3464 mendici.
2343 3407 2409 3462 Et
2447 3406 2647 3470 dicitur
2671 3405 2855 3472 itaque
2899 3401 3141 3458 Charitas
3166 3399 3338 3462 Deus,
3358 3399 3500 3453 sicut
3528 3403 3588 3449 et
3659 3399 3669 3405 '

2008 3513 2193 3565 mens,
2218 3505 2274 3552 et
2304 3496 2528 3552 verbum
2566 3495 2929 3551 communiter
2984 3500 3035 3546 et
3062 3490 3337 3550 absolute.
3363 3486 3460 3543 sed
3487 3487 3588 3540 hoc

2008 3592 2066 3650 in
2104 3591 2226 3650 loco
2254 3589 2484 3650 relative
2513 3586 2746 3658 Spiritui
2779 3584 3043 3642 redditur.
3078 3579 3212 3638 Nam
3237 3591 3294 3636 et
3322 3576 3588 3649 sapientia

2005 3681 2206 3744 dicitur
2233 3681 2454 3751 quidem
2482 3678 2846 3740 communiter
2880 3674 3064 3740 Deus;
3091 3671 3394 3728 secundum
3427 3683 3588 3739 quem

2006 3781 2316 3842 respectum
2348 3779 2478 3827 tunc
2506 3784 2705 3828 nomen
2739 3769 2840 3824 hoc
2894 3766 3064 3834 Patri,
3098 3773 3154 3818 et
3185 3761 3342 3824 Filio,
3374 3769 3430 3815 et
3458 3759 3586 3828 Spi-

2006 3866 2132 3924 ritui
2161 3873 2351 3924 sancto
2383 3872 2645 3933 tanquam
2697 3862 2790 3916 uni
2830 3858 2907 3912 rei
2959 3856 3254 3912 indiscrete
3298 3863 3600 3910 commune.

2007 3973 2131 4020 esse
2157 3957 2384 4028 intelligi
2417 3969 2642 4012 necesse
2681 3963 2785 4009 est.
2842 3951 2960 4008 Una
2997 3949 3139 4004 cnim
3172 3954 3256 4004 est
3307 3945 3469 3998 trium
3505 3957 3594 3996 es-

2007 4052 2180 4112 sentia
2234 4052 2382 4107 sicut
2417 4059 2473 4104 et
2509 4061 2614 4102 una
2648 4043 2938 4115 sapientia,
2988 4051 3043 4095 et
3078 4055 3186 4095 una.
3219 4037 3438 4094 boni-tas
3463 4073 3480 4100 ,
3513 4041 3589 4096 et,

2009 4143 2056 4202 si
2100 4142 2230 4212 qttid
2269 4141 2416 4198 aliud
2466 4139 2833 4198 communiter
2887 4143 2942 4190 et
2991 4132 3266 4195 absolute,
3289 4139 3344 4183 et
3377 4137 3482 4194 cst,
3536 4134 3594 4181 et

2009 4237 2352 4312 intelligitur.
2385 4233 2490 4288 Sed
2536 4241 2716 4286 tamen
2749 4228 2971 4299 pr0prie
2997 4225 3133 4281 Filio
3165 4221 3430 4293 sapientia
3465 4218 3596 4274 red-

2009 4331 2180 4396 ditur,
2208 4329 2462 4398 quamvis
2518 4339 2626 4382 una
2683 4339 2748 4382 ex
2797 4334 3026 4380 numero
3090 4317 3364 4380 exsistcns
3403 4313 3597 4374 trium,

2011 4422 2316 4492 eademque
2345 4420 2418 4476 sit
2452 4416 2718 4488 sapientia
2754 4424 2812 4475 et
2861 4429 2984 4489 qua:
3019 4411 3199 4483 genita
3233 4416 3348 4470 est,
3388 4413 3444 4461 et
3473 4416 3606 4471 quae

413 4512 566 4580 Quod
625 4514 670 4570 si
717 4515 840 4584 quis
909 4515 1264 4588 Augustinum
1327 4529 1704 4590 percontetur,
1767 4525 1908 4582 unde
1942 4547 1987 4606 ο
2013 4516 2221 4586 uellit“.
2258 4513 2366 4569 ³1ίο
2397 4523 2575 4568 “me”
2603 4515 2856 4579 τεεβθοω
2896 4505 3224 4606 ἦδίίθωξιθη
3258 4509 3366 4562 es"
3398 4512 3604 4606 secti":

340 4618 554 4658 causam
601 4606 912 4675 sumpserit,
960 4615 1019 4662 ut
1063 4606 1332 4676 Spiritum
1382 4618 1636 4668 sanctum
1683 4613 1906 4679 donum,

341 4704 394 4749 et
419 4695 755 4754 dilectionem
788 4699 985 4772 Patris,
1007 4720 1072 4762 ac
1107 4703 1232 4768 Filii
1262 4706 1492 4774 diceret,
1524 4709 1724 4778 scripta
1760 4709 1908 4768 illius

343 4792 661 4848 testimoniis
701 4795 1011 4851 divinarum.
1057 4798 1384 4855 Litterarum
1451 4802 1705 4858 roborata
1759 4802 1906 4875 (nam

341 4879 457 4933 sine
506 4881 610 4943 his,
667 4883 800 4937 nihil
843 4883 1064 4944 locutus
1102 4885 1208 4957 est)
1245 4887 1482 4942 inlibris
1529 4889 1598 4945 de
1645 4888 1911 4948 Trinitate

345 4986 440 5040 pro
467 4987 533 5028 eo
571 4975 988 5046 respondebunt,
1039 4979 1308 5052 simulque
1351 4997 1450 5052 pro
1493 4998 1690 5053 magno
1736 4983 1910 5039 Athai-

345 5065 512 5126 nasio.
560 5064 650 5133 qui
695 5067 881 5122 eadem
917 5069 1129 5126 locutus
1155 5078 1259 5126 est.
1301 5070 1421 5126 Non
1453 5072 1618 5144 igitur
1668 5075 1907 5144 expedit,

345 5155 467 5208 dum
520 5157 896 5214 conclusiones
947 5161 1396 5220 irrationabiliter
1433 5179 1633 5236 negare
1679 5167 1912 5234 volunt,

345 5247 532 5312 etiam,
562 5264 680 5318 qua:
709 5265 739 5304 a
776 5249 875 5306 SS.
904 5251 1154 5310 Patribus
1200 5255 1343 5310 dicta
1378 5264 1532 5322 sunt,
1563 5256 1910 5326 cbar-itatem,

348 5355 442 5395 seu
480 5343 830 5410 voluntatem,
879 5357 970 5399 seu
1027 5347 1232 5416 aliquid
1278 5347 1588 5418 bujusmedi
1645 5351 1907 5420 Spiritum

348 5445 584 5488 sanctum
632 5435 1016 5502 communiter,
1073 5454 1136 5493 ac
1183 5439 1460 5512 sigillatim
1514 5443 1909 5502 conﬁtentibus

349 5538 458 5598 una.
481 5541 692 5598 negare,
729 5527 992 5583 adversus
1028 5540 1250 5587 sanctos
1292 5531 1638 5600 impudenter
1671 5548 1730 5589 se
1772 5532 1904 5588 eil‘ec

349 5616 529 5686 rendo,
558 5634 772 5690 eosque.
812 5619 914 5676 sibi
944 5621 1170 5680 invicem
1219 5623 1548 5693 obiiciendo.
1581 5623 1692 5692 Qua
1727 5625 1909 5698 prole-

409 5792 453 5824 "
484 5791 647 5849 Joan.
681 5807 771 5847 ιιι.
811 5791 893 5845 l6.

2016 4607 2146 4662 dum
2185 4605 2402 4662 scilicet
2453 4602 2856 4674 oppositionent
2883 4594 3163 4669 gignendi.
3204 4606 3270 4650 ac
3315 4585 3607 4651 nascendi,

2015 4700 2147 4770 quia
2191 4712 2367 4768 neque
2404 4694 2566 4761 Pater
2628 4692 2798 4747 Filius
2834 4698 2949 4752 est,
2975 4698 3158 4753 neque
3208 4681 3378 4738 Filius
3405 4676 3595 4770 Pater.

2016 4769 2095 4852 Ita
2137 4789 2340 4846 dicitur
2366 4789 2585 4858 quidem
2637 4791 2690 4840 et
2730 4781 2966 4851 Spiritus
2996 4774 3300 4844 Sapientia,
3337 4780 3394 4828 ct
3423 4769 3605 4836 Mens,

2010 4901 2211 4944 verum.
2240 4883 2466 4942 relative
2493 4897 2559 4939 ac
2601 4877 2902 4938 secundum
2965 4873 3242 4944 propriam
3299 4881 3598 4940 processus

2016 4959 2390 5034 deﬁnitionem
2424 4976 2532 5029 hoc
2572 4985 2850 5041 nunquam
2891 4966 3111 5038 penitus
3139 4964 3387 5026 dicetur;
3447 4957 3600 5014 sinti-

2018 5068 2144 5126 liter
2171 5076 2225 5124 ct
2255 5066 2508 5124 voluntas
2532 5060 2895 5120 communiter
2939 5057 3140 5113 dicitur
3177 5054 3352 5116 Deus,
3385 5049 3511 5121 quia
3541 5056 3600 5104 ct

2013 5161 2199 5218 volens
2248 5169 2332 5218 est
2381 5159 2556 5228 ipsum
2609 5162 2967 5226 praeceptum,
3006 5165 3067 5204 ae
3101 5155 3349 5218 potestas
3389 5143 3503 5198 Dei.
3531 5141 3604 5196 Et

2021 5241 2137 5323 ipse
2175 5265 2394 5322 quoque
2425 5249 2515 5304 Dei
2543 5248 2716 5304 Filius
2753 5245 3007 5302 voluntas
3042 5241 3250 5306 Patris,
3273 5236 3601 5296 consilium-

2017 5324 2130 5414 que
2149 5343 2270 5413 eitts
2304 5343 2525 5407 dicitur,
2558 5339 2858 5397 secundum
2896 5345 3206 5407 respectum
3231 5331 3602 5391 did‘erentem,

2017 5439 2178 5493 sicuti
2237 5447 2293 5492 et
2345 5435 2649 5504 sapientia;
2700 5429 2965 5501 sapientia
3029 5441 3096 5482 ne
3147 5425 3354 5479 invitus
3408 5419 3596 5478 Pater,

2016 5529 2180 5585 Pater
2212 5545 2334 5586 esse
2372 5529 2646 5590 videatur,
2669 5525 2811 5595 quod
2844 5521 3063 5593 quidam
3103 5517 3369 5576 ﬁdelibus,
3406 5525 3468 5564 ac
3495 5509 3597 5578 plt3

2018 5625 2356 5697 obiecerunt.
2409 5621 2648 5688 Verum,
2717 5617 2953 5688 Spiritus
3019 5617 3242 5668 sanctus
3297 5602 3596 5661 secundum
