4106 6488
510 361 609 426 i2?

1776 369 2184 432 MANUELIS
2225 374 2540 438 CALECAE

3684 385 3779 450 128

505 481 670 532 alium
728 478 948 532 modum
993 479 1242 535 voluntas
1272 481 1498 536 relative
1544 485 1723 538 dictus
1776 491 1884 546 est,
1933 484 2085 552 juxta
2118 487 2162 543 Α
2192 485 2384 554 Filius,
2417 477 2592 560 ne'que
2619 505 2792 555 mens,
2827 508 3007 562 neque
3039 496 3302 564 Verbum,
3329 497 3634 554 secundum
3660 515 3782 569 per-

507 569 718 623 scilicet
748 568 1119 623 deiinitionem
1171 584 1234 625 ac
1277 573 1663 642 preprietatem
1707 574 2090 631 substantialis

509 675 799 729 processus
831 676 942 715 Slll.
961 691 964 694 ’

577 749 868 816 Caeterum,
897 752 942 806 si
973 753 1096 821 quis
1128 754 1255 809 velit
1281 755 1438 824 juxta
1471 759 1788 828 praedictam
1814 758 2089 814 rationem

509 854 564 898 et
594 845 811 899 Patrem
850 846 1176 901 charitatem
1206 847 1413 914 dicere,
1457 859 1513 904 et
1562 850 1758 904 Filium
1788 851 2044 906 similiter
2072 867 2092 909 :

509 947 563 990 et
595 936 722 990 hinc
751 938 983 992 absurde
1032 953 1390 1008 personarum
1448 941 1758 996 introducet
1794 943 2099 998 multitudi-

513 1043 656 1091 nem,
696 1029 1031 1097 easdemque
1061 1040 1276 1088 asseret
1315 1034 1693 1101 multipliciter
1729 1036 2050 1105 procedere.

581 1120 688 1174 Sed
712 1123 1047 1191 Augustinus
1072 1126 1287 1192 quidem
1313 1166 1328 1191 ,
1360 1128 1453 1196 qui
1499 1128 1566 1180 de
1612 1128 1715 1182 hoc
1741 1129 2100 1186 subtilissime

509 1211 733 1264 disserit
756 1222 811 1266 et
839 1212 1141 1269 maximein
1167 1216 1318 1271 libris
1354 1216 1430 1271 De
1464 1216 1750 1287 Trinitate,
1793 1231 1845 1275 ut
1883 1221 1966 1276 his
2001 1223 2096 1292 qui

514 1302 697 1356 volunt
737 1303 935 1372 legere,
971 1308 1322 1376 perspicuum
1377 1318 1461 1364 est
1492 1350 1508 1377 ,
1544 1326 1708 1366 unam
1742 1312 2101 1383 eamdemque

511 1395 837 1449 eharitatem
872 1398 1003 1470 dicit
1059 1397 1320 1468 Spiritum
1361 1411 1631 1470 sanctum,
1667 1403 1845 1459 Patris
1870 1413 1925 1458 et
1951 1403 2096 1473 Filii,

436 1525 438 1527 μ
513 1499 616 1552 qua
645 1484 786 1539 Deus
820 1501 879 1540 se
917 1488 1094 1556 ipsum
1140 1489 1334 1559 diligit,
1365 1501 1420 1545 et
1460 1506 1521 1548 se
1561 1493 1793 1548 inVicem
1830 1494 2014 1562 Pater,
2043 1503 2102 1551 et

514 1574 688 1629 Filius
727 1576 984 1646 diligunt,
1028 1594 1191 1649 quam
1236 1584 1400 1635 etiam
1433 1587 1833 1641 eonnexionem
1859 1587 2105 1642 nominat

516 1666 698 1723 Patris
759 1679 812 1722 et
843 1669 963 1724 Filii
1015 1680 1072 1727 et
1134 1671 1409 1740 unionem,
1440 1687 1496 1731 et
1523 1693 1644 1742 quae
1678 1678 1790 1734 illic
1813 1679 1928 1735 ait:
1962 1681 2105 1736 sicut

515 1770 569 1812 et
593 1775 758 1813 unum
783 1759 1022 1816 Verbum
1055 1767 1474 1830 est,secundum
1505 1770 1650 1838 quod
1673 1771 1811 1825 Deus
1842 1786 1903 1827 se
1927 1772 2100 1839 ipsum

2194 581 2439 635 sonalem
2464 581 2712 639 ordinem
2743 587 2847 641 erit
2870 587 3181 658 aliquando.
3199 589 3280 653 Et,
3302 589 3348 643 si
3383 606 3491 642 una
3518 593 3778 659 essentia,

2193 682 2247 727 et
2276 689 2380 728 una
2430 676 2691 742 charitas,
2745 687 2800 733 et
2829 695 2968 735 unus
3002 679 3305 745 Deus,cum
3338 680 3505 738 Patre
3539 693 3594 737 et
3623 681 3777 749 Filio,

2195 767 2490 822 secundum
2519 769 2727 825 scilicet
2750 773 3058 826 communia
3089 815 3103 836 ,
3129 782 3183 828 et
3231 773 3482 828 absoluta
3514 776 3734 830 nomina
3764 794 3779 830 :

2194 861 2649 928 quemadmodum
2681 872 2736 918 et
2763 863 3078 921 Paracletus
3105 867 3281 922 dictus
3332 877 3418 921 est
3450 869 3694 938 quidem,
3731 877 3783 922 et

2197 950 2387 1016 Filius,
2420 953 2514 1006 sed
2547 955 2964 1022 propriesancto
2994 953 3223 1026 Spiritui
3245 956 3782 1028 redditur,qnamvis

2197 1055 2302 1098 non
2335 1045 2490 1098 video
2518 1061 2615 1100 cur
2644 1047 2821 1117 magis
2865 1065 2932 1103 ex
2968 1064 3033 1103 eo
3061 1048 3204 1119 quod
3235 1050 3499 1120 Spiritus,
3537 1052 3624 1106 vel
3649 1051 3781 1104 cha-

2197 1135 2356 1198 ritas,
2384 1137 2467 1191 vel
2503 1138 2774 1204 voluntas,
2803 1139 2886 1194 vel
2940 1140 3142 1210 aliquid
3185 1139 3499 1210 hujusmotli
3555 1142 3783 1196 dicitur.

2199 1225 2359 1280 Talia
2399 1227 2636 1283 absurda
2672 1228 2826 1298 sequi
2883 1232 3128 1286 nonnulli
3177 1232 3542 1288 arbitrantur.
3592 1233 3668 1287 Ex
3722 1249 3784 1289 eo

2200 1329 2404 1386 autem,
2438 1322 2584 1392 quod
2617 1321 2852 1390 Spiritus
2884 1323 3026 1379 idem
3067 1326 3297 1391 dicatur,
3325 1343 3429 1380 non
3463 1326 3668 1382 itidem.

2223 1443 2228 1450 ι
2271 1412 2472 1468 Eadem
2505 1415 2708 1485 quippe
2759 1419 2971 1472 ratione
3015 1417 3196 1473 dicere
3240 1419 3518 1489 quispiam
3575 1431 3782 1486 posset,

2199 1514 2253 1561 et
2287 1506 2549 1576 Spiritum
2582 1508 2793 1576 spirare
2817 1509 2980 1564 alium
3004 1509 3289 1579 Spiritum,
3310 1511 3576 1580 illumque
3597 1528 3785 1566 rursus

2201 1598 2394 1662 alium,
2425 1607 2589 1666 atque
2633 1601 2736 1655 hoc
2781 1601 2834 1656 in
2867 1601 3138 1656 inﬁnitum
3166 1603 3310 1656 tendi
3339 1620 3354 1670 ;
3396 1604 3655 1658 similiter
3677 1644 3692 1668 ,
3737 1613 3788 1657 et

2202 1687 2402 1745 Filium
2436 1691 2652 1758 quidem
2683 1695 2928 1763 gignere,
2968 1700 3021 1746 et
3071 1693 3164 1762 qui
3190 1707 3255 1746 ex
3310 1692 3432 1759 ipso
3470 1705 3784 1748 nasceretur

2205 1779 2364 1834 aliam
2399 1779 2588 1835 itidem
2623 1797 2910 1850 personam
2938 1782 3160 1852 gignere
3185 1823 3200 1846 ,
3244 1793 3299 1837 et
3329 1784 3431 1837 hoc
3463 1784 3594 1838 item
3626 1785 3676 1837 in
3703 1784 3785 1836 in-

517 1849 796 1919 intelligit.
828 1853 937 1908 Nos
968 1864 1148 1910 autem
1171 1871 1294 1911 cum
1326 1861 1533 1914 sanctis
1557 1859 1813 1916 Patribus
1835 1900 1852 1926 ,
1880 1878 1980 1933 pro
2010 1863 2099 1920 his
2128 1849 2172 1904 Β
2203 1871 2410 1926 ﬁnitum
2441 1872 2586 1927 tendi
2657 1887 2847 1927 verum
2899 1849 3046 1928 εῆῑξῃ
3100 1875 3348 1929 ordinem
3390 1890 3617 1930 servare
3657 1889 3787 1942 opus

515 1943 913 2011 respondentes
966 1946 1199 2002 dicimus
1257 1962 1459 2005 sanctae
1492 1949 1786 2009 Trinitatis
1848 1955 2097 2010 ordinem

519 2035 850 2091 immobilem
892 2053 1112 2094 manere
1140 2051 1416 2110 oportere,
1448 2048 1746 2099 secundum
1784 2062 1973 2116 quem,
1999 2063 2102 2104 nec

519 2126 759 2194 nomina,
777 2144 900 2198 qua
921 2145 948 2182 a
973 2133 1315 2200 processibus
1339 2136 1902 2208 substantialibusque
1925 2140 2120 2204 modis,

519 2228 798 2288 apparent.
823 2231 1256 2279 commutantur:
1283 2242 1454 2296 neque
1482 2243 1732 2298 persona:
1769 2229 1850 2285 vel
1889 2215 2103 2300 prapo-

519 2319 740 2374 nnntur,
759 2312 841 2366 vel
865 2324 1288 2386 postponuntur,
1306 2320 1387 2374 vel
1410 2321 1635 2375 omnino
1667 2333 2102 2391 commutantur;

517 2403 656 2456 sicut
693 2404 837 2459 enim
861 2420 999 2460 unus
1034 2406 1214 2474 Pater,
1249 2420 1410 2480 atque
1431 2429 1571 2468 unus
1616 2413 1806 2475 Filius,
1838 2424 1892 2468 et
1928 2429 2104 2483 neque

455 2547 460 2554 _
522 2493 690 2550 Filius
722 2497 902 2563 Pater,
947 2514 1118 2568 neque
1136 2499 1300 2556 Pater
1314 2502 1480 2558 Filius
1500 2504 1604 2557 :ita
1628 2517 1680 2559 et
1705 2521 1808 2560 una
1831 2505 2098 2573 voluntas,

520 2603 614 2641 seu
665 2589 910 2644 charitas
942 2589 1184 2660 Spiritus
1240 2604 1466 2650 sanctus
1520 2611 1821 2668 congruere
1877 2597 2107 2653 relative

521 2679 731 2735 scilicet
763 2681 996 2737 dicetur.
1038 2684 1218 2754 Atque
1254 2686 1422 2754 idem,
1456 2703 1636 2756 neque
1689 2689 1888 2768 Pater,
1931 2704 2109 2758 neque

2201 1972 2306 2028 est,
2342 1979 2521 2033 neque
2574 1965 2748 2034 ipsius
2799 1967 3060 2021 terminos
3117 1969 3445 2038 transgredi,
3504 1967 3601 2022 sed
3654 1953 3787 2021 intra

2204 2053 2528 2111 Trinitatem
2560 2065 2728 2123 stare,
2780 2056 2934 2126 juxta
2985 2057 3239 2112 traditam
3276 2059 3436 2112 nobis
3479 2059 3603 2113 ﬁdei
3637 2073 3790 2129 regu-

2205 2149 2336 2214 lam,
2369 2165 2437 2205 ne
2472 2149 2698 2205 deorqu
2727 2149 3141 2206 introducamus
3169 2150 3400 2221 plebem.
3444 2150 3638 2219 Itaque
3669 2150 3787 2205 talia

2209 2257 2539 2312 praesumere
2583 2242 2804 2308 illorum
2856 2249 2959 2307 est,
2991 2244 3082 2312 qui
3118 2258 3482 2312 personarum
3514 2242 3781 2304 ordinem,

2209 2343 2264 2387 et
2295 2347 2416 2402 quae
2446 2331 2516 2385 do
2563 2343 2756 2388 sancta
2793 2333 3062 2386 Trinitate
3118 2334 3428 2399 traduntur,
3467 2344 3521 2387 et
3540 2330 3787 2386 confessa

2212 2432 2486 2489 tenentur,
2517 2424 2736 2487 tollunt,
2786 2423 3273 2493 confunduntque,
3336 2439 3399 2478 ac
3462 2424 3788 2494 permiscent

2209 2517 2416 2571 omnia.
2456 2515 2562 2573 Sed
2603 2517 2825 2573 secundi
2859 2517 3022 2589 hujus
3078 2517 3372 2574 voluminis
3425 2517 3642 2574 tandem
3674 2515 3787 2569 linis

2164 2641 2180 2653 -
2208 2608 2302 2662 sit.

1243 2883 3002 2911 W

1655 3060 2012 3150 LIBER
2105 3063 2676 3155 TERTIUS.

593 3407 661 3463 Et
695 3409 812 3464 haec
840 3407 1058 3479 quidem
1093 3407 1166 3462 ita
1191 3422 1250 3464 se
1271 3407 1493 3465 habent.
1524 3409 1596 3466 Ut
1616 3418 1800 3464 autem
1847 3422 1971 3480 quae
2013 3422 2110 3465 su-
2132 3411 2179 3476 C
2213 3411 2516 3468 Undecimo
2545 3411 2740 3466 deinde
2779 3409 2902 3467 loco
2931 3409 3198 3476 suﬁicere,
3237 3415 3302 3468 ad
3334 3413 3704 3479 indicandum,
3730 3423 3789 3465 ex

523 3503 836 3573 perioribus
888 3503 1042 3557 libris
1093 3511 1220 3558 sunt
1273 3502 1450 3570 dicta,
1481 3511 1816 3572 repetentes,
1847 3503 2006 3573 quasi
2045 3504 2100 3559 in

525 3612 692 3650 unum
727 3603 1082 3665 conspectum
1112 3594 1304 3649 demus
1334 3595 1519 3650 omnia
1546 3594 1870 3654 :docuimus
1901 3597 2101 3666 primo,

527 3688 746 3742 tertium
780 3703 809 3743 a
857 3686 1022 3742 Patre
1061 3703 1183 3743 esse
1219 3685 1481 3756 Spiritum
1513 3697 1766 3744 sanctum
1801 3689 1951 3757 juxta
1981 3705 2108 3759 per-

507 3780 768 3836 sonalem
801 3780 1072 3835 ordinem.
1102 3779 1325 3845 Deinde,
1353 3789 1576 3850 propter
1597 3781 1988 3837 substantiales
2018 3784 2106 3838 di-

526 3874 772 3928 vinarum
803 3874 1236 3929 substantiarum
1258 3889 1569 3944 processus,
1586 3877 1846 3930 nascendi
1873 3876 2104 3944 scilicet,

527 3981 590 4020 ac
619 3965 978 4036 procedendi,
1015 3965 1215 4021 Filium
1252 3967 1470 4035 quidem
1492 3982 1558 4022 ex
1610 3967 1770 4034 Patre
1805 3983 1928 4026 esse
1985 3970 2107 4026 sine

527 4057 638 4110 ullo
671 4056 892 4120 medio;
938 4057 1204 4126 Spiritum
1251 4069 1505 4113 sanctum
1542 4073 1674 4114 vero
1702 4072 1768 4112 ex
1809 4057 1972 4114 Patre
2009 4074 2110 4131 per

528 4147 726 4203 Filium
764 4153 1079 4218 procedere.
1114 4150 1268 4212 Dein,
1289 4151 1444 4217 juxta
1477 4152 1798 4221 pradictum
1831 4153 2106 4221 ordinem,

531 4241 652 4296 Filii
695 4241 1079 4296 mcdiationem
1123 4241 1374 4312 plurimis
1441 4243 1493 4296 in
1523 4243 1710 4299 locisa
1754 4247 1964 4300 sanctis
1997 4245 2109 4300 Ec-

529 4331 710 4391 clesia
774 4332 1091 4388 doctoribus
1143 4347 1241 4401 pro
1297 4332 1555 4389 confesso
1597 4336 1790 4390 tradi:
1849 4336 2111 4405 deinceps

529 4423 713 4479 omnia
743 4424 1018 4493 exempla,
1047 4423 1246 4493 quibus
1277 4425 1330 4479 in
1382 4436 1574 4480 sancta
1619 4425 1887 4483 Trinitate
1935 4427 2113 4484 sancti

531 4515 723 4572 Patres
755 4516 835 4572 usi
881 4527 1030 4584 sunt,
1062 4517 1320 4572 traditum
1358 4519 1410 4573 in
1447 4519 1648 4574 divinis
1674 4521 1937 4590 'personis
1962 4522 2116 4575 ordi-

533 4590 678 4675 nem,
708 4612 1008 4665 secundum
1037 4611 1425 4669 substantiales
1447 4629 1636 4669 earum
1670 4628 1961 4679 processus
1989 4629 2114 4669 cmn

2207 3505 2349 3560 Filio
2399 3519 2523 3559 esse
2554 3502 2820 3574 Spiritum
2857 3513 3111 3559 sanctum
3143 3547 3158 3569 ,
3197 3505 3322 3576 quia
3367 3506 3468 3571 sit,
3507 3516 3562 3564 et
3593 3505 3792 3560 dicatur

2207 3595 2330 3650 Filii
2387 3593 2652 3665 Spiritus.
2708 3594 2970 3664 Spiritum
3017 3604 3266 3651 sanctum
3329 3598 3554 3661 deinde,
3601 3593 3790 3651 Christi

2210 3686 2475 3756 Spiritum
2506 3686 2851 3752 dici,eadem
2878 3689 3115 3754 ratione,
3150 3705 3256 3759 qua
3302 3699 3355 3744 et
3403 3689 3532 3744 Filii
3573 3688 3794 3756 Spiritus

2210 3795 2331 3836 esse
2362 3790 2712 3836 asseveratur
2747 3797 2762 3835 :
2792 3779 3056 3850 Spiritum
3092 3789 3361 3844 sanctum,
3397 3783 3649 3850 spiritum
3685 3777 3784 3830 oris

2208 3872 2329 3928 Filii
2358 3888 2386 3926 a
2422 3873 2692 3943 theologis
2724 3873 2906 3939 tradi,
2941 3881 2992 3927 et
3031 3882 3284 3941 utraque,
3318 3873 3481 3929 illum
3525 3889 3588 3928 ex
3624 3869 3789 3930 Patre,

2210 3975 2265 4021 et
2291 3963 2430 4020 Filio
2461 3979 2606 4032 esse,
2638 3965 2880 4037 signare,
2922 3966 2976 4019 id
3014 3972 3135 4028 est,
3177 3979 3244 4018 es
3279 3959 3440 4018 Pat‘re
3477 3979 3573 4036 per
3601 3959 3786 4016 Filium

2213 4058 2526 4128 procedere.
2561 4057 2761 4114 Filium
2787 4057 3006 4127 quidem
3034 4057 3273 4112 Verbum
3300 4055 3638 4117 Patrisdici,
3677 4047 3790 4118 Spi-

2215 4151 2379 4206 ritum
2437 4165 2568 4206 vero
2613 4159 2860 4205 sanctum
2919 4147 3043 4204 Filii
3100 4149 3290 4205 itidem
3333 4149 3597 4213 Verbum,
3625 4154 3790 4200 causae

2216 4242 2429 4296 ratione
2459 4241 2597 4296 tradi
2623 4257 2638 4306 ;
2673 4240 2936 4310 Spiritum
2959 4249 3208 4296 sanctum
3251 4247 3518 4309 praeterea
3549 4239 3703 4293 etiam
3729 4247 3787 4285 ex

2218 4333 2356 4388 Filio
2381 4345 2504 4388 esse
2533 4347 2564 4386 a
2601 4331 2829 4386 summis
2859 4331 3125 4401 theologis
3154 4331 3422 4385 insinuari
3450 4347 3470 4397 ;
3499 4329 3709 4388 Filium,
3731 4334 3790 4376 eo

2216 4425 2365 4493 quod
2400 4424 2471 4479 sit
2504 4423 2971 4479 incommutabilis
3007 4424 3188 4492 imago
3244 4421 3450 4489 Patris,
3509 4417 3788 4485 omniaque

2217 4515 2396 4571 Patris
2420 4516 2561 4570 bona
2593 4515 2962 4570 essentialiter
2992 4515 3208 4581 habeat,
3245 4516 3436 4569 eadem
3475 4513 3702 4572 ratione,
3735 4511 3788 4557 ut

2219 4622 2406 4662 verum
2448 4607 2628 4662 Patris
2662 4607 2864 4662 Filium
2891 4645 2908 4672 ,
2944 4607 3209 4678 Spiritum
3259 4616 3511 4662 sanctum
3568 4603 3784 4658 habere;

535 4701 1105 4757 consubstantialitate
1160 4704 1459 4771 insinuare,
1506 4705 1807 4760 secundum
1846 4707 2108 4760 utentium

2220 4713 2324 4768 qua
2351 4697 2502 4752 illum
2557 4699 2722 4753 habet
2755 4697 2915 4753 Pater
2950 4699 3150 4753 :aliter
3179 4697 3380 4768 quippe
3423 4698 3553 4752 illud
3589 4695 3786 4805 incct‘n-

537 4793 934 4858 intentionem;
992 4794 1261 4864 Spiritum
1321 4797 1521 4852 deinde
1552 4807 1808 4852 sanctum
1867 4813 1990 4851 cum
2045 4813 2114 4853 ex

537 4882 700 4937 Patre
729 4898 826 4952 per
851 4883 1048 4940 Filium
1081 4887 1361 4956 procedat,
1399 4903 1498 4957 per
1527 4889 1707 4958 ipsum
1746 4890 2114 4945 substantiam

537 4977 756 5031 habere.
790 4977 911 5042 Per,
945 4989 1002 5034 et
1042 4995 1142 5044 ex,
1179 4981 1228 5034 in
1264 4981 1466 5036 divinis
1505 4981 1644 5049 apud
1675 4991 1894 5035 sanctos
1918 5020 1934 5044 ,
1970 4981 2114 5036 idem

533 5069 861 5139 signiﬁcare.
899 5071 1036 5126 'l‘um
1070 5071 1264 5128 Filium
1307 5075 1372 5127 ad
1408 5073 1667 5142 Spiritum
1694 5113 1708 5138 ,
1743 5072 2118 5142 Spiritumque

534 5164 718 5217 itidem
751 5166 817 5218 ad
843 5164 1062 5229 Filium,
1096 5169 1390 5220 secundum
1423 5165 1691 5228 habitum,
1711 5174 1765 5220 et
1793 5165 2116 5219 relationem

538 5254 737 5309 habere
783 5259 850 5310 ad
910 5257 1258 5320 alterutrum,
1317 5273 1346 5310 a
1409 5241 1615 5311 sanctis
1670 5256 1831 5309 tradi.
1889 5253 2114 5318 Deinde,

534 5354 988 5421 quemadmodum
1044 5353 1206 5408 Pater
1266 5368 1444 5408 causa:
1477 5353 1688 5407 ratione
1737 5360 1868 5418 ante
1918 5347 2114 5404 Filium

536 5445 911 5514 intellegitur;
968 5445 1041 5499 ita
1086 5454 1141 5499 et
1187 5444 1386 5498 Filium
1435 5445 1625 5498 eadem
1680 5457 1858 5497 causa:
1913 5441 2125 5497 ratione

537 5545 664 5591 ante
687 5536 950 5606 Spiritum
993 5537 1270 5605 intelligi:
1326 5537 1586 5606 majorem
1622 5536 1848 5614 mSpiritu
1891 5534 2128 5604 Filium,

542 5628 844 5682 secundum
878 5629 1094 5684 scilicet
1128 5629 1470 5696 personalem
1512 5630 1758 5695 ordinem
1789 5643 1818 5683 a
1858 5628 2127 5694 theologis

542 5720 704 5773 tradi.
765 5721 964 5774 Deinde
999 5738 1027 5774 a
1071 5721 1208 5775 Filio
1258 5736 1378 5776 esse
1429 5724 1629 5778 habere
1701 5722 1965 5793 Spiritum
2000 5738 2128 5779 san-

548 5818 732 5872 ctum,
765 5819 949 5878 utpote
975 5811 1043 5865 ab
1085 5812 1200 5881 ipso
1248 5812 1553 5868 audientem
1579 5854 1594 5879 ,
1629 5821 1682 5868 et
1743 5813 2128 5883 accipientem.

2223 4792 2480 4848 mutabile
2495 4791 2639 4847 “tolli.
2675 4789 2906 4857 Mittere,
2937 4801 2994 4845 et
3031 4791 3194 4855 mitti,
3223 4805 3444 4845 causam
3476 4802 3527 4846 et
3561 4781 3771 4841 causale

2223 4886 2276 4941 in
2313 4887 2508 4940 divinis
2541 4884 2785 4954 personis
2817 4883 3151 4952 significare.
3193 4881 3420 4937 Fontem
3457 4895 3578 4938 esse
3621 4867 3786 4930 sancti

2224 4975 2460 5044 Spiritus
2496 4974 2720 5040 Filium;
2772 4973 3034 5042 Spiritum
3073 4982 3320 5028 sanctum
3365 4970 3650 5040 imaginem
3676 4969 3789 5015 esse

2229 5069 2376 5133 Filii,
2410 5077 2466 5123 et
2521 5067 2776 5122 virtutem
2845 5066 2963 5133 ejus
3003 5064 3305 5119 naturalem
3331 5102 3346 5127 ,
3379 5078 3444 5118 ac
3501 5061 3782 5114 viventem.

2223 5169 2278 5216 et
2335 5160 2676 5229 essentialem
2721 5159 3094 5226 operationem
3160 5173 3175 5211 :
3230 5150 3680 5223 quemadmodum
3737 5145 3787 5193 ei

2226 5253 2396 5308 Filius
2432 5253 2546 5307 hazc
2603 5251 2785 5306 omnia
2834 5247 3014 5303 Patris
3043 5258 3145 5303 est.
3197 5247 3274 5302 Ac
3331 5245 3521 5300 faciem
3581 5236 3784 5309 quidem

2227 5347 2405 5401 Patris
2438 5361 2560 5400 esse
2588 5345 2783 5399 Filium
2812 5357 2992 5397 causae
3028 5343 3271 5406 ratione;
3301 5337 3631 5409 primitivam
3664 5330 3783 5382 item

2225 5438 2456 5494 formam
2487 5437 2723 5504 Spiritus
2750 5435 2946 5508 Filium
2975 5451 2990 5500 ;
3033 5449 3098 5488 ac
3139 5433 3414 5502 proprium
3443 5427 3656 5500 quidem
3686 5416 3787 5469 Ρη·

2227 5533 2326 5588 tris
2352 5546 2472 5587 esse
2515 5529 2738 5590 Filium,
2771 5527 2917 5597 quod
2964 5542 3032 5582 ex
3065 5527 3157 5582 illo
3193 5527 3305 5591 sit;
3345 5520 3622 5594 proprium
3667 5517 3787 5562 vero

2226 5625 2350 5681 Filii
2387 5623 2674 5693 Spiritum,
2702 5620 2858 5690 quasi
2896 5634 2992 5690 per
3026 5619 3203 5689 ipsum
3248 5613 3589 5675 naturaliter,
3609 5611 3788 5704 esseti-

2231 5719 2539 5786 tialiterque
2570 5714 2954 5784 prodeuntem,
2989 5721 3046 5766 et
3077 5726 3145 5765 ex
3183 5711 3301 5776 ipso
3363 5723 3472 5762 esse
3523 5697 3784 5762 accipien-

2229 5821 2360 5876 tem,
2389 5820 2550 5879 atque
2581 5823 2645 5863 ex
2679 5823 2745 5863 eo
2770 5807 3143 5863 cxsistentent.
3188 5801 3435 5869 Latinos,
3469 5790 3784 5854 Grmcosque

3585 6060 3614 6085 κ
