4106 6438
331 340 431 406 129

1412 355 1810 420 ADVERSUS
1841 358 2156 422 GRAECOS
2196 363 2339 423 LIB.
2385 363 2495 427 ΙΠ,

3491 384 3593 450 130

329 457 579 516 doctores
609 461 996 528 communiter,
1023 472 1078 519 et
1109 467 1454 537 apertissime
1482 483 1547 523 ex
1589 469 1728 524 Filio
1760 485 1902 536 esse,
1934 477 1980 530 Α
2011 485 2076 524 ex
2121 471 2292 528 tribus
2328 473 2639 546 Beniamin,
2680 481 3116 560 discipulumque
3141 488 3457 554 Gamalielis
3498 509 3595 557 aut

333 560 387 605 et
419 564 706 618 exsistere,
736 569 802 609 ac
830 556 1125 625 procedere
1147 557 1407 630 Spiritum
1430 570 1678 616 sanctum
1705 561 1903 619 divinis

331 647 630 704 rationibus
676 652 910 705 tradere.

402 740 526 796 "ac
574 753 756 800 autem
806 747 983 802 omnia
1035 747 1279 817 pluribus
1331 749 1635 806 rationibus
1682 760 1903 808 ostensa

331 844 454 890 sunt
485 853 501 901 ;
536 850 676 904 quae,
705 852 829 894 cum
861 854 986 895 vera
1029 841 1159 906 sint,
1208 852 1261 898 et
1296 843 1629 901 ﬁrmissimis
1665 846 1905 916 undique

330 929 624 985 rationibus
659 932 1120 997 munita,constat
1144 933 1406 1002 profecto,
1444 937 1570 1006 quia
1597 938 1904 1008 producere

329 1021 472 1089 quod
511 1021 732 1088 dicitur,
764 1025 1022 1093 possibile
1049 1042 1158 1080 non
1193 1037 1299 1091 est,
1342 1040 1398 1082 ut
1433 1028 1611 1084 Patris
1639 1033 1901 1088 substan-

332 1115 457 1169 tiale
496 1116 586 1170 sil.
613 1115 796 1186 Neque
815 1120 957 1173 enim
1002 1105 1143 1174 idem
1176 1121 1415 1190 Spiritus
1440 1162 1456 1187 ,
1487 1123 1684 1180 tertius
1714 1125 1898 1191 simul,

327 1217 380 1260 et
413 1209 680 1264 secundus
706 1210 916 1266 aPatre
945 1227 1066 1267 esse
1103 1222 1304 1283 potest,
1347 1231 1524 1286 neque
1555 1220 1903 1276 continenter

329 1307 385 1354 et
422 1301 535 1354 sine
560 1301 737 1356 medio
769 1316 833 1356 ex
865 1303 1062 1373 primo,
1095 1316 1149 1358 et
1181 1321 1278 1375 per
1314 1323 1464 1368 eum.
1495 1310 1585 1378 qui
1629 1311 1700 1364 sit
1724 1310 1900 1366 conti-

329 1403 521 1446 nenter
548 1408 609 1448 ex
646 1394 864 1464 primo:
903 1411 1078 1467 neque
1130 1397 1196 1452 de
1229 1399 1346 1454 solo
1371 1397 1533 1454 Patre
1580 1403 1896 1469 procedere,

325 1493 382 1537 et
440 1499 535 1554 per
580 1485 774 1541 Filium
818 1491 1116 1554 procedere
1155 1508 1172 1546 :
1228 1506 1405 1561 neque
1451 1493 1748 1563 productor
1803 1509 1902 1564 per

328 1575 592 1645 Verbum,
627 1589 681 1634 et
706 1581 856 1638 solus
883 1584 1178 1654 productor
1211 1599 1368 1651 esse,
1406 1595 1459 1640 et
1487 1597 1679 1640 caetera
1714 1585 1902 1656 hujus-

329 1672 499 1736 modi,
533 1687 652 1737 quae
690 1675 950 1744 praedicta
979 1685 1124 1731 sunt.
1151 1675 1275 1732 Haec
1307 1678 1452 1734 enim
1484 1679 1900 1735 evidentissime

321 1765 428 1820 sibi
467 1768 735 1821 contraria
769 1775 931 1833 sunt;
979 1776 1034 1821 et
1075 1768 1214 1823 idem
1254 1781 1358 1834 est,
1389 1785 1450 1825 ac
1483 1771 1529 1826 si
1590 1787 1764 1842 neque
1825 1788 1893 1827 ex

324 1856 487 1913 Patre
521 1859 743 1913 omnino
771 1862 1068 1930 procedere
1093 1861 1246 1918 illum
1276 1863 1672 1933 conﬁteamur;
1714 1869 1894 1922 maxi-

329 1966 414 2005 me
449 1965 568 2004 cum
610 1965 637 2004 a
691 1953 896 2008 sanctis
941 1954 1277 2010 declaratum
1319 1955 1413 2022 sit,
1443 1956 1587 2026 quod
1621 1973 1894 2027 nunquam

322 2046 619 2112 procedere
649 2046 920 2102 diceretur
955 2062 1020 2102 ex
1051 2047 1235 2116 Patre,
1269 2049 1372 2104 nisi
1408 2061 1463 2105 et
1485 2066 1514 2105 a
1545 2049 1685 2105 Filio
1707 2067 1897 2122 proce-

325 2137 498 2218 deret.
551 2136 796 2208 Namque
859 2141 1152 2209 procedere
1226 2156 1295 2197 ex
1356 2140 1521 2198 Patre
1580 2143 1743 2198 etiam
1798 2126 1897 2214 pet:

325 2230 522 2285 Filium
556 2246 656 2284 una
697 2231 1099 2302 complectitur,
1145 2234 1345 2305 quippe
1376 2236 1707 2304 procedendi
1757 2236 1894 2291 dell.

326 2323 459 2376 nitio
496 2332 609 2388 est,
650 2338 712 2377 ex
756 2320 916 2378 Patre
964 2338 1062 2394 per
1083 2321 1281 2378 Filium
1327 2328 1660 2392 procedere,
1698 2341 1892 2382 secun-

327 2416 452 2470 dum
476 2417 615 2484 quod
653 2415 816 2471 etiam
865 2431 896 2470 a
940 2415 1075 2472 Filio
1105 2419 1458 2486 discernitur,
1487 2434 1584 2490 per
1612 2421 1888 2492 proprium

329 2508 443 2573 sui,
470 2508 905 2579 diﬂerentemque
929 2523 1265 2580 processum.
1643 2512 1648 2518 ’

407 2599 584 2668 Porro,
613 2601 825 2656 sublato
850 2602 995 2672 quod
1025 2617 1119 2674 per
1142 2602 1335 2658 Filium
1358 2605 1652 2676 procedere
1681 2603 1888 2661 asseri-

329 2693 628 2756 tur,etiam
668 2708 747 2748 ,ει
782 2692 945 2747 Patre
995 2693 1292 2763 procedere
1321 2695 1464 2765 quod
1518 2695 1739 2760 dicitur,
1778 2709 1887 2750 una

317 2783 543 2849 tollitur,
578 2785 783 2840 sublata
824 2788 1026 2856 quippe
1064 2784 1356 2855 cujuslibet
1395 2789 1716 2843 substantiae
1755 2788 1887 2842 deﬁ-

315 2874 545 2940 nitione,
562 2875 782 2946 ejusque
805 2878 1150 2934 substantiali
1169 2880 1524 2949 prOprietate,
1549 2879 1888 2936 deﬁnitionis

313 2985 536 3040 quoque
565 2985 759 3025 nomen
807 2970 1074 3037 aufertur,
1107 2971 1528 3044 substantiaquc
1559 2989 1719 3044 quam
1755 2973 1889 3029 deﬁ-

316 3061 541 3118 nitionis
573 3078 766 3120 nomen
803 3064 1003 3134 signat,
1043 3080 1147 3120 una
1179 3065 1408 3120 tollitur.
1450 3066 1721 3138 Quoniam
1757 3081 1887 3122 vero

2010 561 2218 631 aliquid
2255 566 2604 636 huiusmodi;
2648 574 2929 642 proprium
2977 580 3232 648 quidem,
3268 601 3376 640 non
3413 597 3592 646 tamen

2006 656 2160 724 quasi
2192 656 2554 715 substantiale
2584 676 2720 732 ens;
2747 667 2868 733 sed,
2904 678 2964 723 ut
2985 673 3134 726 notio
3168 674 3518 748 simpliciter.

2077 747 2345 806 Praeterea
2381 753 2513 808 nihil
2553 760 2851 813 secundum
2897 767 3240 850 negatiQem
3278 747 3452 839 babet
3490 774 3594 830 hoc

2005 855 2129 897 esse
2151 842 2377 913 aliquid.
2419 843 2651 918 Negatio
2680 853 2880 921 quippe
2908 855 3008 922 rei,
3033 842 3151 926 quin
3180 861 3250 915 sit
3281 862 3504 929 ablatio,
3536 877 3592 923 et

2019 933 2160 1004 ejus,
2193 953 2314 1006 quae
2339 955 2450 995 non
2482 941 2589 1008 sit,
2618 944 2814 1012 positio
2845 956 2949 1001 est.
2998 947 3226 1020 Negatio
3275 963 3456 1013 autem
3509 972 3594 1017 est

2004 1029 2149 1099 quod
2186 1030 2388 1087 dicitur
2426 1033 2749 1103 ingenitum,
2803 1047 2855 1092 et
2901 1039 3014 1110 jam
3053 1044 3444 1104 subsistentem
3502 1069 3593 1108 se-

2003 1121 2212 1190 quitur,
2237 1123 2415 1194 ipsum
2463 1127 2613 1180 enim
2648 1128 2944 1198 signiﬁcat,
2988 1137 3234 1204 genitum
3273 1156 3382 1196 non
3439 1158 3587 1208 esse.

2002 1227 2100 1281 per
2129 1215 2272 1284 quod
2296 1216 2416 1272 sine
2445 1232 2614 1274 causa
2653 1235 2780 1278 esse
2821 1223 3094 1294 signatur.
3120 1233 3224 1285 Aut
3268 1233 3432 1303 igitur
3461 1241 3590 1294 sub-

2003 1305 2259 1361 stantiale
2282 1305 2466 1365 Patris
2497 1314 2800 1378 paternitas
2826 1325 2936 1383 est,
2967 1332 3031 1374 ac
3062 1320 3289 1393 gignere
3315 1337 3434 1396 cst;
3473 1332 3590 1386 sive

2002 1397 2290 1468 productio
2319 1412 2373 1456 et
2398 1401 2687 1472 inspiratio
2713 1423 2728 1473 ;
2753 1415 2807 1462 et
2838 1409 3166 1480 producere,
3194 1425 3249 1472 et
3281 1419 3584 1492 inspirare;

1996 1491 2121 1549 sive
2160 1504 2454 1564 utrumque
2486 1498 2712 1563 “simul,
2763 1504 2880 1558 sive
2916 1516 3116 1574 prater
3167 1508 3315 1578 haec,
3369 1491 3586 1574 tertium

2001 1588 2284 1659 quiddam.
2321 1591 2387 1644 Et
2419 1593 2636 1647 tertium
2673 1593 2803 1650 illud
2849 1597 3105 1668 quidem,
3140 1617 3301 1662 nemo
3319 1607 3585 1668 hactenus

2001 1682 2137 1738 dixit
2172 1683 2259 1748 ;si
2282 1683 2404 1752 quis
2431 1683 2576 1738 enim
2611 1701 2832 1743 causam
2887 1689 3055 1760 dicat,
3096 1695 3326 1764 primum
3367 1701 3585 1771 quidem

2002 1789 2199 1829 nomen
2251 1773 2370 1844 ejus
2424 1789 2590 1831 causa
2652 1778 2976 1850 simpliciter
3015 1785 3124 1840 erit
3173 1804 3190 1842 :
3246 1791 3406 1846 sicuti
3460 1793 3584 1850 Filii

1998 1866 2236 1935 quidem,
2263 1866 2434 1922 Filius
2474 1884 2704 1938 nomen;
2741 1880 2796 1926 et
2823 1875 3002 1930 sancti
3042 1875 3282 1948 Spiritus
3303 1923 3319 1949 ,
3343 1884 3585 1954 Spiritus

1996 1968 2219 2016 sanctus
2253 1977 2268 2014 :
2310 1963 2704 2034 oportebatque
2761 1981 2862 2036 pro
2925 1966 3086 2026 Patre
3123 1987 3344 2031 causam
3376 1981 3584 2048 dicere.

1996 2053 2178 2123 quod,
2218 2067 2248 2106 a
2303 2052 2598 2123 Scriptura!
2643 2064 2848 2114 sanctae
2886 2066 3288 2122 consuetudine
3335 2070 3582 2141 aberret,

1994 2160 2121 2215 quas
2163 2159 2381 2216 semper
2427 2161 2548 2202 cum
2591 2147 2660 2205 de
2697 2147 2810 2206 Deo
2861 2151 3140 2224 loquitur,
3173 2159 3396 2217 Patrem
3455 2181 3581 2220 eum

1995 2244 2174 2290 V0081.

2066 2327 2358 2395 Praeterea,
2385 2341 2550 2386 causa
2580 2333 2883 2392 universale
2914 2353 3038 2394 cum
3069 2342 3177 2411 sit,
3211 2357 3265 2402 et
3289 2347 3495 2416 Patris,
3523 2363 3580 2407 et

1991 2420 2370 2491 productoris,
2409 2431 2576 2493 atque
2622 2431 2890 2484 creatoris
2937 2434 3292 2502 praedicatum
3323 2440 3460 2497 est:
3507 2444 3585 2499 si-

1992 2513 2233 2583 quidem,
2255 2521 2314 2568 ut
2345 2515 2698 2585 praedicaturus
2733 2519 3076 2580 solummodo
3100 2531 3401 2600 accipiatur
3416 2533 3580 2591 sicuti

1991 2619 2190 2674 genera
2227 2644 2242 2670 ,
2284 2615 2339 2661 et
2391 2608 2625 2676 species,
2678 2619 2732 2665 et
2778 2615 2962 2670 omnia
3019 2632 3140 2688 quae
3199 2623 3582 2684 universaliter

1991 2705 2179 2750 contra
2220 2695 2568 2766 particularia
2593 2703 2964 2772 praedicantur
2987 2751 3002 2775 ,
3035 2710 3176 2765 nulla
3220 2725 3373 2770 extra
3404 2716 3572 2774 intel—

1992 2785 2248 2857 ligentem
2272 2790 2510 2844 animam
2551 2806 2640 2848 res
2674 2800 2778 2859 est,
2825 2795 2919 2850 sed
2963 2797 3075 2868 ipsa
3108 2783 3452 2862 solummodo
3489 2810 3579 2863 in-

1990 2879 2293 2951 telligentia
2317 2890 2400 2937 est
2430 2899 2446 2936 :
2476 2882 2548 2937 ita
2583 2884 2728 2939 nulla
2761 2886 2866 2940 erit
2913 2903 2999 2944 res
3031 2888 3213 2946 Patris
3246 2895 3578 2964 substantia,

1990 2970 2085 3024 sed
2109 2971 2448 3028 solummodo
2500 2974 2900 3046 intelligentia;
2932 2979 3148 3050 eritque
3208 2997 3274 3039 ex
3308 3001 3413 3042 non
3449 2991 3580 3044 sub-

1991 3061 2226 3116 sistente
2283 3062 2630 3131 subsistens,
2693 3067 2837 3136 quod
2894 3069 3190 3126 absurdum
3247 3083 3349 3130 est.
3400 3075 3578 3135 Patris

314 3157 586 3211 veraciter
616 3155 858 3224 procedit
899 3172 964 3212 ex
1004 3155 1164 3211 Patre
1208 3155 1444 3227 Spiritus
1499 3167 1743 3226 sanctus,
1785 3174 1882 3229 per
1914 3171 1958 3232 α
1993 3151 2137 3205 enim
2198 3151 2729 3220 supersubstantiale
2777 3171 2975 3214 nomen
3119 3163 3576 3236 remsigniﬁcat,

314 3249 516 3304 Filium
555 3251 716 3305 etiam
749 3251 1045 3319 procedere
1068 3247 1214 3319 quod
1245 3249 1445 3319 dicitu;
1475 3259 1772 3306 asserctur.
1807 3250 1886 3305 lta

313 3344 458 3398 enim
496 3342 666 3398 sancti
709 3342 902 3398 Patres
944 3345 1267 3414 procedendi
1310 3345 1654 3414 complexam
1693 3344 1887 3402 deﬁni-

317 3435 516 3490 tionem
548 3434 862 3492 substantiae
907 3433 1146 3506 Spiritus
1201 3435 1617 3506 explicuerunt,
1655 3446 1712 3493 et
1763 3453 1887 3509 quae

315 3529 459 3583 dicta
496 3538 642 3594 sunt,
685 3543 810 3583 vera
858 3543 983 3584 esse
1019 3539 1416 3586 monstrarunt.
1460 3531 1637 3601 Atque
1665 3548 1796 3595 una,
1824 3541 1886 3588 ut

314 3621 518 3675 dictum
542 3629 618 3675 est
640 3661 656 3686 ,
687 3621 983 3688 producere
1019 3620 1380 3676 substantiale
1415 3619 1596 3678 Patris
1630 3637 1750 3678 esse
1775 3639 1884 3680 non

313 3721 489 3782 potest
514 3751 532 3775 .
565 3711 745 3782 idque,
787 3727 910 3767 cum
961 3727 1027 3766 ex
1076 3711 1455 3782 superioribus
1494 3720 1742 3778 constat,
1771 3722 1883 3766 tum

309 3806 472 3861 etiam
495 3819 560 3860 ex
596 3804 700 3869 his,
739 3818 861 3875 quae
889 3803 1209 3868 subiicimus
1243 3820 1258 3871 ;
1291 3804 1416 3875 quia
1443 3806 1588 3859 enim
1616 3804 1883 3859 unitatem

311 3912 376 3953 ac
435 3895 754 3952 Trinitatem
813 3895 1024 3951 Domini
1065 3895 1201 3952 ﬁdes
1250 3912 1380 3952 vera
1433 3897 1802 3963 commendat,
1828 3897 1880 3950 id

309 3992 529 4062 quidem
554 3990 806 4063 essentia,
830 3989 882 4045 id
910 3999 1092 4046 autem
1125 3991 1399 4059 personis,
1428 4005 1491 4046 ac
1525 3999 1725 4059 praeter
1753 4005 1882 4060 pro-

1990 3244 2066 3298 ait
2104 3245 2258 3300 divus
2300 3245 2617 3318 Dionysius.

2065 3335 2218 3402 Quod
2250 3338 2293 3391 si
2327 3352 2441 3392 rem
2493 3337 2731 3407 aliquam
2784 3341 3061 3412 signiﬁcat
3102 3360 3266 3402 causa
3325 3349 3380 3403 in
3407 3347 3575 3406 Patre

1989 3427 2402 3484 substantialem
2424 3468 2442 3494 ,
2477 3430 2524 3485 si
2570 3430 2794 3500 quidem
2831 3433 2978 3488 aliud
3012 3435 3316 3507 quidpiam,
3346 3451 3573 3510 praeter—

1987 3536 2153 3592 quam
2189 3522 2600 3592 paternitatem,
2650 3539 2714 3579 ac
2759 3527 3172 3594 productionem
3205 3532 3574 3603 signiﬁcabit;

1987 3626 2044 3672 et
2077 3616 2422 3685 perspicuum
2443 3621 2548 3680 est,
2575 3616 2719 3684 quod
2747 3617 2866 3673 alia:
2891 3619 3009 3677 istae
3038 3636 3126 3678 res
3163 3626 3462 3693 paternitas
3490 3629 3574 3685 vi-

1988 3707 2203 3773 delicet,
2255 3717 2311 3763 et
2356 3724 2546 3773 causa,
2579 3706 2634 3762 in
2685 3709 2851 3765 Patre
2909 3711 3042 3767 sint.
3080 3711 3268 3785 Itaque
3310 3724 3367 3770 et
3423 3717 3572 3774 aliud

1987 3800 2192 3872 aliquid
2243 3817 2427 3864 causa,
2480 3809 2676 3870 praeter
2753 3800 2971 3856 Patrem
3002 3844 3016 3870 ,
3078 3807 3573 3878 productoremque

1983 3893 2267 3965 signabit:
2323 3903 2485 3961 atque
2516 3894 2589 3946 ita
2612 3931 2627 3956 ,
2677 3893 3004 3963 compositio
3051 3896 3102 3950 in
3143 3897 3251 3951 Deo
3274 3899 3376 3953 crit
3409 3900 3570 3956 dill‘e-

1985 3984 2222 4041 rentium
2281 3984 2703 4054 intelligibilium
2759 4001 2942 4042 rerum
2982 4006 2998 4044 :
3057 3991 3329 4062 simulque
3373 3995 3426 4049 in
3459 3995 3571 4053 Deo

311 4085 587 4153 prietates,
653 4081 852 4160 quibus
909 4096 1154 4151 personas
1227 4081 1526 4138 secundum
1587 4095 1882 4150 processus
1980 4075 2300 4147 perfectius,
2330 4086 2494 4146 atque
2525 4077 2901 4148 imperfectius
2937 4082 3063 4150 erit,
3097 4099 3274 4153 neque
3304 4085 3572 4144 eritaltes

311 4171 574 4226 rationem
609 4171 1058 4240 distinguuntur:
1110 4171 1255 4225 nulla
1294 4169 1398 4225 alia
1441 4181 1524 4226 est
1564 4170 1878 4226 divinarum

311 4279 662 4335 personarum
685 4263 1013 4328 diﬂ‘erentia,
1061 4264 1284 4334 solaque
1335 4263 1518 4318 divina
1571 4264 1878 4319 substantia

297 4356 636 4426 relinquitur
678 4373 693 4410 :
729 4339 1149 4424 inspiciendum,
1208 4355 1364 4423 juxta
1429 4355 1556 4411 ﬁdei
1615 4368 1878 4411 concessa

313 4449 596 4520 principia,
625 4463 872 4518 quaenam
904 4449 972 4504 sit
1001 4449 1310 4518 proprietas
1343 4447 1544 4512 Patris,
1587 4444 1880 4518 ipsumque

309 4543 538 4613 speciale
567 4542 865 4613 proprium,
908 4544 1049 4612 quod
1073 4544 1344 4613 praecipue
1375 4541 1556 4597 Patris
1589 4556 1874 4595 commen—

309 4637 400 4690 dat
427 4648 734 4706 personam,
758 4643 812 4690 et
840 4633 1058 4688 Patrem
1114 4634 1269 4699 facit,
1305 4650 1369 4689 ac
1401 4634 1698 4689 secundum
1733 4631 1879 4703 quod

307 4727 372 4781 ad
396 4727 699 4796 coaequales
727 4725 831 4783 sibi
861 4740 1124 4796 personas
1147 4722 1276 4781 Filii
1313 4725 1656 4796 Spiritusque
1686 4724 1880 4779 distino

305 4819 506 4889 gnitur.

377 4911 509 4967 Cum
543 4911 706 4979 igitur
742 4911 843 4966 tria
876 4911 1239 4966 communiter
1277 4909 1344 4966 de
1383 4909 1548 4966 Patre
1581 4911 1874 4970 dicantur:

305 5002 450 5072 quod
500 5004 765 5072 ingenitus
815 5005 918 5071 sit;
958 5005 1102 5074 quod
1153 5003 1352 5071 Pater,
1385 5003 1532 5074 quod
1563 5005 1747 5072 spirat,
1781 5017 1879 5058 seu

305 5095 562 5166 producat
584 5113 606 5162 ;
633 5086 924 5167 ingenitum
951 5099 1192 5168 quidem,
1229 5097 1373 5167 quod
1405 5111 1626 5152 causam
1655 5097 1876 5167 signat;

305 5199 364 5242 et
395 5188 440 5243 si
467 5189 762 5244 secundum
785 5190 889 5244 hoc
911 5189 1074 5244 Pater
1111 5205 1141 5243 a
1166 5189 1306 5245 Filio
1349 5188 1664 5259 Spirituque
1691 5201 1877 5244 secer-

306 5277 474 5342 nitur,
505 5275 682 5334 Patris
706 5288 882 5334 tamen
913 5293 1200 5348 personam
1235 5294 1342 5334 non
1378 5278 1759 5344 commendat,
1792 5292 1880 5334 so-

303 5369 526 5440 lumque
557 5370 879 5440 designatio,
904 5379 960 5424 et
990 5369 1138 5425 notio
1179 5369 1348 5440 ipsius
1397 5381 1483 5426 est
1503 5409 1519 5435 ,
1544 5368 1658 5438 jam
1700 5370 1880 5424 subsi-

302 5473 532 5521 stentem
569 5478 822 5532 sequens,
851 5473 910 5517 ut
965 5462 1290 5532 simpliciter
1333 5462 1639 5532 proprium.
1669 5462 1877 5532 Duplex

299 5556 442 5610 enim
484 5555 760 5626 proprium
792 5563 896 5610 est.
930 5554 1088 5609 Aliud
1117 5554 1262 5608 enim
1310 5565 1394 5610 est
1429 5555 1708 5624 proprium
1732 5555 1875 5624 quod

295 5647 708 5704 substantialem
733 5648 971 5717 speciem
999 5647 1269 5718 cujusque
1294 5647 1644 5703 commendat
1668 5686 1684 5714 ,
1714 5656 1876 5714 atque

303 5738 370 5792 ab
409 5739 530 5794 aliis
588 5747 859 5808 separat:
915 5746 974 5790 ut
1011 5735 1162 5791 verbi
1225 5735 1425 5806 gratia,
1476 5735 1704 5790 Paulum
1754 5749 1876 5791 esse

301 5831 497 5888 animal
529 5849 544 5901 ;
585 5830 736 5888 aliud
764 5844 912 5897 vero,
949 5830 1265 5902 magistrum
1288 5827 1457 5887 fuisse
1488 5831 1752 5902 gentium,
1781 5839 1874 5886 aut

1982 4183 2125 4232 rum,
2154 4167 2298 4238 quod
2321 4167 2575 4226 alterum.

1973 4331 1976 4335 _
2052 4261 2206 4329 Quod
2256 4262 2300 4317 si
2342 4260 2482 4318 idem
2535 4273 2621 4319 est
2671 4281 2835 4322 causa
2881 4266 3029 4337 quod
3084 4269 3384 4338 paternitas
3409 4280 3574 4342 atque

1982 4354 2293 4424 productio,
2326 4355 2498 4409 satius
2539 4366 2622 4411 est
2652 4373 2749 4426 pro
2775 4373 2943 4414 causa
2974 4359 3115 4427 quod
3149 4375 3438 4418 commune
3461 4375 3569 4430 est,

1983 4460 2104 4514 qua:
2141 4447 2312 4517 magis
2345 4448 2562 4518 propria
2606 4461 2732 4504 sunt
2781 4451 3160 4507 substantialis
3194 4467 3336 4515 esse.
3363 4455 3567 4517 d'cerc.

1985 4538 2370 4608 paternitatem
2407 4541 2752 4605 scilicet,sen
2789 4545 3223 4612 productionem,
3267 4548 3392 4614 quia
3424 4549 3569 4603 etde

1981 4630 2158 4700 magis
2197 4632 2432 4700 propriis
2487 4633 2940 4688 substantialibus
2988 4648 3170 4688 sermo
3207 4646 3326 4701 est,
3380 4639 3571 4694 ducto-

1981 4736 2179 4792 resque
2197 4725 2569 4794 paterm’tatem
2600 4740 2695 4794 pro
2722 4726 3044 4795 proprietate
3070 4727 3279 4792 dicunt,
3299 4732 3561 4798 quoniam

1980 4826 2037 4872 et
2066 4815 2282 4872 Patrem
2320 4819 2550 4886 primum
2594 4818 2947 4873 conﬁtentur.

2005 4957 2028 4979 ,
2059 4909 2215 4976 Quod
2273 4910 2436 4980 igitur
2489 4911 2708 4965 tertium
2746 4911 2878 4967 illud
2923 4911 3179 4980 quiddam
3206 4927 3372 4970 causa
3427 4917 3568 4973 sub-

1981 5001 2256 5056 stantialis
2308 5003 2404 5068 sit,
2453 5011 2671 5058 constat
2727 5019 2792 5058 ex
2830 5004 2938 5070 bis,
3001 5005 3095 5059 sed
3156 5015 3333 5061 tamen
3389 5023 3570 5079 neque

1979 5104 2274 5165 utrumque
2317 5096 2478 5152 simul
2504 5080 2520 5094 ’
2540 5099 2929 5167 paternitatem
2980 5098 3163 5155 dicere
3213 5099 3296 5156 fas
3323 5109 3431 5158 est.
3455 5103 3568 5159 Aut

1978 5187 2126 5242 enim
2157 5188 2232 5242 ita
2267 5190 2430 5244 ambo
2480 5199 2642 5243 erunt
2685 5191 3102 5260 substantialia,
3133 5194 3290 5265 quasi
3335 5197 3563 5253 seorsim

1978 5290 2273 5350 utrumque
2294 5280 2402 5335 erit
2443 5280 2604 5336 Pater
2633 5281 2930 5337 secundum
2968 5283 3111 5340 hanc
3159 5286 3424 5342 rationem
3448 5290 3568 5343 duas

1977 5371 2318 5428 substantias.
2366 5373 2639 5428 Possibile
2676 5374 2823 5430 enim
2863 5391 2973 5432 non
3006 5386 3134 5446 est,
3180 5381 3287 5434 duo
3311 5382 3566 5434 substan~

1979 5464 2130 5520 tialia
2165 5465 2399 5534 cuipiam
2421 5467 2606 5522 inesse
2623 5467 2827 5526 dicere.

2059 5554 2233 5612 Porro
2295 5559 2400 5614 ltoc
2458 5558 2655 5629 ipsum,
2691 5575 2798 5617 non
2859 5566 2993 5618 duas
3031 5576 3155 5618 esse
3206 5561 3595 5623 substantias,‘

1977 5650 2119 5706 idem
2171 5650 2286 5706 fere
2329 5659 2436 5717 est,
2491 5666 2556 5706 ac
2587 5652 2632 5706 si
2667 5653 2832 5708 homo
2878 5646 3148 5724 quispiam
3173 5652 3312 5708 duas
3365 5651 3565 5707 habeat

1977 5742 2211 5798 animas.
2243 5742 2360 5798 Non
2401 5744 2548 5799 enim
2607 5745 2920 5802 dicerentur
2961 5745 3071 5800 duo
3120 5759 3242 5801 esse
3289 5743 3561 5798 homines.

1983 5835 2285 5907 Utrumque
2319 5838 2465 5893 enim
2519 5839 2882 5897 substantiale
2929 5837 3155 5913 insitum
3178 5877 3194 5904 ,
3229 5837 3372 5909 quod
3401 5851 3562 5894 suum
