4106 6442
599 375 698 468 ιτιί

1849 395 2251 457 maxumus
2288 395 2597 455 clunes
2827 355 2839 374 ’
3580 381 3584 386 ’
3721 385 3808 452 132

592 525 696 576 est,
735 489 916 572 faciet,
977 517 1032 563 et
1085 507 1518 574 commendabil;
1561 507 1645 564 sin
1693 523 1823 561 vero
1869 508 1940 562 ita
1996 507 2154 562 ambo
2185 513 2227 570 Α
2261 509 2619 578 proprietates
2674 507 3004 578 personales,
3066 505 3228 561 etiam
3283 519 3386 556 una
3441 501 3808 577 substantiales

592 600 969 658 substantialia
1025 608 1170 665 sunt,
1226 608 1282 652 ut
1339 599 1601 663 alterum,
1651 597 1825 652 solum
1888 612 2008 651 esse
2055 612 2158 650 non

591 696 807 766 possit;
870 705 1160 760 utrumque
1218 693 1590 759 imperfectum
1657 690 1800 754 erit;
1857 697 1933 752 et,
1987 704 2163 757 neque

585 787 807 842 Patrem
839 787 1007 841 solum
1031 781 1220 840 dit-ens
1254 783 1546 852 quiSpiam,
1567 798 1739 851 neque
1761 783 2159 860 productorem,

583 879 952 932 substantiam
985 876 1226 943 perfecte
1250 915 1264 940 ,
1299 875 1614 943 integreque
1653 872 1923 942 signabit:
1959 871 2031 925 ita
2068 886 2164 926 nec

592 969 770 1024 Patris
811 983 1091 1035 personam
1147 969 1424 1022 discernet
1455 983 1483 1018 a
1531 965 1796 1032 reliquis:
1839 973 1890 1018 et
1943 965 2162 1018 tertium

591 1060 736 1113 aliud
766 1061 1039 1128 quidpiam
1085 1060 1269 1115 dicere
1319 1073 1537 1112 necesse
1581 1059 1705 1120 erit,
1733 1056 1878 1124 quod
1933 1055 2000 1110 sit
2031 1056 2162 1110 sub-

590 1153 802 1206 stantia:
843 1166 1060 1206 nomen.
1111 1151 1174 1206 Et
1221 1150 1453 1204 fortasse
1487 1164 1711 1203 causam
1744 1149 1889 1205 dicet
1939 1149 2160 1219 aliquis,

590 1243 735 1296 aliud
763 1244 909 1296 enim
949 1242 1204 1312 possibile
1239 1257 1343 1295 non
1380 1253 1481 1296 est.
1523 1243 1588 1294 At
1620 1242 1760 1295 istud
1797 1257 1918 1297 esse
1957 1242 2162 1312 impos-

591 1334 770 1400 sibile,
803 1351 966 1402 supra
1021 1336 1451 1390 demonStratum
1508 1346 1613 1388 eat.
1666 1335 1772 1404 Sed
1822 1336 2157 1389 contrarium

591 1441 690 1483 usu
716 1430 989 1495 cernitur;
1040 1431 1130 1500 qui
1158 1429 1301 1483 enim
1336 1429 1553 1485 Patrem
1586 1429 1718 1483 dicit
1766 1429 1938 1484 solum
1971 1443 2162 1498 perso-

593 1537 716 1574 nam
751 1522 1012 1589 aliquam,
1045 1521 1315 1577 veraciter
1340 1532 1504 1590 atque
1536 1519 1774 1591 perfecte
1811 1535 1870 1576 se
1905 1531 2078 1590 putat,
2099 1535 2162 1575 ac

591 1614 952 1666 substantiam
1005 1615 1208 1668 dicere.
1257 1612 1320 1668 Et
1363 1614 1418 1668 hi
1461 1615 1665 1677 ietiam,
1725 1612 1816 1681 qui
1864 1614 2164 1682 producere

593 1701 774 1758 Patris
821 1705 1176 1759 substantiale
1225 1714 1434 1773 ponunt
1483 1705 1864 1776 productorem
1898 1705 2162 1772 dicentes,

591 1792 810 1848 Patrem
837 1812 896 1851 se
917 1797 1224 1866 signiﬁcare
1247 1805 1459 1867 putant.

663 1885 782 1942 Non
838 1889 1020 1957 itaque
1074 1889 1145 1942 ita
1194 1890 1520 1959 productio,
1557 1906 1619 1943 ac
1657 1890 1957 1957 paternitas
2006 1889 2164 1943 ambo

589 1977 756 2033 simul
789 1979 1168 2034 substantialia
1211 1990 1354 2043 sunt,
1375 1990 1431 2033 ut
1458 1979 1685 2034 altermn
1716 1980 1888 2034 solum
1921 1995 2040 2035 esse
2059 1989 2164 2034 non

587 2071 766 2138 possit
793 2087 808 2137 ;
846 2071 1110 2140 reiiqunm
1143 2086 1271 2139 ergo
1299 2078 1401 2138 est,
1422 2071 1505 2126 vel
1531 2071 1910 2141 producterem
1945 2071 2163 2142 quidem

594 2162 952 2217 substantiale
991 2179 1135 2229 esse,
1163 2165 1545 2233 pateruitalem
1575 2173 1754 2217 autem
1790 2161 1968 2232 sequi,
2004 2159 2159 2232 quasi

595 2256 870 2323 proprium
906 2254 1226 2324 simpliciter
1260 2263 1420 2323 atque
1459 2255 1791 2323 agnitionem
1820 2270 1835 2308 :
1868 2263 1961 2309 aut
1983 2264 2166 2325 pater-

595 2345 818 2398 nitatem
869 2344 1086 2412 quidem
1147 2341 1509 2397 substantiale
1557 2356 1696 2407 esse,
1750 2343 2163 2411 productionem

593 2447 742 2495 vero,
781 2444 837 2486 ut
865 2433 1196 2499 agnitionem
1225 2431 1400 2501 sequi.
1433 2429 1540 2484 Sed
1581 2431 1625 2484 si
1661 2431 1878 2499 quidem
1917 2426 2169 2485 substan-

593 2526 720 2578 tiale
744 2524 1029 2594 productio
1062 2534 1176 2582 est.
1207 2523 1504 2592 paternitas
1548 2531 1727 2575 autem
1780 2535 2013 2590 sequens
2043 2536 2168 2591 pro-

597 2619 794 2688 prium.
827 2624 880 2670 ει
907 2615 1267 2670 ευὺςιειιιίειη
1308 2612 1657 2682 signiﬁcans;
1687 2613 1895 2680 primus
1926 2629 2076 2682 ergo,
2106 2623 2161 2669 et

592 2709 714 2764 sine
743 2707 922 2762 medio
954 2706 1284 2776 productiva:
1321 2705 1640 2762 substantiae
1681 2720 1997 2778 processus.
2039 2723 2168 2776 pro—

599 2804 819 2865 ducere,
853 2801 936 2854 vel
959 2800 1169 2870 spirare
1194 2800 1319 2860 erit,
1356 2787 1512 2866 quasi
1545 2798 1664 2852 sine
1697 2797 1874 2852 medio
1908 2799 2166 2854 substan-

601 2891 781 2944 tialem
837 2891 1070 2957 speciem
1124 2903 1377 2956 sequens.
1417 2886 1854 2957 Unumquodque
1879 2887 2024 2942 enim
2077 2903 2165 2944 se-

595 2985 832 3035 cundum
891 2996 1044 3034 suam
1123 2979 1562 3043 subsistentem,
1645 2978 2165 3049 substantialemque

598 3074 1008 3145 proprietatem,
1043 3071 1196 3142 prius
1230 3079 1488 3138 operatur
1520 3082 1535 3123 :
1566 3081 1658 3138 per
1690 3070 1920 3138 primum
1961 3081 2163 3136 autem,

2263 595 2572 653 divinarum
2627 613 2979 667 personarum
3037 611 3158 650 esse
3211 592 3484 649 conﬁteri.
3546 591 3811 660 Prolilerea

2267 690 2530 746 Dominus
2565 669 2768 746 'nustcr
2800 705 2920 742 cum
2966 687 3252 742 Trinitatis
3304 684 3614 754 mysterium
3657 682 3811 736 trade-

2267 793 2368 845 ret,
2400 783 2454 836 in
2492 782 2713 835 nomine
2765 780 2966 845 Patris,
3004 790 3058 834 et
3087 777 3246 843 Filii,
3284 785 3337 830 et
3388 774 3612 844 Spiritus
3639 777 3810 836 sancti,

2265 872 2560 938 discipulos
2597 872 2875 940 baptizare
2905 871 3072 937 jussit
3105 867 3148 922 ¹.
3184 867 3286 922 Per
3326 866 3378 921 id
3419 866 3652 935 quidem,
3686 864 3812 932 quod

2266 946 2421 1030 dixit,
2451 963 2504 1017 in
2563 963 2790 1028 nomine,
2818 975 2978 1016 uuam
3019 961 3309 1014 essentiam
3361 959 3608 1026 signans;
3639 957 3726 1024 per
3769 954 3812 1008 id

2264 1071 2414 1120 vero,
2440 1057 2582 1124 quod
2607 1065 2826 1108 secutus
2864 1051 3131 1121 adjunxit,
3173 1048 3354 1103 Patris
3393 1059 3442 1102 et
3483 1045 3630 1110 Filii,
3652 1055 3701 1099 et
3717 1045 3816 1114 Spi-

2263 1151 2405 1204 ritus
2436 1148 2606 1202 sant-tl
2635 1186 2650 1209 ,
2683 1145 3040 1216 proprietates
3080 1143 3349 1206 indicans,
3383 1141 3667 1195 secundum
3694 1152 3816 1204 quas

2265 1238 2460 1293 divinae
2491 1237 2799 1291 subsistunt
2849 1249 3095 1304 personre
3122 1274 3137 1300 ,
3173 1233 3467 1287 secundum
3505 1229 3814 1284 substantias
3890 1240 3904 1256 ο

2265 1345 2416 1395 suas,
2459 1328 2512 1382 in
2547 1327 2658 1382 suis
2689 1326 2922 1396 propriis
2961 1337 3139 1395 neque
3189 1323 3619 1378 communionem
3665 1320 3812 1375 ullam

2261 1419 2698 1486 admittentibus,
2753 1420 2966 1475 essendi
3025 1418 3224 1472 modis.
3274 1417 3339 1471 Et
3394 1415 3642 1486 quoniam
3694 1413 3816 1467 ratio

2263 1514 2482 1584 quidem
2511 1513 2853 1584 patet-uitatis
2889 1519 2970 1566 est
3016 1508 3296 1588 generatio
3334 1508 3623 1562 secundum
3651 1519 3818 1559 essen-

2264 1607 2421 1669 tiam,
2463 1603 2792 1672 Filinmque,
2833 1602 3008 1671 primo
3042 1614 3105 1653 ac
3138 1599 3257 1656 sine
3287 1597 3397 1652 ullo
3428 1597 3602 1652 medio
3636 1593 3816 1666 produ-

2263 1711 2423 1764 cere;
2454 1708 2711 1768 operatur
2745 1697 2944 1765 quippe
2977 1705 3173 1748 natura
3207 1693 3260 1747 in
3309 1693 3472 1747 Patre
3494 1730 3508 1753 ,
3540 1686 3814 1744 secundum

2265 1791 2650 1861 proprietatem
2683 1801 2946 1858 personae,
2981 1787 3034 1839 in
3066 1799 3169 1854 qua
3201 1794 3313 1851 est;
3343 1784 3508 1852 geniti
3542 1794 3665 1834 vero
3687 1776 3814 1832 ratio

2264 1892 2370 1946 est,
2401 1881 2521 1935 sine
2551 1879 2660 1933 ullo
2691 1878 2868 1932 medio
2889 1891 2954 1930 ει
2989 1876 3153 1929 Patre
3175 1889 3336 1948 esse;
3366 1873 3602 1942 Spiritus
3635 1881 3816 1955 autem.

2265 1975 2379 2028 sive
2404 1970 2746 2042 procedentis
2773 1983 2803 2022 a
2845 1968 3005 2023 Patre
3035 1982 3129 2036 per
3157 1966 3394 2036 genitum
3455 1977 3606 2028 csse;
3639 1961 3820 2015 idcirco

2266 2059 2482 2118 Patrem
2539 2062 2728 2116 ordine
2781 2073 3127 2130 praeponens,
3185 2056 3384 2111 Filium
3447 2053 3732 2122 subjunxit,
3771 2057 3821 2102 ut

2265 2157 2357 2226 qui
2389 2156 2460 2209 sit
2489 2169 2554 2210 ex
2591 2153 2752 2209 Patre
2775 2154 2890 2207 sine
2925 2152 3032 2206 ullo
3065 2151 3240 2204 uie-lio
3265 2165 3280 2214 ;
3306 2149 3524 2202 tertium
3566 2159 3688 2200 vero
3711 2141 3820 2210 Spi-

2267 2249 2432 2302 ritum
2493 2257 2740 2300 sanctum
2793 2243 3020 2308 addidit,
3071 2251 3129 2296 ut
3163 2257 3228 2296 ex
3259 2240 3422 2295 Patre
3460 2237 3817 2309 procedentem

2265 2351 2362 2408 per
2393 2335 2611 2391 Filium.

2337 2428 2392 2482 lu
2425 2427 2654 2490 singulis
2682 2425 2825 2479 enim
2868 2424 3086 2493 propria
3140 2421 3224 2476 sui
3267 2421 3465 2491 ipsius,
3498 2427 3549 2473 et
3585 2417 3818 2472 substan-

2269 2522 2430 2587 lialis,
2459 2531 2510 2574 et
2538 2529 2798 2576 constans
2823 2525 2879 2572 et
2901 2516 3240 2572 substantiva
3275 2515 3510 2580 species,
3539 2511 3816 2566 secundum

2266 2629 2429 2684 quam
2465 2609 2719 2666 subsistit
2771 2609 3045 2678 prima,et
3077 2607 3419 2671 sinentedio,
3453 2605 3574 2674 ejus
3601 2598 3820 2669 operatio

2265 2713 2373 2772 est,
2403 2717 2500 2774 per
2519 2717 2679 2771 quam
2714 2701 3114 2769 praecogitatam
3145 2699 3246 2751 alia
3275 2711 3496 2768 quoque
3524 2703 3767 2765 operatur
3803 2703 3817 2742 :

2265 2795 2411 2850 sicut
2477 2792 2626 2848 verbi
2679 2793 2871 2862 gratia,
2905 2791 2957 2844 in
3011 2791 3248 2855 homine,
3285 2787 3549 2844 rationale
3588 2785 3821 2840 substan-

2267 2886 2395 2942 tiale
2449 2901 2576 2941 cum
2628 2885 2699 2940 sit
2734 2883 2939 2954 speciei
2991 2883 3130 2952 ejus,
3167 2883 3469 2938 secundum
3519 2893 3676 2949 quam
3711 2885 3820 2928 esse

2259 2979 2375 3035 'hoc
2409 2977 2666 3047 quiddam
2703 2976 2840 3030 idem
2877 2976 3150 3029 hominem
3189 2974 3378 3039 habet,
3414 2975 3528 3042 ipsa
3555 2976 3636 3026 est
3664 2969 3818 3038 prima

2267 3069 2382 3138 ejus
2410 3068 2716 3123 immediate
2749 3066 3014 3136 Operatio,
3038 3081 3132 3135 per
3177 3079 3339 3135 quam
3371 3076 3426 3119 et
3457 3064 3560 3118 alia
3593 3067 3822 3131 operatur

584 3175 652 3220 .et
682 3166 799 3219 sine
823 3165 1020 3228 medio,
1050 3163 1210 3216 etiam
1244 3163 1345 3215 alia
1379 3163 1646 3230 producit.
1697 3162 1834 3216 iliuc
1864 3161 2030 3230 igitur
2069 3177 2164 3232 per
2190 3172 2235 3232 ο
2267 3178 2387 3232 quae
2401 3172 2735 3217 constantem
2754 3161 2869 3228 ejus
2898 3161 3132 3234 speciem
3164 3171 3490 3227 sequuntur;
3509 3163 3695 3225 utputa
3714 3149 3822 3204 visi-

589 3259 902 3326 _prodnrere
953 3253 1097 3324 quod
1143 3252 1362 3316 dicitur,
1389 3254 1493 3307 erit
1523 3252 1768 3321 gignere,
1813 3256 2164 3324 genitumque

600 3355 697 3410 per
749 3343 1050 3410 producens
1098 3349 1404 3395 nascetur:
1453 3352 1505 3394 et
1539 3340 1706 3396 Filius
1753 3355 1820 3398 ex
1865 3341 2026 3398 Patre
2069 3358 2167 3413 per

594 3430 858 3498 Spiritum
888 3429 1011 3492 erit,
1060 3444 1234 3498 neque
1262 3430 1366 3484 erit
1411 3429 1581 3484 Filius
1611 3447 1676 3485 ex
1710 3430 1870 3486 Patre
1898 3433 2016 3488 sine
2050 3449 2165 3487 uie—

601 3521 707 3583 dio,
741 3535 914 3588 neque
945 3520 1135 3573 tertius
1165 3535 1193 3573 a
1223 3517 1382 3574 Patre
1435 3520 1670 3590 Spiritus
1700 3524 1999 3577 secundum
2040 3538 2164 3591 per-

591 3608 842 3663 sonalem
901 3608 1179 3672 ordinem;
1255 3606 1598 3676 Spiritusque
1667 3612 1958 3678 conjunget
2018 3607 2166 3662 Patri

591 3699 876 3764 Verbum,
936 3699 1278 3769 plurimaque
1331 3703 1643 3757 necessario
1709 3711 2007 3771 sequentur
2071 3702 2165 3758 ab-

587 3791 783 3846 surda.
1172 3857 1184 3868 ’

668 3881 900 3948 Quibus,
951 3888 1008 3935 ut
1056 3881 1369 3952 pradictum
1400 3887 1504 3944 est,
1537 3890 1591 3936 et
1618 3881 1886 3937 catholica
1925 3883 2059 3940 ﬁdes
2111 3891 2168 3938 et

589 3983 907 4027 sanctorum
938 3972 1160 4027 Patrum
1195 3966 1576 4030 Ecclesiastica
1613 3973 1863 4029 doctrina
1891 3976 2167 4030 contraria

575 4065 785 4130 .seutit,
817 4079 882 4120 ac
920 4064 1200 4134 praedicat.
1243 4063 1448 4134 Nempe
1477 4065 1621 4120 enim
1641 4063 1798 4132 juxta
1830 4067 1971 4120 hanc
1998 4067 2162 4122 ratio-

576 4173 722 4210 «nem
769 4157 1148 4225 productorem
1193 4173 1260 4211 ex
1299 4156 1681 4220 substantiali,
1736 4158 1936 4226 potius
1971 4169 2167 4214 vocare

571 4245 902 4308 .couveniet,
937 4260 1098 4312 quam
1140 4257 1214 4298 ει·
1238 4259 1304 4298 eo
1329 4239 1470 4313 quod
1504 4246 1862 4300 substantiam
1885 4249 2166 4316 sequitur;

554 4334 738 4400 quod
767 4346 796 4384 a
829 4333 1126 4402 Scriptum
1173 4333 1298 4399 tide,
1357 4343 1520 4404 atque
1562 4349 1591 4388 a
1620 4337 2019 4392 consuetudine
2047 4353 2167 4393 om-

575 4423 730 4476 minu
759 4423 992 4477 alienum
1021 4434 1125 4478 est.
2041 4413 2046 4420 κ

2269 3256 2415 3317 bile;
2446 3253 2576 3309 solis
2607 3269 2824 3323 quoque
2873 3252 3086 3322 species
3131 3264 3378 3315 unalcum
3420 3251 3514 3313 sit,
3547 3245 3821 3302 secundum

2268 3361 2430 3417 quam
2461 3347 2542 3399 sol
2579 3346 2848 3407 subsistit,
2872 3343 3196 3412 principium
3234 3341 3532 3406 estprimze
3565 3349 3618 3394 et
3653 3339 3824 3392 imme~

2269 3437 2426 3491 diata:
2450 3435 2786 3504 operationis
2804 3435 2855 3486 in
2880 3433 2995 3487 sole
3015 3431 3250 3495 lucendi,
3277 3447 3400 3499 quae
3444 3432 3660 3486 nullam.
3679 3429 3823 3482 aliam

2270 3536 2393 3580 ante
2407 3541 2467 3580 se
2482 3525 2774 3592 cogitatam
2801 3526 3176 3590 operationem
3207 3523 3266 3576 in
3301 3527 3425 3590 sole
3449 3523 3630 3578 habet.
3647 3521 3719 3574 Ac
3740 3529 3824 3586 per

2269 3619 2409 3673 hanc
2424 3617 2639 3671 lucendi
2653 3616 3057 3684 "operationem,
3073 3619 3328 3684 qua-{ante
3343 3630 3537 3671 omnes
3553 3617 3680 3669 alias
3696 3609 3827 3679 cogi-

2263 3718 2438 3776 tatur,
2471 3717 2631 3777 atque
2661 3709 2779 3763 sine
2817 3707 3000 3762 medio
3031 3708 3086 3760 in
3117 3707 3236 3762 sole
3267 3716 3376 3772 est,
3419 3709 3706 3766 illustrare,
3727 3704 3826 3757 sic-

2269 3817 2419 3868 care,
2462 3801 2765 3858 calefacere
2811 3801 2889 3856 sol
2924 3811 2984 3855 ut
3009 3803 3204 3870 possit,
3248 3802 3438 3857 habet.
3504 3801 3828 3866 Rursumque

2269 3909 2536 3952 numanus
2566 3898 2781 3950 animus
2805 3909 2926 3948 cum
2963 3909 3060 3964 per
3091 3894 3512 3964 intelligentiam
3545 3895 3711 3963 prima
3736 3885 3827 3948 sibi

2269 3991 2324 4038 et
2347 3983 2662 4037 itnmediata
2694 3984 2766 4037 sit
2787 3983 2950 4048 actio,
2971 3993 3066 4051 per
3093 3981 3234 4037 hanc
3255 3985 3663 4055 praec0gitatatn
3679 3981 3828 4035 etiam

2269 4083 2584 4144 sequentem
2608 4075 3004 4145 operationem,
3036 4073 3176 4128 velle
3203 4075 3422 4130 scilicet
3451 4074 3679 4145 perﬁcit.
3704 4071 3831 4137 Opo-

2267 4165 2510 4219 rationes
2557 4164 2701 4218 enim
2749 4165 2850 4218 ista
2899 4164 3152 4218 dicuntur
3183 4167 3488 4233 ,quouiam
3541 4174 3597 4221 et
3652 4160 3833 4218 intelli-

2269 4269 2416 4323 gere,
2453 4263 2509 4310 et
2539 4256 2804 4325 cogitare,
2845 4263 2902 4308 et
2935 4256 3400 4321 animadvertere,
3433 4268 3490 4313 et
3527 4257 3676 4321 velle,
3703 4253 3832 4308 sicut

2267 4345 2432 4398 etiam
2473 4346 2718 4415 gignere,
2747 4348 2960 4416 operari
2999 4347 3202 4422 aliquid
3235 4357 3338 4404 est.

2339 4437 2630 4504 Quocirca,
2664 4439 2919 4507 quoniam
2962 4440 3263 4494 secundum
3288 4441 3548 4512 gignendi
3579 4445 3830 4500 rationem

669 4516 934 4579 Quoniam
966 4515 1131 4584 igitur
1161 4515 1292 4569 nihil
1339 4529 1528 4570 eorum
1579 4531 1698 4586 quae
1731 4517 1987 4587 prtedicta
2018 4531 2168 4588 sunt,
2201 4505 2244 4562 Π
2271 4529 2450 4585 Patris
2494 4505 2723 4600 persona
2750 4532 3000 4586 subsistit
3039 4547 3054 4598 ;
3107 4547 3204 4602 per
3236 4505 3414 4604 ipsum
3445 4537 3668 4606 gignere
3700 4532 3831 4606 quod

577 4606 950 4660 mubstantiale
984 4618 1278 4674 est,neque
1307 4609 1626 4678 ingenitum,
1659 4621 1832 4677 neque
1865 4625 2050 4677 causa,
2071 4628 2168 4668 ne-

587 4711 704 4765 que
730 4697 1017 4764 productio
1045 4704 1100 4749 et
1152 4699 1451 4763 paternitas
1483 4699 1664 4764 simul,
1725 4701 1881 4768 quasi
1938 4701 2168 4758 alterum

584 4802 720 4840 esse
746 4802 856 4839 non
887 4789 1098 4856 possit:
1130 4804 1300 4856 neque
1329 4791 1632 4858 producere
1663 4801 1869 4846 tantum
1895 4797 2040 4862 quod
2073 4779 2161 4852 die

588 4877 763 4941 citur,
799 4879 1152 4934 substantiale
1199 4880 1380 4937 Patris
1424 4899 1546 4940 esse
1599 4899 1821 4956 potest:
1857 4899 2049 4954 restat,
2109 4901 2168 4946 ut

592 4969 981 5038 pateruitatem
1036 4972 1212 5026 solam
1260 4971 1440 5030 Patris
1469 4991 1590 5033 esse
1617 4981 1979 5050 substantiale
2027 4984 2171 5037 dica-

595 5076 740 5126 mus,
773 5061 924 5129 quasi
975 5065 1442 5122 commendantem
1491 5071 1543 5124 in
1573 5075 1831 5144 proprio,
1866 5082 1922 5128 et
1964 5075 2166 5130 nemini

593 5168 888 5208 commune
916 5169 1036 5209 esse
1069 5155 1247 5213 Patris
1273 5175 1581 5228 personam,
1623 5168 1739 5220 sive
1779 5167 2168 5235 substantiam,

594 5247 1010 5315 productionem
1046 5263 1172 5302 vero
1203 5263 1491 5318 personam
1523 5257 1713 5325 sequi,
1748 5267 1808 5311 ut
1828 5262 2166 5329 agnitionem

578 5336 938 5404 ίίιιψιιείιειι,
997 5352 1060 5393 ac
1110 5342 1561 5410 signiﬁcationem
1620 5349 1941 5403 substantia:
1995 5351 2165 5418 ipsius

588 5427 708 5496 jam
742 5426 1101 5484 subsistentis.
1133 5429 1197 5484 Et
1235 5444 1641 5502 consequenter
1675 5436 2013 5491 nativitatem
2043 5433 2165 5508 qui;

588 5519 724 5572 Alcm
765 5516 894 5574 .Filii
944 5535 1233 5590 personam
1293 5527 1679 5583 commendare
1707 5567 1722 5591 ,
1759 5529 2162 5596 processioaem

595 5622 730 5662 uero
777 5610 951 5665 sancti
1007 5612 1245 5681 Spiritus
1293 5627 1628 5686 personam:
1666 5627 1830 5686 atque
1873 5619 2006 5678 istas
2045 5631 2160 5681 tres

624 5793 643 5824 ‘
676 5795 862 5850 match.
896 5811 1086 5862 sat-ritu,
1117 5796 1200 5860 19,
1224 5795 1314 5849 20.

2269 4623 2485 4688 dicitur,
2519 4623 2684 4678 etiam
2719 4625 3014 4693 productor
3051 4625 3216 4681 Pater
3261 4630 3391 4682 erit.
3451 4629 3577 4686 Ideo
3622 4639 3678 4684 et
3709 4641 3832 4682 con-

2268 4729 2395 4785 grue
2425 4729 2556 4770 saue
2582 4717 2876 4780 productor
2935 4731 3030 4786 per
3071 4717 3308 4774 Verbum
3340 4721 3527 4782 dictus
3559 4731 3643 4776 est
3674 4737 3691 4786 ;
3723 4719 3835 4786 Spi-

2266 4807 2511 4875 ritusque
2532 4821 2595 4859 ex
2635 4808 2794 4861 Patre
2818 4813 3135 4878 procedere.
3165 4808 3349 4880 Neque
3380 4812 3490 4868 hoc
3517 4814 3713 4878 solum,
3745 4810 3832 4864 sed

2263 4899 2320 4947 et
2351 4907 2447 4961 per
2479 4891 2678 4947 Filium
2704 4894 2843 4950 facta
2873 4911 2995 4950 esse
3025 4900 3230 4965 omnia,
3261 4904 3606 4971 accepimus.

2339 4983 2464 5038 llaec
2514 4994 2693 5041 autem
2724 4988 2984 5056 prmdicta
3029 4991 3212 5044 omnia
3264 4992 3567 5060 roborant;
3616 5001 3836 5059 namque

2263 5083 2320 5128 et
2349 5077 2603 5130 traditum
2657 5080 3044 5134 commendant
3097 5083 3368 5150 ordinem,
3401 5084 3715 5155 Filimnque
3749 5099 3835 5136 nc-

2266 5169 2507 5222 cessario
2535 5170 2687 5239 prius
2717 5184 2901 5227 metite
2933 5175 3172 5243 concipi,
3203 5185 3364 5243 quam
3403 5177 3690 5248 Spiritum,
3721 5183 3770 5228 et
3809 5188 3834 5224 a

2268 5259 2428 5315 Patre
2455 5263 2672 5316 tertium
2729 5265 3025 5319 secundum
3054 5270 3397 5337 personalem
3453 5272 3701 5325 ordinem
3729 5280 3838 5321 esse

2273 5349 2569 5418 Spiritum:
2601 5363 2761 5422 atque
2777 5371 2900 5409 cum
2923 5360 3114 5413 ordine
3135 5371 3484 5428 personarum
3509 5364 3577 5415 ad
3597 5359 3835 5417 invicem.

2271 5443 2361 5509 qui
2382 5458 2445 5497 ex
2475 5449 2824 5512 processibus
2845 5453 3008 5503 snuul
3038 5450 3367 5519 declaratur,
3403 5452 3661 5507 essentia:
3714 5463 3834 5517 quo-

2269 5549 2376 5604 que
2404 5538 2694 5593 roboratur
2721 5540 2998 5606 identitas,
3030 5557 3154 5597 cum
3178 5548 3368 5599 tertius
3410 5545 3588 5612 primo
3613 5557 3706 5614 per
3734 5549 3835 5594 me-

2267 5627 2414 5682 ditun
2437 5627 2706 5701 jungitur,
2738 5630 2894 5703 juxta
2922 5631 3244 5705 Gregorium
3269 5627 3598 5706 Nyssenum,
3630 5638 3835 5687 natura-
