4106 6436
315 383 417 448 133

1405 378 1808 462 Apvensus
1840 373 2163 440 cumcos
2191 381 2338 442 LIB.
2366 383 2482 446 III.

3497 389 3596 452 l3t-i

309 499 458 569 lique
508 493 750 550 bonitate
795 508 860 548 ac
918 491 1182 564 dignitate
1250 492 1395 563 regia
1468 509 1534 547 ex
1593 492 1758 548 Patre
1811 507 1908 561 per
1938 494 1986 552 Α
2086 492 2162 547 Ex
2193 494 2396 565 quibus
2429 495 2482 550 id
2511 494 2676 550 etiam
2702 495 2961 552 admirari
3009 497 3160 566 licet,
3179 502 3489 572 quomodo,
3510 507 3604 574 qui

313 592 660 662 Unigenitttm
688 589 755 642 ad
787 586 1048 658 Spiritum
1078 599 1330 641 sanetum
1367 602 1432 641 ex
1499 587 1663 645 Patre
1701 601 1896 658 proce-

309 688 459 749 dere.
494 699 597 740 non
619 691 802 738 tamen
824 697 893 736 ex
919 681 1252 752 productore
1275 679 1453 746 .N.nn,
1484 681 1784 736 secundum
1807 695 1900 750 pa-

311 789 520 834 ternam
577 776 965 845 proprietatem
1003 772 1187 829 Patris
1256 789 1494 844 persona
1568 775 1898 839 subsistens,

307 873 606 926 secundum
631 869 771 924 hanc
799 869 1075 939 primitus,
1097 883 1160 922 ac
1177 869 1296 924 sine
1322 869 1502 924 medio
1525 885 1590 923 ex
1618 884 1677 924 se
1705 869 1897 923 Filium

309 965 484 1036 gignit
511 987 522 1017 ;
545 961 819 1034 gignendo
850 971 1034 1016 autem
1061 960 1310 1030 producit
1328 973 1379 1016 et
1409 959 1673 1029 Spiritum
1702 978 1714 1013 ε
1747 962 1896 1015 illttm

310 1057 532 1128 quidem
557 1055 903 1111 continenter
947 1069 1014 1110 ex
1039 1055 1239 1125 primo;
1279 1056 1424 1108 hunc
1447 1064 1624 1108 autem
1651 1068 1749 1123 per
1771 1068 1896 1108 eum

311 1151 404 1221 qui
435 1158 519 1204 est
545 1149 895 1204 continenter
918 1163 984 1203 ex
1015 1147 1213 1218 primo.
1246 1146 1354 1200 Nisi
1375 1160 1507 1215 ergo
1531 1147 1692 1201 Pater
1729 1157 1896 1213 esset,

313 1241 549 1314 profecto
568 1255 742 1311 neque
762 1241 1059 1312 productor
1091 1248 1260 1297 esset.

349 1334 538 1390 'Unde
568 1335 732 1388 etiam
763 1333 972 1389 dictum
998 1344 1112 1402 cst,
1165 1335 1375 1390 idcirco
1413 1327 1582 1389 illum
1632 1349 1696 1390 ex
1733 1335 1898 1390 Patre

307 1426 628 1496 procedere,
659 1428 918 1497 quoniam
967 1427 1236 1497 eﬂttlgeta
1291 1426 1451 1494 F.lio,
1513 1437 1566 1487 et
1597 1443 1693 1498 per
1718 1429 1895 1499 ipsum

308 1531 411 1576 est.
432 1518 545 1575 Nisi
570 1522 710 1575 enim
751 1537 848 1592 per
868 1521 1066 1576 Filium
1089 1532 1255 1586 esset,
1277 1539 1452 1593 neque
1482 1541 1510 1577 a
1548 1523 1709 1578 Patre
1725 1532 1892 1579 esset.

310 1613 500 1682 Itaque
529 1614 879 1684 pmcogitato
916 1615 1133 1686 quidem
1158 1613 1297 1670 Filio
1334 1624 1556 1686 propter
1610 1625 1915 1686 paternam

309 1708 736 1776 generationem,
767 1709 1068 1763 secundum
1093 1725 1254 1780 quam
1279 1709 1460 1764 Patris
1499 1724 1730 1778 persona
1771 1710 1898 1765 sub-

311 1802 455 1857 sistit
487 1819 500 1855 :
538 1818 632 1870 per
662 1800 854 1856 Filium
888 1817 1016 1858 vero
1058 1802 1390 1871 procedente
1419 1802 1628 1874 Spiritu
1667 1812 1893 1867 sancto,

2009 585 2268 656 Spiritum
2309 600 2560 644 sanctum
2619 604 2685 644 ex
2719 590 2836 646 solo
2896 590 3058 647 Patre
3082 607 3203 648 esse
3236 595 3443 662 volunt,
3471 598 3602 651 dum

2008 680 2114 736 sibi
2147 681 2274 750 ipsis
2309 683 2534 738 nimium
2565 684 2864 755 indulgent,
2897 685 3250 747 substantiale
3273 688 3449 744 Patris
3476 704 3605 759 pro-

2008 771 2211 828 ducere
2263 783 2493 843 ponunt,
2527 779 2749 848 etquod
2801 779 3086 848 quaeritur,
3145 779 3200 834 in
3232 797 3342 852 quo
3369 785 3600 838 multum

2007 863 2208 922 laboris
2263 876 2321 921 ut
2352 869 2575 926 ostendi
2621 883 2827 939 posset,
2890 874 3125 941 primum
3176 873 3466 945 oportebat
3510 891 3599 931 as-

2007 958 2176 1020 sumi,
2207 958 2365 1026 quasi
2399 974 2723 1017 concessqu
2748 964 3028 1034 accipiunt
3053 982 3067 1029 ;
3090 979 3216 1020 cum
3249 981 3426 1036 neque
3453 981 3605 1020 com-

2007 1063 2202 1105 munes
2230 1052 2296 1104 de
2327 1051 2370 1106 Τ
2377 1051 2601 1109 rinitate
2637 1054 3016 1125 intelligentia:
3042 1057 3392 1126 permittant;
3427 1073 3603 1128 neque

2005 1141 2057 1196 id
2082 1156 2252 1198 sacrm
2280 1142 2504 1200 Littera:
2538 1145 2776 1201 habeant
2811 1167 2825 1216 ;
2863 1164 3042 1218 neque
3092 1151 3232 1206 ullus
3284 1162 3601 1207 sanctorum

2005 1233 2229 1288 Patrum
2281 1235 2517 1302 dixerit,
2547 1237 2618 1292 ab
2663 1237 2972 1308 huiusmodi
3008 1241 3367 1310 intelligentia
3407 1241 3605 1295 adver-

2009 1328 2193 1382 terint.
2225 1327 2355 1393 Sed,
2393 1344 2516 1383 cum
2554 1345 2730 1399 neque
2759 1332 3227 1402 a'disputantibus
3251 1333 3302 1386 id
3333 1333 3602 1386 conceda-

2007 1429 2115 1484 tur,
2153 1420 2258 1489 ipsi
2290 1429 2470 1476 tatnen
2502 1424 2662 1492 quasi
2701 1439 2798 1492 pro
2824 1438 3106 1491 concesso,
3145 1427 3288 1496 quod
3311 1423 3598 1494 quaeritur.

2006 1521 2204 1584 prauer
2251 1529 2469 1570 omnem
2531 1516 2802 1573 rationem
2864 1517 3261 1590 supponentes,
3317 1524 3512 1587 putant
3541 1531 3602 1571 se

2006 1606 2211 1675 aliquid
2253 1607 2607 1674 concludere,
2658 1611 3002 1682 plurimaque
3052 1611 3234 1682 inepta
3264 1620 3455 1666 contra
3504 1622 3602 1664 eos

2006 1699 2096 1768 qui
2121 1715 2216 1769 per
2238 1699 2434 1756 Filium
2475 1713 2640 1772 atque
2677 1720 2708 1756 a
2733 1701 2873 1758 Filio
2907 1711 3032 1759 esse
3055 1705 3316 1774 Spiritum
3345 1713 3600 1757 sanctum

2005 1796 2362 1861 conﬁtentur,
2391 1796 2674 1865 colligunt.
2695 1796 2849 1862 Quod
2873 1796 2918 1852 si
2950 1799 3050 1852 tria
3073 1797 3414 1852 solummodo
3436 1796 3600 1850 trium

310 1867 854 1964 proprie-admodum
881 1867 1118 1962 Spiritus
1154 1907 1378 1951 sanctus
1411 1867 1478 1952 es
1505 1899 1670 1952 Patre
1704 1911 1898 1968 prece.

2005 1900 2358 1957 personarum
2396 1889 2776 1945 substantialia
2813 1903 2937 1944 esse
2971 1903 3201 1946 necesse
3229 1892 3330 1956 eét,
3372 1905 3440 1944 ne
3473 1888 3601 1956 plu-

312 1989 442 2040 derc
474 2003 501 2039 a
525 1986 785 2058 theologis
815 1989 1076 2043 asseritur
1107 2004 1122 2054 ;
1157 1997 1216 2044 ut
1268 1989 1360 2058 qui
1408 2004 1516 2044 non
1545 1989 1706 2044 aliter
1735 2003 1898 2058 quam

312 2093 383 2134 ex
433 2075 592 2134 Patre
617 2095 709 2149 per
740 2081 1146 2149 generationem
1203 2082 1538 2151 producatur
1589 2098 1604 2136 :
1638 2082 1707 2137 ob
1731 2096 1894 2151 quam

312 2171 560 2242 profecto
592 2186 834 2236 causam,
869 2183 923 2227 et
957 2173 1132 2228 sancti
1159 2171 1350 2230 Patres
1397 2174 1748 2245 conjunctam
1774 2188 1900 2243 pro-

312 2264 538 2318 cedendi
577 2263 966 2330 deﬁnitionem,
1001 2280 1067 2320 ex
1126 2266 1287 2321 Patre
1323 2267 1468 2338 quod
1531 2267 1753 2333 dicitur,
1799 2281 1898 2338 pro

313 2369 380 2408 eo
409 2357 552 2424 quod
591 2365 671 2409 est
705 2369 769 2409 ex
804 2353 964 2409 Patre
991 2371 1090 2425 per
1125 2355 1320 2429 Filium
1357 2357 1747 2427 suscipientes,
1783 2373 1896 2410 ma-

315 2445 563 2505 nifestius
599 2448 973 2518 explieuerunt
1028 2450 1178 2504 :Iioc
1223 2449 1401 2520 ipsum
1462 2463 1585 2506 esse
1643 2464 1709 2504 ex
1738 2449 1898 2505 Patre

322 2537 627 2606 procedere,
687 2538 888 2594 divinis
963 2539 1273 2595 rationibus
1331 2550 1736 2596 asseverantes.
1777 2540 1894 2597 Nisi

325 2629 468 2682 enim
500 2631 780 2685 secundum
836 2634 1182 2698 paternitatis
1236 2634 1643 2703 deﬁnitionem,
1683 2649 1885 2691 secun-

319 2722 443 2775 dum
467 2737 624 2791 quam
652 2722 825 2779 Patris
847 2739 1077 2794 persona
1111 2727 1383 2791 subsistit,
1431 2727 1690 2782 nativitas
1746 2726 1896 2790 Filii,

314 2815 632 2884 priusquam
665 2820 940 2886 processio
994 2818 1235 2888 Spiritus
1271 2821 1626 2889 cogitaretur,
1683 2836 1891 2889 neqna-
1945 2892 1948 2894 γ

312 2924 476 2978 quam
507 2925 567 2964 ex
603 2911 754 2966 Patre
781 2913 1099 2980 procedere,
1134 2913 1230 2969 sed
1258 2928 1324 2968 cx
1372 2915 1706 2983 productore
1741 2917 1892 2970 dice-

313 3010 483 3068 retur,
535 3013 693 3071 atque
728 3021 802 3070 .eo
830 3007 1022 3076 magis,
1061 3021 1126 3060 ne
1155 3016 1212 3062 et
1265 3005 1502 3077 Spiritus
1542 3006 1714 3064 Filius
1773 3025 1897 3064 esse

311 3097 640 3164 quihusdam
703 3097 933 3154 fortasse
977 3101 1276 3164 videretur,
1316 3114 1439 3156 cum
1483 3101 1784 3169 procedere
1815 3103 1896 3155 di-

312 3205 529 3244 ceremr
549 3205 616 3244 ex
643 3189 818 3246 Patre.
849 3193 1101 3262 Congrue
1137 3194 1302 3260 igitur
1358 3193 1638 3247 innovatio
1686 3193 1896 3248 ordinis
1922 3225 1968 3289 ϐ

313 3297 472 3352 quem
516 3280 771 3338 Dominus
801 3285 1043 3347 tradidit,
1085 3287 1252 3354 ipsius
1294 3283 1614 3340 substantiae
1646 3285 1901 3340 abolitio-

317 3391 442 3429 nem
497 3373 717 3442 habere,
770 3377 1004 3447 ﬁdeique
1044 3378 1208 3433 totius
1262 3377 1548 3449 abnegatio
1577 3392 1697 3434 esse
1750 3380 1895 3434 dicta

316 3478 417 3523 est.
459 3457 739 3537 Abnegant
772 3468 930 3524 tidem
961 3468 1194 3531 Scilicet,
1225 3472 1316 3542 qui
1339 3471 1649 3540 producere
1678 3471 1896 3539 quidem

318 3571 377 3615 ut
411 3561 766 3616 substantiale
797 3573 1059 3630 ponentes
1087 3562 1286 3629 Patris,
1314 3579 1380 3619 ex
1417 3564 1538 3634 ipso
1571 3563 1692 3619 sine
1721 3563 1899 3618 medio

316 3654 612 3720 procedere
642 3651 903 3722 Spiritum
930 3653 1143 3709 dicunt.

389 3745 730 3798 Attestantur
751 3753 928 3799 autem
964 3746 1050 3800 his
1079 3761 1198 3816 quae
1229 3746 1373 3800 dicta
1405 3758 1556 3812 sunt,
1604 3746 1734 3802 hinc
1770 3748 1897 3818 qui-

318 3837 442 3890 dem
475 3835 755 3907 Scriptura
778 3837 959 3892 divina
998 3837 1222 3906 ubique,
1253 3854 1375 3892 cum
1413 3838 1480 3894 de
1503 3823 1676 3893 tribus
1707 3854 1897 3909 perso-

322 3926 671 3997 nisloquitur,
693 3929 930 3994 Patrem,
956 3941 1006 3983 et
1023 3928 1240 3994 Filium,
1273 3941 1326 3984 et
1351 3929 1612 4001 Spiritqu
1647 3943 1898 3987 sanctum

324 4021 628 4086 euuntians,
660 4020 814 4089 quasi
846 4023 947 4077 ista
1003 4020 1296 4086 sulliciant,
1325 4023 1537 4078 divinas
1591 4023 1712 4079 illas
1771 4024 1902 4079 sub-

323 4113 596 4168 sistentias
643 4113 1086 4184 substantiasque
1136 4115 1695 4170 commendareﬂinc
1734 4117 1928 4171 etiam‘

325 4205 583 4261 Ductores
637 4211 834 4270 sancti.
864 4222 986 4264 cum
1023 4207 1091 4263 de
1119 4207 1576 4263 substantialibus
1593 4209 1899 4278 disserunt,

325 4299 467 4354 solas
487 4299 585 4353 has
606 4299 957 4355 discretionis
979 4286 1199 4354 iradunt
1239 4315 1452 4355 causas.
1479 4301 1570 4355 Ait
1598 4301 1742 4355 enim
1774 4315 1902 4354 san-

327 4400 445 4444 ctus
473 4389 708 4446 Joannes
736 4393 1128 4447 Damasceuus:
1159 4388 1332 4446 Unum
1367 4391 1539 4448 Deum
1563 4394 1898 4463 agnoscimus

328 4485 376 4537 in
398 4484 523 4538 satis
551 4483 959 4554 proprietatibus
981 4485 1341 4551 patemitatis,
1365 4485 1680 4552 nativitatis,
1705 4495 1752 4540 et
1778 4503 1904 4557 pro-

2004 1980 2139 2033 rima
2173 1981 2405 2035 absurda
2452 1995 2516 2036 ac
2551 1982 2769 2051 indigna
2818 1993 3142 2051 sequantur,
3174 1981 3416 2050 solisque
3467 1995 3599 2051 pro-

2003 2072 2332 2140 prietatibus
2385 2074 2755 2141 paternitatis,
2805 2083 2862 2128 et
2907 2074 3231 2134 nativitatis.
3258 2089 3322 2128 ac
3378 2088 3604 2142 proces-

2001 2165 2193 2228 sionis,
2248 2166 2616 2219 subsistentia:
2671 2167 2892 2220 modum
2950 2165 3421 2235 diﬁ‘erentiamquc
3469 2167 3599 2222 sub-

2002 2257 2333 2313 stantiarum
2365 2255 2746 2324 intelligimus,
2777 2256 2932 2325 juxta
2993 2264 3305 2312 sanctorum
3371 2256 3595 2310 Patrum

1999 2348 2353 2403 traditionem
2384 2363 2400 2402 :
2432 2349 2625 2419 liquet,
2653 2357 2853 2417 printer
2885 2348 3176 2419 praedictas
3209 2349 3593 2419 proprietates,

1999 2439 2212 2495 nullum
2246 2439 2393 2494 aliud
2416 2438 2780 2495 substantiale
2829 2453 2973 2504 esse,
3005 2440 3379 2508 cujuscunque
3428 2442 3596 2492 trium

1999 2532 2053 2586 in
2103 2543 2293 2587 sancta
2351 2531 2626 2587 Triuitate
2663 2545 3024 2602 personarum
3054 2547 3070 2596 ;
3107 2529 3412 2600 falsumque
3441 2544 3590 2594 esse,

1997 2626 2141 2696 quod
2178 2625 2253 2679 illi
2275 2639 2372 2694 pro
2397 2637 2660 2680 concesso
2690 2634 2922 2693 ponunt,
2949 2622 3192 2694 falsaque
3216 2624 3596 2692 omnia,qute-
3693 2630 3706 2638 '

2001 2733 2106 2789 que
2168 2717 2274 2775 hoc
2302 2714 2497 2791 {posito
2551 2718 2899 2783 concludere,
2952 2727 3115 2787 atque
3145 2730 3376 2787 arguere
3401 2731 3461 2770 se
3495 2731 3596 2786 pu-

2000 2821 2161 2866 tant:
2212 2821 2550 2880 externaque
2609 2825 2672 2865 ac
2703 2810 3088 2881 pntidanua:
3111 2818 3302 2864 contra
3348 2807 3594 2874 Latinos,

2004 2903 2118 2959 imo
2153 2918 2280 2958 vero
2322 2912 2512 2958 contra
2545 2915 2765 2958 sanctos
2798 2904 2990 2957 Patres
3030 2901 3363 2972 longissimis
3395 2912 3599 2957 tracta-

2000 2990 2147 3051 tibus
2177 2996 2828 3064 conscribunt.pertqtm
2864 2994 3217 3058 concludunt,
3268 2995 3341 3048 illi
3366 2995 3592 3064 quidem

2001 3087 2159 3153 nihil,
2187 3103 2402 3158 semper
2431 3099 2611 3142 autem
2645 3089 2698 3141 in
2733 3087 3014 3157 principiis
3041 3096 3353 3140 versantur.

2071 3179 2374 3236 Conﬁcitur
2403 3189 2582 3235 autem
2615 3189 2670 3233 et
2699 3194 2766 3233 ex
2803 3181 2886 3234 liis
2935 3193 3056 3246 quae
3081 3179 3223 3233 dicta
3270 3187 3419 3242 sunt,
3451 3178 3595 3249 quod

2001 3290 2190 3330 eorum
2221 3289 2341 3343 quae
2366 3272 2622 3328 dicuntur
2650 3273 2702 3327 in
2725 3274 2836 3327 Deo
2860 3273 2963 3326 alia
2989 3273 3204 3342 quidem
3243 3272 3447 3326 nullam
3478 3271 3594 3327 dis-

2002 3369 2298 3423 cretionent
2350 3364 2606 3438 signant;
2641 3367 2735 3423 sed
2769 3368 2821 3420 in
2849 3375 2958 3421 tota
2989 3367 3272 3420 divinitate
3303 3365 3599 3420 indiscrete

2003 3460 2290 3514 dicuntur:
2345 3461 2462 3529 sive
2518 3459 2793 3524 absoluta,
2825 3459 3122 3514 secundum
3181 3473 3243 3513 se
3271 3459 3388 3528 ipsa
3446 3458 3597 3511 dicat

2000 3553 2292 3622 quispiam,
2325 3563 2383 3604 ut
2409 3556 2650 3623 sapiens,
2684 3552 2879 3613 bonus,
2909 3553 3039 3616 vita,
3065 3551 3288 3617 veritas,
3309 3553 3546 3606 essentia
3575 3569 3596 3606 :

2001 3649 2138 3711 sive,
2174 3662 2298 3716 quae
2321 3660 2418 3714 per
2444 3659 2729 3716 excessum
2765 3644 3068 3715 negationis
3096 3643 3380 3709 dicuntur,
3413 3652 3474 3696 ut
3507 3642 3594 3698 in-

2003 3711 2250 3797 visibilis.
2277 3711 2869 3806 incomprehensibilis,
2891 3734 3456 3803 supersubstantialis:
3478 3734 3596 3788 sive

2001 3838 2123 3896 qua:
2170 3825 2412 3892 habitum
2475 3829 2542 3877 ad
2579 3833 2888 3878 creaturam
2943 3823 3207 3890 iudicant,
3265 3833 3323 3878 ut
3353 3832 3599 3890 creator,

2004 3933 2123 3984 rex,
2155 3919 2526 3988 omnipotens.
2563 3916 2682 3980 Alia
2749 3932 2876 3973 vero
2933 3919 3152 3988 propria
3212 3918 3266 3972 in
3325 3918 3602 3973 Trinitate

2006 4021 2159 4067 ειιιιι.

2073 4101 2141 4156 Ει
2170 4100 2514 4171 propriorum
2551 4100 2656 4154 alia
2687 4099 2907 4169 quidem
2960 4099 3176 4158 duobus
3229 4102 3604 4158 communiter

2001 4205 2149 4263 sunt,
2185 4193 2408 4266 propria
2437 4207 2590 4258 vero,
2629 4192 2696 4246 ad
2729 4192 3017 4263 reliquam.
3040 4193 3138 4248 Est
3161 4194 3307 4249 enim
3351 4203 3407 4250 et
3435 4196 3602 4263 quid-

2002 4291 2129 4346 dam
2174 4289 2281 4342 tale
2327 4288 2631 4357 proprium,
2681 4285 2750 4339 ad
2779 4285 2928 4341 aliud
2975 4284 3203 4355 aliquid,
3243 4295 3302 4340 et
3333 4285 3480 4356 quod
3528 4286 3600 4340 ad

2003 4383 2224 4454 aliquod
2269 4383 2472 4438 dicitur
2505 4378 2808 4450 proprium,
2844 4387 3152 4435 nontamen
3187 4379 3490 4434 secundum
3512 4393 3601 4433 se-
3678 4425 3684 4431 .

2004 4477 2179 4546 ipsum
2231 4473 2535 4545 proprium,
2583 4469 2742 4538 quasi
2793 4471 3182 4525 commendare
3234 4470 3337 4524 hoc
3391 4469 3605 4538 aliquid

326 4573 588 4633 cessionis.
619 4582 667 4627 et
702 4571 988 4625 secundum
1021 4587 1262 4637 causam,
1287 4585 1334 4627 et
1357 4575 1593 4638 causale,
1619 4574 1895 4646 perfectio-
1930 4575 1975 4632 Ι)
2003 4569 2214 4640 possit;
2271 4575 2328 4621 ut
2389 4565 2539 4620 verbi
2588 4566 2764 4636 gratia
2821 4565 3070 4635 bipedem
3101 4576 3247 4628 esse,
3285 4562 3490 4616 Ιιοηιίηί
3530 4563 3604 4614 ad

329 4680 540 4735 namque
560 4665 868 4720 substantiae
891 4668 996 4720 sive
1024 4665 1370 4721 subsistentia
1405 4665 1616 4720 modum
1641 4666 1900 4736 αἰπεῖα-

323 4761 446 4810 tiam
487 4759 848 4828 intelligimus.
883 4757 1036 4825 Quod
1088 4759 1132 4813 si
1179 4759 1232 4813 in
1269 4759 1401 4814 solis
1469 4759 1903 4829 preprietatibus

326 4849 678 4905 differentiam
709 4851 1063 4923 intelligimus
1095 4860 1150 4907 et
1173 4854 1304 4922 ipsa:
1332 4851 1460 4908 solae
1507 4851 1720 4906 scilicet
1772 4865 1899 4920 per-

324 4957 482 4997 sonas
515 4944 941 5012 commendant;
965 4943 1010 4998 si
1035 4945 1202 5015 igitur
1229 4944 1346 4998 haec
1371 4958 1498 4997 vera
1529 4952 1676 5007 sunt,
1700 4943 1904 5014 produ-

325 5049 446 5088 cere
469 5049 688 5104 prorsus
712 5037 1064 5092 substantiale
1097 5053 1201 5091 non
1225 5047 1328 5091 est.
1356 5033 1664 5091 Conﬁcitur
1692 5047 1897 5100 autem,

328 5126 472 5192 quod
521 5123 611 5194 qui
663 5125 842 5180 Patris
886 5126 1290 5189 substantialia,
1322 5127 1475 5195 plura
1515 5139 1679 5194 quant
1727 5139 1931 5203 nnum_

328 5228 552 5285 ponunt,
591 5218 1083 5288 paternitatemque
1107 5226 1162 5272 et
1187 5217 1630 5286 productionem,
1686 5215 1904 5285 ingeni-

330 5319 546 5378 tnmque
578 5319 632 5364 et
656 5325 900 5374 causam,
951 5309 1178 5364 veritate
1203 5309 1464 5363 excidunt
1494 5323 1510 5373 ;
1543 5306 1902 5378 plurimisque

330 5401 752 5458 absutditatibus
800 5411 1052 5457 tenentur
1087 5401 1296 5456 astricti
1342 5417 1359 5468 ;
1393 5401 1518 5454 dum
1551 5409 1604 5452 et
1652 5399 1906 5454 substan-

332 5496 456 5549 tiam
494 5495 669 5551 Patris
689 5495 1046 5564 compositam
1090 5494 1271 5551 dicere
1314 5505 1604 5564 cognntur,
1643 5491 1904 5547 traditos-

328 5600 431 5656 que
464 5589 768 5645 divinarum
801 5602 1159 5659 personarum
1217 5601 1502 5658 processus
1551 5586 1789 5650 auferre,
1839 5601 1906 5641 ac

328 5677 522 5747 plures,
539 5695 700 5752 quam
726 5684 836 5736 sint
861 5680 1065 5743 traditi,
1091 5678 1312 5743 inferre,
1335 5674 1527 5747 etquae
1545 5676 1781 5739 absurda
1802 5679 1906 5733 hoc

330 5785 435 5827 uno
455 5787 711 5832 concesso
747 5776 876 5832 hinc
915 5789 1197 5846 emergere
1220 5773 1392 5833 cuivis
1407 5772 1762 5850 conspirauit:
1783 5786 1904 5829 esse

334 5873 527 5932 potest.

2009 4675 2236 4730 equum,
2265 4669 2318 4714 et
2347 4673 2564 4721 canem,
2597 4656 2878 4727 proprium
2915 4655 3173 4722 est.'Qu:e
3201 4657 3364 4724 igitur
3386 4653 3609 4708 duobus

2007 4754 2374 4810 communiter
2408 4762 2538 4807 sunt
2564 4752 2762 4806 divinis
2819 4751 3067 4820 personis
3094 4750 3336 4819 propria,
3371 4749 3485 4804 haec
3517 4759 3604 4801 ta-

1961 4849 1967 4855 ’
2010 4837 2132 4901 tuen
2169 4845 2236 4898 ad
2300 4845 2566 4914 reliquam
2615 4844 2836 4914 propria
2873 4853 2976 4898 :nt
3011 4841 3253 4909 causale,
3316 4841 3600 4912 proprium

2004 4943 2090 4996 est
2120 4938 2242 4994 Filii
2277 4947 2332 4994 et
2360 4937 2533 4993 sancti
2573 4937 2809 5007 Spiritus
2830 4936 2896 4990 ad
2931 4936 3152 4990 Patrem
3185 4951 3201 4988 :
3237 4935 3454 4991 mittere
3504 4949 3607 4989 au-

2009 5041 2142 5098 tem,
2163 5036 2244 5087 vel
2270 5032 2426 5098 dare,
2457 5029 2542 5086 vel
2568 5045 2823 5084 emanare
2849 5027 3113 5098 Spiritum
3145 5039 3427 5096 sanctum,
3453 5042 3610 5083 com-

2011 5142 2174 5180 mune
2208 5135 2292 5181 est
2322 5124 2468 5180 Patri
2501 5135 2554 5180 et
2586 5124 2723 5180 Filio
2757 5126 2822 5178 ad
2857 5123 3122 5194 Spiritum
3153 5139 3168 5175 :
3211 5123 3468 5178 similiter
3501 5138 3602 5177 au-

2011 5227 2121 5273 tem
2169 5228 2224 5273 et
2280 5217 2524 5287 ipsorum
2577 5230 2722 5281 esse,
2751 5233 2815 5272 ac
2849 5218 2956 5272 dici
3015 5215 3280 5287 Spiritum
3326 5224 3600 5271 sanctum.

2010 5311 2190 5364 Patris
2217 5309 2362 5363 enim
2399 5320 2452 5364 et
2483 5309 2604 5364 Filii
2641 5309 2729 5363 ille
2767 5309 3004 5379 Spiritus
3029 5310 3273 5375 dicitur;
3313 5308 3386 5362 illi
3419 5318 3612 5362 antem

2011 5399 2173 5469 hujus
2200 5415 2306 5454 non
2339 5400 2620 5465 dicuntur,
2656 5415 2834 5470 neque
2863 5397 3047 5465 Pater,
3077 5399 3252 5468 neque
3279 5397 3472 5458 Filius,
3508 5410 3596 5449 ne-
3628 5420 3638 5425 α

2011 5508 2117 5563 que
2151 5493 2413 5562 Spiritus,
2445 5493 2536 5547 sed
2569 5506 2745 5562 neque
2768 5493 2854 5548 sui
2887 5493 3064 5562 ipsius
3085 5505 3170 5548 est
3197 5491 3453 5560 Spiritus,
3475 5488 3579 5555 Spi

2015 5586 2154 5640 ritus
2198 5588 2450 5640 sanctus.
2501 5583 2709 5638 ﬂerunt
2775 5597 2958 5640 autem
3007 5583 3229 5638 causale
3249 5581 3468 5648 quidem
3500 5594 3608 5634 nou-

2013 5678 2163 5734 mine
2197 5688 2408 5733 tantum
2433 5716 2450 5742 ,
2503 5679 2598 5733 sed
2626 5693 2735 5733 non
2787 5691 2871 5739 re,
2905 5691 3196 5733 commune
3227 5674 3413 5730 habet.
3457 5672 3606 5726 Prae-

2013 5769 2252 5822 dicatuin
2285 5770 2434 5822 enim
2455 5781 2542 5824 est
2564 5771 2739 5824 solum
2763 5770 2830 5824 de
2865 5779 3096 5837 utroque
3117 5767 3320 5822 dictum
3351 5781 3369 5834 ;
3395 5766 3605 5821 ideirco

2021 5859 2184 5914 etiam
2214 5873 2322 5913 non
2355 5860 2651 5927 unum,scd
2668 5860 2776 5917 duo
2803 5859 3042 5915 causalia
3071 5859 3362 5925 dicuntur;
3390 5858 3435 5913 si
3453 5857 3596 5912 enim
