4106 6442
558 389 661 452 135

1807 381 2210 443 MANUELIS
2244 381 2554 441 CALEC/E

3697 383 3782 448 136

555 511 698 556 esset
732 498 947 553 causale
1003 513 1089 554 res
1121 498 1173 552 in
1203 497 1359 560 Filio,
1390 508 1443 553 et
1478 507 1664 553 sancto
1691 498 1915 568 Spiritu,
1951 510 2116 550 unum
2153 500 2198 556 Α
2230 511 2352 551 men
2385 495 2434 550 id
2476 505 2714 562 constat,
2752 495 2952 551 nullam
2982 510 3078 566 per
3103 495 3190 550 illa
3215 483 3499 566 personam
3527 499 3784 555 eammen-

555 600 740 646 essent
775 589 992 644 causale
1048 592 1230 644 ambo.
1269 590 1478 644 Mittere
1525 599 1726 653 autem,
1763 599 1818 643 et
1848 599 2126 652 emanare,

558 695 720 752 atque
741 684 838 736 alia
856 682 1183 751 huiusmodi.
1209 699 1311 735 una
1329 699 1414 738 res
1433 692 1558 738 sunt
1582 684 1634 736 in
1665 684 1841 740 Patre.
1871 697 1934 736 ac
1963 679 2124 744 Filio,

567 775 814 841 nti-isque
847 773 1198 837 mittentibus,
1229 784 1278 824 et
1305 774 1701 839 emanantibus,
1719 789 1861 827 unus
1887 773 1978 842 qui
2009 776 2131 826 mit-

564 865 648 926 tit,
697 875 800 928 est,
833 875 887 917 et
921 875 1058 917 unus
1097 864 1238 918 l'ons.
1270 863 1554 919 Ostensnm
1581 873 1664 920 est
1686 867 1852 928 enim,
1883 866 2126 929 Patrem,

559 967 613 1010 et
649 955 861 1019 Filium,
888 955 1089 1008 fontem
1128 971 1252 1008 esse
1283 957 1454 1011 sancti
1516 957 1776 1025 Spiritus,
1816 967 1978 1028 atque
2009 973 2131 1013 om-

561 1048 646 1100 nia
687 1047 859 1100 Patris
921 1046 1118 1100 habere
1153 1046 1344 1100 Filium
1381 1049 1677 1102 secundum
1723 1049 1973 1103 eumdem
2011 1064 2130 1103 mo-

556 1123 710 1201 dum,
745 1149 938 1206 praeter
959 1152 1142 1205 quam,
1170 1136 1384 1190 Patrem
1411 1154 1553 1192 esse.
1576 1139 1651 1193 Ac
1684 1139 1845 1193 Patre
1880 1140 2128 1196 mittente

561 1229 845 1297 Spiritum.
876 1229 1041 1282 mittit
1068 1230 1209 1282 hunc
1236 1235 1292 1281 ct
1324 1228 1496 1282 Filius
1521 1245 1628 1282 una
1661 1230 1901 1293 datioue,
1933 1240 1989 1284 et
2016 1246 2122 1297 una

554 1320 864 1388 largitione,
911 1329 968 1371 ut
993 1321 1066 1373 ait
1105 1334 1331 1388 magnus
1361 1319 1613 1375 Basilius.
1653 1319 1776 1376 litec
1809 1322 1970 1390 igitur
1995 1322 2129 1376 dua-

556 1426 676 1463 rum
733 1424 1085 1477 personarum
1126 1410 1191 1464 ad
1226 1410 1488 1478 reliquam
1544 1420 1672 1465 sunt
1740 1413 1978 1480 propria.
2009 1411 2125 1467 Alia

555 1516 707 1565 vero,
733 1501 891 1554 unius
923 1508 1154 1554 tantum.
1179 1502 1351 1570 Atque
1378 1503 1568 1555 borum
1597 1501 1740 1556 aliud
1761 1503 1974 1570 quidem
2009 1518 2131 1572 per—

560 1606 710 1643 sonas
728 1590 1086 1644 substantiale
1121 1600 1224 1656 est,
1259 1601 1316 1647 ιιι
1345 1593 1640 1661 paternitas
1668 1604 1722 1647 et
1764 1593 2046 1655 nativitas,
2075 1601 2130 1644 et

557 1681 850 1748 processio.
889 1679 1043 1732 Aliud
1075 1689 1254 1736 autem
1286 1696 1568 1750 personam
1597 1681 1706 1747 jam
1741 1682 2126 1734 subsistentem

558 1774 824 1846 sequitur,
879 1775 971 1832 sed
1005 1793 1112 1832 non
1163 1775 1318 1830 illam
1369 1774 1603 1838 statuit;
1639 1783 1718 1838 ut,
1751 1775 2042 1843 ingenitum
2073 1773 2125 1826 in

555 1869 733 1932 Patre,
762 1873 874 1924 sive
899 1871 1062 1923 etiam
1089 1870 1380 1935 producam
1417 1867 1468 1918 in
1505 1866 1618 1934 ipso
1650 1865 1791 1928 solo,
1821 1866 2121 1926 secundum

554 1975 674 2024 eos,
731 1961 820 2029 qui
847 1977 909 2013 ex
957 1960 1071 2013 solo
1102 1960 1258 2014 Patre
1295 1957 1590 2028 procedere
1624 1955 1888 2025 Spiritum
1917 1955 2124 2010 dicunt.

559 2049 745 2117 Neque
781 2051 968 2114 igitur,
1004 2063 1125 2116 quae
1149 2048 1513 2102 communiter
1540 2046 1922 2114 praedicantur,
1959 2045 2126 2099 totius

551 2143 766 2197 deitatis
789 2140 1159 2195 substantialia
1194 2147 1358 2201 sunt;
1397 2136 1539 2190 nulla
1567 2135 1710 2188 enim
1745 2150 1840 2204 per
1870 2136 1958 2189 illa
1991 2135 2124 2189 sub-

551 2236 747 2289 stantia
809 2235 1137 2296 insinuatur,
1194 2244 1510 2300 ncquequze
1543 2228 1754 2282 duobus
1803 2227 2019 2296 propria
2057 2228 2123 2280 ad

550 2340 714 2378 Illlllm
749 2333 914 2385 sunt;
949 2322 1090 2375 nulla
1123 2320 1268 2375 enim
1301 2334 1534 2388 persona
1579 2328 1663 2373 est
1699 2318 1914 2386 proprie
1933 2332 2126 2372 causa-

549 2417 638 2479 lis,
671 2430 842 2483 neque
889 2429 1026 2467 unus
1055 2423 1160 2474 est,
1191 2411 1282 2480 qui
1321 2411 1486 2463 mittit
1540 2408 1809 2476 Spiritum
1848 2420 2120 2464 sanctum.

552 2507 708 2560 Pater
737 2505 904 2568 enim,
928 2515 982 2558 et
1007 2501 1175 2556 Filius
1213 2501 1376 2555 simul
1405 2515 1544 2553 unus
1577 2510 1682 2564 est,
1719 2499 1809 2567 qui
1858 2500 2122 2568 Spiritum

550 2604 796 2648 sanctum
822 2593 1004 2644 mittil.
1033 2590 1359 2644 Communia
1377 2588 1544 2650 enim,
1577 2601 1696 2656 quae
1725 2602 1835 2641 rem
1864 2588 2126 2652 indicant,

546 2683 894 2752 singulariter
915 2681 1136 2748 quidem
1174 2678 1225 2731 in
1262 2678 1459 2732 divinis
1488 2680 1770 2742 dicuntur,
1800 2693 1904 2730 non
1943 2689 2124 2732 tamen

548 2789 653 2828 una
679 2787 915 2841 persona
943 2771 1236 2825 secundum
1267 2770 1415 2823 illam
1451 2769 1794 2839 intelligitur.

625 2864 730 2916 Sed
761 2877 935 2931 neque
968 2863 1107 2929 quod
1137 2864 1298 2915 unius
1325 2861 1541 2929 quidem
1567 2861 1734 2914 solius
1755 2875 1994 2928 personae
2023 2872 2128 2924 est,

546 2969 834 3024 personam
860 2961 1047 3007 autem
1079 2954 1342 3021 sequitur,
1367 2951 1818 3016 sicutingenltum
1851 2955 1903 3006 in
1935 2953 2126 3007 Patre:

548 3047 653 3100 hoc
682 3044 822 3099 enim
856 3058 1198 3112 nequaquam
1230 3043 1392 3105 sis'it,
1415 3043 1629 3110 negatio
1657 3057 1778 3096 cum
1809 3043 1901 3105 sit,
1934 3057 2129 3113 sequa-

546 3150 739 3207 turque
775 3137 1160 3198 substantiam,
1187 3149 1349 3202 quam
1382 3132 1668 3188 aﬂirmatio
1722 3133 1976 3186 insinuat.
2015 3136 2124 3188 Ali-

546 3240 757 3299 terque,
793 3229 834 3280 si
867 3227 1102 3296 genitum
1130 3238 1237 3277 non
1267 3238 1386 3278 esse
1410 3223 1704 3291 ingenitum
1730 3224 1947 3288 dicitur,
1972 3240 2118 3279 com«

546 3335 708 3373 ηιιιιιε
763 3319 995 3383 eritJioc
1025 3326 1079 3370 et
1118 3315 1345 3384 Spiritui
1378 3323 1584 3368 sancto.
1636 3312 1700 3366 Et
1725 3315 1838 3384 ipse
1872 3316 2011 3368 enim
2038 3325 2124 3385 est

545 3411 1049 3480 iugenitua;neque
1111 3408 1254 3459 enim
1315 3407 1529 3474 genitus
1563 3416 1686 3470 est;
1743 3407 2122 3462 substantialia

547 3505 692 3556 enim
734 3515 1082 3568 personarum
1118 3499 1342 3551 omnino
1405 3498 1748 3551 consortium
1789 3500 2118 3568 reliquarum

545 3610 650 3648 non
684 3594 1009 3647 admittunt:
1040 3592 1134 3645 sed
1194 3604 1366 3658 neque
1411 3593 1711 3660 producere
1767 3592 2121 3649 substantiale

541 3683 664 3742 esse
698 3695 1058 3740 monstratum
1091 3691 1173 3736 est
1215 3700 1230 3736 :
1270 3683 1648 3752 paternitatem
1693 3693 1872 3738 autem
1944 3687 2118 3755 sequi,

542 3778 1070 3848 signiticativumque
1100 3774 1440 3830 solummodo
1465 3790 1584 3830 esse
1609 3785 1849 3846 paternae
1874 3777 2120 3832 substan-

546 3870 654 3925 tiae.

615 3983 692 4036 Ita
725 3984 890 4052 igitur
925 3992 1034 4038 tres
1063 3982 1183 4036 illas
1205 3982 1587 4052 proprietates,
1615 3979 1776 4047 solas,
1805 3983 2110 4038 divinarum

543 4087 897 4144 personarum
929 4073 1310 4127 substantiales
1333 4087 1455 4128 esse
1477 4073 1762 4126 dicendum
1793 4084 1902 4127 est.
1936 4074 2114 4130 Patris

541 4167 762 4236 quidem
785 4167 1189 4234 paternitatem,
1233 4176 1393 4234 atque
1419 4168 1589 4234 ipsmn
1623 4165 1862 4232 gignere,
1886 4167 1990 4222 hoc
2011 4179 2112 4230 est,

542 4275 605 4314 se
639 4260 814 4327 ipsum
852 4260 980 4311 dare
1001 4258 1152 4312 alteri
1181 4271 1424 4327 personae
1467 4259 1760 4311 secundum
1815 4259 2114 4314 nativitatis

543 4369 885 4425 processum.
945 4353 1065 4408 Filii
1130 4369 1258 4409 vero
1306 4353 1670 4415 nativitatem,
1703 4353 1984 4421 ipsumque
2013 4369 2111 4407 na-

543 4447 644 4511 sci,
671 4447 773 4500 hoc
823 4454 926 4508 est,
952 4449 1194 4517 accipere
1250 4445 1305 4499 in
1346 4445 1528 4512 seipse
1564 4441 1777 4496 Patrem
1823 4442 1976 4510 juxta
2008 4458 2110 4497 na-

2232 588 2346 642 dari
2374 604 2391 654 ;
2423 587 2535 643 sola
2565 588 2708 642 enim
2746 588 3126 643 snbstantialia
3159 588 3301 643 hanc
3321 591 3521 644 habent
3583 593 3706 656 vim,
3739 604 3787 648 et

2229 694 2348 748 quae
2379 680 2470 732 uni
2502 679 2842 734 substantiali
2873 683 3304 746 communicant,
3333 683 3378 738 si
3409 683 3622 751 quidem
3645 693 3782 740 esset

2230 770 2506 838 possibile,
2539 785 2759 825 necesse
2783 781 2924 826 esset
2947 788 3107 826 unam
3134 775 3295 826 etiam
3325 787 3450 826 esse
3477 788 3784 839 personam;

2230 860 2333 914 alia
2356 861 2830 924 vero,'nullatenus
2851 879 2866 916 :
2887 863 3066 932 itaque
3084 863 3214 918 solis
3238 863 3343 919 illis
3371 864 3544 918 tribus
3561 865 3780 932 proprie-

2243 950 2442 1004 tatibus
2490 950 2687 1004 dirinzr
2714 964 2959 1019 personae
2985 953 3440 1006 t-tdiscernuntur
3456 963 3509 1004 et
3533 967 3790 1006 commen-
3857 967 3860 970 ’

2229 1043 2455 1106 dantur;
2475 1043 2687 1095 caeteris
2704 1055 2832 1094 vero
2865 1053 3168 1096 noscuntur
3194 1042 3390 1097 solum.
3425 1041 3652 1112 Ideoque
3681 1045 3776 1098 Da-

2231 1146 2523 1188 masccnus
2556 1131 2608 1185 in
2636 1131 2769 1186 solis
2793 1131 2966 1185 tribus
2996 1133 3080 1185 bis
3100 1133 3527 1202 proprietatibus
3553 1136 3788 1188 substan-

2229 1224 2425 1276 tiarum
2451 1222 2810 1279 differentiam
2838 1222 3084 1276 deﬁnivit
3127 1222 3376 1291 intelligi,
3427 1223 3582 1290 quasi
3617 1238 3788 1290 perso-

2231 1330 2329 1370 nas
2375 1316 2909 1381 commeudantibus,
2973 1331 3082 1368 non
3123 1314 3558 1385 signiﬁcantibus
3607 1315 3788 1379 solum,

2232 1418 2290 1460 ιιι
2318 1408 2407 1461 illa
2439 1415 2521 1462 est
2575 1407 2820 1477 ingeniti,
2855 1421 2976 1476 quae
3004 1405 3183 1462 Patris
3219 1408 3422 1476 agnitio
3439 1416 3542 1472 est,
3575 1406 3665 1461 sed
3692 1420 3787 1460 non

2231 1499 2377 1551 illum
2415 1500 2758 1553 commendat
2802 1499 3163 1568 personaliter
3211 1509 3459 1567 ;pr:eter
3502 1499 3643 1552 enim
3691 1509 3790 1552 tres

2231 1591 2514 1658 praedictas
2539 1591 2873 1647 differentias
2925 1589 3338 1652 substantiales,
3382 1589 3591 1644 caneris
3623 1597 3678 1642 ut
3705 1601 3791 1641 no-

2231 1683 2468 1737 tionibus
2523 1683 2654 1738 solis
2705 1684 2901 1736 ditile
2967 1695 3212 1751 persona
3257 1681 3660 1744 discernuntur,
3694 1693 3786 1732 non

2235 1786 2410 1829 tamen
2453 1785 2512 1829 ut
2557 1775 2904 1829 discretionis
2959 1773 3327 1840 causis,‘sed-
3360 1783 3420 1826 ut
3471 1771 3790 1827 discretionis

2236 1877 2443 1922 tantum
2469 1868 2663 1937 signis.

2297 1959 2373 2013 Ex
2405 1959 2602 2027 quibus
2640 1967 2875 2024 constat,
2903 1961 3045 2029 quod
3077 1961 3124 2016 si
3177 1961 3300 2030 quis
3351 1967 3666 2016 sanctorum.
3701 1953 3791 2006 Pa-

2229 2057 2371 2102 trum
2423 2048 2570 2102 Patri
2620 2051 2910 2118 ingenitum
2951 2052 3206 2118 reddidit,
3263 2053 3314 2106 id
3343 2067 3449 2106 non
3481 2058 3538 2104 ut
3563 2048 3792 2104 substan-

2227 2141 2377 2203 tiale,
2417 2141 2511 2195 sed
2564 2151 2623 2195 ut
2673 2142 3026 2212 agnitionem,
3073 2153 3128 2198 et
3157 2145 3434 2214 proprium
3498 2137 3791 2210 simpliciter

2226 2235 2498 2288 attribuit.
2541 2233 2598 2287 Si
2629 2235 2750 2302 quis
2783 2244 2964 2290 autem
3001 2235 3218 2290 Patrem
3251 2237 3548 2305 genitorem
3580 2250 3640 2288 ac
3671 2247 3783 2303 pro-

2224 2326 2502 2382 ductorem
2549 2327 2862 2398 appellavit,
2917 2338 2978 2382 ut
3030 2328 3326 2397 Gregorius
3377 2329 3676 2396 Tlieologus
3739 2324 3784 2376 in

2225 2420 2400 2488 primo
2428 2435 2678 2474 sermone
2751 2421 2816 2476 de
2861 2419 3018 2486 Filio,
3055 2423 3314 2490 genitoris
3343 2422 3556 2489 quidem
3590 2429 3785 2477 nomen,

2226 2523 2285 2566 ut
2307 2513 2664 2568 snbstantiale
2698 2512 2850 2568 Patri
2885 2515 3177 2582 separavit.
3239 2514 3477 2582 Aﬁqnale
3537 2513 3674 2566 enim
3713 2517 3786 2561 est

2226 2604 2440 2660 Patrem
2475 2621 2538 2660 ac
2568 2606 2880 2675 genitorem
2917 2606 3135 2665 dicere:
3168 2606 3374 2674 quippe
3403 2615 3455 2658 et
3489 2599 3782 2672 paternilas,

2227 2706 2282 2750 et
2341 2698 2592 2752 nativitas
2624 2697 2965 2752 tantumdem
3030 2696 3196 2752 valet.
3273 2695 3625 2750 Productoris
3670 2701 3782 2742 vero

2230 2804 2447 2853 nomen,
2486 2799 2544 2843 ut
2592 2805 2827 2858 sequens
2882 2799 3167 2858 paternam
3232 2788 3346 2853 jam
3419 2786 3780 2842 subsistentem

2229 2880 2607 2943 substantiam,
2667 2879 3015 2936 substantiali
3065 2878 3420 2949 paternitatis
3444 2874 3655 2948 proprio
3697 2871 3780 2924 atl-

2222 2969 2376 3041 jocit.

2299 3063 2376 3116 Ac
2410 3079 2619 3128 rursus,
2651 3063 2696 3119 si
2727 3065 2851 3134 quis
2912 3063 3237 3134 principium
3289 3063 3507 3117 Patrem
3565 3052 3780 3127 appella-

2149 3192 2191 3248 ο
2228 3155 2325 3218 vit,
2359 3170 2465 3209 non
2500 3170 2630 3211 sane
2653 3158 2816 3211 etiam
2842 3156 3200 3212 substantiale
3233 3156 3354 3224 ejus
3397 3153 3666 3225 proprium
3711 3146 3777 3199 si-

2225 3246 2521 3313 gniﬁcavit,
2593 3249 2685 3303 sed
2715 3247 3076 3303 substantiam
3114 3247 3258 3300 illius
3293 3247 3537 3300 indicare
3593 3237 3764 3293 voluit.

2235 3337 2355 3407 Ipse
2387 3340 2528 3392 enim
2558 3355 2623 3395 ex
2651 3339 2838 3407 nullo;
2876 3339 3048 3393 Filius
3091 3349 3293 3399 autem,
3327 3349 3386 3393 et
3419 3336 3644 3406 Spiritus
3666 3343 3775 3383 san-

2223 3438 2362 3491 ctus,
2392 3438 2446 3483 et
2485 3431 2664 3484 omnia
2691 3429 2837 3496 Filii,
2867 3440 2924 3486 et
2950 3430 3124 3485 saneti
3159 3429 3403 3498 Spiritus
3430 3430 3497 3483 ad
3546 3439 3659 3480 eum
3701 3433 3775 3472 re-

2222 3519 2487 3577 feruntur.
2519 3522 2678 3587 Nam,
2705 3531 2761 3577 et
2807 3523 2900 3592 qui
2933 3522 3193 3592 majorem
3220 3522 3358 3576 Filio
3382 3522 3593 3580 Patrem
3619 3524 3776 3569 causa

2221 3613 2430 3667 ratione
2455 3615 2726 3680 dixerunt,
2760 3630 2866 3669 non
2901 3624 2958 3668 ut
2980 3614 3344 3670 substantiale
3416 3613 3592 3680 majus
3641 3603 3772 3662 illud.

2219 3704 2313 3758 sed
2354 3714 2410 3758 ut
2439 3708 2712 3761 notionem
2751 3705 2926 3762 Patris
2981 3707 3045 3760 ad
3091 3705 3288 3759 Filium
3346 3714 3556 3760 tantum
3611 3693 3772 3752 reddi-

2218 3796 2450 3863 derunt;
2483 3798 2733 3851 similiter
2753 3806 2807 3852 et
2834 3799 2898 3852 de
2919 3813 3007 3862 eo,
3039 3798 3182 3868 quod
3237 3796 3356 3851 sine
3381 3793 3638 3867 principio
3659 3783 3775 3841 diri—

2222 3897 2330 3952 tnr,
2361 3889 2576 3958 pbiloso
2590 3892 2888 3957 pbandnm.

2291 3980 2446 4048 Quod
2477 3983 2642 4053 igitur
2689 3984 2996 4038 divinarum
3058 3999 3414 4049 personarum
3446 3984 3511 4037 ad
3567 3977 3769 4033 invicem

2214 4070 2434 4129 habitus
2510 4088 2633 4128 cum
2690 4089 2874 4128 eorum
2944 4075 3261 4128 substantiae
3326 4069 3646 4130 diﬁ‘erentia,
3693 4076 3769 4117 se-

2214 4165 2449 4217 cundum
2502 4164 2717 4220 divinos
2773 4181 3105 4236 arcanosque
3165 4182 3454 4234 processus
3518 4162 3770 4230 appareat.

2213 4253 2482 4324 simulque
2506 4271 2628 4311 cum
2681 4258 2799 4328 ipso
2874 4259 3154 4313 relationis
3219 4259 3434 4322 habitu,
3493 4267 3664 4314 causa.
3725 4252 3772 4297 ει

2214 4349 2432 4402 causale
2458 4349 2616 4402 simul
2649 4351 3042 4414 introducatur,
3088 4359 3245 4403 antea
3316 4349 3563 4420 plurimis
3622 4339 3767 4394 ratio-

2215 4442 2375 4496 nibus
2406 4447 2669 4499 constitit.
2704 4443 2861 4501 Nunc
2906 4455 3084 4500 autem
3125 4445 3438 4508 dicendum,
3520 4431 3768 4511 quomodo

541 4538 723 4594 scendi
787 4540 1206 4606 processionem.
1254 4536 1439 4591 Sancti
1496 4545 1675 4588 autem
1710 4532 1948 4602 Spiritus
1984 4549 2107 4602 pro-
2135 4534 2188 4593 D
2216 4534 2510 4587 secundum
2545 4550 2791 4603 causam,
2817 4549 2874 4590 et
2907 4537 3126 4590 causale
3169 4535 3365 4600 solum,
3412 4543 3467 4589 et
3495 4523 3766 4587 secundum

540 4632 861 4693 cessionem,
884 4631 1164 4699 ipsumque
1183 4616 1497 4698 procedere,
1530 4627 1578 4679 id
1605 4634 1708 4689 est,
1739 4627 1791 4679 in
1823 4626 2110 4693 semetipso

543 4723 758 4773 Patrem
795 4735 858 4773 ac
920 4720 1111 4774 Filium
1143 4721 1387 4789 accipere
1413 4758 1430 4783 ,
1478 4718 1772 4772 secundum
1815 4718 2112 4770 naturalem

541 4811 986 4880 essentialemque
1038 4827 1349 4880 processum
1399 4826 1464 4865 ex
1532 4810 1699 4863 Patre
1726 4823 1821 4876 per
1886 4809 2107 4864 Filium.

449 4947 452 4950 .
543 4903 787 4970 latasque
821 4918 924 4955 non
949 4903 1118 4956 solum
1141 4901 1550 4964 substantiales,
1574 4901 1666 4953 scd
1710 4909 1763 4952 et
1801 4901 2111 4968 personales

501 5013 504 5016 '
541 4995 703 5048 etiam
741 4995 975 5062 proprie,
1009 5007 1064 5048 et
1095 4995 1352 5054 maxime,
1383 5001 1437 5046 ct
1469 4990 1898 5059 peculiarissime
1929 4992 2113 5045 dicen-

545 5087 693 5148 dum,
731 5095 915 5152 utpote
945 5101 1202 5153 personas
1223 5085 1688 5140 comn'iendantes.

543 5237 550 5242 η
611 5175 805 5236 Porro,
840 5191 960 5242 quae
984 5177 1254 5244 proprium
1291 5173 1494 5241 aliquid
1513 5174 1737 5224 duarum
1755 5185 2110 5240 personarum

540 5267 607 5321 ad
639 5267 903 5335 reliquam
963 5265 1264 5326 insinuant,
1293 5263 1672 5329 proprietates,
1717 5276 1812 5316 seu
1842 5263 2107 5328 notiones,

536 5375 628 5414 seu
661 5362 813 5428 signa
843 5357 1074 5410 duarum
1115 5354 1418 5422 aliquarum
1448 5367 1801 5420 personarum
1853 5356 2106 5408 vocand:e

538 5463 684 5504 sunt.
746 5448 900 5512 Quod
926 5448 967 5500 si
1010 5444 1094 5499 cui
1127 5445 1333 5512 placeat
1371 5449 1423 5493 et
1456 5456 1518 5493 ea
1551 5440 1851 5509 personalia
1903 5441 2102 5508 dicere,

534 5551 600 5590 eo
623 5541 761 5605 quod
796 5534 1044 5604 personis
1095 5530 1377 5593 attributa,
1442 5542 1549 5581 non
1581 5538 1757 5580 tamen
1788 5532 2098 5584 communia

541 5628 778 5681 Omnium
805 5632 976 5689 sunt;
1037 5622 1198 5674 liceat
1247 5620 1430 5672 dicere
1451 5617 1502 5670 id
1549 5617 1789 5687 quidem,
1828 5619 1955 5673 dum
2018 5633 2103 5677 ta-

2214 4618 2328 4687 ipsa
2388 4627 2541 4692 prius
2607 4625 2803 4680 divinae
2851 4641 3100 4695 personas
3159 4625 3566 4686 discernuntur,
3624 4620 3768 4678 atque

2211 4711 2330 4780 ipsa
2361 4716 2703 4772 discretionis
2741 4734 2904 4773 causa
2937 4727 3103 4783 sunt,;
3157 4732 3274 4786 quae
3324 4730 3512 4776 cauSa,
3546 4717 3599 4764 et
3653 4713 3769 4756 0³1³⁸

2210 4809 2346 4871 Sale.
2377 4809 2761 4867 substantiales
2792 4813 3150 4880 proprietates
3178 4849 3194 4875 ,
3263 4812 3433 4878 ipsum
3460 4804 3627 4862 Patris
3687 4807 3767 4848 stl-

2211 4900 2668 4965 persubstantiale
2694 4917 2914 4971 nomen,
2961 4911 3016 4957 et
3051 4915 3161 4954 rem
3191 4900 3334 4963 Filii,
3365 4914 3420 4956 et
3441 4893 3611 4954 sancti
3656 4883 3766 4954 Spi'

2212 4987 2346 5043 ritus
2385 4994 2787 5050 commendant.
3057 4983 3062 4988 ’

2281 5080 2678 5151 Praesupposito
2731 5087 2895 5156 igitur
2956 5089 3218 5144 unitatem
3280 5089 3335 5143 in
3397 5080 3670 5140 Trinitate.
3715 5071 3766 5117 οι

2209 5167 2524 5225 Trinitatem
2557 5175 2612 5227 in
2665 5177 2874 5232 unitate
2902 5193 3027 5234 esse
3110 5178 3415 5240 colendam,
3479 5163 3756 5228 secundum

2210 5259 2327 5315 ﬁdei
2351 5263 2697 5330 positionem,
2733 5279 2785 5323 et
2827 5270 2895 5324 ab
2925 5270 3009 5324 his
3031 5286 3150 5340 qua!
3176 5286 3204 5324 a
3237 5268 3441 5325 sanctis
3467 5264 3602 5316 dicta
3623 5254 3754 5307 sunt,

2208 5366 2314 5406 non
2377 5355 2737 5426 discedentes,
2789 5359 3130 5418 Damasceno
3178 5361 3419 5430 quidem,
3481 5341 3756 5430 secundat"

2211 5457 2427 5497 causam
2478 5455 2532 5501 et
2559 5450 2775 5504 causale
2801 5449 3162 5504 diﬁ‘erentiam
3212 5451 3264 5502 in
3292 5445 3486 5503 divinis
3529 5432 3757 5508 ρῦτεοιηδ

2207 5533 2570 5607 intelligente;
2623 5539 2865 5610 Nysseno
2926 5551 3106 5596 autem
3166 5538 3426 5610 Gregorio
3494 5523 3748 5619 dicente”:

2214 5624 2652 5685 Incommulubile
2684 5646 2892 5688 natura:
2943 5636 3106 5702 ipsius
3162 5634 3562 5688 considerantes,
3617 5604 3751 5670 lii/7“

616 5739 750 5815 (57)_
783 5738 858 5794 De
891 5735 1204 5791 notionibus
1247 5731 1554 5788 divinarum
1591 5747 1950 5803 personarum
1983 5735 2104 5795 vide
2142 5736 2205 5789 [ν.
2241 5737 2502 5797 Tbomam
2534 5759 2549 5798 t
2602 5760 2654 5815 q.
2688 5745 2720 5801 d
2746 5747 2858 5810 .25,
2953 5756 3009 5803 et
3097 5745 3226 5803 ibid.
3310 5733 3620 5810 Gregorium
3695 5712 3756 5767 de

541 5807 810 5865 Valentia.
