4106 6438
389 382 487 444 ΠΤ

1457 389 1859 452 ADVERSUS
1899 392 2219 476 GRAECOS
2250 397 2395 456 LIB.
2447 401 2562 462 lli.

3532 411 3635 474 133

383 495 604 547 rentinm
631 499 909 549 secundum
946 514 1178 563 causam,
1213 513 1257 554 e'
1283 506 1514 570 causale,
1549 522 1650 558 non
1682 521 1952 575 negamus;
1983 505 2035 565 Λ
2061 503 2252 571 Filius,
2289 517 2340 562 et
2372 510 2609 580 Spiritus
2638 513 2702 568 ad
2750 514 2964 573 Patrem
3001 520 3286 586 uniuutur,
3335 534 3390 577 et
3431 527 3641 580 discer-

382 582 437 634 in
469 599 570 652 quo
601 584 735 648 solo,
765 585 988 640 alterum
1018 589 1080 641 ab
1112 589 1282 645 altera
1345 593 1604 664 distingui
1663 595 1952 657 deprehen-

381 675 592 743 dimus;
623 678 762 745 quod
792 681 1188 749 proposuimus,
1255 684 1612 747 habebimus;
1657 688 1779 755 quia
1812 688 1954 742 enim

383 769 482 821 tria
514 769 602 823 illa
633 786 796 825 unum
826 787 945 826 cum
979 774 1084 828 sint
1126 776 1426 830 secundum
1465 778 1780 843 essentiam,
1833 779 1956 833 sine

309 927 314 930 _
380 875 544 916 eausa
577 863 788 931 quidem
827 881 946 921 esse
969 870 1172 935 omnia,
1201 870 1459 938 possibile
1499 886 1605 926 non
1638 881 1759 939 esti;
1791 873 1952 927 aliam

384 969 512 1008 vero
539 970 754 1012 causam
781 973 841 1014 se
866 962 1224 1030 antiquiorem
1269 963 1498 1028 habere,
1562 966 1720 1037 longe
1751 967 1958 1037 impos-

381 1045 590 1100 sibilius
619 1062 633 1100 :
664 1055 854 1110 restat.
879 1057 938 1102 ut
963 1050 1121 1106 trium
1145 1052 1373 1108 istorum
1396 1070 1584 1119 unum,
1620 1055 1951 1126 reliquorum

382 1151 542 1192 causa
574 1139 662 1193 sit.
698 1137 1048 1196 Procedentia
1083 1143 1392 1213 igiturinde
1429 1147 1689 1214 possibile
1735 1163 1843 1204 non
1868 1158 1954 1205 est

385 1231 702 1299 producendi
740 1248 984 1301 persona:
1015 1236 1248 1303 ratione,
1304 1252 1425 1293 csse
1457 1241 1668 1306 eadem;
1713 1235 1948 1312 seip'sum

381 1323 522 1377 enim
557 1324 757 1394 aliquid
784 1329 1098 1396 producere,
1132 1343 1196 1385 ac
1233 1331 1314 1385 sui
1349 1331 1519 1400 ipsius
1553 1346 1773 1389 causam
1805 1349 1946 1400 esse,

381 1416 631 1484 possibile
666 1432 771 1473 non
820 1427 925 1474 est.
1742 1424 1745 1425 ⁷

447 1507 625 1576 Itaque
663 1511 1014 1578 procedentia
1044 1527 1265 1570 necesse
1313 1523 1393 1569 est
1437 1518 1796 1585 personaliter
1842 1519 1945 1574 dis-

382 1603 586 1671 tingui;
619 1605 764 1658 unita
796 1606 1013 1674 quidem
1075 1609 1374 1663 secundum
1434 1615 1722 1667 essentiam
1754 1632 1768 1681 ;
1803 1613 1949 1669 nulla

379 1694 523 1747 enim
562 1697 611 1748 in
664 1710 723 1750 ea
811 1697 1070 1756 discretio
1128 1703 1468 1758 conceditur:
1515 1707 1743 1762 discreta
1797 1713 1981 1777 vero,‘

374 1787 666 1842 secundum
707 1789 1059 1856 substantias,
1139 1809 1235 1848 seu
1304 1812 1599 1865 personas;
1677 1809 1732 1854 et
1770 1817 1947 1872 neque

2065 608 2272 654 nuntur
2335 607 2632 660 secundum
2695 610 2901 664 scilicet
2966 613 3201 682 speciem
3277 620 3639 686 appositionis

2062 706 2259 758 causae,
2294 703 2456 766 atque
2491 702 2748 756 causalis.
2840 703 2845 709 ’

2131 784 2367 841 Necesse
2391 799 2473 843 est
2498 791 2678 858 igitur,
2711 795 2754 848 si
2785 797 3125 853 discernendi
3152 812 3298 868 sunt,
3327 805 3408 860 vel
3437 805 3634 864 Filium

2063 875 2304 944 Spiritus
2359 885 2534 935 sancti
2575 899 2696 939 csse
2756 902 3005 954 causam,
3056 893 3138 946 vel
3183 893 3445 960 Spiritum
3491 899 3635 954 Filii.

2061 967 2165 1022 Sed
2201 983 2425 1025 causam
2474 975 2692 1042 quidem
2740 993 2863 1034 esse
2901 977 3022 1035 Filii
3074 982 3339 1052 Spiritum
3381 1002 3637 1045 constare

2060 1073 2166 1112 non
2200 1069 2410 1130 potest;
2442 1065 2570 1133 quia
2604 1069 2797 1124 tertius
2827 1084 2855 1122 a
2900 1071 3061 1130 Patre
3092 1076 3322 1132 traditus
3348 1088 3448 1146 est,
3477 1081 3632 1148 juxta

2059 1152 2401 1218 personalem
2456 1156 2728 1223 ordinem,
2777 1162 2902 1228 quia
2940 1166 3200 1221 naturalis
3236 1177 3290 1223 et
3323 1174 3632 1228 essentialis

2058 1241 2302 1308 operatio
2359 1249 2430 1297 cf
2451 1245 2625 1301 virtus
2671 1249 2790 1304 Filii
2828 1249 3063 1323 Spiritus
3105 1269 3222 1325 est;
3275 1262 3400 1330 quia
3457 1265 3635 1334 imago

2058 1331 2174 1399 ejus
2201 1348 2324 1391 esse
2348 1336 2583 1405 dicitur;
2609 1343 2864 1411 quoniam
2893 1346 3126 1416 Spiritus
3152 1352 3270 1408 Filii
3301 1370 3328 1407 a
3361 1331 3628 1429 theologia

2058 1424 2292 1478 traditur
2323 1445 2336 1482 :
2367 1430 2458 1495 qui
2511 1432 2756 1498 profecto
2806 1439 2980 1493 sancti
3018 1439 3252 1509 Spiritus
3289 1444 3458 1502 Filius
3510 1424 3633 1503 esse

2058 1532 2162 1572 non
2222 1521 2442 1577 dicitur.
2499 1524 2686 1596 Neque
2735 1532 2878 1584 enim
2941 1547 3354 1606 convertuntur,
3415 1555 3632 1612 propter

2056 1616 2394 1680 personalem
2425 1622 2698 1690 ordinem,
2728 1633 2894 1695 atque
2925 1628 2978 1682 id
3011 1631 3244 1688 maxime
3274 1636 3529 1706 quoniam
3565 1655 3629 1694 cx

2054 1702 2213 1760 Patre
2237 1721 2333 1777 per
2361 1708 2555 1766 Filium
2589 1729 2712 1770 esse
2745 1716 2979 1786 Spiritus
3015 1724 3267 1790 traditur,
3292 1702 3405 1782 non
3451 1739 3628 1784 tamen

2055 1810 2085 1849 e
2125 1806 2336 1854 contra.
2375 1800 2681 1862 Tolleretur
2714 1819 2894 1865 autem
2930 1825 2981 1866 et
3013 1815 3089 1882 id,
3122 1819 3265 1886 quod
3305 1834 3626 1878 concessum

1858 1863 1874 1872 _
2822 1863 2836 1865 _
2937 1863 2977 1866 _,
3013 1863 3089 1882 -.-,
3124 1863 3264 1886 .,...,..
3305 1863 3625 1878 νν..,νυ.ι.....

373 1891 594 1947 propter
624 1882 874 1936 "nionem
905 1899 1162 1954 personas
1196 1889 1458 1945 confundi
1491 1911 1505 1959 ;
1533 1880 1704 1963 nerine
1722 1905 1944 1965 propter
1981 1863 2019 1918 Β
2049 1897 2154 1954 est,
2206 1891 2399 1948 Filium
2439 1911 2560 1952 esse
2595 1913 2661 1953 ex
2722 1899 2880 1957 Patre
2916 1907 3033 1960 sine
3073 1910 3260 1970 "metlib
3310 1929 3322 1965 :
3371 1914 3627 1970 Si0£ltim

375 1970 775 2036 discretionem,
796 1977 1086 2029 essentiam
1109 1977 1301 2037 dividi.
1365 1981 1604 2038 Perfecta
1637 1986 1778 2039 enim
1811 1985 1940 2055 illic,

373 2071 426 2113 et
462 2076 665 2116 summa
697 2064 848 2134 unio,
892 2075 1052 2137 atque
1107 2069 1391 2128 discretio.
1448 2074 1622 2144 Atque
1686 2076 1940 2132 unionem

371 2152 585 2220 quidem
611 2155 784 2210 unitas
810 2160 1080 2226 essentite,
1113 2171 1170 2216 ut
1200 2162 1406 2217 dictum
1463 2175 1564 2232 est,
1620 2166 1786 2234 facit;
1829 2168 1942 2224 dis-

375 2245 664 2298 cretiooem
722 2262 872 2314 vero,
926 2251 1226 2305 secundum
1286 2269 1530 2320 causam,
1591 2268 1644 2313 et
1701 2261 1938 2326 causale,

378 2331 508 2386 ﬁdes
546 2335 852 2392 conﬁtetur.
891 2339 1066 2409 Atque
1095 2356 1157 2397 ea
1187 2353 1271 2400 est
1315 2363 1435 2413 qua:
1506 2351 1801 2405 secundum
1857 2367 1937 2418 se,

377 2439 544 2492 neque
569 2438 774 2496 propter
799 2431 942 2485 aliud
982 2449 1067 2489 res
1093 2437 1326 2491 maxime
1356 2452 1407 2493 et
1440 2442 1580 2505 unit,
1625 2453 1681 2497 et
1730 2444 1937 2501 discer-

385 2515 492 2568 nit.
541 2516 798 2574 biseretio
844 2523 1051 2578 scilicet
1115 2527 1416 2584 secundum
1483 2545 1725 2598 causam,
1775 2544 1940 2604 atque

387 2609 604 2666 causale.
631 2611 811 2683 Neque
837 2619 980 2673 enim
1011 2620 1395 2676 discretionem
1443 2623 1616 2704 magis
1694 2626 1938 2683 confusi-

378 2711 475 2750 one
511 2699 723 2757 liberum
753 2706 994 2775 cogitare
1018 2723 1348 2778 possumus;
1393 2699 1567 2781 neque
1601 2715 1934 2770 consortium

371 2789 598 2843 duorum
627 2792 927 2862 aliquorum
960 2798 1157 2866 majus,
1189 2813 1350 2868 quam
1405 2815 1528 2854 eum
1587 2802 1814 2858 alterum
1869 2819 1934 2860 ex

365 2879 538 2933 altero
570 2896 685 2938 esse
742 2886 955 2943 habeat.
1016 2887 1263 2960 Namque
1343 2895 1641 2946 secundum
1688 2909 1931 2966 causam,

360 2981 417 3026 et
448 2975 661 3031 causale
699 2979 968 3035 invenitur
1005 2982 1213 3052 aliquid
1239 2985 1538 3040 secundum
1595 2989 1929 3057 tequivocatu

360 3077 606 3131 causam,
637 3070 736 3127 sibi
770 3072 946 3129 simile
976 3078 1282 3144 producens
1308 3079 1360 3132 in
1395 3078 1586 3133 eadem
1623 3083 1844 3150 specie:
1880 3091 1934 3138 et

359 3155 656 3210 secundum
687 3161 904 3229 quidem
962 3164 1105 3234 quod
1167 3163 1351 3232 eausa,
1414 3177 1468 3223 ct
1525 3172 1745 3227 causale
1796 3182 1925 3229 sunt

357 3249 626 3312 opposita,
680 3252 744 3305 ad
772 3253 998 3309 invicem
1050 3258 1344 3313 habebunt.
1377 3259 1500 3316 ldco
1534 3263 1698 3319 etiam
1739 3279 1927 3322 neces-

357 3343 509 3393 sario
567 3342 972 3403 discernentur:
1035 3352 1333 3406 secundum
1395 3358 1749 3426 autemquod
1795 3373 1927 3413 cau-

355 3430 488 3494 sale,
519 3446 585 3487 ex
610 3448 768 3490 causa
799 3453 929 3503 esse,
962 3448 1126 3509 atque
1158 3445 1454 3498 essentiam
1507 3449 1728 3517 accipit,
1779 3465 1931 3506 com-

358 3524 706 3579 mtmicabunt
737 3527 987 3594 invicem,
1018 3533 1256 3588 maxime
1283 3549 1408 3590 cum
1450 3540 1670 3608 proprie
1699 3541 1762 3594 ad
1790 3541 1928 3596 invi-

354 3629 471 3667 cem
503 3630 598 3683 per
626 3628 872 3674 naturam
907 3622 1162 3681 habeant.
1200 3625 1400 3683 Filium
1444 3630 1607 3698 igitur
1650 3646 1714 3686 ex
1766 3632 1928 3691 Patre

354 3706 524 3771 nasci,
552 3708 681 3764 tides
729 3712 887 3768 nobis
955 3729 1020 3770 ac
1078 3716 1267 3787 religio
1321 3721 1506 3777 tradit.
1563 3723 1628 3776 Et
1652 3727 1916 3793 quoniam

351 3798 650 3852 si-cundum
684 3801 736 3856 id
773 3805 913 3872 quod
939 3806 1158 3876 gignere
1185 3821 1238 3863 et
1271 3813 1421 3866 nasci
1471 3814 1693 3880 dicitur,
1753 3832 1922 3886 oppo-

351 3887 480 3939 sitio
512 3904 709 3954 causa},
779 3903 833 3946 et
887 3897 1145 3964 causalis,
1209 3903 1510 3964 secundum
1563 3919 1624 3959 ea
1679 3921 1801 3975 qua:
1853 3913 1920 3966 ad

352 3975 554 4045 aliquid
595 3979 863 4049 dicuntur,
922 3984 1215 4056 inspicitur
1246 3993 1545 4046 secundum
1601 3994 1654 4049 id
1681 3995 1921 4064 quidem,

349 4071 492 4138 quod
522 4069 664 4124 aliud
702 4073 815 4139 dat,
891 4076 1036 4133 aliud
1124 4080 1247 4137 inde
1311 4086 1564 4153 prodiens
1624 4091 1918 4147 essentiam

347 4159 566 4227 accipit,
607 4161 725 4217 duae
749 4167 1061 4223 necessario
1093 4185 1339 4239 personae
1368 4174 1751 4247 intelliguntur
1775 4180 1918 4251 ejus-

347 4249 468 4301 dem
515 4261 738 4308 natura}.

421 4339 674 4408 Rursum,
704 4345 918 4403 dicente
963 4349 1244 4422 Scriptura
1278 4354 1442 4411 Deum
1478 4373 1544 4414 ex
1582 4359 1693 4416 Deo
1725 4379 1918 4433 proce-

278 4447 280 4452 ’
346 4431 508 4498 dere;
547 4438 843 4493 secundum
867 4444 1108 4497 eamdem
1135 4448 1398 4502 rationem
1430 4454 1702 4518 Oppositio
1721 4470 1918 4510 secun-

345 4522 470 4577 dum
510 4540 753 4593 causam,
807 4541 865 4584 et
927 4537 1147 4590 causale
1197 4539 1362 4594 etiam
1425 4543 1514 4596 hic
1573 4545 1911 4616 intelligitur,
1948 4551 1991 4606 D

345 4619 638 4670 secundum
670 4635 830 4688 quam
863 4627 1286 4694 oppositionem,
1316 4639 1370 4684 et
1415 4633 1656 4690 discerni
1708 4638 1797 4690 illa
1846 4641 1912 4693 ab

345 4708 574 4762 invicem
607 4712 825 4768 etuuiri
866 4715 1008 4770 licet.
1060 4717 1133 4771 Ita
1169 4721 1330 4788 igitur
1358 4719 1548 4791 Filius,
1585 4735 1640 4781 et
1673 4727 1912 4797 Spiritus

343 4811 564 4856 sanctus
601 4819 665 4858 ex
721 4804 881 4861 Patre
929 4824 1050 4864 cum
1098 4811 1228 4877 sint,
1285 4824 1335 4868 et
1369 4817 1529 4882 uniti,
1578 4828 1632 4872 et
1687 4820 1908 4876 discreti

340 4904 484 4945 sunt.

407 4986 677 5044 Caeterum
707 4994 831 5060 quia
865 5005 1085 5062 propter
1133 4997 1420 5056 Trinitatis
1452 5004 1698 5058 ordinem
1746 5017 1910 5078 atque

338 5079 757 5147 confessionem,
805 5100 909 5139 non
942 5088 1116 5157 magis
1141 5093 1398 5148 convenit
1443 5095 1541 5148 ista
1581 5099 1646 5150 ad
1693 5097 1904 5155 Patrem

336 5179 390 5220 et
424 5169 657 5226 discreta
704 5183 769 5244 etl
799 5178 949 5231 unita
986 5192 1126 5245 esse,
1171 5197 1333 5260 quam
1383 5185 1495 5239 sint
1554 5187 1620 5241 ad
1673 5189 1904 5246 invicem

337 5257 502 5314 Filius
528 5273 581 5316 et
611 5263 843 5333 Spiritus
871 5280 1133 5338 sanctus;
1167 5257 1311 5329 alias
1329 5277 1526 5346 quippe
1563 5279 1905 5350 inaequalitas

336 5352 386 5404 in
425 5351 688 5411 Trinitate
717 5371 883 5424 essm,
920 5376 1095 5431 neque
1139 5364 1204 5418 ad
1250 5367 1486 5423 invicem
1523 5369 1904 5428 discerneren-

335 5451 438 5495 tur.
474 5445 527 5497 Si
564 5453 742 5502 autem
777 5465 882 5504 non
917 5451 1386 5521 discernerentur,
1437 5475 1541 5514 una
1585 5461 1744 5514 etiam
1780 5477 1904 5533 per-

332 5550 464 5589 sona
519 5551 698 5604 esset;
746 5546 947 5612 quippe
1008 5547 1218 5603 sublata
1272 5550 1539 5607 relatione
1597 5558 1900 5612 secundum

331 5639 574 5692 causam,
612 5641 773 5698 atque
810 5636 1050 5702 causale,
1085 5639 1199 5693 sola
1245 5642 1488 5697 essentia
1547 5644 1897 5714 relinquitur.

328 5718 570 5788 Constat,
593 5729 850 5794 quoniam
881 5742 934 5786 et
964 5732 1156 5800 Filius,
1191 5747 1243 5790 et
1278 5736 1518 5808 Spiritus
1553 5753 1794 5806 sanctus,
1834 5749 1899 5799 ad

331 5827 386 5863 se
419 5814 648 5870 invicem
681 5827 734 5873 et
765 5821 898 5874 uniti
928 5833 980 5877 et
1009 5825 1228 5881 discreti
1263 5841 1408 5895 sunt,
1438 5835 1894 5901 quemadmodum

569 5915 830 5976 Parnm.
876 5921 985 5979 Gtt.
1033 5923 1206 5986 CLI].

2045 1993 2192 2038 esset
2225 1983 2394 2042 Filius
2423 2004 2487 2043 ex
2517 1989 2678 2047 Patre
2705 2009 2802 2064 per
2827 1996 3111 2069 Spiritum,
3139 2013 3192 2057 et
3225 2017 3627 2076 consequenter

2049 2073 2288 2144 Spiritus
2316 2079 2496 2147 Pater,
2540 2091 2954 2148 communicans
2987 2095 3058 2162 ei,
3105 2101 3404 2154 secundum
3443 2113 3624 2172 pater-

2047 2165 2234 2223 nitatis
2262 2173 2551 2230 rationem.

2116 2259 2307 2320 Restat
2373 2267 2557 2338 itaque
2598 2273 2837 2341 _Filium
2906 2295 3124 2338 causam
3195 2302 3317 2342 esse
3386 2289 3624 2360 Spiritus

2043 2357 2266 2424 sancti,
2310 2359 2682 2436 Spiritumque
2729 2384 2826 2437 per
2876 2372 3075 2440 ipsum,
3111 2388 3163 2432 et
3215 2382 3283 2435 ab
3317 2357 3438 2449 ipso
3477 2400 3620 2439 esse.

2043 2442 2156 2501 Hac
2189 2463 2318 2519 ergo
2344 2453 2572 2522 ratione,
2598 2467 2653 2513 et
2683 2460 2941 2519 unientur
2969 2468 3034 2521 ad
3065 2469 3295 2527 invicem
3331 2484 3386 2529 et
3414 2476 3623 2532 discer-

2041 2547 2260 2605 nentur,
2308 2545 2452 2612 quod
2507 2547 2670 2604 etiam
2721 2549 2998 2621 Nyssenus
3031 2557 3310 2631 indicavit,
3345 2565 3536 2624 dicens
3567 2570 3619 2623 in

2041 2631 2155 2686 sola
2217 2639 2519 2693 secundum
2590 2657 2835 2710 causam,
2899 2659 2953 2704 et
3019 2656 3240 2713 causale
3307 2660 3637 2724 ditl‘crentia.

2039 2722 2252 2780 divinas
2285 2743 2548 2810 personas
2579 2735 2644 2788 ad
2677 2735 2910 2795 invicem
2941 2743 3222 2818 distingui.
3260 2750 3446 2820 Neque
3471 2757 3618 2812 enim

2039 2813 2105 2869 de
2131 2817 2246 2870 solo
2283 2817 2442 2875 Patre
2467 2821 2534 2877 ad
2559 2823 2778 2889 Filium.
2813 2840 2866 2886 et
2892 2813 3155 2902 Spiritum
3193 2813 3443 2896 sanctum
3480 2847 3619 2902 dixit

2038 2906 2155 2962 haec
2197 2927 2209 2961 :
2247 2910 2318 2964 ita
2375 2915 2516 2966 enim
2579 2919 2749 2976 solius
2781 2923 2845 2976 ad
2907 2942 2968 2979 ea
3019 2945 3141 2998 quae
3191 2947 3256 2988 ex
3314 2937 3434 3007 ipso
3469 2950 3614 3000 sunt,

2040 2998 2428 3058 discretionem
2484 3010 2818 3080 tradidisset,
2873 3007 3049 3086 neque
3098 2998 3391 3094 adjceisset
3432 3051 3443 3084 :
3481 3030 3616 3102 Ejus

2035 3105 2258 3158 quoque,
2295 3097 2435 3163 quod
2463 3113 2527 3152 ex
2565 3117 2731 3156 causa
2777 3116 2880 3170 est,
2922 3110 3082 3164 aliam
3116 3131 3328 3171 rursum
3371 3121 3615 3189 cii/[ereu-

1957 3199 2001 3258 ο
2035 3181 2165 3236 tiam
2212 3185 2579 3257 intelligimus.
2614 3193 2738 3251 Hzec
2772 3206 2954 3255 autem
2986 3215 3040 3256 et
3075 3205 3159 3260 his
3193 3222 3313 3277 qum
3361 3181 3613 3284 superius

2036 3272 2296 3342 diximus,
2347 3295 2671 3341 consonant.
2705 3288 2848 3346 Ante
2881 3295 3026 3349 enim
3061 3295 3324 3368 Spiritum
3360 3318 3608 3365 sanctum

2034 3362 2234 3422 Filium
2278 3370 2502 3443 intelligi
2547 3391 2770 3435 necesse
2801 3393 2918 3449 est;
2965 3387 3318 3462 habitumque
3347 3399 3411 3451 ad
3451 3400 3612 3457 alter-

2033 3462 2217 3511 utrum
2276 3461 2480 3519 habere
2533 3463 2731 3524 Filium
2784 3483 2837 3527 et
2900 3475 3188 3548 Spiritum,
3238 3484 3610 3562 majoremque

2033 3548 2238 3620 Spiritu
2280 3551 2475 3612 Filium
2519 3575 2699 3620 causa:
2738 3568 2952 3626 ratione
2997 3572 3142 3640 dici;
3179 3587 3338 3648 atque
3383 3597 3412 3636 a
3444 3548 3605 3652 Filio,

2032 3642 2231 3698 habere
2285 3662 2427 3716 esse,
2451 3703 2457 3708 .
2483 3661 2540 3707 ut
2576 3655 2668 3724 qui
2723 3658 2790 3712 ab
2821 3659 2940 3728 ipso
2967 3666 3221 3735 accipiat,
3251 3642 3308 3728 et
3341 3689 3463 3746 quae
3501 3642 3604 3736 alia

2027 3739 2281 3806 praedicta
2315 3755 2462 3801 sunt.

2099 3828 2154 3884 Si
2194 3835 2315 3901 quis
2367 3846 2550 3892 autem
2585 3842 2830 3912 obiiciat,
2884 3849 3184 3920 Nyssenum
3231 3858 3390 3914 aliam
3437 3868 3607 3934 proli-

2029 3932 2233 3978 tentem
2269 3925 2630 3987 diﬂ‘crentiam
2660 3949 2848 4006 aperte
2878 3942 3052 3998 videri
3105 3949 3241 4004 velle
3294 3968 3401 4010 non
3438 3925 3604 4028 Iejus-

2025 4014 2169 4068 modi
2205 4027 2254 4069 et
2292 4018 2377 4073 hic
2406 4021 2455 4073 itt
2495 4021 2656 4092 Filio,
2702 4037 2757 4082 et
2789 4029 3015 4101 Spiritu,
3046 4041 3258 4105 qualem
3306 4014 3600 4105 secundum

2025 4117 2270 4169 causam,
2309 4118 2364 4164 et
2393 4115 2612 4170 causale
2647 4118 2887 4176 reddidit
2923 4143 2936 4178 :
2971 4127 3111 4182 scire
3151 4138 3422 4201 convenit,
3455 4141 3600 4196 illum

2024 4195 2188 4251 aliam
2223 4203 2523 4257 secundum
2558 4223 2869 4277 numerum,
2903 4232 3008 4272 non
3061 4229 3357 4282 secundum
3400 4231 3602 4286 discre.

2025 4283 2187 4341 tionis
2215 4291 2450 4358 speciem
2484 4309 2663 4352 causae
2699 4311 2752 4354 et
2785 4308 3021 4362 causalis
3045 4311 3262 4379 dicere;
3299 4327 3357 4370 ut
3392 4322 3600 4376 discer-

2008 4389 2222 4460 nantur
2249 4383 2466 4451 quidem
2494 4389 2726 4458 scilicet,
2761 4409 2867 4450 non
2902 4407 3092 4460 tamen
3131 4410 3428 4465 secundum
3468 4430 3600 4470 cau-

2023 4482 2160 4535 sam,
2194 4481 2248 4526 et
2278 4478 2500 4534 causale
2534 4497 2548 4534 :
2585 4487 2880 4541 secundum
2935 4495 3150 4549 modum
3197 4515 3330 4559 vero
3365 4504 3598 4561 alterum

2022 4574 2144 4615 cum
2175 4564 2578 4636 discernantur,
2610 4587 2758 4642 puta,
2801 4581 2942 4637 sicut
2969 4591 3243 4644 contraria
3277 4594 3598 4654 discernun-

2021 4663 2106 4707 tur
2132 4655 2196 4710 ad
2252 4659 2506 4728 invicem,
2559 4669 2641 4721 vel
2691 4689 2811 4739 qum
2837 4681 3133 4732 secundum
3170 4687 3508 4754 negationem
3544 4706 3599 4747 et

2018 4743 2429 4806 alIirmationem
2458 4768 2608 4822 sunt,
2644 4761 2723 4813 vel
2759 4779 2878 4832 qua:
2908 4771 3205 4825 secundum
3236 4778 3593 4842 privationem

2015 4847 2067 4890 et
2091 4838 2371 4907 habitent;
2403 4847 2485 4900 vel
2519 4854 2820 4908 secundum
2851 4858 3054 4927 aliquid
3089 4864 3232 4918 aliud
3259 4869 3590 4939 hujusmodi.
3677 4921 3684 4942 ‹,

2017 4929 2239 4985 Constat
2277 4945 2457 4989 autem
2498 4947 2554 4993 et
2600 4944 2723 5011 quia
2783 4950 2967 5019 aliam,
3018 4971 3122 5011 non
3173 4961 3396 5018 alterum
3434 4971 3590 5028 dixit.

2014 5019 2166 5074 Alius
2221 5026 2367 5080 enim
2405 5031 2546 5097 quod
2599 5035 2818 5105 dicitur,
2874 5043 2924 5097 in
2975 5048 3058 5102 his
3093 5069 3210 5119 qum
3259 5059 3360 5111 sub
3399 5065 3589 5118 eadem

2014 5115 2195 5179 specie
2247 5128 2373 5171 sunt
2417 5132 2470 5175 et
2520 5125 2888 5202 adducuntur,
2915 5136 3113 5199 Graec
3142 5146 3428 5205 locutionis
3460 5171 3589 5211 usus

2012 5203 2258 5270 proferre
2292 5217 2605 5281 consuevit;
2640 5220 2812 5276 altera
2848 5215 2972 5283 vero
3008 5242 3062 5286 et
3109 5237 3369 5308 alteritus,
3416 5245 3466 5300 in
3503 5249 3586 5300 his

2010 5309 2129 5363 qua:
2161 5299 2242 5352 vel
2267 5305 2496 5370 specie,
2544 5310 2624 5362 vel
2668 5328 2868 5380 genere
2898 5319 3175 5390 dill‘erunt.
3209 5333 3445 5401 dicitur;
3480 5340 3582 5391 nisi

2009 5385 2149 5442 forte
2195 5391 2420 5449 abusive
2448 5399 2696 5470 dicatur;
2734 5411 2878 5476 quod
2907 5385 3396 5482 profecto'abusiue
3432 5385 3582 5480 ,nnn-

2007 5490 2171 5546 quam
2247 5481 2505 5543 Ecclesia:
2571 5497 2830 5565 magister
2894 5503 2944 5556 in
3016 5509 3214 5564 divinis
3275 5516 3576 5580 posuisset;

2008 5582 2219 5634 verum,
2248 5576 2347 5628 etsi
2383 5583 2565 5646 specie
2614 5589 2885 5655 eamdem,
2921 5592 2974 5646 in
2999 5608 3262 5664 quantum
3300 5602 3401 5653 sub
3427 5620 3579 5656 eant-

2007 5659 2126 5711 dem
2160 5664 2394 5728 apt-cient
2426 5671 2740 5740 adducitur,
2772 5692 2950 5735 causa:
2980 5692 3034 5736 et.
3063 5689 3300 5740 causalis
3327 5693 3534 5747 scilicet
3562 5712 3573 5747 :

2004 5753 2129 5817 quia
2175 5762 2350 5812 tamen
2381 5762 2567 5826 etiam,
2602 5771 2744 5835 quod
2791 5776 2908 5829 sine
2941 5777 3121 5852 medio
3147 5791 3212 5831 ex
3258 5781 3459 5852 aliquo,
3500 5788 3576 5838 \‘cl

2003 5845 2145 5913 quod
2199 5862 2295 5916 per
2339 5852 2558 5922 aliquod
2600 5864 2800 5929 prodit,
2857 5847 3073 5922 causale
3115 5885 3291 5926 causa:
3341 5887 3441 5940 est,
3479 5894 3574 5947 per

3150 5966 3176 5981 υ

3145 5985 3182 6024 Ο
