4106 6438
527 440 630 505 189

1784 435 2180 496 MANUELIS
2221 435 2525 496 CALECIE

3651 427 3746 498 140

511 567 673 623 quam
707 548 910 620 prodit,
933 556 989 604 et
1021 545 1253 602 maxime
1281 561 1404 601 cum
1441 561 1730 616 processus
1761 546 2076 614 inquis-acus
2107 550 2149 605 Α
2253 543 2529 616 Nysseuus
2560 543 2756 614 quippe
2788 544 3083 613 Gregorius
3107 544 3424 599 discernens
3448 542 3558 598 ait:
3595 545 3747 598 Aliud

508 644 697 705 fuerit,
733 642 853 697 Filii
909 657 1038 695 vero
1072 642 1145 696 sit
1197 639 1505 695 immediata
1538 641 1816 704 uativitas,
1841 636 2075 707 Spiritus

509 746 686 786 autem
755 734 987 787 mediata
1047 735 1326 803 processio
1379 747 1476 802 per
1529 729 1724 784 Filium
1785 727 1902 797 ejus
1959 719 2074 793 est,

507 827 779 894 simulque
844 825 1064 879 causaie
1118 821 1366 893 utrisque
1423 821 1693 885 reddidit,
1749 830 1805 874 et
1859 816 2078 874 causaie

509 919 800 972 insinuans
866 918 1102 972 Verbum
1167 931 1234 972 ex
1292 931 1454 970 causa
1522 929 1667 980 esse,
1726 910 2080 968 subdividens

507 1015 670 1066 etiam
706 1013 771 1064 ad
809 1010 1063 1075 invicem,
1114 1009 1418 1063 secundum
1469 1021 1685 1060 causam
1737 1013 1791 1059 et
1839 1001 2076 1068 causale,

507 1103 766 1158 discrevit
826 1102 1031 1170 aliquid
1083 1099 1304 1171 quidem
1355 1100 1702 1152 continenter
1736 1110 1801 1150 ex
1849 1096 2023 1164 primo
2063 1113 2077 1150 :

512 1194 654 1247 aliud
681 1208 806 1246 vero
839 1209 933 1262 per
971 1191 1024 1246 id
1054 1191 1199 1260 quod
1231 1198 1376 1244 esset
1401 1188 1744 1242 continenter
1767 1201 1830 1239 ex
1863 1186 2080 1252 primo;

515 1289 567 1340 in
597 1286 708 1340 sola
759 1300 991 1353 namque
1023 1297 1186 1336 causa
1233 1292 1284 1334 et
1319 1279 1521 1333 causali
1570 1278 1784 1332 divinas
1822 1289 2084 1346 personas

513 1376 750 1430 discerni
785 1372 1264 1444 deprehendimus.
1300 1368 1363 1421 Et
1397 1368 1653 1437 quoniam
1677 1365 1840 1420 Pater
1864 1366 2081 1432 quidem

514 1471 659 1537 quod
715 1467 938 1530 dicitur,
1010 1465 1318 1532 gignentem
1383 1459 1612 1524 indicat,
1673 1455 1842 1511 Filius
1900 1465 2083 1511 autem

515 1568 868 1620 nascentem,
924 1564 1148 1610 sanctus
1195 1567 1325 1606 vero
1380 1551 1619 1621 Spiritus
1675 1549 2083 1619 procedentem,

511 1667 608 1704 seu
659 1650 1002 1717 inspiratum,
1035 1659 1214 1701 causa:
1245 1659 1373 1711 ergo
1407 1653 1459 1696 et
1491 1641 1751 1709 causalis,
1787 1641 1902 1694 sive
1935 1641 2086 1710 prin-

516 1745 671 1810 cipii,
697 1753 748 1796 et
779 1756 967 1794 eorum
1002 1754 1120 1808 qua:
1157 1747 1281 1792 sunt
1310 1752 1372 1790 ex
1407 1735 1675 1805 principio
1710 1733 1927 1787 nomina
1963 1741 2088 1786 sunt

513 1845 714 1886 sancta:
774 1840 830 1885 et
892 1827 1432 1899 supersuhstantialis
1487 1824 1773 1879 Trinitatis
1840 1824 2084 1886 nomina,

2185 637 2321 688 enim
2351 649 2423 691 est
2484 638 2807 691 continenter
2835 653 2898 691 ex
2951 638 3150 705 primo;
3190 637 3340 691 aliud
3376 653 3469 706 per
3501 637 3578 703 id,
3621 641 3750 707 quod

2182 737 2254 779 est
2304 728 2638 782 continenter
2677 744 2741 782 ea:
2771 729 2980 798 primo;
3037 730 3180 798 quod
3234 729 3380 784 enim
3421 736 3550 784 ante
3595 730 3750 784 ctiam

2185 815 2442 884 diximus,
2475 833 2696 875 causam
2745 829 2800 874 et
2828 819 3048 876 causaie
3097 832 3390 889 processus
3438 819 3740 890 huiusmodi

2189 910 2614 978 commendant;
2643 911 2748 968 nisi
2781 912 2926 966 enim
2958 925 3252 979 processus
3275 911 3329 967 in
3359 910 3561 968 divinis
3591 922 3750 976 esset.

2183 1000 2426 1068 proiecto
2479 1017 2658 1072 neque
2695 1003 2978 1070 discretio,
3032 1018 3210 1076 neque
3260 1018 3524 1060 numerus
3572 1018 3752 1075 perso-

2185 1107 2375 1146 narum
2415 1101 2596 1159 esset;
2630 1108 2985 1163 personarum
3016 1110 3148 1151 vero
3167 1109 3433 1151 numerus
3453 1095 3748 1151 secundum

2183 1199 2428 1249 causam,
2464 1195 2518 1239 et
2557 1185 2776 1242 causaie
2815 1186 3010 1242 divina:
3048 1201 3296 1256 persona:
3333 1185 3703 1256 distinguitur.

2255 1276 2430 1329 Simul
2477 1288 2658 1332 autem
2689 1287 2931 1342 constat,
2955 1279 3122 1336 etiam
3155 1279 3452 1335 secundum
3480 1279 3748 1334 contraria

2187 1367 2452 1434 possibile
2487 1383 2593 1422 non
2629 1382 2752 1422 esse
2781 1369 2996 1425 divinas
3026 1371 3264 1428 discerni
3293 1385 3592 1439 personas;
3627 1383 3752 1424 con-

2189 1457 2358 1512 traria
2415 1459 2558 1512 enim
2619 1458 2930 1516 dill‘erentes
2975 1461 3188 1531 species
3243 1462 3647 1525 commendant,
3699 1470 3753 1512 ut

2188 1549 2373 1607 album
2415 1561 2470 1605 et
2505 1551 2746 1622 nigrum,
2785 1563 2840 1608 et
2878 1553 3144 1610 rationale
3188 1564 3242 1610 et
3272 1553 3611 1617 irrationale,
3641 1567 3752 1606 cor-

2187 1657 2398 1712 pusque
2427 1651 2479 1698 et
2507 1642 2868 1713 incorporale.
2899 1645 3043 1700 Deus
3071 1655 3252 1700 autem
3284 1661 3390 1701 una
3419 1644 3629 1715 species
3652 1651 3751 1702 est.

2187 1748 2525 1804 quascunque
2557 1739 2772 1790 tandem
2804 1736 2898 1803 sit,
2922 1737 2966 1791 si
2998 1736 3103 1791 dici
3149 1738 3332 1802 liceat,
3361 1747 3418 1793 et
3447 1751 3555 1792 uua
3598 1735 3750 1789 trium

2188 1825 2427 1878 essentia
2463 1834 2516 1880 et
2545 1826 2726 1882 unitas
2749 1837 2860 1890 .cst.

513 1923 692 1978 Patris
727 1923 955 1983 scilicet,
987 1930 1038 1973 et
1095 1919 1239 1981 Filii,
1289 1925 1342 1972 et
1375 1915 1550 1970 sancti
1581 1915 1842 1985 Spiritus.
1876 1911 2093 1983 Et'quia
2127 1923 2168 1978 Β
2265 1909 2451 1982 Neque
2473 1918 2771 1972 secundum
2796 1919 3153 1987 privationem
3179 1921 3397 1990 quidem
3421 1931 3476 1978 et
3495 1921 3750 1986 habiturn,

516 2015 842 2086 paternitas,
887 2021 941 2066 et
975 2011 1254 2065 uativitas.
1287 2019 1449 2078 atque
1485 2007 1763 2077 processio
1807 2004 1934 2060 sola:
1964 2011 2090 2059 sunt

527 2104 915 2160 substantiales
972 2104 1333 2173 proprietates
1382 2113 1790 2167 personarum:
1847 2094 2089 2166 proprie-

527 2207 670 2252 tates
701 2212 828 2250 vcro
873 2197 1012 2250 idem
1063 2209 1202 2257 esse,
1230 2192 1372 2264 quod
1423 2192 1779 2254 substantias,
1808 2197 2087 2244 ostensum

517 2300 602 2344 cst
651 2289 944 2344 secundum
997 2285 1306 2354 theologum
1354 2281 1676 2349 Gregorium
1723 2297 1736 2334 :
1775 2279 2086 2334 substantia

449 2437 466 2444 ,
518 2395 669 2444 vero,
713 2379 827 2432 sive
856 2390 1084 2446 persona
1121 2375 1362 2437 Patrem,
1399 2382 1454 2425 et
1493 2370 1711 2436 Filium,
1737 2380 1792 2426 et
1823 2369 2088 2440 Spiritum

516 2480 768 2526 sanctum
833 2470 1032 2539 signat.
1088 2467 1167 2520 ita
1212 2465 1358 2520 enim
1413 2463 1784 2517 Damascenus
1839 2461 2090 2515 deﬁnivit

515 2565 702 2619 dicens
731 2560 961 2638 :pDeitas
1006 2567 1252 2612 naturam
1284 2557 1518 2621 indicat;
1552 2557 1714 2612 Pater
1747 2564 1924 2607 autem
1951 2553 2088 2622 quod

515 2659 733 2715 dicitur.
783 2652 1180 2715 substantiam;
1231 2652 1357 2718 quia
1408 2650 1566 2702 etiam
1617 2647 1912 2702 substantia
1946 2663 2090 2700 com-

515 2764 669 2802 mune
708 2761 826 2800 cum
863 2747 1078 2815 proprio
1109 2751 1209 2797 est.
1258 2740 1487 2797 ConSIat
1529 2742 1645 2794 hate
1677 2739 1894 2794 nomina
1931 2737 2088 2792 indu—

513 2854 644 2893 cere
699 2838 1085 2892 discretionem
1123 2833 1490 2904 personalem,
1541 2845 1608 2886 ac
1657 2829 1963 2886 necessario
2003 2829 2084 2882 di-

514 2936 696 2982 screta
733 2925 968 2994 signare.

582 3018 852 3084 Quocirca
919 3024 978 3069 et
1043 3013 1158 3068 haec
1215 3011 1330 3066 sola
1383 3009 1602 3079 proprie
1664 3010 1971 3080 personalia
2033 3022 2087 3064 et

511 3107 891 3166 substantialia
929 3113 1078 3171 sunt,
1105 3119 1225 3174 qua:
1249 3117 1448 3170 Causae,
1479 3103 1819 3173 causalisque
1842 3104 2084 3157 habitum

515 3206 756 3274 signant,
801 3188 1140 3266 singulaque
1194 3197 1422 3266 singulis
1479 3196 1699 3267 pmprie
1761 3196 2084 3259 redduntur,

517 3296 659 3350 nulla
702 3291 1111 3346 communitatis
1151 3289 1361 3344 ratione
1408 3287 1750 3350 introducta;
1780 3286 2090 3343 suliiciunt—

523 3400 631 3456 que
682 3400 780 3452 per
829 3397 890 3437 se
921 3383 1038 3451 ipsa
1089 3381 1439 3436 discretionis
1484 3380 1867 3436 commendare
1919 3381 2086 3433 ratio-

519 3495 664 3533 nem.
705 3476 883 3530 Patris
913 3483 1058 3530 enim
1092 3476 1255 3542 super
1283 3474 1642 3528 substantiale
1677 3487 1874 3528 nomen
1921 3482 1974 3527 et
2003 3488 2090 3527 res

517 3583 762 3622 causam
801 3567 1006 3622 indicat
1059 3565 1207 3628 Filii,
1265 3575 1318 3620 et
1375 3563 1499 3618 Filii
1550 3564 1739 3630 ctiam,
1795 3571 1850 3618 et
1911 3561 2088 3616 sancti

519 3661 757 3731 Spiritus
796 3659 1074 3715 similiter.
1120 3658 1358 3725 Quorum
1389 3655 1561 3710 Filius
1595 3656 1812 3725 quidem
1841 3655 2086 3709 habitum

519 3752 865 3821 adl’atrem
927 3752 1129 3819 signat,
1193 3757 1417 3804 sanctus
1485 3756 1665 3801 autem
1720 3746 1958 3816 Spiritus
2022 3745 2087 3800 ad

521 3845 923 3916 productorem,
955 3843 1069 3898 sive
1101 3841 1399 3909 spirantem
1426 3838 1664 3894 causalis
1687 3839 1891 3894 habere
1922 3837 2088 3892 ratio-

521 3952 644 3991 nem
682 3937 938 4000 traditur,
989 3933 1228 3988 maxime
1275 3947 1399 3986 cum
1443 3933 1621 3987 dictus
1660 3931 1728 3986 sit
1757 3929 2086 4001 spiraculum

522 4028 945 4099 omnipotentis;
1001 4025 1232 4093 Filiique
1283 4023 1614 4095 spiraculum
1667 4039 1791 4080 esse
1847 4023 2088 4094 Spiritus

523 4129 767 4181 sanctus,
804 4113 1134 4183 Spiraculum
1171 4129 1298 4167 vero
1332 4114 1590 4182 Spirantis
1611 4120 1727 4180 est;
1764 4124 1818 4167 et
1853 4114 2088 4183 Spiritus

524 4230 552 4265 a
585 4211 838 4278 spirando
883 4207 1264 4261 denominatus
1309 4215 1414 4258 est.
1467 4205 1530 4260 Et
1566 4206 1708 4260 sicut
1737 4205 1812 4260 ait
1863 4221 2091 4276 magnus

523 4303 873 4365 Athanasius,
907 4299 1144 4368 Spiritus
1185 4297 1483 4366 processio,
1512 4298 1784 4366 spiraculo
1817 4299 2087 4351 assimila-

527 4407 635 4448 tur.
669 4392 903 4462 Spiritus
935 4399 1111 4443 autem
1145 4390 1414 4458 processio
1439 4403 1723 4457 processus
1755 4399 1839 4444 est
1868 4408 1878 4443 :
1905 4391 2090 4458 itaque

530 4498 583 4540 et
629 4483 936 4552 inepiratio.
989 4480 1127 4535 Nam
1187 4492 1238 4536 et
1284 4479 1521 4550 Spiritus
1553 4483 1851 4552 procedens
1891 4484 2091 4538 dicitur

2192 2018 2312 2074 qua:
2375 2005 2522 2060 enim
2584 2007 2905 2077 itnperleetc
2965 2010 3207 2076 habent,
3261 2011 3561 2072 secundum
3625 2013 3755 2067 hanc

2192 2097 2596 2166 oppositionem
2657 2099 3090 2169 discernuntur,
3160 2103 3326 2160 veluti
3381 2105 3450 2160 ab
3516 2114 3753 2174 aspectu,

2192 2187 2412 2244 caecitas
2447 2200 2502 2244 et
2550 2204 2580 2243 a
2629 2205 2773 2246 caeco
2817 2193 3022 2248 videns.
3066 2191 3218 2251 Nulla
3254 2211 3386 2252 vero
3433 2187 3673 2268 privatio.
3703 2195 3754 2249 in

2192 2277 2305 2334 Deo
2357 2280 2555 2334 summi
2593 2281 2720 2337 boni
2753 2293 2867 2350 est;
2921 2286 3122 2354 quippe
3176 2288 3608 2357 perfectissimus
3640 2295 3750 2350 est:

2191 2377 2244 2422 et
2296 2369 2729 2426 substantiarum
2781 2373 3035 2441 quaelibet
3085 2376 3322 2445 perlecta
3357 2387 3474 2445 est;
3515 2377 3753 2445 Deusque

2191 2470 2341 2518 totus
2379 2477 2444 2517 ex
2499 2473 2610 2518 toto
2659 2480 2841 2532 verus,
2879 2482 2942 2524 ac
2999 2469 3275 2538 perfectus
3326 2481 3414 2526 est
3465 2470 3749 2526 secundum
3835 2477 3838 2480 ‘

2191 2553 2316 2609 ﬁdei
2349 2555 2673 2624 positiones,
2709 2556 2803 2612 sed
2836 2573 3010 2629 neque
3031 2568 3088 2614 ut
3116 2561 3414 2618 afﬁrmatio
3441 2572 3496 2618 et
3526 2560 3749 2632 negatio.

2191 2645 2349 2714 Nam,
2383 2647 2685 2703 secundum
2731 2649 2874 2704 hanc
2920 2651 3315 2720 oppositionem
3349 2668 3475 2724 quze
3525 2662 3646 2708 sunt
3688 2650 3752 2706 ab

2192 2740 2278 2795 his
2307 2756 2429 2812 quae
2461 2757 2569 2796 non
2601 2749 2753 2808 sunt,
2785 2742 3192 2807 discernuntur,
3225 2752 3284 2798 ut
3321 2758 3352 2798 a
3387 2744 3522 2798 falso
3550 2757 3750 2798 verum.

2199 2832 2366 2888 Porro
2396 2835 2451 2888 in
2500 2835 2611 2889 Deo
2657 2834 2837 2890 nullus
2869 2849 2974 2891 non
3010 2836 3230 2891 essendi
3279 2835 3436 2891 locus
3483 2845 3585 2890 est.
3621 2833 3752 2888 Dens

2188 2926 2334 2980 enim
2402 2927 2638 2982 essentia
2700 2925 3240 2997 supersubstantialis
3301 2939 3414 2994 εει,
3477 2927 3753 2993 virtusque

2187 3019 2337 3072 omni
2369 3020 2572 3073 virtute
2599 3020 2850 3089 superior
2874 3028 2928 3075 et
2959 3019 3337 3084 exei’eutior,
3363 3031 3528 3089 atque
3555 3020 3751 3073 incom-

2189 3111 2467 3166 mutabilis
2493 3111 2721 3167 veritas.
2774 3109 2915 3166 Deus
2948 3111 3085 3165 enim
3128 3125 3184 3165 se
3234 3111 3410 3181 ipsum
3443 3125 3628 3180 negare
3658 3120 3753 3160 non

2187 3211 2378 3269 potest,
2414 3209 2468 3256 ut
2508 3203 2583 3257 ait
2608 3201 2806 3258 Paulus
2831 3202 2872 3257 '.

2264 3291 2534 3348 Praeterea
2573 3308 2679 3347 non
2715 3301 2799 3348 est
2832 3292 3070 3363 negatio,
3112 3293 3253 3361 quod
3289 3291 3592 3348 afﬁrmatio
3628 3288 3748 3343 sitn-

2194 3385 2431 3452 pliciter.
2479 3383 2716 3440 Persona
2761 3394 2950 3440 autem
2995 3399 3102 3440 una
3132 3393 3216 3439 est
3241 3384 3587 3454 simpliciter,
3619 3379 3752 3450 quod

2193 3477 2397 3543 altera;
2433 3478 2730 3532 secundum
2757 3477 3050 3533 relationes
3081 3477 3299 3545 quidem
3333 3474 3478 3541 duae,
3507 3469 3756 3541 simplici-

2195 3579 2278 3624 ter
2306 3577 2486 3624 autem
2520 3585 2648 3624 una.
2676 3569 2812 3624 Nam
2851 3570 3148 3626 secundum
3197 3571 3522 3634 essentiam,
3547 3577 3600 3622 et
3641 3577 3752 3618 esse

2195 3663 2378 3718 unitas
2406 3664 2485 3719 eis
2513 3673 2595 3720 est
2636 3682 2650 3719 :
2701 3663 2818 3734 Ego
2869 3664 3010 3718 enim
3056 3673 3105 3718 et
3152 3663 3338 3728 Pater,
3371 3661 3569 3732 inquit,
3602 3669 3750 3712 unum

2192 3769 2373 3808 sumus
2401 3754 2421 3786 ³
2451 3746 2548 3810 δἐι
2596 3757 2810 3825 negatio
2835 3757 3054 3824 quidem
3103 3755 3351 3824 sequitur
3406 3770 3468 3810 ea
3503 3765 3618 3820 qua:
3666 3759 3753 3814 De"

2195 3846 2302 3902 aiia
2335 3849 2626 3906 indiscreta
2658 3857 2824 3917 sunt;
2853 3849 3066 3919 signum
3097 3848 3240 3903 enim
3264 3845 3634 3906 discretionis,
3655 3853 3750 3894 nou

2194 3952 2375 3996 autem
2433 3942 2819 3999 discretionem
2881 3943 3029 3997 iacit.
3082 3941 3256 3998 liomo
3308 3942 3458 3997 enim
3511 3951 3564 3996 et
3617 3932 3752 3988 aliud

2195 4032 2472 4100 quodlibet
2533 4032 2733 4087 animal
2787 4033 2999 4089 ratione
3053 4043 3107 4087 et
3173 4033 3480 4102 privatione
3541 4023 3752 4085 rationis

2195 4126 2619 4189 disccrmmtur;
2664 4141 2788 4180 cum
2823 4124 3162 4185 irrationale.
3198 4135 3256 4179 ut
3289 4127 3504 4194 species
3540 4123 3594 4177 in
3625 4116 3753 4174 divi-

2196 4214 2443 4269 sionibus
2476 4214 2796 4282 accipiatur.
2834 4213 3103 4269 Caeterum
3161 4229 3267 4268 non
3304 4229 3370 4270 eo
3421 4215 3563 4285 quod
3602 4213 3753 4265 homo

2194 4314 2301 4368 est,
2336 4313 2391 4360 et
2437 4307 2599 4359 homo
2643 4320 2745 4359 non
2787 4315 2892 4362 est.
2935 4305 3050 4359 Non
3099 4307 3242 4361 enim
3280 4307 3383 4362 hoc
3421 4316 3524 4370 est,
3566 4311 3750 4370 equum

2195 4413 2338 4464 esse,
2386 4398 2529 4468 quod
2568 4399 2840 4454 hominem
2896 4413 3006 4468 non
3053 4399 3198 4455 esse.
3227 4399 3497 4465 Quoniam
3542 4408 3666 4450 vero
3701 4391 3752 4443 in

2198 4491 2283 4546 his
2317 4505 2436 4561 quae
2476 4489 2542 4544 ad
2596 4490 2822 4558 aliquid,
2871 4505 2994 4563 quae
3024 4492 3078 4547 in
3110 4493 3347 4546 essentia
3402 4489 3751 4562 inspiciuntur

526 4588 750 4649 propter
799 4591 1114 4647 processum
1164 4574 1396 4640 scilicet,
1445 4576 1745 4629 secundum
1806 4591 1968 4646 quem
2021 4592 2087 4630 ex
2124 4583 2492 4657 Dsecundum
2544 4581 2756 4637 scilicet
2811 4597 3035 4638 causam
3089 4594 3143 4638 ει
3191 4585 3434 4650 causale,
3491 4579 3751 4652 reperitur

527 4673 688 4726 Patre
716 4686 811 4738 per
840 4669 1036 4724 Filium
1069 4666 1336 4736 procedit.

593 4765 823 4840 Constat
857 4763 1041 4831 itaque
1071 4759 1459 4816 substantiales
1499 4759 1880 4830 proprietates,
1912 4770 2092 4828 pater-

527 4856 754 4909 nitatem
784 4862 838 4908 et
868 4853 1232 4915 nativitatem,
1259 4861 1311 4905 et
1338 4851 1764 4919 processionem,
1797 4851 2090 4906 secundum

529 4958 776 5006 causam,
811 4943 1048 5006 causale,
1086 4941 1299 4994 divinas
1344 4944 1560 5010 signare
1590 4956 1886 5010 personas;
1937 4951 2098 5010 atque

531 5035 654 5090 ideo
707 5032 1092 5087 substantiales
1140 5042 1194 5084 et
1251 5030 1503 5100 proprias
1560 5031 1857 5086 secundum
1911 5045 1990 5094 se,
2034 5045 2095 5084 ac

535 5126 750 5198 proprie
792 5124 918 5189 dici,
951 5124 1193 5190 solisque
1221 5121 1304 5175 his
1336 5120 1760 5189 proprietatibus
1791 5120 2094 5174 divinarum

532 5235 892 5296 personarum
949 5217 1310 5275 diﬁerentiam
1366 5216 1610 5285 intelligi.
1672 5213 1734 5268 Et
1791 5213 1923 5268 illud
1973 5214 2098 5267 item

533 5325 773 5377 constat,
815 5311 1174 5380 proprietates
1208 5307 1423 5374 quidem
1453 5304 1751 5368 secundum
1778 5320 2018 5368 causam,
2049 5317 2100 5360 et

531 5407 749 5462 causaie
783 5401 1144 5457 subsistentes
1175 5398 1484 5467 cngitatiOai
1523 5411 1814 5465 processus
1837 5400 2092 5466 ingerere,

532 5509 851 5565 rursumque
878 5503 1168 5560 processus
1203 5501 1446 5549 causam,
1479 5497 1534 5539 et
1565 5488 1802 5549 causale,
1827 5486 2094 5554 simulque

533 5586 914 5667 discretionem
952 5577 1282 5635 subinierre.
1327 5576 1427 5629 ista
1455 5576 1596 5630 enim
1649 5593 1742 5646 per
1777 5578 2092 5634 alterutrum

535 5681 882 5749 colliguntur.

606 5863 626 5893 ¹
657 5858 841 5915 i'l‘im.
877 5872 938 5919 ιι,
970 5855 1051 5909 i3.
1128 5853 1148 5884 ³
1172 5851 1327 5911 Joan.
1359 5871 1413 5920 χ,
1443 5855 1531 5912 50.

2198 4675 2400 4744 aliquid
2450 4673 2626 4729 simile
2678 4674 2780 4729 sibi
2826 4675 3153 4744 produceus,
3207 4677 3260 4730 in
3314 4678 3504 4732 eadem
3557 4669 3749 4743 specie.

2197 4764 2496 4820 secundum
2533 4750 2818 4820 univocam
2871 4781 3124 4834 causam;
3165 4768 3307 4824 Deus
3361 4777 3540 4824 autem
3594 4773 3747 4816 unum

2195 4865 2280 4908 est
2332 4857 2599 4919 essentia;
2653 4857 2776 4919 tria,
2829 4857 3282 4913 substantialibus
3337 4850 3750 4928 proprietatibus

2198 4951 2494 5003 secundum
2525 4963 2748 5004 causam
2783 4957 2834 5003 et
2872 4949 3122 5014 causaie;
3154 4951 3426 5018 oppositio
3471 4941 3750 5004 secundum

2198 5053 2415 5092 causam
2449 5049 2504 5092 et
2535 5037 2754 5094 causaie
2783 5041 2835 5092 in
2867 5041 2968 5100 his.
2992 5055 3112 5109 qua
3148 5045 3215 5097 ad
3246 5041 3452 5111 aliquid
3483 5042 3748 5096 dicuntur.

2196 5129 2372 5184 locum
2407 5130 2570 5185 habet
2600 5131 2653 5184 in
2679 5140 2865 5186 sancta
2899 5129 3186 5187 Trinitate.
3223 5133 3347 5188 ideo
3379 5145 3430 5190 et
3457 5125 3744 5191 secundum

2197 5219 2363 5274 solam
2398 5235 2617 5274 causam
2665 5230 2719 5275 ct
2754 5223 2990 5284 causale,
3037 5234 3090 5277 et
3135 5238 3164 5277 a
3217 5223 3494 5294 Scriptura
3546 5224 3748 5273 sancta.

2197 5321 2249 5367 et
2290 5328 2318 5366 a
2371 5314 2577 5367 sanctis
2627 5312 2900 5377 Patribus.
2945 5315 3158 5370 divinas
3189 5331 3451 5386 personas
3504 5304 3750 5367 discerni.

2201 5403 2456 5458 traditum
2490 5411 2592 5458 est.
2626 5403 2803 5459 Patris
2833 5404 2974 5459 enim
3009 5407 3076 5461 ad
3105 5405 3299 5461 Filium
3336 5406 3528 5462 tradita
3560 5401 3749 5456 disct'eo

2205 5497 2296 5558 tio,
2323 5509 2498 5550 causa:
2530 5504 2584 5549 et
2631 5495 2865 5550 causalis
2899 5505 3012 5562 est;
3045 5497 3229 5553 itidem
3263 5496 3506 5568 producti
3550 5502 3602 5546 et
3634 5501 3752 5555 υτο·

2203 5587 2469 5642 ducentis.

2275 5675 2499 5732 Constat
2529 5688 2708 5733 autem
2741 5692 2804 5736 ex
2839 5679 3316 5749 prtemissis,.quia
3349 5677 3594 5752 ingenui»
3616 5665 3752 5741 seni“
