4106 6438
322 392 409 457 141
1410 389 1819 452 ADVERSUS
1859 391 1904 450 G

2014 391 2180 452 ECOS
2219 392 2364 452 LIB.
2417 391 2531 452 ΙΙῙ.

3467 387 3596 452 .142

322 511 462 578 tique
495 507 706 561 ratione
727 503 888 560 Pater
920 518 950 558 a
983 502 1118 559 Filio
1141 517 1250 559 non
1280 505 1502 576 proprie
1548 504 1900 560 discernitur.
1936 507 1982 564 Α
2082 506 2350 571 Quoniam
2413 506 2576 575 igitur
2642 507 2916 571 accidens,
2974 507 3421 579 consortiumque
3489 527 3594 563 non

316 602 504 667 Neque
542 613 607 652 eo
653 595 796 667 quod
830 588 928 651 est'
960 593 1110 650 nasci
1142 602 1195 649 et
1226 609 1334 648 non
1373 593 1548 650 nasci.
1584 594 1708 649 llaec
1753 594 1898 649 enim

318 694 472 760 quasi
540 688 901 745 contradictio
967 686 1072 743 sibi
1137 687 1372 742 invicem
1431 687 1681 757 opposita
1750 696 1897 741 sunt.

323 784 531 838 Dictum
582 789 667 837 est
713 789 897 836 autem
952 779 1369 834 aiiirmationem
1423 789 1480 833 et
1528 779 1899 848 negationem,

321 877 466 929 nulla
521 887 681 944 posse
713 872 925 927 ratione
955 871 1297 936 discernere,
1347 871 1442 927 sed
1495 872 1651 941 sequi
1687 885 1751 926 ea
1782 885 1904 942 quae

320 973 430 1039 jam
476 983 570 1038 per
616 967 721 1022 alia
780 965 1015 1021 discreta
1065 972 1213 1029 sunt,
1248 977 1372 1017 cum
1429 963 1500 1018 sit
1553 964 1903 1019 discretionis

323 1065 533 1132 signum
567 1077 584 1117 :
617 1059 779 1116 sicuti
817 1057 1115 1129 ingenitum
1144 1055 1288 1126 quod
1334 1055 1554 1121 dicitur,
1576 1056 1690 1126 jam
1722 1057 1903 1111 subsi-

323 1167 552 1210 stentem
612 1151 829 1207 Patrem
887 1149 1231 1215 atﬁrmativa,
1292 1147 1344 1203 id
1398 1157 1482 1202 est
1552 1147 1904 1204 substantiaii

324 1246 675 1318 proprietate,
731 1235 1058 1314 paternitate
1097 1241 1336 1308 scilicet,
1389 1243 1660 1310 sequitur.
1717 1240 1906 1312 itaque

323 1339 614 1406 ingenitum
663 1344 718 1391 et
764 1334 999 1406 genitum
1035 1331 1238 1400 Patris,
1287 1341 1342 1387 et
1377 1330 1501 1388 Filii
1551 1333 1616 1388 ad
1668 1335 1903 1391 invicem

323 1429 701 1486 discretionem
770 1443 878 1483 non
941 1426 1101 1493 facit,
1162 1427 1260 1482 sed
1328 1428 1700 1484 subsistentes
1765 1429 1902 1499 jam,

321 1535 485 1592 atque
551 1523 818 1578 discretos
879 1519 1333 1578 substantialibus
1397 1535 1589 1576 eorum
1659 1524 1908 1592 proprie-

323 1616 522 1670 tatibus
575 1615 872 1670 secundum
924 1627 1145 1668 causam
1185 1622 1240 1668 et
1277 1613 1519 1679 causale,
1574 1615 1906 1683 paternitate

323 1725 387 1764 ac
417 1710 698 1764 nativitate
730 1707 972 1764 discerni
1007 1706 1304 1778 signiﬁcat.
1343 1705 1610 1764 Similiter
1647 1715 1702 1764 et
1746 1707 1812 1764 de
1841 1723 1904 1763 eo

322 1801 466 1871 quod
503 1809 585 1856 est
615 1799 762 1857 nasci
792 1808 848 1856 et
879 1815 990 1854 non
1021 1802 1196 1866 nasci,
1230 1798 1548 1854 dicendum.

393 1891 620 1949 Constat
650 1900 828 1946 autem
864 1905 930 1946 ex
964 1889 1074 1957 his,
1101 1899 1156 1945 et
1193 1904 1288 1946 eos
1313 1890 1405 1960 qui
1433 1889 1622 1946 dicunt
1649 1889 1905 1962 oportere

323 1985 560 2056 primum
591 1997 710 2039 esse
751 1981 969 2038 Patrem
1004 1991 1058 2040 et
1087 1981 1310 2049 Filium,
1355 1981 1552 2039 deinde
1588 1983 1756 2038 alium
1786 1984 1907 2053 qui-

322 2079 446 2131 dem
500 2077 740 2148 gignere,
773 2075 931 2146 longe
971 2089 1001 2130 a
1054 2076 1265 2131 decenti
1322 2077 1668 2159 Confessione
1703 2090 1907 2134 sanctas

326 2167 620 2223 Trinitatis
650 2167 928 2223 aberrare.
957 2164 1115 2222 Nulla
1146 2169 1290 2224 enim
1317 2169 1428 2224 illic
1455 2179 1540 2226 est
1563 2170 1668 2224 alia
1701 2171 1906 2226 discre-

326 2259 492 2313 tionis
530 2256 852 2325 diii‘erentia,
887 2267 1086 2328 praeter
1123 2274 1240 2314 eam
1274 2273 1393 2328 quae
1432 2260 1734 2316 secundum
1783 2275 1909 2315 cau-

330 2367 444 2406 sam
477 2359 531 2406 et
561 2345 778 2406 ca‘usale
807 2365 872 2406 ex
905 2351 1259 2422 processibus
1297 2358 1546 2422 apparet.
1585 2349 1701 2406 [ioc
1728 2351 1905 2422 ipsum

330 2444 500 2508 enim,
526 2443 664 2512 quod
695 2441 833 2498 alius
868 2443 940 2498 sit
972 2456 1157 2511 causa,
1195 2443 1334 2499 alius
1386 2444 1636 2511 causale;
1691 2443 1794 2499 hoc
1821 2453 1907 2499 est

339 2535 484 2588 alios
528 2534 732 2598 quidem
769 2533 840 2589 sit
883 2533 1070 2602 Pater,
1100 2533 1241 2590 alius
1270 2533 1465 2602 Filius,
1518 2550 1782 2605 personas
1832 2539 1908 2593 si-

349 2626 460 2680 mul
486 2637 531 2682 et
555 2625 930 2681 discretionem
962 2625 1164 2696 signat.
1197 2624 1406 2697 Itaque,
1446 2629 1492 2682 si
1523 2629 1743 2697 quidem
1788 2643 1911 2699 pro-

339 2734 524 2774 cessus
570 2733 678 2775 non
729 2727 899 2784 esset,
945 2727 1003 2772 ut
1049 2718 1252 2774 dictum
1291 2727 1372 2774 est
1417 2719 1686 2788 profecto,
1731 2737 1909 2791 neque

331 2825 590 2867 numerus
624 2824 980 2880 personarum
1010 2820 1178 2878 esset,
1211 2821 1618 2884 consequenter
1653 2829 1783 2870 VCI‘O
1807 2830 1909 2872 nec

332 2905 593 2960 Trinitas.
1778 2964 1792 2976 ο

402 3000 506 3054 Alii
539 3000 702 3054 etiam
751 2998 864 3055 sine
894 2999 1264 3070 processibus,
1307 3000 1398 3070 qui
1432 3011 1558 3056 sunt
1607 3004 1905 3057 secundum

330 3108 553 3146 causam
584 3102 638 3147 et
663 3093 894 3158 causale,
927 3093 1026 3146 tria
1067 3102 1279 3162 ponunt
1313 3107 1434 3150 esse
1480 3091 1651 3150 Deum
1685 3111 1699 3147 :
1746 3105 1800 3150 et
1835 3096 1907 3151 ita

332 3186 467 3240 nihil
505 3185 811 3255 prohibebit
840 3200 955 3251 eos,
1008 3187 1111 3241 tria
1147 3202 1270 3243 cum
1307 3187 1439 3253 sint,
1489 3188 1541 3243 in
1579 3187 1690 3244 Deo
1739 3187 1910 3244 cnnli-
1935 3205 1979 3264 α

329 3279 457 3344 teri,
503 3279 797 3334 secundum
851 3293 912 3334 se
965 3279 1087 3335 sine
1143 3279 1410 3334 relatione
1457 3280 1523 3334 ad
1561 3279 1904 3346 alterutrum,

329 3372 474 3439 quod
530 3386 652 3424 cum
707 3371 958 3427 essentia:
1013 3371 1277 3432 unitatem
1343 3365 1523 3440 tollat,
1575 3371 1904 3428 Arianorum

332 3462 632 3532 propositio
658 3472 760 3517 est.
1791 3467 1794 3472 “

404 3552 520 3609 Non
546 3554 718 3609 solum
745 3569 873 3627 ergo
890 3570 996 3610 non
1022 3563 1241 3626 oportet
1266 3555 1501 3626 primum
1525 3569 1644 3612 esse
1664 3555 1904 3622 Patrem,

332 3646 527 3702 deinde
561 3646 880 3716 genitorem,
920 3663 1130 3714 verum,
1175 3662 1244 3702 ne
1297 3648 1529 3719 cogitari
1584 3649 1636 3705 id
1689 3650 1908 3720 quidem

331 3742 603 3795 convenit.
640 3740 772 3795 Nam
821 3740 868 3796 si
913 3743 1087 3812 ipsum
1118 3742 1342 3813 gignere
1389 3741 1567 3796 Patris
1618 3758 1905 3812 personam

334 3835 530 3904 signat,
569 3833 835 3902 quomodo
870 3835 1088 3890 sublato
1118 3849 1185 3890 eo
1237 3836 1355 3906 ipso
1387 3838 1631 3907 gignere,
1655 3835 1769 3906 jam
1805 3836 1910 3890 erit

334 3923 536 3979 Pater?
564 3926 668 3978 Aut
713 3927 859 3979 enim
897 3940 1072 3996 neque
1125 3924 1288 3982 Pater
1330 3929 1459 3987 erit.
1511 3928 1554 3982 si
1591 3929 1773 3984 dicere
1826 3929 1908 3984 fas

335 4024 440 4081 est,
491 4028 581 4070 aut
618 4029 764 4072 certe
812 4017 1086 4086 confusio,
1139 4029 1231 4074 aut
1281 4021 1504 4074 tertium
1559 4021 1661 4076 erit
1703 4023 1912 4092 aliquid

336 4112 626 4164 secundum
677 4125 735 4168 se
785 4119 840 4166 et
890 4113 1221 4179 absolutum,
1279 4116 1510 4169 divisum
1563 4116 1630 4170 ab
1673 4117 1907 4172 essentia

336 4202 458 4256 Filii
507 4213 560 4258 et
610 4202 864 4274 Spiritus.
917 4205 970 4259 Id
1029 4208 1203 4275 ipsum
1255 4217 1439 4263 autem
1495 4217 1551 4262 et
1601 4209 1667 4264 de
1720 4218 1910 4265 sancto

340 4295 541 4363 Spiritu
568 4297 873 4353 dicendum.
899 4299 1005 4354 Sed
1033 4300 1134 4360 ista
1159 4316 1290 4356 sane
1313 4302 1602 4372 phantasia
1627 4301 1906 4356 hominum

337 4403 520 4440 eorum
555 4399 660 4454 est,
690 4389 778 4458 qui
811 4402 1054 4445 sanctam
1107 4391 1432 4447 Trinitatem
1462 4392 1619 4463 quasi
1663 4402 1774 4447 tres
1809 4393 1910 4446 ho-

342 4477 508 4529 mines
552 4482 616 4530 ad
667 4477 898 4547 seipsam
954 4478 1156 4534 habere
1211 4489 1440 4548 ponunt,
1489 4480 1650 4550 eique
1693 4479 1912 4551 indigne

2007 595 2296 651 admittere
2341 595 2480 652 dixit
2513 611 2575 652 ea
2627 612 2724 667 per
2755 613 2875 668 quae
2927 598 3187 668 cujusque
3236 615 3594 668 personarum

2006 686 2314 754 proprietas
2347 689 2787 753 commendatur,
2829 700 2883 744 et
2930 705 3024 760 per
3061 705 3181 760 qua:
3214 691 3444 761 singulm
3481 692 3598 746 illa-

2013 793 2132 831 rum
2166 778 2404 836 discrete
2429 780 2790 850 accipiuntur,
2834 783 2902 837 de
2927 784 3166 853 propriis
3188 787 3484 840 secundum
3517 801 3596 853 se,

2011 869 2579 941 substantialihusque
2613 873 2929 930 notionibus
2961 878 3180 946 preprie
3211 878 3453 933 disserit.
3489 879 3598 934 Ita-

2008 973 2115 1030 que
2152 961 2412 1029 possibile
2462 978 2566 1017 non
2600 973 2704 1031 est,
2752 965 2805 1018 in
2853 967 3042 1021 eadem
3081 982 3339 1036 persona,
3376 969 3600 1027 alterius

2007 1049 2172 1105 etiam
2238 1051 2631 1122 proprietatem
2697 1055 2912 1126 inspici.
2983 1056 3140 1114 Nulla
3191 1059 3340 1115 enim
3399 1062 3452 1116 in
3512 1063 3600 1118 itis

2009 1145 2400 1212 communitas,
2435 1154 2532 1201 aut
2569 1148 2855 1204 conversio
2911 1149 3210 1206 inducitur.
3261 1152 3376 1209 Hoc
3428 1155 3594 1210 etiam

2010 1236 2311 1292 secundum
2359 1238 2650 1306 quamdam
2704 1242 3102 1310 oppositionem
3153 1247 3447 1318 contingit,
3501 1263 3599 1318 per

2011 1341 2172 1396 quam
2209 1344 2315 1385 non
2344 1341 2428 1387 est
2458 1347 2649 1402 unum,
2679 1335 2822 1405 quod
2864 1345 2948 1392 est
2984 1337 3239 1402 alterum,
3293 1343 3594 1395 secundum

2012 1419 2226 1475 scilicet
2289 1423 2654 1492 oppositionis
2723 1425 3010 1492 rationem,
3079 1430 3381 1485 secundum
3431 1445 3593 1500 quam

2013 1525 2188 1578 neque
2219 1515 2284 1564 ad
2315 1513 2550 1570 invicem
2580 1525 2938 1572 convertunt.
3452 1499 3459 1500 ί
3587 1499 3602 1510 ⁹

2081 1602 2348 1669 Quoniam
2393 1605 2560 1675 igitur
2607 1605 2662 1662 in
2698 1609 2811 1664 sola
2843 1623 3008 1665 causa
3043 1620 3098 1665 et
3137 1612 3347 1667 causali
3396 1612 3594 1668 divina:

2011 1707 2257 1759 personae
2323 1696 2738 1762 discernuntur,
2795 1701 3048 1770 istudquc
3109 1703 3496 1759 universaliter
3540 1717 3598 1758 et

2011 1785 2237 1841 diﬂinite
2262 1788 2466 1843 dictum
2493 1799 2596 1858 est,
2615 1801 2669 1845 et
2691 1791 2807 1862 ipsa
2831 1805 3090 1863 praeterea
3117 1806 3308 1850 natura
3332 1797 3594 1863 dictante;

2013 1890 2191 1945 neque
2216 1880 2366 1934 enim
2397 1895 2522 1937 esse
2551 1892 2736 1954 posset
2763 1885 2881 1940 sine
2908 1887 3099 1942 ordine
3132 1886 3392 1951 Trinitas,
3419 1890 3592 1943 maxi-

2013 1983 2100 2022 me
2145 1985 2268 2025 cum
2325 1971 2493 2028 etiam
2556 1976 2749 2032 tertius
2793 1990 2859 2031 ex
2911 1982 3088 2048 primo
3124 1981 3448 2038 naturaliter
3501 1997 3598 2052 per

2012 2061 2247 2117 medium
2314 2068 2611 2133 procedere
2666 2066 2767 2138 pro
2821 2071 3079 2127 confesso
3141 2071 3436 2140 habeatur;
3491 2076 3594 2130 tria

2013 2160 2192 2206 tamen
2217 2168 2338 2211 esse
2387 2157 2507 2214 sine
2534 2173 2800 2228 processu
2836 2171 2890 2216 et
2934 2152 3149 2228 ordine,
3184 2166 3448 2232 possibile
3478 2176 3597 2234 est;

2013 2260 2252 2316 cumque
2280 2257 2337 2302 et
2380 2249 2514 2306 iides
2546 2266 2904 2321 personarum
2942 2255 3148 2331 iudicet
3181 2258 3599 2326 discretionem,

2014 2349 2229 2394 constat
2267 2341 2536 2409 profecto,
2592 2345 2637 2400 si
2687 2346 3032 2404 discernendi
3089 2351 3198 2404 sint
3252 2353 3318 2406 ad
3361 2353 3592 2410 invicem

2015 2427 2185 2487 Filius
2214 2443 2264 2486 et
2292 2431 2551 2503 Spiritus,
2577 2452 2684 2492 non
2717 2438 2820 2491 alia
2851 2439 3181 2496 discretione
3205 2457 3366 2512 quam
3393 2459 3595 2499 secun-
3663 2496 3669 2503 .

2012 2521 2139 2578 dum
2187 2539 2412 2580 causam
2465 2537 2520 2583 et
2555 2530 2777 2584 causale
2831 2533 3146 2588 necessario
3199 2535 3594 2592 discernendos

2013 2629 2157 2682 esse,
2202 2618 2418 2688 qualem
2464 2620 2516 2674 in
2559 2623 2746 2677 eodem
2783 2639 3008 2693 genere,
3043 2628 3209 2683 etiam
3246 2629 3299 2684 in
3335 2630 3496 2686 Patre
3527 2635 3596 2687 ad

2015 2707 2213 2765 Filium
2246 2721 2302 2766 et
2329 2711 2878 2783 Spiritum‘sanctum
2908 2722 3365 2788 deprehendimus
3402 2741 3414 2777 :
3451 2725 3596 2778 illam

2015 2802 2230 2870 quidem
2263 2806 2658 2875 generationis,
2701 2807 2842 2866 hanc
2869 2825 2996 2866 vero
3030 2816 3403 2882 processionis
3436 2820 3600 2872 ratio-

2015 2909 2104 2961 ne,
2155 2897 2451 2952 secundum
2493 2913 2678 2969 quam,
2733 2917 2909 2974 neque
2945 2904 3136 2961 Filius
3186 2907 3426 2978 Spiritus
3483 2921 3594 2979 est,

2016 3004 2194 3060 neque
2223 2989 2463 3062 Spiritus
2488 2993 2662 3050 Filius
2690 3013 2703 3050 :
2730 2999 3206 3064 quemadmodum,
3236 3017 3414 3072 neque
3438 3005 3598 3060 Pater

2014 3080 2189 3136 Filius
2223 3093 2329 3150 est,
2359 3099 2538 3154 neque
2580 3085 2754 3144 Filius
2787 3088 2968 3154 Pater,
3007 3105 3182 3162 neque
3229 3093 3389 3150 Pater
3424 3099 3600 3166 Spiri-

2014 3185 2102 3231 tus
2148 3187 2372 3234 sanctus
2417 3195 2431 3233 :
2480 3195 2656 3248 neque
2707 3180 2947 3252 Spiritus
3005 3185 3167 3241 Pater
3221 3198 3326 3255 est,
3378 3201 3602 3262 propter

2014 3271 2388 3328 necessariam
2445 3273 2660 3330 scilicet
2692 3291 2871 3332 causae
2915 3275 3260 3354 causalisqne
3303 3287 3606 3352 Oppositio-

1998 3377 2160 3430 nem,
2196 3365 2346 3419 nulla
2398 3367 2451 3422 in
2501 3365 2588 3422 his
2613 3371 2997 3440 conversione,
3031 3375 3145 3431 sive
3169 3378 3316 3432 omni
3347 3393 3601 3435 commu-
3680 3386 3690 3395 '

2016 3455 2178 3510 nione
2227 3457 2578 3527 stthrepente.
2611 3460 2748 3516 Nam
2811 3463 2856 3517 si
2911 3467 3111 3521 nullam
3146 3469 3600 3526 communitatem

2013 3550 2316 3604 secundum
2382 3551 2771 3609 discretionem
2837 3561 3214 3615 convertenda
3283 3561 3598 3633 intelligere

2013 3638 2288 3703 convenit,
2325 3653 2554 3697 necesse
2593 3651 2676 3698 est
2708 3644 2842 3699 duas
2874 3648 3213 3703 substantias
3259 3653 3324 3705 ad
3363 3653 3595 3708 invicem

2015 3731 2184 3786 verbo
2226 3730 2388 3787 simul
2429 3733 2628 3803 accipi,
2679 3737 3173 3805 conversionisque
3224 3755 3449 3796 servare
3508 3744 3594 3796 di—

2016 3821 2311 3890 gnitatem;
2340 3824 2585 3878 converti
2624 3826 2768 3881 enim
2821 3828 2871 3880 in
2915 3828 3130 3883 duobus
3157 3830 3391 3898 dicitur;
3425 3849 3602 3905 neque

2017 3914 2160 3969 enim
2197 3913 2414 3970 Patrem
2466 3918 2682 3986 quidem
2732 3930 2786 3974 et
2818 3918 3037 3983 Filium,
3083 3924 3354 3990 quomodo
3400 3923 3602 3979 habent

2015 4007 2082 4061 ad
2137 4006 2394 4074 invicem,
2432 4009 2705 4076 inspicere
2735 4017 2971 4080 oportet,
3001 4011 3194 4067 Filium
3223 4030 3352 4068 vero
3383 4026 3436 4068 ct
3471 4017 3599 4084 Spi-

2019 4101 2183 4154 ritum
2223 4115 2326 4154 non
2378 4109 2616 4170 oportet.
2650 4101 2726 4156 lta
2765 4105 2911 4156 cnim
2945 4106 3322 4163 conversionis
3363 4111 3603 4180 dignitas

2019 4195 2270 4263 personis
2300 4196 2664 4252 communiter
2695 4213 2799 4270 qon
2835 4199 3172 4252 redderetur.
3409 4199 3425 4221 ’

2088 4288 2357 4354 Quoniam
2393 4305 2523 4345 vero
2557 4294 2927 4347 communiter
2963 4295 3189 4349 reddere
3243 4311 3464 4353 necesse
3497 4309 3602 4362 cst,

2017 4383 2113 4438 sed
2151 4392 2208 4437 et
2235 4384 2494 4439 discretio
2526 4385 2837 4440 necessaria
2881 4395 2985 4451 est,
3017 4388 3120 4442 nisi
3160 4389 3303 4444 dicat
3332 4391 3600 4461 quispiam

2018 4475 2316 4530 secundum
2377 4489 2603 4531 causam
2663 4485 2719 4532 et
2774 4480 2992 4534 causale
3052 4494 3082 4535 a
3141 4480 3278 4535 Filio
3334 4481 3601 4551 Spiritum

340 4565 625 4633 applicant,
651 4582 770 4635 qum
799 4568 850 4620 in
881 4569 1110 4622 materia
1141 4570 1488 4638 contingunt,
1511 4582 1744 4640 eamque
1771 4568 1907 4623 nihil
1941 4573 1989 4633 ο
2017 4570 2280 4637 discerni,
2313 4585 2491 4639 neque
2529 4570 2965 4633 conversionem,
3001 4587 3179 4641 neque
3214 4575 3602 4630 discretionem

337 4655 740 4714 insensibilibus
771 4668 1032 4728 praestare
1059 4661 1326 4716 sentiunt.
1378 4659 1550 4716 Porro
1579 4661 1694 4716 haec
1721 4661 1908 4730 opinio

339 4751 401 4803 de
429 4750 536 4804 Deo
566 4759 752 4805 nostro
791 4751 1190 4824 indignissime,
1223 4769 1288 4809 ac
1318 4753 1730 4811 dementissime
1776 4769 1914 4825 prae-

338 4841 584 4895 sumitur.

407 4932 629 5002 Maguus
670 4946 930 5004 praeterea
970 4935 1258 5008 Dionysius
1282 4938 1518 4994 discreta
1554 4938 1692 4994 dixit
1733 4938 1912 4994 Patris

335 5025 859 5093 supersubstantiale
901 5043 1096 5084 nomen
1132 5041 1187 5083 et
1233 5046 1370 5098 rem,
1412 5043 1466 5086 et
1492 5029 1612 5086 Filii
1648 5042 1702 5087 et
1734 5035 1910 5088 sancti

336 5115 595 5183 Soiritus,
622 5134 744 5174 cum
788 5119 932 5175 nulla
975 5121 1030 5176 in
1073 5123 1157 5178 his
1191 5123 1503 5190 conversio,
1541 5125 1656 5179 sive
1685 5124 1911 5178 omnino

333 5217 692 5272 communitas
722 5218 1126 5275 introducatur.
1161 5219 1397 5274 Basilius
1420 5221 1572 5285 item,
1601 5219 1656 5274 in
1686 5221 1910 5290 epistola

334 5311 400 5363 ad
451 5307 772 5380 Gregorium
833 5309 1078 5377 fratrem,
1146 5313 1210 5366 de
1265 5311 1570 5368 differentia
1631 5313 1906 5378 essentne,

334 5412 495 5467 atque
522 5404 838 5459 substantiae
866 5405 941 5460 ait
977 5424 990 5459 :
1030 5406 1296 5472 Quocirca
1322 5407 1376 5460 in
1404 5407 1648 5461 essentia!
1673 5421 1910 5460 commu-

335 5496 526 5559 nitate,
559 5498 796 5552 notiones
828 5513 946 5566 qua:
974 5494 1027 5551 in
1069 5510 1252 5552 sancta
1288 5499 1551 5554 Trinitute
1574 5501 1911 5568 conspiciun-

335 5595 441 5651 tur,
474 5589 679 5644 nullum
710 5594 974 5658 accidens,
1011 5592 1318 5661 nullumque
1358 5596 1681 5647 consortium
1710 5595 1910 5646 admit-

335 5690 439 5734 tere
497 5682 740 5749 dicimus,
807 5699 898 5751 μιν
953 5701 1085 5755 quas
1149 5688 1442 5754 praprietas
1501 5689 1907 5742 commendatur

333 5793 700 5842 personarum,
744 5779 945 5847 quain
1002 5779 1103 5846 ﬁde
1156 5783 1466 5846 traduntur,
1514 5799 1632 5837 cum
1683 5787 1906 5858 singulm

337 5870 561 5936 propriis
592 5869 889 5924 ηοείοηιῡιιε
927 5871 1151 5926 discrcte
1192 5873 1580 5942 intelligantur.

2019 4663 2100 4718 eis
2151 4663 2366 4728 reddet,
2423 4664 2734 4734 peribitque
2785 4664 2860 4718 illi
2897 4665 3018 4720 Filii
3069 4668 3607 4736 supersubstantiale

2018 4770 2218 4810 nomen
2251 4766 2306 4811 et
2337 4768 2448 4823 res,
2492 4757 2732 4812 discreto
2775 4771 2806 4810 a
2854 4756 2991 4812 Filio
3021 4768 3077 4813 et
3127 4769 3319 4815 sancto
3355 4759 3596 4830 Spiritu;

2020 4846 2166 4901 nulla
2206 4847 2428 4916 quidem
2465 4850 2849 4914 conversione,
2896 4851 3012 4904 sola
3055 4865 3187 4908 vero
3216 4858 3608 4910 comnmnitatn

2019 4940 2405 5007 subintrante;
2438 4949 2601 5011 atque
2647 4941 2719 4996 ita
2752 4957 2858 4998 una
2901 4958 3141 5013 persona
3180 4948 3288 5001 erit
3337 4947 3506 5005 Filius
3552 4962 3608 5005 et

2022 5037 2284 5107 Spiritus,
2331 5054 2438 5095 non
2485 5041 2552 5096 ad
2583 5040 2818 5096 invicem
2863 5043 3112 5110 discreti,
3148 5047 3244 5103 sed
3279 5047 3380 5103 hoc
3413 5049 3607 5103 absur-

2019 5133 2148 5184 dum
2179 5142 2282 5185 est.
2335 5131 2521 5200 Neque
2548 5133 2694 5187 enim
2741 5146 2893 5188 esset
2919 5133 3166 5192 Trinitas
3202 5139 3370 5205 Deus,
3413 5143 3608 5198 conlu-

2018 5223 2217 5290 sioque
2251 5237 2610 5288 personarum
2656 5225 3019 5292 sequeretur;
3069 5235 3122 5281 et
3151 5231 3195 5284 si
3225 5231 3356 5300 quid
3394 5243 3478 5289 cst
3513 5238 3612 5290 hu-

2011 5313 2280 5377 jusmodi.
2315 5313 2484 5369 Filius
2516 5315 2696 5384 itaque
2737 5331 2765 5371 a
2803 5317 3010 5387 Spiritu
3039 5335 3218 5376 causa:
3257 5326 3608 5395 causalisque

2022 5405 2232 5460 ratione
2262 5407 2612 5462 discernitur.
2654 5409 2782 5475 Sed,
2815 5411 2860 5466 si
2892 5411 2998 5468 hoc
3033 5425 3139 5479 est,
3174 5420 3336 5472 etiam
3375 5434 3438 5473 ex
3469 5419 3604 5473 Filio

2018 5511 2124 5555 est.
2156 5499 2353 5554 Filium
2389 5499 2535 5554 enim
2562 5501 2628 5556 de
2661 5501 2867 5571 Spiritu
2902 5521 3047 5570 esse,
3077 5508 3129 5563 id
3161 5510 3426 5576 prohibet,
3457 5513 3602 5580 quod

2020 5597 2133 5667 ipse
2168 5611 2263 5667 per
2292 5597 2488 5652 Filium
2527 5606 2634 5654 est.
2665 5597 2861 5655 Verum
2894 5601 3131 5673 Spiritus
3160 5605 3403 5673 profecto
3428 5605 3603 5674 Spiri-

2021 5703 2106 5748 tus
2133 5707 2241 5747 non
2275 5701 2440 5759 esset,
2475 5694 2806 5763 proprietate
2839 5695 3002 5763 illius,
3036 5712 3156 5767 qua:
3185 5707 3269 5751 est
3299 5700 3598 5755 secundum

2019 5801 2307 5856 processus
2358 5785 2652 5849 rationem,
2693 5795 2836 5842 mota
2887 5802 2903 5843 :
2949 5790 3227 5859 quomodo
3260 5791 3404 5845 enim
3455 5802 3604 5850 esset

2017 5878 2343 5946 substantia,
2393 5881 2744 5936 substantiali
2803 5881 2978 5950 ipsius
3034 5883 3372 5954 proprietate
3418 5886 3613 5942 mom?‘
