4106 6446
552 377 684 441 143.

1811 373 2210 432 MANUELIS
2235 373 2321 434 CA
2337 374 2544 435 [ΕΟ-Ε

3693 381 3789 446 ιιι

490 538 492 541 .
547 487 832 556 Quomodo
867 495 1045 542 autem
1081 493 1222 542 esset
1262 485 1589 555 proprietas,
1617 499 1734 553 quae
1764 498 2033 550 movetur,
2061 499 2121 538 ac
2157 489 2196 544 Α
2231 485 2298 539 ab
2327 486 2430 541 hoc
2455 485 2780 552 Paterxnon
2817 497 2997 544 tamen
3031 490 3083 542 in
3143 499 3409 558 quantum
3462 491 3690 560 Spiritus
3723 503 3798 548 est

545 581 767 642 decidit,
802 588 858 631 ιιι
890 580 965 631 ait
994 578 1275 646 theologus
1308 577 1620 644 Gregorius.

622 669 793 724 Simul
813 671 972 724 etiam
992 677 1215 737 apparet
1236 669 1528 722 secundum
1550 669 1923 722 conversionis
1955 668 2126 722 ratio-

553 779 677 815 nem
700 763 869 829 ipsius
896 765 1074 830 magni
1099 759 1340 831 Dionysii
1377 760 1604 813 int‘entio
1632 776 1645 812 :
1679 760 1795 828 qui,
1840 760 2127 829 principali

545 862 743 913 deitate
769 855 982 908 Patrem
1015 854 1075 905 ad
1095 852 1283 907 Filium
1303 862 1354 906 et
1379 851 1638 920 Spiritum
1660 859 1903 905 sanctum
1929 852 2132 904 discer-

547 967 672 1002 nere
700 944 1240 1011 vitlelnr,tthttidam
1260 951 1532 996 asserunt.
1587 941 1782 996 Namsi
1847 941 2131 996 conversio

543 1045 753 1111 quidem
779 1044 828 1094 in
855 1039 1059 1092 duobus
1085 1038 1328 1092 terminis
1382 1036 1906 1103 inspiritnrzdictuni
1933 1047 2130 1091 estau-

543 1147 670 1197 ium,
729 1135 796 1186 itu
854 1133 1070 1185 divinas
1124 1146 1385 1197 personas
1453 1131 1517 1182 ad
1565 1130 1797 1183 invicem
1873 1130 2131 1196 discerni,

541 1239 598 1278 nt
660 1226 800 1278 nulla
859 1235 1036 1276 tamen
1105 1222 1387 1287 convertio
1467 1223 1777 1289 subrepat;
1834 1236 1940 1274 non
1976 1221 2132 1276 aliter

540 1317 917 1371 conversiOtiis
997 1315 1137 1368 ratio
1232 1322 1525 1375 servatur,
1609 1311 1712 1366 nisi
1782 1313 2134 1368 dum.sitnttl

540 1424 789 1479 personm
817 1408 880 1460 ad
931 1407 1161 1460 invicem
1217 1406 1591 1470 illSpit'iatttttr.
1630 1405 1814 1472 ltatﬂie
1853 1405 2135 1474 principali

540 1487 740 1552 deitate
773 1499 985 1551 Patrem
1020 1499 1082 1550 ad
1108 1497 1278 1550 solum
1335 1495 1523 1548 Filium
1544 1496 1847 1557 conferens,
1907 1498 2080 1564 ipsum
2108 1512 2134 1547 a

544 1592 682 1646 Fiiio
709 1591 1014 1656 distinguit.
1040 1589 1170 1642 Nam
1211 1588 1253 1642 si
1291 1589 1447 1642 Pater
1481 1598 1533 1639 et
1583 1587 1776 1651 Filius,
1824 1598 1880 1640 ut
1955 1603 2012 1641 sc
2071 1588 2135 1641 ad

543 1676 776 1736 imicent
822 1680 1496 1747 lubeant,inspiciuntur;
1551 1677 1710 1731 Pater
1746 1679 1964 1747 quidem
2018 1678 2136 1733 Filii

543 1764 632 1828 Ῐςιιι
651 1797 686 1836 ς,

542 1871 702 1922 Ιιειιρι-
766 1868 956 1929 Filius,
980 1882 1154 1933 neque
1196 1863 1365 1917 Filius
1418 1865 1594 1918 Pater.
1633 1865 1707 1918 Ex
1768 1864 1928 1919 Patre
1984 1866 2129 1919 enim

543 1954 735 2018 Filius,
769 1969 875 2006 non
913 1966 1089 2006 tamen
1125 1969 1188 2006 ex
1250 1953 1388 2006 Filio
1442 1951 1638 2004 Pater:
1696 1955 1954 2013 maxime.
2003 1973 2127 2009 cum

543 2047 792 2099 etdiviua
824 2045 1103 2114 generatio
1165 2042 1435 2113 gignendo
1481 2042 1546 2094 ad
1577 2041 1649 2102 id,
1683 2046 1824 2111 quod
1861 2044 2124 2112 gignitur,

551 2138 796 2190 baliilunt
842 2137 1062 2198 habeat,
1113 2134 1204 2186 sed
1243 2148 1346 2184 non
1397 2130 1462 2184 ad
1535 2132 1606 2195 id,
1639 2133 1781 2200 quod
1854 2135 2119 2201 provedil.

545 2233 724 2298 Atque
745 2233 844 2283 lioe
872 2229 1077 2283 indicat
1099 2228 1284 2288 etiam,
1313 2228 1454 2291 quod
1487 2227 1752 2294 sequitur,
1801 2242 1915 2279 cum
1951 2225 2124 2281 Filius

541 2325 700 2379 Pater
732 2340 830 2377 nou
857 2323 944 2384 sit,
971 2337 1132 2390 neque
1157 2319 1495 2374 Paterlt‘ilius
1529 2321 1702 2389 ;quod
1735 2319 1952 2388 quidem
1989 2321 2098 2372 indi

540 2426 628 2470 eat
660 2413 1240 2484 supersubsmntialem
1301 2413 1446 2465 illam
1518 2412 1755 2465 divinam
1815 2413 2124 2481 generatio-

542 2522 663 2559 nem
706 2522 808 2559 non
852 2504 1094 2558 converti
1120 2505 1186 2558 ad
1233 2503 1485 2567 invicem,
1536 2501 1749 2555 Patrem
1806 2503 2033 2568 scilicet,
2063 2519 2124 2558 ac

543 2598 759 2653 Filium.
795 2599 858 2650 Et
883 2596 1132 2666 quoniam
1157 2593 1530 2649 conversionis
1558 2593 1789 2659 dignitas
1843 2593 2128 2649 discretio-

545 2693 631 2746 nis
650 2704 816 2745 causa
834 2687 1196 2742 communiter
1225 2686 1468 2754 personis
1516 2686 1823 2738 necessario
1853 2687 2120 2740 reddenda

543 2793 648 2850 est;
701 2785 890 2837 eadem
949 2780 1192 2850 profecto
1246 2777 1631 2832 conversionis
1677 2777 1887 2831 ratione
1937 2780 2120 2832 dicere

547 2888 860 2945 possumus,
885 2888 1004 2924 eum
1067 2887 1170 2924 non
1202 2870 1271 2924 sit
1302 2868 1458 2923 Pater
1489 2868 1749 2935 Spiritus,
1785 2883 1959 2937 neque
1999 2870 2122 2939 Spio

548 2972 680 3024 ritus
714 2967 893 3020 Pater:
929 2965 1188 3036 quoniam
1225 2963 1310 3016 ille
1343 2963 1559 3030 quidem
1609 2961 1730 3017 fans
1776 2975 1830 3017 et
1861 2963 2012 3016 radix
2041 2973 2123 3019 est

544 3057 692 3123 Filii,
726 3074 787 3111 ac
821 3055 1074 3124 Spiritus.
1106 3052 1237 3118 Quae
1265 3053 1407 3106 enim
1439 3050 1584 3118 Filii,
1621 3070 1683 3107 ac
1732 3053 1965 3121 Spiritus
1995 3063 2120 3108 sunt

761 1776 926 1830 Fiiins
966 1789 1114 1833 vero,
1153 1789 1255 1825 non
1295 1773 1470 1824 Patris
1503 1773 1622 1826 fons
1645 1783 1749 1836 est,
1783 1774 1936 1826 sicuti
1967 1789 2140 1843 neque

2235 581 2458 649 proprie
2483 580 2635 648 juxta
2675 583 3090 635 substantialem
3117 585 3503 651 proprietatem
3536 588 3796 651 sn:ini,sed

2232 671 2284 724 in
2329 683 2612 740 quamtum
2661 673 3003 727 solummodo
3025 690 3088 727 ex
3108 674 3290 739 Patre,
3324 684 3487 744 atque
3525 677 3592 728 ita
3631 674 3798 728 Solum

2233 771 2288 818 ut
2311 763 2528 818 causale
2549 763 2890 819 discernatur
2911 780 2938 818 a
2964 765 3261 832 Patre,non
3289 776 3471 820 tamen
3519 767 3798 820 secundum

2233 857 2616 926 proprietatem
2671 872 2845 912 snam.
2877 856 2968 913 Sic
3027 868 3207 913 autem
3226 859 3474 913 eumdem
3509 859 3715 912 liatwliit
3738 861 3796 911 ad

2238 947 2458 1003 Patrem
2491 948 2762 1016 habitum,
2791 967 2951 1021 quem
2966 952 3131 1005 etiam
3161 951 3352 1007 Filius.
3386 953 3563 1020 Atque
3586 951 3682 1014 ita,
3707 967 3800 1002 non

2233 1042 2554 1108 erlt,quam
2613 1040 2906 1110 quaerimus
2967 1038 3803 1110 personarumpropriadiscrctio

2236 1129 2536 1185 secundum
2572 1146 2733 1200 quam
2799 1131 2946 1186 nulla
3023 1132 3394 1186 communitas
3457 1127 3705 1189 infertur,
3754 1134 3802 1177 et

2237 1237 2400 1292 quam
2433 1225 2712 1283 accidens,
2745 1224 3192 1292 consortiumque
3215 1238 3319 1276 non
3367 1221 3652 1282 admittere
3697 1232 3801 1272 ma-

2238 1330 2379 1386 gnus
2413 1315 2592 1370 voluit
2614 1315 2848 1371 Basilius
2876 1315 3080 1370 dicere.

2308 1444 2412 1500 Sed
2449 1458 2645 1514 neque,
2673 1454 2731 1498 ut
2755 1444 2975 1514 quidant
3003 1443 3054 1497 id
3104 1442 3308 1498 dictum
3367 1449 3664 1510 exponunt,
3692 1435 3799 1490 Filii

2241 1539 2304 1590 al
2324 1537 2586 1606 Spiritum
2604 1537 2984 1592 discretionem
3010 1537 3163 1592 nobis
3181 1536 3421 1591 tradidit.
3449 1533 3513 1587 Et
3533 1546 3675 1587 certe
3690 1543 3799 1582 rum

2241 1639 2387 1685 esset
2436 1629 2736 1698 pollicitus}
2805 1628 3172 1682 omnimodam
3235 1643 3293 1683 se
3317 1627 3618 1681 divinarum
3689 1633 3800 1688 per-

2245 1734 2502 1774 sonarum
2558 1718 2942 1772 discretionem
3040 1720 3407 1772 traditurum:
3465 1723 3519 1771 et
3573 1709 3796 1766 addidit:

2175 1832 2217 1885 ῃ
2245 1809 2330 1863 Ita
2367 1827 2462 1864 nos
2499 1809 2678 1863 divina
2718 1819 2768 1862 et
2804 1810 2958 1863 unire
2980 1808 3172 1874 Verbo,
3229 1821 3276 1862 et
3309 1790 3607 1863 discernere
3629 1800 3796 1856 studeo

2239 1918 2380 1964 mus,
2409 1903 2544 1956 sicut
2581 1903 2761 1956 divina
2786 1902 2902 1970 ipsa
2933 1913 2980 1955 et
3012 1903 3249 1963 unita,"
3271 1901 3506 1955 discreta
3561 1891 3797 1949 sunt.lta-

2239 2011 2346 2065 quc
2396 1996 2552 2062 quta
2621 1993 3001 2049 conversionis
3035 1994 3324 2056 rationem,
3363 2001 3418 2047 ct
3447 2003 3540 2060 per
3565 1986 3638 2049 id,
3668 1981 3797 2051 quod

2237 2088 2466 2152 addidit,
2503 2085 2803 2156 perlectum
2837 2084 3182 2140 discretionis
3232 2084 3556 2154 conjunctze,
3591 2085 3646 2130 ut
3693 2071 3798 2124 dic-

2237 2189 2348 2232 tum
2377 2187 2479 2240 est,
2529 2176 2748 2230 tradidit
2783 2176 3022 2240 modum;
3060 2189 3237 2228 causa:
3290 2181 3343 2226 et
3386 2166 3619 2225 causalis
3658 2157 3794 2215 scili-

2233 2279 2339 2331 cet,
2373 2266 2674 2322 secundum
2721 2280 2881 2334 quem
2924 2279 2988 2320 ex
3045 2264 3204 2319 Patre
3263 2278 3362 2332 per
3387 2260 3578 2315 Filium
3621 2263 3796 2322 proce-

2234 2364 2361 2416 dere
2385 2376 2411 2414 a
2454 2361 2666 2415 caeteris
2698 2359 3016 2414 doctoribus
3062 2357 3260 2412 divinis
3297 2351 3604 2412 rationibus
3650 2356 3794 2399 mon-

2240 2466 2444 2510 sratur.

2306 2571 2570 2625 Praeterea
2626 2569 2881 2637 quoniam
2926 2568 3108 2623 omnia
3155 2581 3274 2636 quae
3313 2567 3371 2623 in
3421 2567 3528 2621 Deo
3557 2561 3793 2616 dicuntur

2233 2664 2616 2726 cmntnuniter,
2649 2671 2703 2716 et
2730 2661 3252 2716 incommutabililer
3282 2659 3538 2730 personis
3577 2651 3793 2710 reddun-

2233 2769 2319 2815 tur
2385 2759 2470 2811 ubi
2531 2756 2810 2811 relationis
2867 2755 3141 2824 Oppositio
3197 2770 3307 2809 non
3364 2755 3561 2814 obstat,
3613 2743 3793 2800 dicitur

2232 2859 2409 2902 autem
2442 2849 2580 2901 Deus
2602 2861 2666 2901 ex
2686 2845 2795 2902 Deo
2825 2861 2968 2910 esse,
2995 2845 3400 2916 inspiciendum
3425 2845 3470 2899 si
3497 2856 3600 2907 non
3628 2833 3793 2891 omni-

2231 2935 2330 2996 bus
2361 2939 2634 3012 personis,
2673 2954 2767 3009 per
2813 2939 3054 3008 aliquam
3099 2937 3500 3010 oppositionem
3542 2925 3791 2998 congruit.

2231 3037 2500 3106 Quoniam
2542 3035 2704 3107 igitur
2735 3034 2875 3090 Deus
2901 3049 2966 3088 ex
2997 3035 3128 3100 Deo,
3163 3037 3306 3106 quod
3346 3035 3568 3094 dicitur,
3598 3036 3792 3098 proces-

548 3155 614 3209 ad
657 3155 806 3208 illum
851 3152 1182 3205 referuntur.
1220 3148 1460 3224 Spit-litus
1504 3157 1682 3201 autem
1741 3134 1919 3202 Patris
1959 3161 2122 3201 causa

2227 3145 2344 3186 sum
2374 3145 2438 3185 ex
2474 3129 2652 3197 aliquo
2676 3129 2961 3196 designat:
2994 3127 3156 3183 Pater
3179 3143 3306 3185 vero
3331 3145 3446 3185 non
3481 3119 3711 3196 procedit
3733 3129 3791 3168 ex

547 3265 653 3302 non
684 3255 786 3300 est.
820 3245 1081 3297 Similitvr
1101 3251 1156 3296 et
1202 3244 1253 3294 in
1283 3241 1439 3303 Filio,
1488 3250 1537 3295 et
1564 3239 1768 3308 Spiritu
1816 3241 2125 3294 dicendum.

547 3341 735 3408 Neque
767 3339 912 3392 enim
942 3336 1114 3389 Filius
1139 3333 1395 3402 Spiritus,
1431 3348 1604 3397 neque
1637 3331 1873 3402 Spiritus
1949 3332 2122 3386 Filius

547 3442 650 3486 εει.
720 3429 903 3498 Neque
931 3430 1064 3482 enim
1096 3428 1369 3489 convertit,
1409 3427 1582 3494 inquit
1614 3425 1892 3496 Nyssenus
1953 3427 2123 3492 ,habi-

549 3541 631 3584 tus
667 3529 772 3582 ista
799 3522 1192 3590 consequentia.
1230 3519 1339 3573 lloc
1361 3529 1537 3571 autent
1564 3520 1860 3574 secundum
1886 3519 2118 3588 aliquam

545 3622 766 3678 omnino
795 3614 1188 3686 oppositionem
1222 3610 1504 3680 contingit;
1591 3617 1750 3679 atque
1790 3628 1851 3664 ea
1890 3622 1974 3667 est
2003 3627 2123 3681 qua:

547 3729 724 3769 causa:
753 3709 1099 3775 causalisqne
1148 3703 1352 3758 ratione
1376 3702 1618 3756 redditur
1636 3705 1932 3758 secundum
1958 3721 2121 3774 quam

545 3807 748 3860 dictum
809 3812 914 3866 est,
968 3797 1115 3854 aliud
1181 3796 1394 3866 quidem
1451 3794 1832 3858 continenter
1885 3809 1949 3849 ex
2013 3793 2127 3864 pri-

546 3913 656 3960 mo,
707 3896 852 3949 aliud
900 3909 995 3962 per
1025 3893 1098 3953 id,
1131 3890 1278 3960 quod
1310 3899 1396 3944 est
1421 3891 1767 3943 continenter
1813 3903 1878 3941 ex
1918 3889 2114 3956 primo.

612 3989 880 4042 Praeterea
941 3995 995 4036 ct
1027 3983 1192 4036 Filius
1228 3982 1348 4036 fons
1374 3983 1542 4036 santti
1594 3979 1828 4051 Spiritus
1858 3999 1885 4034 a
1917 3983 2126 4038 sanctis

545 4079 798 4134 Patribns
831 4075 1134 4143 appellatus
1159 4084 1240 4126 est
1272 4089 1484 4141 :m-que
1512 4075 1614 4126 hoc
1671 4076 1871 4136 solum,
1931 4090 2116 4128 verum

543 4174 705 4226 etiam
738 4171 884 4224 solus
919 4167 1091 4221 Filius
1132 4166 1249 4222 foiis
1270 4181 1388 4219 esse
1447 4167 1619 4220 Sancti
1674 4167 1909 4234 Spiritus
1973 4182 2120 4222 asse-

545 4266 701 4323 ritur,
732 4263 870 4316 sient
901 4262 950 4312 in
975 4258 1432 4324 consequentibus
1496 4262 1890 4313 monstrabitur
1923 4278 1936 4314 :
1971 4264 2116 4330 quod

547 4357 710 4408 etiam
743 4353 860 4422 plus
879 4361 989 4412 est,
1017 4365 1176 4416 quant
1217 4348 1523 4417 requiratur
1559 4351 1625 4403 ad
1670 4345 1894 4419 id'quod
1925 4366 2123 4419 propo-

545 4451 775 4505 suimus.
807 4445 871 4498 Et
902 4455 1049 4499 certe
1070 4445 1329 4512 possibile
1350 4461 1455 4498 non
1494 4454 1575 4500 est
1596 4445 1749 4513 juxta
1788 4460 1910 4499 eum
1959 4462 2120 4514 quem

2229 3225 2442 3293 aliquo;
2479 3237 2655 3292 neque
2711 3225 2856 3277 enim
2917 3223 3150 3278 causalis
3197 3232 3314 3288 est;
3374 3230 3618 3278 caeterum
3669 3212 3793 3265 Dens

2229 3319 2445 3386 quidem
2473 3326 2576 3381 est,
2621 3331 2684 3370 ex
2749 3317 2854 3371 Deo
2889 3329 3066 3370 autem
3095 3330 3200 3369 non
3236 3327 3341 3382 est,
3404 3317 3561 3371 aliter
3611 3303 3791 3377 ιιυῖρβθ

2227 3411 2345 3464 sine
2373 3409 2638 3478 principio
2663 3422 2770 3462 non
2799 3416 2944 3462 esset
2977 3424 2989 3460 :
3031 3409 3358 3475 principium
3394 3407 3473 3462 sui
3495 3395 3792 3474 pra'cogita-

2231 3515 2364 3567 tum,
2391 3503 2616 3566 habens,
2641 3499 3096 3570 quemadmodum
3127 3507 3181 3553 et
3211 3499 3411 3563 Filius,
3445 3508 3616 3564 neque
3651 3484 3788 3542 radix

2225 3608 2281 3654 et
2311 3598 2430 3652 fons
2459 3595 2596 3662 Filii,
2625 3594 2969 3662 Spiritnsque
3000 3593 3294 3648 diceretur.
3326 3588 3642 3649 SedFilius,
3666 3581 3792 3634 Deus

2227 3705 2348 3746 cum
2403 3688 2494 3751 sit,
2528 3703 2591 3741 ex
2653 3686 2763 3741 Deo
2817 3685 2980 3740 Patre
3023 3700 3142 3740 csse
3173 3687 3422 3753 dicitur;
3477 3692 3529 3738 et
3571 3673 3790 3747 Spiritus

2224 3793 2454 3848 sanctus,
2479 3783 2620 3836 Deus
2662 3794 2784 3834 cum
2817 3779 2910 3844 sit,
2935 3792 3000 3832 ex
3042 3778 3154 3834 Deo
3190 3778 3388 3833 itidem
3424 3779 3578 3832 Patre
3611 3759 3794 3836 praedi—

2225 3887 2410 3942 catur;
2443 3883 2836 3942 attestaturque
2867 3871 2952 3926 liis
2981 3873 3142 3926 etiam
3185 3871 3307 3926 ﬁdei
3339 3870 3541 3940 positio
3568 3868 3790 3917 commu—

2224 3971 2418 4037 nisqne
2447 3966 2704 4021 Ecclesiae
2741 3964 2924 4033 Opinio
2956 3980 2970 4016 :
3002 3962 3071 4015 ita
3110 3963 3368 4030 quoniam
3412 3965 3548 4016 Deus
3578 3967 3638 4007 ex
3674 3947 3786 4037 Deo,

2223 4035 2368 4131 quod
2432 4059 2648 4124 dicitur,
2687 4056 2822 4111 Filio
2881 4065 2935 4110 et
3000 4054 3226 4124 Spiritui
3277 4064 3474 4110 sancto
3516 4035 3783 4131 convellit;

2225 4126 2388 4220 atque
2427 4149 2552 4202 hinc
2595 4161 2776 4202 causa:
2807 4145 3147 4214 causalisque
3185 4145 3398 4200 ratione
3433 4158 3460 4196 a
3505 4135 3654 4192 Patre
3682 4126 3784 4220 (lis-

2224 4218 2545 4306 cernnntnr,
2611 4241 2710 4294 sub
2778 4237 3075 4293 intellectis
3139 4237 3349 4292 scilicet
3423 4218 3783 4291 diﬂ'erentibus

2223 4331 2542 4387 substantiae
2604 4328 2945 4398 processibus
2975 4368 2988 4390 ,
3049 4328 3189 4382 Deus
3241 4339 3426 4382 autem
3474 4330 3558 4378 est
3604 4312 3781 4405 Filius:

2228 4423 2368 4489 Deus
2392 4422 2544 4490 item,
2571 4431 2626 4476 et
2649 4420 2885 4489 Spiritus
2912 4429 3131 4474 sanctus
3165 4437 3179 4475 :
3215 4433 3438 4476 necesse
3474 4423 3576 4472 est,
3601 4407 3641 4460 si
3671 4399 3783 4454 lidei

808 4494 871 4498 _-
907 4494 1046 4499 ----_

543 4541 759 4611 quidam
793 4539 1164 4600 introducunt,
1213 4535 1509 4590 secundum
1535 4536 1710 4590 sancti
1736 4533 1974 4604 Spiritus
1993 4551 2118 4605 pro-

2227 4513 2493 4584 principia
2545 4527 2766 4568 servare
2809 4512 3068 4566 inviolate
3125 4512 3413 4576 volumus,
3469 4513 3558 4560 aut
3602 4494 3783 4552 Filium

2229 4609 2245 4611 _
2292 4604 2298 4609 ,
2517 4605 2550 4611 _
2680 4605 2693 4611 _
2743 4603 2803 4611 __
3197 4603 3227 4611 Α
3274 4604 3337 4611 __
3492 4591 3783 4611 mn

544 4649 786 4696 cessum,
822 4630 1015 4685 Filium
1052 4629 1257 4684 fontem
1317 4642 1444 4682 esse
1476 4627 1650 4682 sancti
1705 4625 1961 4694 Spiritus.
2015 4626 2118 4682 Eos

542 4728 712 4791 enim,
739 4726 832 4795 qui
877 4726 946 4778 ita
970 4732 1200 4793 ponunt,
1265 4722 1497 4790 plurima
1532 4722 1844 4776 necessario
1879 4721 2116 4776 absurda

541 4820 720 4890 aequi,
745 4831 914 4885 supra
980 4823 1342 4871 ttioostratnm
1372 4821 1475 4866 est.
1536 4811 1653 4865 Non
1683 4811 1844 4880 igitur
1879 4829 1945 4868 ex
2006 4813 2118 4866 sola

544 4906 927 4965 conversionis
963 4907 1181 4960 ratione
1213 4904 1389 4958 sancti
1413 4903 1514 4956 viri
1547 4903 1713 4958 claret
1740 4904 1966 4959 intentio
1988 4923 2002 4971 ;
2023 4909 2118 4960 sed

544 5003 709 5056 etiam
735 5013 801 5052 ex
825 5011 888 5053 eo
909 4999 1053 5067 quod
1079 4993 1662 5064 supersulistantialcm
1678 4995 1916 5050 divinam
1951 5012 2120 5065 gene-

545 5091 811 5146 rationem
843 5089 1058 5143 Patrem
1078 5084 1450 5155 appellaverit.
1477 5084 1664 5138 Divina
1711 5089 1854 5140 enitn
1887 5102 2118 5156 genera.

545 5187 636 5250 tio,
676 5187 747 5238 ita
785 5181 956 5243 Patri,
992 5177 1392 5247 sicutgenitori
1430 5192 1758 5248 congruens,
1786 5181 1850 5232 ad
1889 5197 2117 5234 ιιειςρωιν

545 5289 649 5334 tem
675 5277 870 5331 Filium
901 5290 941 5327 ι’.
961 5273 1162 5326 dditur.

611 5371 804 5433 Porro,
836 5367 880 5420 si
915 5365 1036 5434 quis
1099 5363 1227 5416 illud
1283 5361 1444 5415 etiam
1511 5361 1576 5414 ad
1601 5361 1858 5428 Spiritum
1896 5363 2118 5417 reddere

543 5469 798 5520 conetur;
859 5454 1089 5521 primum
1142 5452 1359 5518 quidem
1402 5449 1564 5502 etiam
1627 5448 1888 5518 Spiritum
1920 5452 2114 5510 Filium

537 5565 658 5604 esse
689 5550 871 5601 dicere
903 5554 1145 5612 cogetur.
1220 5541 1407 5594 Divina
1475 5541 1677 5612 quippe
1726 5552 2027 5613 generatio,
2062 5560 2117 5601 ut

541 5642 800 5698 divinius,
835 5634 1068 5704 genitori
1112 5631 1366 5698 congruit
1423 5633 1743 5702 genitorque
1801 5636 1866 5686 ad
1915 5635 2111 5689 Filium

538 5728 794 5783 refertur.
840 5726 1155 5780 Deindectsi
1199 5724 1431 5792 Spiritus
1462 5740 1488 5774 a
1524 5722 1682 5779 Patte
1715 5728 1908 5778 tiiVilliI.‘
1955 5743 2116 5797 gene-

541 5819 762 5873 ratioois
801 5819 1009 5872 ratione
1038 5817 1361 5871 discernitur
1389 5833 1403 5870 :
1439 5817 1768 5872 discernitur
1815 5821 2029 5888 quidem
2058 5831 2109 5875 et

2228 4604 2392 4662 Deum
2426 4622 2488 4660 ex
2517 4605 2628 4658 Deo
2663 4603 2868 4672 Spiritu
2899 4618 3038 4664 esse,
3072 4613 3165 4656 aut
3196 4603 3457 4672 Spiritum
3492 4599 3651 4651 Deum
3675 4591 3784 4672 esse

2221 4716 2286 4753 ex
2325 4698 2434 4752 Deo
2481 4697 2649 4762 Filio;
2700 4710 2805 4749 non
2843 4696 2986 4749 enim
3039 4695 3209 4765 tnagis
3276 4695 3447 4749 Deum
3488 4689 3552 4740 de
3582 4681 3685 4736 θοο
3725 4668 3784 4768 “fl

2222 4791 2437 4846 Patrem
2517 4798 2839 4856 utrunque,
2906 4803 3066 4857 quam
3127 4787 3195 4840 ad
3257 4787 3488 4842 invicem
3548 4766 3784 4829 convenit

2222 4883 2346 4937 dici.
3710 4931 3722 4939 ,

2295 4998 2429 5054 Nam
2456 4995 2736 5052 relationis
2781 4995 3049 5065 oppositio
3082 5009 3186 5048 non
3225 4994 3327 5049 boc
3362 4985 3627 5060 prohibet.
3665 4972 3782 5028 Ειοο

2224 5091 2332 5144 nim
2367 5089 2669 5158 paternitas
2699 5087 2916 5158 quidem
2948 5087 3012 5139 ad
3043 5085 3374 5139 nativitatem
3401 5070 3705 5158 opponitur,
3731 5067 3783 5158 ιιι

2220 5153 2464 5252 gignere,
2505 5180 2647 5249 quod
2674 5227 2677 5230 .
2705 5153 2928 5242 dicitur,
2972 5178 3038 5232 ad
3096 5177 3170 5242 id,
3204 5175 3349 5245 quod
3394 5181 3481 5228 est
3529 5157 3704 5220 nasci,
3735 5153 3785 5252 et

2223 5247 2553 5342 producere,
2597 5272 2663 5325 ad
2715 5271 2764 5324 id
2809 5273 2951 5340 quod
2981 5277 3067 5324 est
3107 5269 3354 5337 produci.
3384 5260 3542 5321 Nasci
3573 5262 3695 5308 vero
3715 5247 3783 5343 ἐι

2222 5341 2534 5432 procedere,
2593 5362 2658 5416 ad
2711 5361 2942 5415 invicem
3006 5376 3112 5413 non
3163 5366 3528 5430 opponentur.
3561 5343 3616 5399 Si
3648 5341 3780 5432 cuit“

2219 5431 2564 5522 opponuntur
2589 5461 2643 5506 et
2675 5451 3082 5519 discernuntur,
3103 5452 3326 5505 omnino
3353 5449 3517 5505 etiam
3551 5431 3778 5522 gigttel'fi

2218 5514 2268 5600 ci
2292 5547 2608 5614 producere,
2641 5543 2707 5596 ad
2734 5542 2960 5595 invicem
2993 5514 3355 5612 opponentur;
3389 5539 3560 5604 Atque
3587 5525 3655 5579 ita
3686 5514 3782 5617 erit

2218 5636 2376 5690 Pater
2433 5635 2551 5688 dna:
2629 5649 2912 5702 persona,
2988 5636 3395 5705 compositaque
3466 5618 3776 5681 substantia.

2217 5729 2558 5795 maximeque
2589 5729 2738 5796 juxta
2767 5741 2861 5779 eos
2898 5726 3014 5795 qui,
3051 5737 3110 5780 ut
3139 5727 3342 5782 dictum
3373 5731 3474 5785 est,
3499 5707 3781 5794 produce.er

2215 5820 2580 5882 substantiale
2626 5827 2853 5887 ponunt.
2914 5817 3020 5872 Aut
3085 5819 3248 5889 igitur
3306 5822 3427 5875 dua:
3477 5798 3780 5864 substantia:
