4106 6438
332 416 433 479 HS

1414 408 1814 471 ADVERSUS
1857 408 2172 472 GIHZCOS
2213 410 2358 472 LIB.
2398 409 2512 470 lli.

3489 393 3589 458 liti

321 527 480 579 Pater
507 521 628 586 erit,
652 535 786 591 quas
819 519 1024 575 scilicet
1055 519 1275 590 gignere
1299 527 1350 572 ct
1384 521 1683 589 producere
1717 518 1891 583 signa-
1928 522 1973 579 Α
2003 532 2228 576 sanctus
2260 535 2274 574 :
2304 520 2586 590 quoniam,
2616 527 2674 574 ιιι
2705 518 2962 584 diximus,
2993 517 3138 573 nulla
3175 517 3456 574 relationis
3485 521 3586 574 oh-

324 618 425 680 hit,
456 625 512 669 ut
559 615 623 668 ad
683 615 788 668 duo
832 614 1018 679 etiam,
1067 623 1118 668 et
1165 612 1305 680 quod
1350 611 1613 676 nascitur,
1661 623 1715 666 et
1750 613 1894 681 quod

328 711 640 777 producitur
669 707 884 778 proprie
906 707 1089 762 referri
1116 706 1306 774 possit,
1333 715 1424 762 aut
1450 705 1596 775 quod
1635 706 1895 776 gignitur,

328 812 376 851 et
421 802 560 870 qvod
610 799 946 871 producitur,
987 817 1090 856 una
1123 815 1354 870 persona
1400 802 1546 868 erit;
1593 801 1809 870 quippe,
1843 808 1898 853 et

334 893 489 947 Pater
524 893 772 962 gignens,
801 908 863 946 ac
894 893 1216 962 producens,
1240 907 1344 946 una
1369 906 1593 964 persona
1617 901 1718 951 est.
1747 893 1900 947 Sicut

330 990 470 1042 enim
530 1002 700 1057 neque
747 988 911 1044 Pater
959 990 1025 1043 ad
1072 1003 1130 1043 se
1164 989 1360 1060 ipsum,
1404 995 1699 1046 secundum
1751 991 1897 1061 quod

333 1080 550 1149 gignere
604 1086 657 1133 et
713 1081 1010 1148 producere
1070 1080 1290 1147 dicitur,
1338 1082 1668 1138 discernitur
1719 1101 1733 1138 :
1784 1086 1896 1148 ita,

339 1184 509 1238 neque
540 1169 680 1237 quod
725 1170 983 1240 gignitur,
1013 1179 1174 1239 atque
1225 1172 1564 1241 producitur,
1597 1176 1664 1228 ad
1696 1189 1758 1229 ea
1789 1174 1900 1228 dis-

335 1269 602 1325 cernetur,
645 1261 710 1314 ad
763 1276 884 1331 quae
926 1262 1148 1333 gignere
1195 1277 1259 1317 ac
1290 1266 1592 1334 producere
1637 1265 1902 1320 redditur.

336 1350 474 1406 Nihil
503 1352 683 1422 itaque
704 1351 951 1419 prohibet
983 1355 1262 1412 relationis
1305 1355 1593 1426 oppositio,
1631 1356 1798 1410 Deum
1834 1369 1903 1412 ex

337 1442 444 1496 Deo
475 1457 595 1498 esse
620 1445 743 1510 dici,
769 1445 835 1499 ad
871 1443 1099 1500 invicem
1140 1445 1332 1500 Filium
1373 1456 1426 1503 et
1459 1445 1745 1517 Spiritum.
1786 1445 1902 1502 Nisi

332 1548 510 1589 autem
565 1535 677 1591 haec
727 1539 842 1603 sit,
894 1539 1196 1593 communis
1257 1541 1495 1594 essentia
1551 1539 1900 1608 relinquitur,

331 1627 624 1681 sccuudmn
678 1644 843 1698 quam
904 1629 1046 1684 nulla
1096 1630 1354 1684 discretio
1397 1630 1541 1698 Filii,
1576 1640 1631 1686 et
1668 1631 1906 1701 Spiritus

335 1719 632 1788 inspicitur.
667 1718 790 1776 ldeo
819 1722 983 1776 etiam
1021 1724 1331 1779 necessario
1372 1725 1644 1792 sequitur,
1680 1724 1900 1787 Filium,

333 1821 389 1866 et
434 1811 691 1880 Spiritum
747 1830 906 1868 unam
960 1831 1244 1886 personam
1287 1831 1431 1886 esse,
1467 1818 1614 1873 nulla
1677 1819 1903 1874 relativa

332 1905 669 1973 oppositione
709 1907 1052 1969 obsistente:
1101 1910 1396 1979 neutriqtte
1446 1911 1663 1978 horum,
1726 1923 1782 1966 ut
1839 1913 1906 1966 ad

338 1995 564 2050 invicem
600 1995 740 2052 Deus
769 2013 832 2052 ex
871 1999 976 2054 Deo
1005 2001 1213 2055 dicatur
1239 2016 1393 2068 esse,
1429 2004 1779 2060 concedetur.

407 2085 539 2141 Nam
585 2088 628 2144 si
674 2090 796 2159 quis
844 2091 944 2146 hoc
981 2101 1166 2164 neget,
1206 2109 1426 2151 necesse
1479 2096 1587 2150 erit
1633 2106 1693 2151 ut
1747 2098 1910 2152 simul

337 2189 496 2249 neget
548 2180 632 2234 vel
689 2179 856 2236 Deum
908 2198 975 2238 ex
1018 2183 1126 2240 Deo
1177 2201 1296 2242 esse
1341 2187 1560 2256 Filium,
1604 2189 1688 2244 vel
1738 2190 1908 2244 Deum

340 2281 500 2341 atque
547 2287 610 2328 ex
661 2272 769 2330 Deo
809 2289 932 2330 esse
985 2275 1248 2348 Spiritum
1297 2289 1544 2335 sanctmn
1607 2289 1699 2335 aut
1743 2281 1908 2336 alium

343 2361 508 2418 Deum
549 2379 664 2422 esse
719 2366 938 2436 Filium,
989 2371 1154 2425 alium
1221 2370 1484 2439 Spiritum
1541 2381 1814 2428 sanctum.
1850 2372 1910 2426 Si

342 2455 488 2510 enim
509 2468 790 2530 utrumque
815 2460 1009 2517 Filium
1033 2472 1085 2518 et
1115 2462 1381 2534 Spiritum
1415 2473 1665 2520 sanctum
1699 2466 1912 2521 scilicet

354 2548 422 2601 ad
454 2547 648 2604 Patrem
684 2553 921 2622 quidem,
980 2553 1145 2626 Deum
1177 2571 1242 2614 ex
1292 2557 1398 2613 Deo
1453 2557 1562 2614 dici
1620 2559 1908 2624 concedet,

356 2654 457 2694 non
487 2652 652 2698 autem
681 2645 844 2699 etiam
868 2647 933 2700 ad
964 2647 1211 2713 invicem,
1233 2664 1299 2704 ex
1341 2649 1566 2704 dimidio
1601 2649 1706 2704 illis
1742 2649 1908 2704 Deum

346 2743 415 2784 ex
467 2732 570 2788 Deo
619 2748 756 2804 esse,
809 2739 1012 2794 reddet.
1053 2737 1231 2794 Veluti
1293 2741 1358 2795 ad
1409 2739 1630 2795 Patrem
1692 2741 1909 2811 quidem

345 2823 532 2890 ﬁlium,
578 2835 633 2882 et
681 2829 940 2898 Spiritum
991 2839 1242 2886 sanctum
1303 2832 1548 2888 ordinem
1598 2832 1802 2888 habere
1847 2848 1912 2888 ac

343 2917 576 2972 discerni
601 2921 918 2986 concedens,
948 2937 1056 2978 non
1080 2923 1246 2977 etiam
1273 2923 1343 2978 ad
1378 2923 1616 2980 invicem
1658 2924 1912 2980 ordinem

341 3007 565 3077 habere,
595 3019 753 3082 atque
789 3013 1019 3069 discerni
1059 3015 1413 3084 concederet,
1447 3031 1621 3089 neque
1666 3019 1735 3074 ad
1768 3017 1912 3073 invi-

339 3113 458 3155 cem
507 3101 776 3169 perfectas
813 3118 932 3161 esse
981 3107 1319 3163 substantias
1380 3107 1758 3165 conﬁteretur.
1805 3109 1911 3165 Sed

2003 621 2113 668 stat
2161 613 2455 684 oppositio,
2484 620 2576 666 aut
2619 611 2817 666 Filium
2852 620 3022 666 totum
3057 625 3120 666 ex
3146 608 3286 666 Filio
3321 619 3435 666 toto
3461 611 3590 667 sub-

2003 705 2234 769 sistere;
2271 705 2359 772 qui
2383 702 2526 758 enim
2558 703 2659 758 hoc
2686 711 2867 772 negat,
2895 712 2988 757 aut
3019 715 3184 758 totam
3215 717 3376 756 unam
3402 717 3592 772 perso-

2006 811 2154 860 nam,
2191 796 2382 850 Filium
2426 807 2475 853 et
2509 799 2770 868 Spiritum
2803 811 3050 859 sanctum
3087 807 3456 870 conﬁtebitur,
3492 811 3588 859 aut

2007 903 2118 944 non
2145 897 2315 942 totum
2343 904 2407 942 ex
2434 897 2546 944 toto
2575 907 2695 947 esse
2728 890 2944 959 Filium,
2969 904 3143 962 neque
3179 907 3346 949 totum
3379 913 3443 954 ex
3475 905 3590 948 toto

2007 993 2129 1034 esse
2180 976 2442 1047 Spiritum
2503 990 2773 1046 sanctum,
2809 993 2920 1051 aut,
2951 999 3127 1054 neque
3188 985 3384 1041 Filium
3420 987 3587 1042 Deum

2013 1081 2184 1126 totum
2214 1083 2354 1133 esse,
2392 1087 2566 1141 neque
2605 1073 2865 1143 Spiritum
2893 1079 3062 1132 Deum
3093 1087 3289 1145 totum,
3325 1089 3417 1134 aut
3446 1080 3592 1133 aliud

2014 1175 2184 1219 tetum
2217 1177 2336 1219 esse
2377 1163 2604 1231 Filium,
2637 1176 2693 1222 et
2727 1167 2870 1222 aliud
2927 1179 3095 1225 totum
3143 1170 3408 1242 Spiritum
3464 1187 3594 1226 san-

2011 1268 2184 1325 ctum,
2216 1259 2310 1315 sed
2373 1258 2475 1313 ista
2535 1259 2780 1330 profecto
2833 1264 3014 1332 inepta
3059 1273 3114 1320 et
3147 1267 3384 1322 absurda
3447 1275 3592 1320 sunt.

2014 1350 2200 1423 Neque
2242 1351 2388 1406 enim
2442 1350 2706 1420 Trinitas,
2759 1370 2938 1427 neque
2996 1359 3248 1413 essentia:
3295 1357 3477 1414 unitas
3521 1358 3595 1412 ita

2016 1457 2348 1503 servaretur.

2086 1539 2378 1599 Enimvero
2422 1543 2676 1612 quoniam
2709 1551 2933 1614 prepter
2964 1541 3050 1600 illa
3095 1558 3215 1613 qua:
3255 1543 3399 1600 dicta
3448 1554 3595 1610 sunt,

2016 1627 2185 1686 Filius
2247 1643 2393 1689 totus
2449 1649 2510 1688 ex
2569 1641 2684 1688 toto
2733 1633 2804 1688 sit
2845 1631 3003 1688 Filio.
3059 1635 3129 1689 At
3161 1634 3284 1688 Filii
3319 1642 3512 1702 totum,
3545 1645 3599 1690 et

2015 1723 2195 1779 Patris
2232 1733 2428 1790 totum,
2471 1741 2638 1780 unum
2684 1734 2854 1782 totum
2898 1742 3020 1782 esse
3064 1733 3363 1782 secundum
3403 1744 3599 1784 essen-

2015 1817 2167 1877 tiam.
2213 1827 2427 1871 servata
2475 1817 2687 1873 scilicet
2724 1817 3064 1886 Oppositione
3115 1821 3395 1890 gignendi,
3433 1830 3598 1890 atque

2011 1907 2294 1963 nascendi.
2333 1907 2520 1978 Itaque
2554 1917 2700 1964 totus
2734 1925 2799 1964 ex
2825 1909 2986 1966 Patre
3011 1921 3141 1976 toto,
3179 1923 3232 1968 et
3261 1913 3595 1983 Filio,quasi

2009 2013 2076 2052 ex
2115 2013 2222 2052 uno
2249 2008 2361 2054 toto
2392 1998 2626 2070 Spiritus
2650 2010 2754 2067 est,
2781 2001 2946 2056 veluti
2967 2017 3029 2057 ex
3065 2003 3248 2069 Patre,
3283 2014 3336 2059 et
3365 2003 3598 2068 Filio,ut

2011 2103 2076 2144 ex
2136 2103 2242 2143 uno
2284 2088 2393 2142 Deo
2442 2107 2454 2144 :
2497 2090 2798 2145 secundum
2859 2092 3078 2161 quidem
3137 2093 3594 2162 signiﬁcationem

2011 2187 2150 2255 ejus,
2183 2193 2328 2256 quod
2372 2198 2455 2244 est
2484 2197 2631 2245 totus
2667 2199 2721 2244 et
2754 2188 2898 2242 Deus
2933 2205 2945 2240 :
2988 2195 3062 2250 et,
3090 2185 3133 2240 si
3164 2185 3293 2252 quid
3337 2184 3482 2237 aliud
3520 2185 3598 2240 eis

2012 2282 2079 2336 ad
2108 2281 2342 2337 invicem
2379 2295 2668 2336 commune
2705 2289 2812 2346 est,
2842 2279 3106 2335 relatione
3137 2292 3240 2332 non
3275 2277 3595 2339 obsistente,

2013 2389 2134 2428 cum
2186 2389 2352 2428 unum
2405 2373 2535 2440 sint,
2568 2373 2866 2429 secundum
2917 2386 3069 2436 rem;
3112 2370 3413 2424 secundum
3469 2384 3598 2424 vero

2012 2466 2418 2536 paternitatem,
2454 2474 2508 2521 et
2563 2465 2933 2527 nativitatem,
2967 2463 3285 2519 substantiis
3309 2461 3594 2534 [hyposta-

2015 2559 2204 2631 tibus],
2232 2567 2291 2612 ut
2319 2558 2524 2613 dictum
2556 2557 3055 2623 est,disceruautur
3082 2571 3098 2609 :
3131 2555 3390 2624 quoniam
3421 2555 3474 2609 in
3504 2554 3592 2608 his

2013 2650 2234 2720 quidem
2256 2650 2524 2721 oppositio
2555 2650 2838 2720 inspicitur
2876 2668 2890 2705 :
2929 2649 2984 2702 in
3017 2649 3103 2704 his
3135 2657 3315 2704 autem
3352 2646 3596 2702 nomini-

2013 2745 2140 2808 bus,
2171 2743 2314 2798 Deus
2371 2754 2423 2798 ct
2471 2753 2637 2808 totus,
2695 2743 2904 2799 scilicet
2938 2744 3135 2798 unitas.
3165 2745 3335 2812 igitur
3383 2757 3410 2794 a
3463 2741 3599 2795 Filio

2013 2838 2312 2893 secundum
2355 2852 2536 2892 causae
2572 2837 2912 2906 causalisque
2956 2837 3220 2890 rationem
3269 2837 3602 2892 discernitur

2017 2925 2256 2997 Spiritus
2284 2937 2530 2984 sanctus.
2558 2927 2712 2994 Quod
2737 2926 2779 2982 si
2807 2936 2952 2982 totus
2976 2939 3038 2978 ex
3068 2925 3358 2980 totoPatre
3380 2926 3598 2990 dicitur,

2013 3020 2107 3075 sed
2129 3033 2195 3075 ex
2218 3018 2380 3075 Patre
2428 3035 2522 3090 per
2556 3019 2754 3074 Filium
2791 3035 2911 3076 esse
2954 3035 2983 3074 a
3017 3020 3289 3088 theologis
3320 3035 3603 3076 assevera-

2016 3118 2123 3176 tur,
2162 3109 2410 3176 siqenim
2449 3107 2706 3165 Ecclesia:
2738 3109 2980 3178 magistri
3019 3110 3354 3178 complexam
3379 3124 3605 3179 preces.

337 3193 484 3247 enim
520 3190 686 3250 Filius
722 3195 859 3251 Deus
884 3211 1006 3251 cum
1032 3199 1102 3253 sit
1125 3213 1188 3253 ex
1215 3199 1344 3265 Deo,
1374 3201 1442 3255 de
1479 3207 1670 3255 sancto
1704 3199 1908 3271 Spiritu
1939 3201 1982 3260 (Ξ
2015 3203 2185 3259 sionis
2229 3203 2404 3257 sancti
2450 3200 2690 3273 Spiritus
2729 3202 3098 3257 deﬁnitionem
3147 3202 3290 3256 illius
3335 3203 3600 3255 substan-

342 3299 448 3340 non
487 3293 591 3351 est,
624 3295 842 3358 propter
875 3289 963 3344 illa
999 3305 1118 3361 quas
1145 3303 1450 3357 sequuntur
1479 3293 1743 3348 absurda.

420 3377 512 3434 Est
565 3379 724 3450 igitur
771 3382 913 3437 Dens
961 3399 1026 3438 ex
1084 3385 1190 3440 Deo
1224 3385 1365 3441 Filio
1405 3385 1644 3456 Spiritus
1670 3394 1914 3450 sanctus,

345 3469 779 3540 quandoquidem
834 3475 995 3530 etiam
1047 3491 1144 3545 per
1199 3477 1374 3546 ipsum
1420 3478 1718 3547 procedere
1763 3492 1917 3534 asse-

344 3563 534 3618 ritur:
573 3564 790 3636 solaque
845 3583 1008 3624 causa
1064 3579 1117 3625 et
1152 3570 1356 3627 causali
1415 3571 1626 3628 divinas
1681 3571 1915 3628 discerni

345 3670 625 3723 personas,
653 3671 749 3725 pro
778 3660 1025 3716 confesso
1052 3661 1303 3718 habetur.
1331 3661 1396 3718 Et
1424 3665 1680 3733 quoniam
1717 3679 1918 3721 secun—

344 3747 472 3802 dum
509 3749 581 3814 id,
607 3753 746 3819 quod
803 3755 940 3809 Deus
983 3766 1087 3819 est,
1143 3771 1248 3812 non
1315 3757 1648 3814 discernitur
1695 3772 1724 3812 a
1779 3757 1920 3814 Filio

348 3839 545 3908 Pater;
589 3857 708 3896 nam
763 3843 811 3899 si
851 3848 1079 3915 uterque
1127 3848 1423 3916 Deus,non
1458 3857 1638 3905 tamen
1668 3851 1774 3905 duo
1805 3850 1916 3917 dii,

348 3948 485 3987 unus
537 3934 678 3989 enim
738 3935 875 3992 Deus
932 3952 1015 3994 est
1049 3958 1061 3994 :
1093 3951 1309 3998 constat
1346 3957 1414 3998 ex
1455 3943 1618 4001 Patre
1657 3953 1711 4001 et
1757 3944 1918 4011 Filio,

351 4025 516 4080 veluti
569 4041 629 4081 ex
690 4044 796 4084 uno
851 4032 980 4097 Deo,
1011 4048 1130 4089 esse
1180 4033 1442 4106 Spiritum
1480 4047 1920 4094 sanctumznon

351 4117 646 4173 secundum
673 4122 814 4191 quod
847 4126 969 4191 ιτιιο,
988 4126 1080 4180 sed
1110 4126 1404 4182 secundum
1427 4129 1571 4198 quod
1591 4144 1753 4183 unum
1772 4139 1918 4196 sunt,

354 4211 677 4276 producendi
727 4216 936 4270 ratione
977 4216 1188 4272 scilicet
1219 4219 1450 4275 servatis
1496 4221 1923 4290 proprietatibus

354 4300 626 4368 gignendi,
657 4317 722 4358 ac
753 4307 1003 4362 nascendi
1051 4325 1066 4362 :
1124 4306 1270 4370 Deus
1317 4323 1442 4366 vero
1475 4317 1559 4365 est
1591 4320 1645 4365 et
1684 4310 1923 4382 Spiritus

355 4403 574 4451 sanctus
604 4398 915 4466 productus,
945 4401 1060 4456 sive
1099 4402 1402 4471 procedens
1436 4405 1735 4460 secundum
1763 4421 1920 4462 suam

357 4488 761 4545 substantialem
815 4494 1225 4562 proprietatem.
1273 4495 1395 4550 Non
1441 4505 1620 4552 autem
1661 4498 1920 4567 possibile

356 4587 456 4644 est,
486 4579 625 4636 idem
663 4557 974 4654 esseiquod
1001 4585 1269 4655 producit,
1300 4597 1354 4642 et
1396 4589 1539 4660 quod
1576 4557 1917 4660 producitur.
1945 4557 1997 4616 θ

356 4681 575 4742 prepter
607 4675 933 4732 immobilem
969 4684 1389 4750 proprietatem.

428 4764 715 4834 Praeterea,
745 4770 1049 4825 secundum.
1079 4773 1324 4829 eamdem
1351 4775 1642 4841 rationem,
1663 4775 1920 4845 quoniam

362 4855 502 4918 Deus,
530 4866 692 4924 totus,
723 4875 785 4914 ex
839 4869 951 4916 toto
987 4862 1040 4918 in
1073 4863 1273 4920 divinis
1305 4867 1554 4936 personis
1579 4883 1608 4922 a
1646 4868 1921 4938 theologis

355 4950 632 5014 asseritur,
687 4950 827 5008 Deus
873 4955 1018 5009 enim
1057 4967 1266 5032 partem
1325 4974 1430 5012 non
1488 4959 1651 5016 habet
1687 4977 1702 5016 :
1732 4969 1785 5016 et
1816 4976 1920 5016 non

356 5041 526 5110 magis
560 5055 894 5114 quaecunque
924 5047 1229 5102 substantia
1259 5048 1440 5103 minus
1475 5060 1558 5105 est
1590 5049 1730 5105 Deus
1757 5061 1919 5114 totus,

355 5144 518 5202 atque
563 5134 856 5204 perfectus,
891 5152 1049 5206 quam
1100 5149 1211 5194 tota
1245 5140 1409 5195 simul
1439 5152 1625 5196 sancta
1660 5141 1923 5210 Trinitas,

356 5226 649 5281 secundum
703 5227 825 5284 ﬁdei
872 5230 1232 5298 positionem;
1264 5232 1423 5286 aliter
1447 5233 1593 5287 enim
1625 5250 1692 5288 ex
1727 5234 1926 5304 imper-

356 5317 512 5373 lectis
533 5328 674 5374 esset
701 5320 860 5385 Deus,
887 5331 1047 5389 atque
1069 5337 1134 5377 ex
1167 5323 1414 5392 partibus
1443 5336 1754 5381 constaret:
1781 5327 1923 5395 quod

358 5422 536 5465 autem
573 5411 769 5466 dicitur
801 5423 944 5468 tutus
975 5429 1042 5468 ex
1073 5425 1206 5482 toto,
1228 5416 1258 5470 a
1279 5431 1439 5472 causa
1475 5431 1598 5472 esse
1628 5418 1921 5486 signiﬁcat.

357 5505 694 5574 Quapropter
738 5505 897 5560 Pater
929 5507 1144 5576 quidem
1190 5517 1336 5564 totus
1362 5517 1464 5573 est,
1489 5525 1555 5565 ex
1591 5519 1702 5564 ιοιο
1741 5519 1922 5565 autem

358 5613 462 5653 non
496 5607 594 5664 est,
627 5614 658 5653 a
687 5597 834 5653 nullo
879 5600 1019 5654 enim
1053 5609 1156 5656 est.
1205 5601 1370 5656 Filius
1412 5613 1598 5658 autem
1649 5613 1812 5666 totus,
1857 5621 1922 5658 ex

358 5689 516 5746 Patre
543 5702 655 5746 toto
678 5701 781 5758 est,
808 5701 861 5746 et
887 5689 1120 5760 Spiritus
1138 5702 1300 5760 totus,
1329 5709 1393 5749 ex
1418 5702 1529 5750 toto
1546 5695 1707 5750 Patre
1729 5696 1923 5752 simili-

360 5795 459 5841 ter.
483 5786 722 5840 Necesse
745 5793 989 5854 estergo,
1013 5785 1056 5840 si
1087 5786 1238 5840 initia
1261 5786 1380 5841 ﬁdei
1409 5801 1564 5842 serva
1576 5803 1632 5842 re
1651 5789 1922 5853 volumus,

361 5889 500 5936 totus
529 5893 651 5934 cum
685 5877 756 5932 sit
783 5875 944 5933 Filius
974 5877 1112 5934 Deus
1148 5886 1399 5950 totusque
1421 5880 1486 5936 sit
1522 5878 1660 5936 Deus
1693 5881 1926 5951 Spiritus

2021 3297 2108 3353 tiae
2139 3296 2539 3368 explicuerunt,
2579 3304 2632 3350 et
2681 3296 2977 3350 secundum
3005 3295 3126 3350 illos
3160 3310 3286 3351 cum
3321 3311 3386 3350 ex
3417 3293 3600 3358 Patre,

2019 3388 2251 3454 dicatur,
2301 3397 2397 3442 aut
2427 3402 2493 3442 ex
2543 3386 2702 3441 Patre
2735 3396 2847 3441 toto
2896 3387 3203 3457 intelligere
3245 3386 3522 3450 convenit,
3552 3385 3600 3438 si

2019 3495 2162 3536 cura:
2205 3465 2361 3534 nabis
2389 3486 2476 3535 est
2510 3479 2664 3550 juxta
2708 3479 2920 3534 illorum
2948 3460 3324 3545 traditionem,
3360 3487 3414 3534 et
3440 3479 3602 3535 simul

2021 3573 2171 3628 initia
2205 3573 2329 3628 ﬁdei
2379 3575 2680 3641 servando,
2714 3573 3011 3629 secundum
3055 3574 3302 3629 ordinem
3352 3572 3605 3629 differen-

2023 3665 2156 3721 tium
2186 3679 2568 3735 processuum,
2599 3677 2762 3738 atque
2811 3667 3140 3722 coorieutem
3193 3667 3261 3720 ah
3303 3666 3390 3721 his
3425 3680 3603 3722 causae

2019 3759 2333 3826 causalique
2373 3759 2794 3825 discretionem,
2833 3759 3046 3813 divinas
3101 3757 3436 3824 distinguere
3476 3771 3603 3824 per-

2019 3865 2203 3918 sonas,
2236 3853 2472 3906 maxime
2516 3868 2639 3907 cum
2706 3851 2886 3906 Patris
2936 3859 3107 3905 totum
3165 3866 3270 3904 non
3326 3849 3471 3904 aliud
3529 3850 3604 3903 sit

2020 3961 2182 4016 quam
2232 3953 2400 4000 totmn
2443 3945 2600 4016 Filiif;
2647 3962 2816 3999 unum
2848 3944 2989 3999 enim
3025 3953 3102 3999 est
3139 3952 3308 3999 totum
3333 3985 3346 4010 ,
3379 3943 3519 3998 sicut
3547 3952 3602 3996 ct

2021 4036 2235 4091 illorum
2281 4050 2386 4090 una
2427 4035 2662 4090 essentia
2697 4042 2780 4088 est
2813 4052 2826 4090 :
2863 4034 2952 4088 ubi
2998 4033 3206 4089 scilicet
3258 4049 3365 4087 non
3424 4033 3602 4087 obstat

2022 4127 2301 4182 relationis
2350 4127 2641 4198 oppositio.
2683 4127 2922 4196 Spiritus
2973 4135 3152 4180 autem
3201 4134 3345 4181 totus
3381 4127 3600 4196 quidem

2021 4225 2124 4283 est,
2158 4216 2513 4287 ejusdemque
2548 4218 2798 4273 essentize
2825 4229 2945 4272 cum
2983 4215 3141 4272 Patre
3173 4225 3227 4270 et
3261 4215 3422 4282 Filio,
3455 4224 3600 4271 totus

2021 4325 2152 4367 vero
2176 4312 2497 4381 productus,
2529 4310 2644 4364 sive
2667 4309 2968 4379 procedens
2989 4318 3089 4375 est,
3122 4310 3421 4363 secundum
3449 4325 3600 4362 suam

2023 4402 2435 4458 substantialem
2461 4403 2872 4472 proprietatem.
2900 4400 3014 4458 Non
3043 4410 3219 4468 potest
3248 4411 3428 4456 autem
3461 4401 3600 4454 idem

2022 4507 2144 4549 esse
2192 4495 2344 4563 quod
2404 4493 2673 4562 producit,
2706 4500 2760 4549 et
2802 4493 2944 4563 quod
2983 4493 3330 4563 producitur;
3360 4491 3494 4548 nihil
3524 4501 3606 4545 est

2023 4586 2168 4640 enim
2206 4586 2349 4656 quod
2393 4585 2473 4640 sui
2511 4586 2684 4655 ipsius
2718 4600 2885 4641 causa
2913 4587 2982 4641 sit
3017 4603 3032 4641 :
3077 4593 3130 4641 et
3158 4585 3319 4642 simul
3350 4585 3603 4639 immohi-

2029 4675 2134 4731 lem
2179 4676 2562 4746 proprietatem
2611 4679 2824 4730 servari
2849 4690 3074 4732 necesse
3111 4682 3193 4729 est
3237 4683 3458 4744 propter
3501 4675 3606 4727 iu:-

2031 4765 2284 4820 mobilem
2327 4765 2654 4821 beatissima:
2686 4765 2974 4822 Trinitatis
3006 4765 3278 4819 ordinem.

2101 4855 2392 4922 Praeterea,
2431 4856 2671 4912 oumium
2703 4857 2980 4912 nominum
3015 4873 3134 4925 qum
3159 4857 3267 4913 Deo
3317 4859 3606 4929 assignan-

2034 4955 2141 5013 tur,
2186 4963 2248 5002 ea
2285 4947 2500 5017 quidem
2554 4963 2676 5017 quae
2725 4948 3132 5018 quomodolibet
3170 4949 3398 5004 relative
3445 4951 3498 5004 iu
3541 4968 3606 5001 eo

2033 5039 2136 5093 dici
2190 5049 2452 5109 possunt,
2504 5053 2769 5109 personas
2824 5039 3081 5108 signant;
3131 5041 3377 5108 quaedam
3445 5058 3605 5104 vero,

2035 5147 2200 5186 unum
2233 5131 2396 5185 Deum
2430 5131 2742 5197 indiscrete,
2761 5131 3162 5186 commendant.
3194 5133 3425 5186 Prorsus
3460 5148 3610 5194 rem,

2033 5225 2123 5280 ubi
2158 5202 2520 5280 non‘ohsistit
2549 5223 2827 5279 relationis
2876 5223 3185 5294 Oppositio',
3237 5239 3342 5279 non
3385 5226 3611 5280 reddere.

2033 5318 2405 5387 qualecunque
2475 5329 2668 5370 nomen
2733 5315 2785 5368 in
2844 5313 2952 5368 Deo
3019 5316 3255 5381 dicitur,
3317 5330 3606 5384 personam

2033 5413 2330 5467 secundum
2390 5412 2678 5467 essentiam
2752 5411 3073 5464 imminuere
3137 5420 3261 5475 est,
3316 5411 3400 5465 cui
3475 5408 3605 5462 illud

2035 5519 2232 5560 nomen
2260 5503 2540 5574 aptissime
2566 5517 2888 5572 congruum,
2917 5503 3216 5558 secundum
3267 5503 3345 5554 rei
3395 5499 3608 5570 signiti-

2033 5596 2304 5652 cationem
2330 5611 2437 5651 non
2468 5595 2729 5650 redditur.
2756 5596 2911 5659 Puta,
2941 5594 3102 5648 Pater
3129 5593 3346 5662 quidem
3387 5605 3582 5647 nomen
3639 5605 3646 5610 '

2034 5700 2086 5747 et
2108 5688 2276 5745 Filius
2303 5699 2358 5744 et
2377 5689 2620 5759 Spiritus
2634 5698 2876 5752 sanctus,
2894 5686 3322 5757 paternitasque,
3342 5693 3395 5739 et
3416 5685 3580 5740 natiri
3595 5709 3613 5722 -

2035 5795 2136 5848 tas,
2172 5793 2226 5839 et
2281 5783 2580 5854 processio,
2608 5795 2900 5848 causaque,
2925 5790 2978 5834 et
3006 5779 3241 5842 causale,
3279 5788 3331 5832 et
3367 5779 3606 5848 gignere.

2035 5888 2086 5933 et
2116 5876 2292 5946 gigni,
2343 5873 2494 5930 relati
2550 5875 2615 5928 ad
2673 5872 2900 5927 invicem
2947 5854 3216 5925 dici'eum
3257 5871 3499 5940 possint,
3555 5868 3606 5919 in
