4106 6470
479 371 580 437 H7

1729 371 2117 431 MANUELIS
2155 369 2456 435 CALEC/E

3619 370 3722 436 158

474 493 742 549 Trinitate
810 506 1072 562 personas
1136 493 1460 558 indicantia,
1527 496 1772 564 personis
1822 493 2036 561 proprie
2068 496 2108 551 Α
2210 495 2502 556 Cmterum.
2525 494 2660 548 sicut
2681 507 2800 564 quae
2826 490 3128 546 communia
3160 499 3283 545 sunt
3319 487 3488 554 Patri,
3519 500 3570 544 et
3607 489 3685 544 Fit
3713 499 3748 535 ο

480 585 796 639 redduntur.
855 583 962 638 Aut
992 584 1136 638 enim
1192 598 1549 654 personarum
1606 585 2051 649 substantia,aut

478 678 714 744 ipsarum
785 674 1140 745 signiﬁcativa
1202 684 1370 731 sunt..
1429 675 1659 746 Sapiens
1741 685 1940 739 autem,
1996 683 2054 730 et

477 770 672 836 bonus,
693 771 963 840 etjustus,
1019 776 1072 824 et
1104 782 1340 835 creator,
1383 779 1437 826 et
1464 767 1845 840 quaequetalia
1886 782 2052 822 unum

476 859 682 928 aliquid
717 860 1007 920 indiscrete
1057 867 1222 920 Deum
1257 865 1498 934 signant.
1525 862 1602 917 Es
1628 861 1714 918 his
1753 861 1898 916 enim
1929 859 2053 914 nul-

481 950 585 1004 lam
617 953 866 1032 cogimur
911 956 1297 1013 discretionem
1356 955 1663 1027 intelligere
1711 953 1765 1008 in
1817 952 1932 1009 Deo
1985 951 2054 1007 ad

476 1041 712 1110 seipsum
747 1047 1106 1113 personalem,
1125 1047 1226 1104 nisi
1243 1047 1538 1103 secundum
1565 1043 1808 1116 quaedam
1837 1045 2054 1098 nomina

479 1134 542 1187 ad
565 1145 868 1193 creaturam
883 1138 1054 1194 solum
1069 1139 1184 1194 sive
1209 1137 1388 1208 potius
1441 1147 1708 1194 creaturae
1737 1136 1804 1192 ad
1863 1136 2053 1201 Deum;

471 1224 648 1293 justus
714 1228 858 1283 enim
926 1229 995 1283 ad
1045 1238 1352 1287 creaturam
1414 1237 1471 1284 et
1527 1238 1762 1295 creator,
1804 1237 1860 1284 et
1884 1229 2057 1284 omnl-

479 1327 670 1384 potens
687 1319 908 1374 dicitur.

545 1408 996 1465 Substantialium
1024 1425 1171 1476 vero,
1201 1409 1738 1479 substantiarumque
1784 1408 2058 1480 signiﬁca-

479 1499 706 1555 tivorum
738 1502 1039 1562 nominum:
1077 1503 1180 1557 alia
1211 1502 1427 1572 quidem
1462 1515 1813 1571 personarum
1856 1500 2044 1572 singu-

478 1589 543 1644 lis
571 1605 737 1647 unum
770 1591 861 1646 uni
897 1591 1114 1662 proprie
1147 1593 1427 1659 redditur;
1499 1606 1728 1663 quasque
1800 1591 2059 1648 substan-

479 1680 630 1736 tialia
688 1682 929 1750 ipsorum
961 1691 1107 1750 sunt,
1134 1683 1293 1739 sicuti
1345 1683 1666 1754 paternitas,
1697 1692 1754 1739 et
1805 1682 2061 1740 nativitas

473 1780 636 1842 atque
674 1775 974 1843 processio,
1007 1772 1167 1830 Pater
1198 1783 1249 1830 et
1274 1773 1466 1843 Filius,
1499 1783 1552 1830 et
1573 1773 1887 1844 procedens.
1937 1776 2058 1834 Alia

473 1878 603 1920 vero
633 1865 871 1932 duobus,
901 1876 961 1923 ut
991 1869 1230 1932 causale,
1255 1877 1310 1923 et
1338 1868 1503 1931 mitti,
1555 1876 1609 1922 et
1643 1866 1811 1923 Deum
1843 1883 1909 1924 ex
1948 1868 2056 1924 Deo

472 1968 612 2022 esse,
640 1955 1007 2028 Spiritumque
1070 1957 1324 2015 etPatris
1383 1967 1437 2014 et
1467 1957 1584 2014 Filii
1640 1957 1901 2028 Spiritum
1925 1959 2050 2014 dici.

474 2047 685 2105 Mittere
708 2061 924 2121 quoque
947 2059 1001 2105 et
1029 2063 1307 2111 emanare.
1329 2058 1382 2104 et
1434 2048 1763 2118 profundere
1813 2047 2051 2111 Patrem,

471 2149 525 2194 et
547 2136 741 2196 Filium
784 2140 1064 2212 Spiritum.
1125 2141 1386 2196 Aliavero
1409 2140 1582 2195 tribus
1636 2138 2054 2194 incommutabi-

471 2231 594 2287 liter
609 2232 932 2300 redduntur;
963 2241 1016 2288 et
1044 2247 1207 2286 unum
1254 2230 1416 2286 Deum
1436 2231 1549 2286 sine
1578 2229 1685 2284 ulla
1728 2228 2050 2292 dill‘erentia.

471 2329 531 2374 ut
569 2321 770 2377 dictum
805 2331 905 2389 est,
941 2325 1174 2394 signant.
1211 2321 1409 2376 Verum
1490 2323 1788 2390 producere
1832 2322 2048 2391 quidem

470 2413 642 2466 sancti
664 2411 896 2482 Spiritus
916 2428 1021 2469 non
1054 2424 1135 2469 est
1165 2429 1178 2477 ;
1238 2413 1339 2467 hoc
1365 2413 1508 2466 enim
1563 2413 1844 2468 relationis
1906 2421 2052 2468 vetat

470 2485 758 2574 oppositio,
797 2504 1098 2572 quodenim
1160 2504 1412 2574 producit
1435 2504 1523 2566 ,ad
1578 2505 1629 2558 id
1661 2506 1802 2575 quod
1849 2505 2050 2572 produ-

473 2597 637 2664 citur,
664 2597 973 2668 oppositum
1025 2607 1141 2662 est;
1175 2596 1319 2665 quod
1352 2607 1530 2650 autem
1557 2597 1898 2667 producitur,
1927 2596 2052 2670 Spi-

474 2688 610 2744 ritus
679 2697 905 2746 sanctus
959 2696 1091 2748 est;
1151 2679 1602 2754 dictumque’est
1626 2701 1748 2743 esse
1797 2687 2048 2756 impossi.

473 2781 600 2843 bile,
626 2782 771 2836 idem
803 2796 922 2836 esse
945 2781 1089 2851 quod
1126 2779 1400 2850 producit,
1451 2780 1667 2848 etquod
1694 2779 2050 2848 producitur;

474 2873 605 2926 nihil
645 2873 790 2928 enim
841 2883 924 2928 cst
957 2876 1098 2943 quod
1151 2873 1324 2942 ipsum
1364 2876 1451 2931 sui
1481 2887 1641 2928 causa
1677 2871 1774 2938 sit;
1828 2882 1881 2928 et
1908 2873 2051 2928 nulla

471 2978 702 3032 persona
765 2964 997 3032 seipsam
1045 2965 1314 3034 producit,
1349 2966 1492 3022 sicut
1536 2976 1588 3020 et
1625 2964 1677 3018 in
1741 2963 2052 3020 hominibus

470 3056 700 3123 exempli
752 3071 934 3121 causa,
968 3057 1079 3113 ﬁeri
1099 3059 1395 3123 cernimus,
1419 3072 1654 3128 namque
1709 3065 1764 3112 et
1793 3056 1932 3125 apud
1958 3071 2052 3111 nos

471 3147 770 3217 cuiuspiam
823 3149 982 3214 (ilius,
1017 3165 1121 3203 non
1182 3158 1265 3205 est
1337 3151 1451 3220 ipse
1531 3151 1731 3218 seipso,
1765 3163 1938 3219 neque
1970 3148 2050 3203 sui
2085 3188 2126 3242 ε

471 3239 644 3310 ipsius
665 3241 884 3305 dicitur,
907 3241 1001 3295 sed
1029 3241 1234 3311 patris:
1257 3251 1311 3297 et
1340 3257 1512 3310 neque
1531 3242 1672 3296 ﬁlius
1703 3253 1860 3312 pater
1879 3241 2054 3312 patris

473 3331 560 3388 sui
584 3340 688 3400 est,
720 3343 1060 3402 nequepater
1100 3333 1244 3389 illius
1305 3334 1521 3398 liliisui,
1577 3345 1796 3404 propter
1839 3335 2055 3404 opposi-

476 3423 637 3480 tionis
661 3423 944 3490 rationem,
967 3425 1261 3481 secundum
1309 3440 1548 3491 causam,
1583 3437 1632 3481 et
1661 3425 1895 3490 causale,
1937 3440 2055 3493 quae

475 3529 582 3569 non
607 3515 896 3571 convertit.

543 3606 609 3662 Et
633 3615 780 3662 certe
797 3604 1056 3678 possibile
1073 3616 1156 3662 est
1181 3605 1428 3660 eumdem
1453 3614 1506 3660 et
1557 3613 1766 3672 patrem
1825 3618 1968 3668 esse,
1995 3613 2050 3658 et

471 3696 766 3766 liiium,sed
802 3712 904 3752 non
939 3697 1428 3759 sccundnmidem,
1471 3695 1586 3749 sive
1640 3693 1706 3748 ad
1773 3693 1912 3748 idem
1949 3694 2050 3750 .Ad

470 3789 616 3845 aliud
650 3805 802 3855 vero,
844 3789 1469 3861 atquealiud,utraque.
1521 3785 1628 3841 Sed
1681 3785 1782 3839 hoc
1841 3787 1892 3839 in
1945 3785 2054 3840 Deo

469 3880 646 3935 locum
677 3896 784 3935 non
817 3879 1155 3936 habet.Tres
1190 3881 1334 3933 enim
1385 3891 1644 3946 personas
1702 3876 1846 3932 solas
1880 3877 2050 3932 Deum

467 3987 610 4039 esse,
647 3971 779 4026 lides
814 3972 977 4026 tradit
1005 3991 1017 4026 :
1048 3972 1249 4042 quibus
1282 3972 1646 4040 proprietates
1709 3985 1824 4025 suze
1853 3969 2049 4024 immo-

469 4065 643 4128 biles,
677 4073 732 4118 et
753 4073 880 4118 ratm
923 4074 1162 4118 manent.
1206 4063 1324 4119 Non
1349 4079 1479 4135 ergo
1544 4067 1870 4136 producere,
1930 4078 2054 4134 pro—

471 4156 616 4209 ducti
650 4155 883 4224 Spiritus
935 4165 1039 4220 cst,
1068 4155 1163 4209 sed
1222 4154 1383 4210 Pater
1431 4157 1731 4224 producere
1787 4155 2050 4226 Spiritum

469 4249 748 4303 asseritor.
775 4248 1086 4302 Secundum
1116 4249 1220 4303 hoc
1245 4249 1388 4304 enim
1438 4264 1469 4304 a
1506 4249 1734 4320 Spiritu,
1785 4259 1846 4305 ut
1878 4264 2046 4304 causa

470 4357 500 4392 a
533 4341 738 4396 causali
773 4341 1124 4396 discernitur.

539 4433 809 4500 Quaeritur
840 4443 1064 4499 autemi,
1095 4451 1162 4488 an
1213 4445 1268 4490 et
1290 4436 1424 4491 Filio
1453 4438 1748 4506 producere
1769 4447 2054 4489 commune

2158 596 2308 656 puta,
2374 587 2556 651 bonus,
2588 586 2816 653 sapiens,
2869 595 3093 650 creator,
3128 593 3234 638 etc.
3267 599 3391 639 cum
3461 598 3564 637 non
3593 599 3749 652 aequa

2157 681 2262 736 iter
2285 690 2342 737 et
2372 678 2787 734 immutabiliter
2813 676 2949 734 Filio
2982 676 3280 741 reddimus,
3317 677 3584 730 minorem
3617 675 3723 728 Pa-

2172 773 2273 828 tris
2296 771 2534 828 essentia
2561 768 2687 824 Filii
2718 770 3006 824 essentiam
3075 767 3306 822 l'acimus
3367 787 3380 821 :
3409 767 3482 822 ita
3540 768 3751 836 quippe
3777 768 3780 771 ’

2164 879 2271 918 nou
2316 863 2424 920 erit
2453 861 2692 931 sapiens,
2724 871 2783 916 et
2815 869 3032 915 creator
3066 873 3208 916 unus
3237 859 3419 922 Pater,
3451 868 3506 914 et
3551 858 3740 913 Filius.

2159 957 2362 1012 Eodem
2397 957 2580 1021 modo,
2613 954 2705 1026 qui
2740 954 3044 1024 producere
3076 951 3217 1009 Filio
3250 951 3558 1018 abstulerit,
3594 953 3748 1007 nulla

2157 1048 2514 1118 appositionis
2553 1047 2878 1103 necessitate
2905 1046 3013 1102 hoc
3074 1046 3178 1116 ipsi
3235 1046 3464 1101 reddere
3503 1044 3746 1110 valente,

2156 1139 2278 1196 Filii
2307 1139 2543 1197 essentia
2575 1136 2754 1213 Patris
2769 1138 3059 1194 essentiam
3076 1136 3338 1194 minorem
3370 1145 3594 1208 cogetur
3610 1150 3756 1192 con-

2161 1232 2332 1287 literi.

2232 1323 2425 1390 Porro,
2454 1326 2499 1380 si
2522 1322 2644 1394 quis
2661 1320 2976 1392 Dionysium
3010 1318 3274 1388 allegans,
3315 1317 3389 1373 ita
3421 1317 3569 1372 illum
3588 1316 3744 1386 loqui

2160 1426 2388 1482 asserat,
2418 1416 2752 1478 communia,
2785 1423 2839 1470 et
2872 1415 3020 1469 unita
3066 1411 3217 1471 Patri
3273 1422 3327 1470 et
3357 1411 3520 1474 Filio,
3555 1417 3752 1465 sancto

2158 1509 2320 1564 etiam
2384 1508 2610 1578 Spiritui
2644 1510 2979 1576 communia,
3025 1509 3208 1565 divina
3239 1507 3379 1563 ratio
3435 1503 3685 1570 assignat
3724 1517 3742 1556 ε

2159 1599 2261 1655 hoc
2286 1600 2436 1654 illum
2469 1600 2534 1655 de
2559 1599 2644 1656 his
2675 1615 2797 1670 quae
2819 1602 2996 1659 tribus
3045 1599 3418 1657 indiﬂ‘erenter
3491 1595 3746 1650 reddun-

2161 1702 2269 1754 tur,
2302 1692 2504 1747 dixisse
2531 1693 2764 1759 noverit,
2802 1708 2865 1749 ac
2887 1693 2956 1751 de
2982 1693 3066 1749 his
3091 1708 3210 1763 qua:
3260 1691 3519 1746 dicuntur
3567 1694 3747 1741 natu-

2160 1782 2316 1844 ralia,
2353 1782 2403 1837 in
2433 1782 2630 1852 quibus
2657 1799 2831 1856 neque
2875 1785 3136 1842 discretio
3164 1784 3292 1849 ulla,
3327 1798 3502 1854 neque
3536 1780 3746 1837 relatio

2165 1874 2468 1941 inspicitur.
2505 1872 2710 1932 Idcirco
2733 1875 2896 1931 etiam
2927 1875 3228 1930 communia
3295 1883 3343 1928 et
3375 1873 3525 1927 unita
3557 1872 3737 1934 dixit;

2166 1964 2469 2035 producere
2501 1975 2681 2022 autem
2711 1969 2778 2021 ad
2811 1966 2862 2021 id
2913 1967 3059 2038 quod
3109 1965 3452 2034 producitur,
3510 1961 3751 2016 relative

2162 2051 2467 2120 opponitur.
2503 2051 2564 2106 Et
2583 2061 2688 2118 est,
2727 2055 2870 2124 quod
2943 2053 3280 2120 producitur,
3313 2051 3546 2120 Spiritus
3580 2065 3753 2105 sanc-

2163 2147 2268 2193 tus.
2292 2138 2554 2197 Possibiie
2588 2155 2716 2197 vero
2745 2157 2850 2196 non
2885 2141 3137 2207 cst,idem
3185 2138 3491 2210 esse,quod
3527 2140 3744 2206 prmiu-

2161 2233 2253 2286 cit.
2288 2232 2471 2302 Neque
2501 2235 2735 2303 seipsum
2781 2233 3032 2303 producit
3093 2233 3348 2302 Spiritus;
3406 2230 3539 2286 nihil
3593 2231 3750 2285 enim

2163 2325 2244 2375 sui
2272 2325 2442 2392 ipsius
2473 2339 2638 2378 causa
2675 2339 2795 2380 esse
2816 2335 2990 2394 pmest
3027 2341 3040 2380 :
3079 2339 3253 2395 neque
3282 2323 3536 2389 alterum,
3567 2337 3713 2392 prop
3737 2353 3750 2364 -

2163 2424 2242 2468 ter
2275 2416 2524 2471 traditam
2557 2417 2712 2472 nobis
2729 2418 3071 2473 Trinitatem.

2229 2505 2524 2562 Commune
2570 2509 2732 2580 igitur
2768 2518 2850 2566 est
2879 2509 3046 2579 Patri,
3081 2520 3133 2565 et
3162 2509 3298 2566 Filio
3341 2510 3658 2580 producere;
3687 2519 3747 2564 et

2161 2605 2241 2650 est
2290 2596 2468 2667 Pater,
2515 2609 2569 2655 et
2597 2600 2762 2659 Filius
2803 2615 2942 2658 unus
2969 2605 3139 2659 sancti
3175 2589 3404 2672 Spiritus
3424 2604 3742 2673 productor.

2161 2689 2299 2740 sicut
2335 2698 2560 2754 etzunus
2583 2700 2745 2758 totus,
2765 2702 2817 2748 et
2851 2708 2990 2748 unus
3017 2694 3254 2758 mittens,
3276 2701 3483 2747 servata
3533 2691 3746 2747 scilicet

2161 2781 2530 2850 generationis
2573 2783 2977 2853 nativitatisque
3027 2783 3368 2838 discretione.
3436 2783 3610 2850 Atque
3666 2783 3744 2835 ita

2166 2877 2332 2934 Filius
2369 2893 2399 2932 a
2434 2885 2626 2932 sancto
2665 2873 2870 2946 Spiritu
2932 2890 3143 2940 causae,
3174 2874 3522 2943 causalisque
3575 2873 3745 2928 ratio-

2162 2986 2228 3024 ne
2291 2969 2860 3038 discernitur;quia,
2927 2977 2980 3023 et
3053 2982 3149 3035 per
3180 2965 3377 3021 Filium
3442 2963 3745 3041 procedere

2160 3059 2411 3125 dicitur;
2454 3059 2720 3128 Paterque
2782 3057 3070 3126 productor
3124 3071 3219 3126 per
3311 3053 3562 3109 Verbum
3609 3067 3744 3108 esse

2161 3162 2299 3206 etex
2334 3150 2470 3205 Filio
2493 3165 2613 3205 esse
2641 3150 2860 3213 habere,
2913 3163 3035 3203 cum
3067 3146 3134 3202 ab
3166 3147 3282 3217 ipso
3305 3143 3538 3214 accipiat.
3559 3143 3741 3217 Spiri-

2163 3255 2271 3307 tus,
2291 3259 2317 3296 a
2334 3241 2628 3312 Theologis
2647 3242 2930 3295 asseritur.

2234 3335 2308 3386 Ex
2341 3335 2533 3402 quibus
2572 3345 2626 3388 et
2649 3334 2777 3388 illud
2827 3341 3065 3398 constat,
3115 3331 3416 3399 producere
3450 3329 3591 3398 quod
3643 3327 3734 3381 di-

2159 3423 2322 3487 citur,
2356 3423 2528 3477 Patris
2565 3421 2921 3478 substantiale
2949 3436 3052 3476 non
3081 3435 3238 3487 esse;
3299 3421 3402 3475 lioc
3456 3427 3637 3473 autem
3677 3429 3738 3472 et

2160 3517 2710 3583 supram'onstratum
2742 3522 2847 3568 est.
2874 3513 3328 3582 AtteStanturque
3360 3512 3442 3565 his
3472 3525 3501 3564 a
3531 3511 3742 3565 sanctis

2163 3605 2408 3661 Patribus
2439 3605 2597 3660 dicta:
2657 3605 2960 3669 sententiae,
3005 3603 3204 3674 quibus
3239 3612 3491 3658 asserunt
3537 3600 3739 3656 Filium

2158 3699 2396 3752 omnium
2423 3705 2772 3766 paternorum
2797 3697 3058 3753 bonorum
3092 3695 3362 3751 haeredem
3400 3710 3544 3760 esse,
3574 3706 3741 3763 atque

2157 3792 2338 3846 omnia
2369 3792 2550 3847 Patris
2589 3791 2788 3847 habere
2848 3790 3009 3858 bona,
3049 3791 3283 3860 propria,
3335 3798 3497 3859 atque
3548 3791 3744 3856 prteei-

2159 3899 2281 3950 pua,
2317 3885 2605 3952 omniaque
2666 3883 2885 3950 habere,
2922 3897 3040 3951 quae
3081 3881 3260 3936 Patris
3320 3889 3469 3946 sunt,
3519 3880 3622 3934 nisi
3678 3881 3731 3931 id

2157 3978 2353 4042 solum,
2389 3975 2532 4043 quod
2566 3975 2725 4030 Pater
2759 3989 2864 4029 non
2913 3984 2994 4029 εει
3023 3989 3038 4041 ;
3111 3972 3558 4043 generatorisque
3615 3969 3742 4037 Spi-

2161 4070 2322 4125 ritum
2351 4070 2554 4125 habere
2605 4067 2800 4123 Filium
2850 4067 3082 4136 propria:
3123 4073 3329 4118 naturae
3383 4065 3605 4126 bonum,
3656 4065 3740 4115 vi-

2161 4175 2418 4228 vensque,
2455 4169 2508 4214 et
2537 4155 2967 4213 subslantialiter
2993 4157 3213 4209 insitum
3243 4172 3257 4220 ;
3301 4154 3441 4208 sicut
3468 4162 3524 4208 et
3553 4152 3741 4208 Pater.

2163 4253 2318 4306 Libet
2343 4263 2519 4306 tamen
2553 4260 2608 4304 et
2637 4250 2738 4304 ista
2769 4248 2986 4302 addere.

2233 4344 2470 4397 Sanctus
2511 4343 2675 4412 igitur
2704 4342 2938 4411 Cyrillus
2993 4341 3043 4394 in
3087 4337 3372 4393 Tliesauris
3406 4339 3518 4393 ait:
3585 4337 3742 4392 Sicut

2163 4437 2322 4491 arbor
2352 4435 2630 4504 prodeunti
2655 4448 2720 4488 ea:
2740 4449 2792 4487 se
2823 4433 3045 4501 fructui,
3074 4429 3389 4500 qualitatem
3440 4445 3590 4482 suam
3640 4447 3741 4482 na-

467 4538 588 4579 cum
617 4524 780 4579 Patre
808 4525 902 4580 sit.
925 4523 989 4578 Et
1017 4526 1269 4596 quoniam
1299 4525 1478 4582 Patris
1498 4528 1562 4581 ad
1609 4523 1800 4580 Filium
1866 4540 2062 4580 secun-
2091 4533 2138 4592 ι)
2167 4531 2388 4586 (“ratem
2417 4530 2551 4599 ferre
2589 4529 2682 4581 dat
2705 4543 2722 4591 ;
2749 4527 2823 4580 ita
2861 4515 3136 4588 et’Fitius,
3173 4540 3206 4578 a
3263 4523 3427 4578 Patre
3476 4525 3744 4590 accepisse

464 4617 589 4670 dum
617 4618 990 4686 paternitatem
1010 4626 1063 4672 et
1083 4619 1440 4680 nativitatem.
1471 4634 1675 4680 Causae.
1712 4617 2062 4686 causalisque

464 4709 730 4776 oppositio
775 4723 880 4764 non
936 4711 1185 4779 prohibet
1215 4711 1335 4777 hoc,
1374 4726 1548 4780 neque
1607 4709 1712 4763 ulla
1761 4709 1885 4764 hinc
1931 4721 2064 4763 con'

466 4799 605 4857 lusio
637 4801 919 4871 sequitur;
945 4803 1092 4858 nasci
1132 4805 1274 4866 enim
1308 4802 1372 4855 ad
1401 4802 1622 4871 gignere
1645 4801 1787 4868 quod
1837 4797 2057 4858 dicitur,

467 4908 573 4948 non
611 4893 675 4946 ad
709 4893 1009 4962 producere
1035 4895 1264 4949 relative
1291 4893 1603 4962 opponitur,
1648 4899 1702 4945 et
1768 4889 1937 4945 Filius
1990 4891 2056 4944 ad

463 4981 702 5046 Patrem,
758 4982 855 5036 sed
922 4999 1026 5038 non
1095 4985 1161 5037 ad
1218 4987 1620 5051 productoretn,
1684 4983 1734 5035 in
1797 4993 2053 5051 quantum

463 5074 650 5140 Filius,
679 5075 930 5144 refertur;
956 5077 1178 5142 idcirco,
1208 5077 1340 5130 uiltil
1388 5078 1554 5143 cogit,
1597 5077 1896 5144 producere
1913 5078 2056 5146 quod

461 5169 684 5232 dicitur,
710 5185 736 5220 a
770 5166 912 5223 Filio
936 5169 1174 5231 auferre,
1238 5170 1381 5222 sicut
1440 5170 1684 5236 cogimur
1711 5183 1738 5220 a
1803 5168 1940 5222 Filio
1969 5167 2051 5235 gi-

459 5276 624 5327 gnere
661 5262 881 5314 omnino
937 5259 1166 5324 tollere;
1197 5274 1304 5312 non
1365 5259 1416 5313 id
1455 5260 1798 5326 permittente
1864 5259 2035 5328 ipsius

459 5352 524 5407 ad
558 5353 767 5406 Patrem
790 5350 1151 5419 oppositione,
1188 5351 1530 5418 paternitatis
1585 5351 1812 5417 scilicet,
1843 5359 1896 5405 et
1916 5352 2054 5405 nati-

461 5445 690 5510 vitatis;
726 5445 900 5506 ne,vel
933 5457 1034 5496 una
1062 5458 1299 5512 persona
1331 5444 1509 5505 Pater,
1531 5459 1592 5497 ac
1638 5443 1804 5500 Filius
1835 5445 1910 5499 sit
1967 5441 2048 5499 vel

461 5537 606 5592 idem
637 5537 818 5599 simul,
884 5535 1048 5590 Pater
1071 5545 1125 5589 et
1167 5534 1354 5599 Filius,
1405 5547 1459 5591 et
1511 5547 1756 5592 neutrum
1815 5539 2047 5607 proprie.

457 5629 730 5695 Quoniam
765 5631 952 5694 itaque
975 5627 1260 5682 relationis
1280 5627 1399 5682 Filii
1431 5630 1493 5680 ad
1545 5629 1758 5684 Patrem
1783 5630 2049 5698 oppositio

459 5733 566 5771 non
599 5717 790 5786 cogita
820 5716 976 5780 Filio,
1009 5718 1307 5784 producere
1338 5720 1480 5787 quod
1519 5720 1736 5786 dicitur,
1797 5721 2042 5783 auferre,

458 5825 747 5866 commune
775 5810 999 5880 peuitus’
1017 5821 1099 5867 est
1129 5811 1292 5878 Patri,
1329 5828 1390 5867 ac
1455 5813 1610 5878 Filio,
1642 5812 1958 5884 producere.

2171 4623 2499 4692 intelligitur,
2539 4634 2655 4689 quae
2687 4617 2788 4671 sibi
2823 4626 2945 4672 sunt
2982 4619 3178 4681 omnia,
3225 4632 3346 4670 cum
3379 4617 3445 4670 sit
3482 4616 3590 4685 ipse
3623 4633 3740 4669 om-

2170 4719 2257 4772 nia
2291 4731 2409 4785 quae
2434 4713 2600 4768 Pater
2626 4720 2700 4766 est
2735 4722 2923 4781 prwter
2949 4711 3115 4764 solum
3135 4708 3348 4762 Patrem
3386 4725 3516 4762 esse.

2239 4809 2307 4861 Et
2344 4822 2532 4861 rursus
2572 4807 2625 4859 in
2658 4803 2866 4860 eisdem
2920 4818 2934 4856 :
2979 4801 3103 4856 Non
3134 4812 3189 4856 ut
3236 4803 3473 4872 indigens
3506 4819 3535 4854 a
3575 4802 3740 4856 Patre

2167 4901 2426 4965 accepisse
2476 4895 2653 4951 Filius
2691 4895 2928 4959 dicitur;
2964 4893 3120 4946 habet
3169 4895 3356 4962 quippe
3387 4894 3736 4955 naturaliter,

2163 4991 2430 5059 proprium
2467 5004 2583 5040 cum
2619 4987 2685 5040 sit
2722 4987 2886 5055 ipsius
2922 4983 3238 5041 i'crbum,et
3273 4985 3538 5048 splendor,
3559 4986 3739 5036 omnia

2160 5095 2274 5148 qua:
2308 5079 2421 5147 ejus
2456 5085 2600 5144 sunt,
2633 5085 2824 5143 prwtcr
2874 5075 3049 5128 solum
3093 5091 3204 5128 esse
3254 5085 3300 5127 et
3341 5074 3447 5126 dici
3497 5070 3732 5125 Patrem.

2164 5172 2297 5224 Dicit
2327 5181 2499 5224 autem
2547 5185 2601 5222 se
2637 5186 2668 5222 a
2713 5167 2878 5222 Patre
2918 5168 3196 5234 accepisse,
3233 5167 3596 5236 lucreticorum
3624 5165 3754 5237 epis

2161 5266 2362 5327 itiones,
2414 5276 2468 5316 ut
2510 5262 2646 5317 Deus
2693 5263 3032 5332 praeveniens.
3080 5277 3140 5312 ac
3180 5258 3459 5328 jugulans.
3505 5256 3585 5309 Ne
3616 5257 3731 5323 quis

2157 5359 2293 5409 enim
2332 5355 2529 5410 Filium
2579 5356 2859 5420 inspiciens
2895 5351 3077 5407 Patris
3115 5352 3290 5402 omnia
3323 5349 3622 5408 habentem,
3669 5365 3733 5401 ea:

2159 5445 2322 5496 multa
2351 5443 2498 5496 valde
2527 5444 2892 5505 similitudine,
2935 5452 2984 5494 et
3045 5439 3419 5492 indemntabili
3457 5439 3734 5490 identitate

2155 5544 2364 5602 putaret
2401 5535 2638 5588 eumdem
2669 5550 2778 5587 esse
2805 5534 3018 5586 Patrem
3044 5543 3090 5585 et
3123 5530 3341 5592 Filium,
3365 5541 3410 5582 et
3431 5532 3480 5582 iu
3511 5527 3732 5583 Sabellii

2154 5647 2381 5683 errorem
2415 5629 2711 5692 laberetur;
2765 5628 3060 5680 necessario
3089 5643 3141 5678 se
3192 5643 3223 5678 a
3255 5624 3415 5677 Putre
3469 5624 3731 5691 accepisse

2153 5723 2250 5784 ait,
2317 5731 2371 5774 ut
2436 5737 2606 5773 sermo
2674 5720 2929 5787 inlerens,
2993 5734 3155 5771 unum
3218 5718 3425 5786 quidem
3495 5717 3727 5772 dantem.

2155 5815 2434 5866 secundum
2484 5829 2598 5867 vero
2649 5813 3005 5874 accipientem,
3040 5809 3351 5862 dualitalem
3403 5808 3454 5860 in
3495 5809 3727 5872 propriis
