4106 6472
421 326 527 400 149

1510 342 1921 404 ΑῡνΕΒΞΗὸ
1952 341 2274 405 GRZECOS
2314 342 2468 408 LIB.
2507 345 2630 407 III.

3601 343 3701 407 150

415 451 725 507 substantiis
781 451 1072 510 ostenderet
1109 471 1216 511 non
1264 455 1396 512 solis
1447 458 1748 513 nominibus
1803 459 1995 514 distin-
2025 459 2072 518 Δ
2102 472 2279 530 neque
2328 460 2493 516 Pater
2537 471 2622 518 est
2668 460 3016 532 pateruitatis
3067 460 3280 518 ratione
3315 460 3434 518 sine
3489 462 3694 518 medio.

415 553 580 600 ctam.

493 636 641 691 Idem
697 636 749 691 in
806 653 845 692 ll
894 639 960 693 ad
1013 637 1289 696 Hermian]
1346 661 1359 696 :
1415 640 1901 700 Consubstantialis
1953 657 2001 700 et

418 739 709 784 cocternus
740 729 890 785 Patri
914 729 1112 800 Filius,
1134 736 1312 790 omnia
1338 738 1546 804 penitus
1568 755 1721 808 (equa
1756 755 2004 794 mensura

419 818 598 887 habet,
626 830 822 890 prwter
849 821 1020 876 solum
1073 824 1302 896 gignere.
1340 829 1455 883 Hoc
1483 829 1625 883 enim
1658 829 1827 885 solum
1875 846 2001 899 pra-

417 915 531 981 prie
583 912 689 970 Deo
740 923 792 969 et
840 914 996 970 Patri
1043 916 1302 974 convenit.
1352 918 1497 974 Idem
1553 921 1607 976 in
1654 919 2001 978 Thesauris:

421 1005 608 1076 Itaque
636 1007 984 1079 quodcunque
1012 1013 1076 1064 de
1126 1009 1287 1066 Patre
1333 1013 1558 1080 dixeris,
1610 1014 1706 1069 hoc
1747 1016 1908 1071 etiam
1941 1015 2004 1068 de

421 1096 578 1163 Filio,
599 1109 793 1163 praeter
818 1099 876 1153 id
903 1101 1078 1156 solum
1105 1105 1246 1172 quod
1279 1102 1442 1160 Pater
1479 1107 1586 1173 ipse
1613 1115 1728 1172 est;
1757 1116 1805 1162 et
1832 1108 2002 1178 qued-

421 1207 622 1261 cunque
654 1191 803 1248 Filio
845 1194 1072 1259 dederis,
1106 1195 1202 1249 hoc
1245 1206 1293 1252 et
1323 1197 1376 1252 in
1430 1198 1590 1254 Patre
1618 1209 1695 1254 est
1725 1213 1923 1272 printer
1949 1202 2003 1255 id

419 1282 615 1348 solum,
643 1283 770 1352 quia
806 1273 982 1339 Filius
1012 1287 1249 1356 ipse'est.

493 1368 912 1443 Cbrisostomus
947 1377 999 1430 in
1037 1393 1202 1434 xxxix
1239 1379 1461 1438 bomilia
1491 1397 1656 1456 super
1683 1385 1952 1442 Joannem
1985 1405 2001 1442 :

425 1483 443 1514 ε
491 1463 663 1532 Dedit,
725 1479 899 1522 autem
946 1469 1142 1528 idcirco
1199 1475 1395 1531 dictum
1445 1487 1548 1544 est,
1609 1494 1671 1533 ne
1714 1479 2004 1552 ingenitum

421 1558 593 1620 ipsum
646 1559 950 1628 suspiceris,
1010 1580 1172 1637 neque
1228 1568 1362 1622 duos
1418 1567 1605 1624 Patres
1666 1586 1777 1628 esse
1828 1583 2002 1643 putes.

424 1648 616 1704 Omnia
653 1653 790 1706 enim
836 1671 954 1723 gate
986 1655 1149 1712 Pater
1182 1670 1279 1726 est,
1314 1662 1428 1717 hwc
1460 1673 1508 1716 et
1554 1662 1733 1718 Filius
1781 1675 1882 1720 est.
1940 1665 2007 1721 Et

422 1753 545 1810 post
575 1760 745 1813 pauca
776 1763 792 1803 :
831 1746 984 1802 Vides
1015 1751 1466 1820 incommutabile,
1508 1766 1557 1809 et
1589 1757 1728 1826 quod
1755 1773 1860 1810 uno
1891 1757 2005 1812 solo

2112 549 2192 606 Ita
2221 553 2365 608 enim
2408 552 2575 610 Filius
2599 563 2746 611 esset
2773 533 3010 624 Spiritus
3043 563 3290 621 sanctus,
3319 568 3494 624 neque
3521 567 3696 622 oppo-

2113 645 2262 700 nitur
2297 645 2604 703 nativitatis
2639 646 2876 714 rationi;
2906 647 3038 704 huic
3069 647 3214 704 enim
3245 647 3359 705 sola
3392 645 3696 716 paternita-

2115 736 2184 792 tis
2212 737 2355 792 ratio
2386 739 2704 808 opponitur.
2743 739 2932 811 Itaque
2961 724 3262 796 secundum
3296 740 3350 794 id
3381 737 3528 811 quod
3574 750 3698 792 esse

2112 828 2314 884 dicitur
2341 830 2667 900 principium
2702 829 2940 902 Spiritus
2965 831 3161 898 sancti,
3193 845 3299 886 non
3325 839 3410 888 est
3439 827 3699 884 discretio

2112 919 2293 976 Patris
2325 936 2389 978 ac
2422 921 2584 991 Filii,
2617 931 2673 978 et
2722 933 3126 995 consequenter
3175 923 3455 996 proprium
3516 919 3700 976 Patris

2113 1009 2182 1064 ad
2232 1008 2452 1077 Filium,
2488 1009 2736 1082 utrisque
2783 1012 2940 1071 enim,
2991 1012 3212 1067 innatus
3255 1019 3342 1066 est
3385 1021 3698 1079 congruus;

2112 1099 2256 1169 quod
2313 1100 2361 1156 si
2415 1100 2636 1156 innatus
2680 1111 2764 1158 est
2815 1103 3007 1170 etiam,
3063 1103 3209 1158 nulla
3263 1101 3410 1157 enim
3461 1099 3574 1154 illic
3618 1098 3702 1152 in-

2113 1193 2227 1247 nati
2286 1193 2518 1265 privatio
2569 1204 2690 1262 est,
2747 1191 3058 1252 communis
3103 1205 3188 1252 est
3237 1194 3402 1266 igitur
3445 1191 3595 1248 Patri
3645 1198 3701 1246 et

2112 1281 2273 1340 Filio.

2184 1375 2455 1444 Quoniam
2516 1377 2684 1448 igitur
2739 1378 3043 1449 producere
3097 1378 3301 1440 Patris.
3335 1373 3700 1432 substantiale

2113 1449 2221 1522 neu
2286 1457 2750 1535 est,‘commune
2805 1477 2986 1524 autem
3045 1477 3128 1524 est
3197 1466 3347 1522 Patri
3418 1475 3475 1521 et
3536 1464 3697 1528 Filio,

2113 1570 2515 1630 consequenter
2536 1569 2589 1617 et
2615 1558 2789 1616 Filius
2831 1576 2858 1615 a
2905 1570 3097 1616 sancto
3143 1559 3351 1630 Spiritu
3398 1557 3698 1613 secundum

2114 1671 2336 1713 causam
2376 1665 2433 1712 et
2476 1656 2698 1712 causale
2726 1656 3107 1726 distinguitur.
3148 1655 3206 1710 in
3238 1655 3353 1710 sola
3385 1654 3530 1710 enim
3564 1667 3699 1708 cau-

2116 1764 2174 1806 sa
2217 1758 2272 1805 et
2313 1748 2539 1816 causali,
2591 1749 2803 1806 divinas
2855 1763 3119 1820 personas
3165 1747 3430 1811 discerni,
3465 1755 3520 1799 et
3564 1745 3700 1800 ﬁdes

419 1835 775 1904 differentiam
836 1843 1087 1910 insinuet,
1122 1845 1262 1911 quod
1313 1848 1408 1902 iste
1460 1849 1661 1905 scilicet
1697 1853 1764 1906 sit
1819 1849 2005 1917 Pater,

2119 1838 2308 1906 tradit,
2352 1848 2406 1894 et
2458 1839 2631 1895 sancti
2683 1841 3039 1906 conﬁtentur,
3096 1848 3157 1896 ut
3204 1855 3274 1896 ex
3326 1837 3703 1908 superioribus

421 1926 514 1981 ille
575 1928 760 1986 Filius.
817 1948 837 1986 ι
889 1932 1068 2000 Dedit,
1121 1955 1138 1987 ι
1195 1938 1334 1992 enim
1393 1943 1534 2008 quod
1588 1941 1806 2010 dicitur,
1868 1941 2006 1996 hanc

422 2017 806 2072 distinctionem
873 2022 1046 2077 solam
1122 2029 1420 2080 necessario
1493 2028 1752 2097 inducit;
1815 2043 2007 2086 caetera

423 2113 602 2164 omnia
650 2113 1012 2182 aequalitatem
1062 2128 1223 2190 atque
1255 2120 1378 2176 inde
1403 2121 1820 2179 mutabilitatem
1869 2124 2009 2180 indi-

424 2214 566 2257 cant.

500 2295 722 2366 Magnus
764 2300 1095 2360 Athanasius
1127 2305 1185 2360 in
1236 2321 1295 2360 tu
1335 2304 1537 2362 Contra
1587 2306 1840 2372 Arianos,
1884 2307 2004 2362 ait:

432 2388 520 2443 Ita
560 2391 720 2460 igitur
772 2393 876 2463 ipsi
926 2412 1046 2450 cum
1095 2415 1258 2452 unum
1307 2400 1416 2454 sint
1464 2399 1650 2466 Pater,
1702 2401 1903 2456 scilicet
1958 2412 2008 2457 et

439 2483 618 2550 Filius,
687 2502 900 2559 unaque
955 2490 1023 2544 sit
1090 2490 1294 2566 Deitas,
1358 2495 1544 2549 eadem
1610 2496 1676 2549 de
1727 2494 1872 2550 Filio
1925 2498 2009 2550 di-

441 2591 633 2642 cuntur,
662 2596 782 2650 qum
832 2582 899 2637 de
946 2573 1131 2651 Patre,
1172 2586 1275 2641 nisi
1319 2586 1460 2658 quod
1502 2588 1673 2645 solum
1707 2587 1870 2644 Pater
1904 2605 2009 2646 non

435 2671 642 2727 dicitur.

501 2764 643 2821 idem
676 2768 727 2822 in
751 2781 1030 2835 sermone,
1064 2769 1116 2823 in
1150 2785 1261 2842 quo
1290 2774 1513 2843 exponit
1545 2773 1902 2845 compositam
1941 2773 2009 2830 ab

429 2856 645 2913 Arianis
696 2859 877 2926 ﬁdem,
915 2859 968 2916 in
1005 2861 1174 2918 variis
1214 2851 1431 2920 illorum
1463 2866 1737 2937 .synodis,
1791 2867 1845 2922 in
1903 2867 2009 2922 ﬁne

429 2951 724 3019 longissimi
751 2953 1018 3010 aerumnis
1056 2956 1172 3009 ait:
1201 2955 1418 3012 Idcirco
1456 2960 1596 3013 enim
1645 2959 2007 3030 wqualitatern

428 3043 584 3097 habet
661 3043 730 3098 ad
791 3043 1008 3101 Patrem
1079 3046 1302 3116 Filius,
1387 3050 1742 3122 uniformibus
1805 3053 2006 3110 scilicet

428 3138 667 3203 vocibus,
722 3147 772 3192 et
823 3155 942 3209 qua:
1005 3141 1060 3195 in
1115 3140 1281 3196 Patre
1329 3144 1600 3210 dicuntur,
1666 3146 1781 3201 haec
1841 3155 1892 3201 et
1950 3147 2078 3237 inc

431 3227 572 3284 Filio
603 3229 894 3302 Scriptura:
935 3234 1138 3303 dicunt,
1185 3248 1380 3304 prieter
1419 3238 1594 3294 solum
1629 3235 1853 3296 Patrem
1885 3257 2006 3296 eum

425 3323 555 3379 dici.

499 3418 722 3490 magnus
771 3419 1006 3476 Basilius
1051 3421 1106 3476 in
1138 3422 1281 3479 libro
1313 3438 1414 3479 suo
1450 3424 1526 3478 De
1557 3425 1662 3496 ﬁde
1697 3441 1716 3482 :
1757 3426 2009 3498 Accipere

427 3511 566 3564 enim
615 3513 751 3582 quod
778 3513 978 3568 dicitur
1021 3530 1320 3582 commune,
1365 3527 1414 3571 et
1461 3518 1530 3570 ad
1563 3529 1860 3574 creaturam
1891 3531 2009 3586 est;

430 3601 617 3656 habere
663 3612 837 3662 autent
881 3620 948 3660 ea:
1001 3615 1218 3676 natura,
1255 3608 1533 3677 proprium
1584 3619 1660 3663 est
1713 3611 1900 3680 geniti.
1939 3610 2009 3666 Ut

429 3714 550 3768 ergo
599 3696 771 3754 Filius
823 3700 1148 3756 naturaliter
1192 3701 1448 3774 possidet,
1491 3719 1611 3772 qua:
1644 3701 1828 3758 Patris
1860 3718 2009 3772 sunt,

432 3799 483 3842 ut
516 3801 687 3844 autem
717 3792 1040 3863 unigenitus,
1072 3795 1250 3848 omnia
1281 3792 1438 3849 habet
1484 3795 1542 3851 in
1571 3799 1740 3866 seipso
1768 3814 2006 3867 compre-

431 3883 614 3938 hensa.
659 3883 726 3939 Et
772 3901 966 3942 rursus
1019 3887 1076 3941 in
1113 3889 1301 3942 eodem
1337 3907 1352 3944 :
1401 3887 1620 3944 Patrem
1671 3890 1784 3944 dixi
1824 3898 1872 3946 et
1913 3887 2010 3944 Fi-

433 3977 602 4041 lium;
648 3978 742 4034 has
791 3980 920 4034 mihi
960 3982 1308 4051 proprietates
1349 3997 1522 4037 serua.
1577 3980 1802 4039 Moriens
1848 3985 2013 4055 igitur

435 4070 602 4128 Filius
652 4073 710 4128 in
764 4089 845 4138 eo,
901 4074 1041 4144 quod
1101 4073 1281 4129 Filius
1343 4084 1448 4142 est,
1513 4077 1695 4132 omnia
1753 4089 1830 4132 est
1893 4095 2012 4149 qua

429 4164 604 4230 Pater,
654 4169 941 4222 secundum
995 4168 1164 4236 ipsius
1221 4184 1398 4224 uocem
1452 4169 1668 4227 Domini
1726 4171 1955 4227 dicentis
1989 4185 2011 4226 :

439 4275 456 4308 ι
492 4255 682 4312 Omnia
737 4275 854 4330 quis
922 4259 1076 4314 habet
1144 4259 1343 4326 Pater,
1397 4278 1514 4318 mea
1570 4276 1693 4318 sunt
1722 4264 1766 4319 ³.
1823 4283 1842 4317 ο
1905 4263 2011 4318 Re-

431 4367 547 4406 rera
571 4352 706 4406 enim
736 4352 983 4424 imaginis
1006 4361 1131 4408 sunt
1155 4355 1340 4410 omnia
1359 4371 1478 4427 qua:
1503 4357 1794 4427 primitiuae
1821 4355 2012 4425 formae

428 4452 570 4498 sunt.

2112 1933 2302 2002 liquet.

2185 2025 2384 2082 Verum
2425 2028 2644 2100 quidam
2680 2026 3068 2084 discretionem
3115 2024 3240 2080 Filii
3273 2033 3329 2080 et
3359 2022 3533 2080 sancti
3577 2022 3704 2092 Spi-

2113 2118 2272 2184 ritus,
2302 2121 2605 2174 sccundum
2639 2134 2860 2175 causam
2897 2127 2954 2173 et
2983 2117 3202 2174 causale
3240 2131 3348 2174 non
3399 2117 3705 2185 suscipien-

2115 2217 2217 2277 tes,
2240 2224 2364 2265 cum
2391 2219 2572 2265 tamen
2602 2211 2712 2266 illis
2742 2210 3130 2266 discretionem
3160 2210 3388 2266 reddere
3413 2221 3700 2280 cogantur,

2114 2302 2266 2356 aiunt
2294 2301 2544 2359 .discerni
2581 2316 2676 2358 eos
2710 2300 3092 2358 differentibus
3121 2316 3188 2358 ex
3226 2301 3388 2356 Patre
3433 2304 3703 2372 processi-

2113 2393 2237 2460 bus,
2271 2395 2662 2464 adducuntque
2717 2401 2908 2450 testem
2961 2391 3262 2460 Justinum,
3314 2394 3699 2464 philosophum

2112 2492 2167 2542 et
2223 2496 2540 2560 martyrem,
2577 2488 2848 2544 dicentem
2897 2503 2912 2541 :
2948 2489 3072 2555 quia
3105 2486 3242 2540 sicut
3282 2485 3459 2541 Filius
3489 2503 3555 2541 ea:
3596 2485 3705 2541 Pa-

2114 2587 2214 2644 tre,
2238 2579 2314 2634 ita
2335 2588 2384 2634 et
2419 2578 2653 2648 Spiritus
2675 2593 2742 2633 ea:
2767 2577 2932 2632 Patre
2953 2588 3051 2644 est,
3077 2586 3432 2648 prwterqttam
3457 2580 3704 2633 substan-

2111 2674 2202 2728 tia:
2223 2672 2400 2728 modo.
2441 2671 2766 2739 Gregorium
2815 2671 2945 2727 item
2979 2671 3290 2740 theologum
3327 2670 3622 2736 dicentem,
3650 2659 3706 2726 et

2111 2766 2292 2836 ipsum
2340 2766 2396 2822 in
2443 2778 2697 2822 sermone
2727 2765 2796 2822 de
2847 2764 3135 2820 nativitate
3169 2765 3374 2820 Christi
3409 2783 3425 2820 :
3467 2764 3702 2835 Spiritus

2109 2867 2328 2914 sanctus
2383 2860 2673 2927 procedens
2737 2859 2948 2930 quidem
2999 2873 3066 2914 ex
3117 2856 3312 2924 Patre,
3372 2875 3476 2914 non
3529 2872 3704 2916 autem

2109 2951 2287 3006 instar
2347 2949 2526 3017 Filii;
2593 2966 2759 3024 neque
2821 2952 2962 3007 enim
3029 2951 3354 3020 natiuitatis,
3418 2953 3511 3008 sed
3581 2971 3703 3024 pro-

2112 3049 2366 3104 cessionis
2413 3049 2644 3106 ratione.
2678 3049 2744 3104 Et
2788 3061 2980 3105 contra
3028 3049 3350 3106 Heronem:
3401 3049 3534 3106 Filii
3583 3054 3706 3121 qui-

2111 3145 2232 3198 dem
2279 3145 2576 3214 propriuns,
2628 3144 2877 3199 natiuitas
2925 3159 2944 3198 :
2993 3144 3167 3198 sancti
3219 3152 3396 3199 autem
3445 3143 3703 3215 Spiritus,

2115 3238 2400 3307 processio.

2184 3327 2380 3396 Porro,
2411 3331 2504 3400 qui
2539 3329 2643 3386 ista
2672 3331 2886 3398 dicunt,
2919 3339 2973 3387 et
3008 3347 3192 3399 suam,
3224 3341 3278 3388 et
3311 3334 3698 3406 magistrorum

2113 3435 2300 3477 vocem
2328 3422 2542 3492 penitus
2575 3422 2849 3495 ignorant.
2888 3424 3023 3480 Nam
3051 3425 3363 3497 quicunque
3388 3435 3698 3483 sanctorum

2115 3514 2493 3574 differentibus
2540 3516 2888 3588 processibus
2914 3517 3155 3574 discerni
3192 3519 3451 3576 dixerunt
3491 3519 3689 3578 Filium

2114 3617 2172 3664 et
2209 3607 2479 3680 Spiritum
2519 3620 2795 3675 sanctum,
2823 3608 3113 3666 nativitate
3157 3610 3368 3668 scilicet
3399 3621 3453 3668 et
3483 3628 3707 3682 proces-

2115 3705 2272 3759 slone
2332 3703 2450 3760 sive
2515 3701 2901 3773 personalibus
2966 3703 3392 3783 proprietatibus
3449 3707 3700 3763 ordinem

2114 3792 2408 3851 reddentes
2453 3804 2508 3851 ct
2543 3794 2921 3866 processibus,
2969 3804 3026 3850 et
3067 3795 3445 3863 relationibus,
3491 3808 3546 3854 et
3581 3815 3706 3869 pro-

2113 3887 2469 3957 prietatibus,
2511 3886 2660 3942 istud
2709 3888 2988 3953 dixerunt,
3042 3887 3197 3954 quasi
3233 3888 3396 3942 aliter
3446 3890 3706 3959 possibile

2116 3995 2226 4036 non
2281 3979 2355 4036 sit
2409 3993 2768 4050 personarum
2815 3977 3142 4037 discretivas
3191 3995 3332 4049 esse,
3393 3982 3496 4039 nisi
3537 3984 3700 4039 etiam

2117 4074 2346 4131 relative
2380 4073 2643 4144 oppositae
2676 4072 3057 4145 intelligantur
3083 4074 3152 4130 ad
3178 4075 3454 4138 ,invicem.
3499 4077 3709 4134 Nativ‘i-

2118 4179 2201 4226 tas
2237 4169 2425 4238 itaque
2473 4166 2829 4223 immedialus
2875 4175 3058 4225 estex
3105 4167 3270 4223 Patre
3300 4183 3618 4239 processus,
3652 4183 3708 4227 et

2116 4263 2220 4318 hoc
2255 4269 2340 4317 est
2381 4260 2554 4332 ipsius
2589 4259 2874 4326 deﬁnitio;
2912 4260 3197 4331 processio
3222 4271 3402 4314 autem
3432 4274 3530 4330 per
3566 4262 3708 4315 uati-

2117 4353 2335 4409 vitatem
2392 4351 2765 4423 intelligitur:
2821 4351 2945 4406 ideo
2994 4362 3049 4406 et
3100 4350 3272 4408 Filius
3308 4353 3530 4422 quidem
3588 4353 3707 4408 sine

2119 4444 2298 4500 medio
2343 4459 2412 4499 ex
2467 4443 2650 4511 Patre,
2688 4441 2929 4512 Spiritus
2980 4431 3184 4497 autem
3212 4457 3308 4513 per
3352 4441 3550 4497 Filium
3598 4453 3704 4500 est.

497 4537 554 4592 Si
581 4538 748 4608 igitur
779 4539 962 4596 omnia
998 4554 1119 4612 quas
1155 4541 1321 4597 Pater
1350 4550 1454 4608 est,
1490 4540 1608 4597 huic
1634 4540 1800 4597 etiam
1839 4539 2016 4596 Filius
2039 4522 2090 4584 Ῑ)
2121 4539 2326 4596 Praeter
2385 4537 2532 4592 illam
2588 4544 2769 4591 autem
2827 4536 3176 4602 relationem,
3237 4551 3356 4606 quae
3403 4537 3705 4593 secundum

431 4639 511 4686 est
539 4632 753 4702 genitus
783 4640 843 4689 et
889 4647 1122 4690 manens
1155 4633 1346 4701 Filius,
1376 4645 1432 4692 et
1461 4637 1645 4691 omnia
1674 4651 1797 4704 qua:
1842 4635 2012 4691 habet

432 4725 606 4789 Pater.
665 4729 776 4785 haec
825 4735 880 4784 et
932 4727 1101 4786 Filius
1136 4730 1536 4800 comprehensa
1603 4731 1765 4786 habet
1810 4736 2012 4801 praeter

433 4822 807 4884 paternitatem
849 4821 1046 4888 solam,
1075 4830 1383 4894 praeterque
1424 4822 1478 4878 id
1507 4822 1704 4890 solum,
1740 4825 1883 4894 quod
1918 4821 2008 4878 hic

433 4912 589 4968 Pater
617 4925 722 4980 est,
760 4913 850 4971 ille
891 4915 1082 4982 Filius,
1113 4914 1299 4972 omnia
1345 4917 1655 4971 communia
1711 4924 1859 4973 sunt.
1892 4914 2012 4972 Una

432 5009 574 5063 enim
604 5009 662 5064 in
695 5023 755 5065 re
786 5017 994 5065 tantum
1025 5009 1308 5066 diﬂerunt.
1333 5010 1544 5066 Caetera
1573 5012 1754 5068 omnia
1790 5013 2015 5084 aequali-

433 5113 630 5169 tatem,
685 5102 1348 5174 indemutabilitatemque
1403 5105 1670 5161 indicant.
1732 5105 2016 5174 Quomodo

435 5211 538 5253 non
565 5196 864 5266 paternitas
882 5195 1127 5269 quidem,
1147 5205 1312 5266 atque
1340 5197 1600 5254 nativitas
1624 5199 2018 5256 substantiales

435 5293 559 5340 sunt
589 5285 720 5341 solas
748 5283 933 5342 Patris
957 5300 1022 5342 ac
1062 5284 1185 5342 Filii
1218 5287 1586 5360 proprietates
1624 5286 1728 5344 sibi
1773 5289 2010 5345 invicem

436 5375 657 5432 minime
679 5391 1036 5446 communes;
1063 5380 1366 5450 producere
1386 5390 1596 5449 autem,
1619 5379 1769 5436 Patri
1797 5389 1852 5438 et
1875 5380 2012 5438 Filio

437 5482 724 5525 commune
757 5479 860 5535 est,
912 5472 1040 5542 quia
1071 5482 1125 5528 et
1161 5472 1400 5543 Spiritus
1429 5481 1677 5537 sanctus,
1701 5472 2012 5529 communis

431 5571 535 5626 est,
586 5573 641 5618 et
700 5563 985 5620 amborum
1035 5566 1234 5622 dicitur
1294 5565 1554 5638 Spiritus,
1617 5567 2012 5635 arnborumque

433 5654 804 5723 spiraculum?
837 5656 977 5713 Nam
1027 5655 1265 5729 Spiritus
1306 5661 1482 5718 sancti
1515 5675 1639 5717 esse
1680 5661 2010 5730 principium

491 5833 512 5866 ³
548 5837 700 5894 lnau.
734 5855 844 5906 xvi,
880 5839 964 5894 l5.

2118 4647 2343 4689 causam
2378 4642 2487 4699 est,
2524 4630 2727 4685 nullam
2775 4629 2828 4683 in
2877 4627 3084 4683 divinis
3121 4629 3370 4696 personis
3405 4630 3704 4686 discretio-

2120 4741 2242 4781 nem
2278 4724 2583 4796 intelligere
2613 4722 2696 4777 ias
2728 4730 2834 4777 est.
2865 4719 3000 4774 Nam
3035 4723 3090 4775 in
3130 4719 3244 4773 sola
3277 4734 3443 4774 causa
3493 4729 3548 4776 et
3575 4735 3708 4777 cau-

2117 4817 2216 4873 sali
2251 4817 2463 4873 diviuas
2500 4827 2768 4885 personas
2815 4811 3061 4869 discerni
3097 4812 3306 4867 dictum
3357 4821 3440 4866 est
3473 4829 3488 4880 ;
3549 4813 3708 4868 aliter

2113 4911 2260 4968 enim
2301 4908 2450 4963 omni
2475 4893 2836 4976 “oppositione
2879 4913 2935 4960 et
2985 4903 3178 4959 ordine
3232 4919 3588 4974 processuum
3638 4908 3705 4961 ad

2114 5005 2346 5060 invicem
2384 4999 2618 5065 sublato,
2656 4997 2792 5053 nihil
2836 4997 3185 5067 prohibebit,
3228 5012 3423 5054 earum
3466 5000 3711 5068 proprie-

2117 5107 2256 5154 tates
2296 5095 2351 5150 in
2407 5092 2555 5148 idem
2607 5105 2939 5146 concurrere
2979 5089 3307 5158 subjectum.
3366 5089 3552 5160 Itaque
3584 5107 3708 5147 cum

2116 5187 2314 5244 Filium
2361 5203 2387 5241 a
2431 5171 2638 5256 Spiritu
2671 5183 2955 5240 nativitate
2997 5181 3340 5249 discernunt,
3385 5183 3520 5238 nihil
3564 5183 3710 5238 aliud

2121 5286 2332 5348 dicunt,
2367 5293 2532 5351 quam
2579 5275 2848 5346 Spiritum
2881 5291 3006 5332 esse
3034 5291 3131 5348 per
3164 5275 3363 5332 Filium
3396 5295 3409 5332 :
3451 5291 3547 5345 per
3571 5275 3714 5330 nati-

2121 5379 2342 5433 vitatem
2368 5374 2514 5430 enim
2544 5370 2870 5444 procedere,
2893 5371 3036 5441 quod
3066 5371 3285 5434 dicitur,
3315 5378 3420 5424 est.
3445 5368 3712 5423 Similiter

2120 5487 2242 5527 cum
2305 5450 2572 5540 Spiritum
2631 5481 2660 5520 a
2723 5464 2863 5521 Filio
2926 5466 3284 5536 processione
3339 5463 3708 5532 distinguunt,

2123 5577 2380 5635 processu
2437 5559 2531 5616 illo
2585 5575 2613 5613 a
2656 5558 2797 5615 Filio
2847 5559 3085 5616 discerni
3145 5557 3501 5618 conﬁtentur.
3547 5555 3708 5626 cujus

2122 5670 2203 5714 est
2238 5655 2502 5721 deﬁnitio,
2540 5670 2636 5726 per
2671 5654 3004 5709 nativitatem
3038 5667 3182 5709 esse.
