4106 6446
396 335 491 400 151
1649 348 2043 409 MANUELIS
2071 352 2374 415 CALECIE

3533 349 3634 428 152

463 454 727 520 Quoniam
765 457 931 527 igitur
979 461 1275 516 secundum
1311 463 1700 520 substantiales
1739 482 1959 534 proces-
1991 471 2033 527 Α
2065 479 2267 525 nuntur
2294 487 2494 538 CillISil’,
2534 487 2598 526 ea
2645 486 2766 528 esse
2802 471 3020 541 quidem
3051 480 3104 547 et
3149 471 3201 525 in
3239 485 3422 534 causa,
3456 469 3630 540 ipsmu
3710 472 3714 476 '

393 561 489 600 sus
518 562 875 616 personarum
909 552 1227 608 substantiae
1264 554 1657 623 significantur,
1685 558 1959 626 simulque

391 653 514 693 cum
564 637 756 696 ordine
811 656 972 697 causa
1026 653 1081 698 et
1130 647 1348 700 causale
1400 647 1652 713 infertur,
1699 657 1755 703 et
1786 648 1959 704 Filius

392 731 608 797 quidem
664 735 962 789 secundum
1020 750 1338 804 processum
1387 753 1566 802 suum,
1625 740 1744 795 sine
1782 741 1960 794 medio

392 837 456 873 ex
496 821 654 878 Patre
675 825 948 893 gignitur;
987 827 1222 897 Spiritus
1251 840 1432 884 autem
1459 831 1612 897 juxta
1645 845 1958 900 processum

391 929 548 968 suum
589 931 653 970 ex
714 916 874 972 Patre
924 921 1172 990 procedit
1225 939 1237 973 :
1289 921 1432 987 ideo,
1482 923 1571 976 ille
1609 921 1828 991 quidem
1865 937 1961 992 per

393 1007 730 1062 nativitatem
791 1025 933 1074 esse,
988 1012 1077 1064 ltic
1132 1021 1318 1069 autem
1387 1027 1484 1081 per
1551 1017 1958 1083 proccssionem

391 1098 590 1172 habere
641 1114 765 1156 esse
810 1114 1178 1167 asscvcratnr,
1217 1105 1411 1160 merito
1440 1105 1629 1160 ambos
1678 1120 1743 1160 ex
1799 1107 1960 1161 Patre

388 1190 608 1256 quidem
674 1185 828 1245 aiunt
889 1207 1029 1259 esse,
1089 1208 1279 1248 verum
1357 1195 1678 1252 substantiae
1740 1197 1960 1253 differre

389 1281 570 1336 modo.

460 1419 630 1474 Porro
690 1435 815 1475 cum
875 1421 1300 1476 substantiarum
1363 1425 1538 1480 modis
1585 1417 1846 1482 discretio
1907 1439 1961 1482 et

390 1526 578 1577 causa,
607 1522 769 1582 atque
802 1513 1020 1568 causale
1051 1514 1212 1568 simul
1265 1515 1514 1580 infertur,
1551 1517 1600 1570 id
1633 1519 1830 1588 quippe
1877 1529 1961 1575 est

391 1604 598 1666 dicere,
643 1605 786 1658 aliud
833 1605 1050 1672 quidem
1101 1621 1224 1662 esse
1278 1607 1620 1664 continenter
1660 1626 1723 1664 ex
1761 1612 1958 1680 primo,

392 1696 538 1749 aliud
579 1711 702 1751 vero
748 1711 843 1764 per
891 1697 943 1750 id
989 1699 1130 1766 quod
1165 1699 1237 1754 sit
1278 1701 1622 1756 continenter
1648 1718 1715 1756 ex
1765 1703 1955 1770 primo.

395 1789 501 1843 Sed
546 1798 600 1842 et
649 1789 852 1854 dicere,
887 1791 1165 1860 proprium
1201 1793 1420 1861 quidem
1453 1792 1576 1849 Filii
1624 1796 1958 1849 nativitatem
1990 1817 2034 1874 B

392 1895 540 1946 esse,
576 1881 814 1947 Spiritus
847 1891 1024 1937 autem
1051 1885 1480 1954 pt'ocessionem,
1512 1888 1646 1942 nihil
1673 1889 1818 1943 aliud
1855 1891 1956 1944 sibi

391 1973 526 2039 vult,
558 1975 660 2029 nisi
694 1975 836 2042 quod
865 1974 1034 2031 Filius
1067 1977 1283 2046 quidem
1318 1992 1380 2031 ex
1419 1978 1578 2034 Patre
1607 1981 1728 2036 sine
1762 1983 1958 2046 medio,

393 2065 635 2132 Spiritus
689 2076 870 2120 autem
932 2081 1026 2136 per
1087 2065 1284 2121 Filium
1337 2068 1639 2136 procedit:
1702 2069 1962 2138 illumque

393 2159 688 2226 procedere
745 2160 922 2224 fateri,
971 2174 1077 2215 non
1129 2168 1312 2214 autem
1368 2159 1544 2214 instar
1579 2159 1719 2215 Filii.
1776 2161 1959 2230 Neque

392 2253 538 2306 cnim
576 2252 877 2307 nativitatis
929 2253 1158 2314 ratione,
1213 2252 1308 2306 sed
1359 2253 1728 2321 processionis
1764 2255 1962 2308 discer-

393 2346 572 2399 nentis
603 2353 684 2399 est
730 2343 1064 2410 immediate,
1102 2345 1244 2415 quod
1275 2345 1475 2400 dicitur
1508 2355 1563 2400 et
1586 2345 1839 2408 mediate,
1867 2346 1960 2400 sed

389 2446 444 2491 et
503 2435 642 2504 quod
693 2436 770 2490 ait
823 2435 964 2490 idem
1022 2434 1329 2504 theologus,
1383 2436 1569 2488 omnia
1624 2448 1743 2504 quae
1800 2433 1961 2488 habet

390 2529 588 2593 Filius,
631 2527 865 2597 Spiritus
919 2537 1065 2590 sunt,
1114 2536 1313 2596 praeter
1360 2526 1686 2591 nativitatis,
1732 2525 1962 2594 Filiique

391 2623 656 2675 rationem
683 2657 701 2684 ,
734 2618 877 2673 idem
910 2618 1110 2686 sig‘nat,
1141 2617 1298 2685 quasi
1339 2617 1544 2672 diceret
1573 2625 1770 2684 prater
1794 2631 1959 2684 quam

393 2727 512 2767 esse
556 2712 674 2766 sine
709 2710 910 2766 medio.
957 2710 1080 2778 Ipse
1113 2709 1258 2764 enim
1303 2723 1400 2778 per
1445 2707 1643 2762 Filium
1697 2709 1957 2777 procedit.

391 2803 562 2858 Filius
601 2813 782 2858 autem
817 2817 910 2870 per
945 2801 1158 2856 Patrem
1202 2801 1467 2867 nascitur,
1504 2809 1558 2854 et
1598 2810 1958 2870 praeterquam

392 2898 534 2952 alius
575 2896 788 2966 quidem
823 2894 992 2948 Filius
1023 2902 1127 2958 est,
1173 2892 1312 2947 alius
1343 2902 1523 2954 autem
1555 2891 1798 2962 Spiritus
1836 2908 1962 2946 san-

393 2999 532 3044 ctus.
574 2986 692 3057 Ipse
717 2987 860 3043 enim
889 2996 972 3041 est
998 2985 1088 3054 qui
1121 2987 1196 3038 ait
1222 2983 1593 3039 emanationis
1636 2983 1959 3052 habitusque

390 3085 455 3139 ad
491 3083 723 3138 ἱηνίνοω
755 3081 1142 3143 differentiam,
1171 3079 1505 3136 diﬂ‘erentem
1539 3092 1752 3148 quoque
1784 3077 1959 3147 appel-

390 3177 645 3232 lationem
700 3175 805 3229 illis
854 3173 1078 3238 fecisse;
1117 3182 1510 3242 proptereaque
1564 3171 1704 3226 idem
1744 3180 1849 3236 est,
1893 3185 1957 3224 ac

389 3269 435 3323 si
491 3266 718 3323 dixisset
773 3273 1133 3336 praeterquam
1187 3263 1325 3319 alius
1373 3261 1593 3333 quidem
1640 3275 1802 3318 causa
1854 3269 1957 3326 est,

391 3361 530 3414 alius
563 3356 820 3425 causale;
853 3358 894 3409 si
923 3369 1097 3412 autem
1126 3356 1398 3427 Nysseuus
1423 3372 1638 3426 quoque
1669 3355 1956 3419 discrevit,

389 3454 518 3508 dum
554 3451 699 3506 aliud
733 3450 870 3505 dixit
904 3469 917 3505 :
969 3450 1331 3515 Contineuter,
1384 3449 1556 3511 aliud.
1611 3465 1704 3518 per
1733 3450 1786 3502 id
1819 3450 1958 3518 quod

391 3545 759 3609 continenter;
796 3553 853 3598 et
884 3544 928 3598 si
965 3542 1085 3610 quis
1133 3551 1311 3596 autem
1352 3541 1759 3611 processionem
1792 3539 1956 3593 alium

390 3635 712 3691 substantiae
747 3637 965 3689 modum
1012 3649 1134 3689 esse
1181 3633 1342 3701 dixit,
1388 3645 1585 3703 praeter
1615 3633 1954 3687 nativitatem

389 3728 696 3784 immediate
725 3741 788 3780 ex
821 3726 1020 3795 primo,
1045 3735 1097 3780 et
1127 3739 1223 3793 per
1253 3724 1487 3781 medium
1517 3739 1580 3778 ex
1612 3724 1787 3794 primo
1822 3724 1955 3778 insi-

389 3835 559 3876 nuare
587 3821 722 3875 vult.

458 3953 538 4007 Ad
591 3967 710 4008 eam
769 3967 896 4008 vero
947 3951 1161 4008 confert
1214 3953 1653 4023 intelligentiam,
1705 3964 1759 4008 et
1813 3955 1954 4020 qttod

388 4044 586 4098 dicitur
613 4043 859 4098 sufficere
900 4043 964 4099 ad
1007 4044 1407 4110 discretionem,
1442 4047 1682 4114 genitum
1715 4061 1777 4099 ac
1829 4060 1956 4114 pro-

387 4137 590 4190 cedens
639 4135 854 4200 dicere;
903 4133 1250 4202 procedentis
1295 4137 1439 4190 enim
1490 4138 1629 4190 ratio
1668 4145 1784 4199 est,
1837 4150 1958 4191 esse

387 4243 484 4298 per
522 4226 786 4296 genitum.
833 4225 1020 4296 Itaque
1069 4243 1253 4280 verum
1306 4229 1357 4282 id
1391 4229 1610 4296 quidem
1663 4239 1764 4293 cst,
1814 4229 1956 4294 quod

388 4333 674 4388 processus
711 4317 925 4373 divinas
968 4319 1282 4373 discernunt
1315 4335 1595 4388 personas,
1627 4335 1817 4373 verum
1849 4333 1954 4372 non

385 4410 505 4465 sine
555 4410 749 4466 ordine
798 4417 848 4464 el
897 4409 1016 4468 sine
1070 4409 1351 4464 intellectu
1387 4410 1451 4463 ad
1502 4410 1757 4474 invicem,
1794 4417 1957 4477 atque

2064 577 2190 616 vero
2221 563 2532 618 nullatenus
2561 563 2891 620 discernere.

2133 653 2320 723 Itaque
2343 653 2623 724 atqualiter
2648 667 2700 708 et
2733 655 2788 714 in
2816 655 3144 723 producente
3171 665 3222 708 et
3247 655 3300 709 in
3326 658 3628 726 productis.

2065 746 2145 801 vel
2185 747 2522 812 discernent,
2550 746 2633 802 vel
2661 763 2768 802 non
2800 748 3146 814 discernent;
3192 748 3236 803 si
3275 748 3445 816 enim,
3479 754 3630 805 verbi

2063 839 2260 908 gratia,
2295 839 2435 895 idem
2474 840 2638 894 homo
2673 850 2895 909 generet
2931 839 3123 901 lilium,
3161 849 3447 909 artemque
3477 856 3630 896 suam

2063 930 2340 999 pingendi,
2370 940 2427 984 ut
2459 929 2534 985 ita
2565 931 2830 994 dicamus,
2876 931 3030 985 illum
3071 932 3284 999 doceat,
3314 943 3506 986 natura
3537 947 3633 1002 pe-

2062 1021 2230 1085 nitus,
2257 1031 2312 1076 et
2346 1036 2436 1076 ars
2475 1022 2587 1075 filio
2628 1037 2691 1077 ac
2721 1021 2987 1092 discipqu
3022 1037 3144 1078 cum
3180 1024 3372 1088 insint,
3403 1022 3548 1078 sicut
3576 1033 3631 1076 et

2064 1112 2117 1168 in
2153 1123 2323 1184 patre,
2375 1124 2431 1170 et
2477 1115 2758 1185 magistro,
2807 1129 2915 1168 non
2966 1114 3136 1185 magis
3177 1115 3428 1181 alterum,
3463 1129 3628 1185 quam

2062 1206 2289 1260 alterum
2326 1207 2378 1261 in
2416 1207 2570 1276 plura
2603 1206 2828 1269 dividet,
2871 1221 2934 1261 eo
2984 1207 3124 1275 quod
3181 1207 3235 1260 in
3285 1216 3516 1273 utroque
3559 1208 3632 1262 sit

2061 1297 2250 1352 eadem
2276 1299 2624 1354 discretionis
2649 1312 2816 1354 causa
2849 1315 2862 1350 :
2897 1312 3242 1371 rursumque,
3266 1296 3310 1352 si
3339 1297 3460 1367 quis
3491 1297 3632 1351 idem

2063 1390 2135 1445 sit
2190 1400 2365 1459 pater,
2421 1401 2476 1447 et
2513 1392 2840 1447 lectulorum
2875 1391 3048 1458 faber,
3078 1401 3130 1445 et
3175 1402 3365 1444 natura
3409 1390 3628 1460 quidem

2063 1481 2230 1536 filium
2260 1483 2467 1553 gignat,
2502 1493 2619 1538 arte
2658 1497 2785 1538 vero
2827 1481 3082 1538 lcetulum
3119 1479 3304 1546 faciat,
3337 1481 3389 1535 in
3435 1481 3634 1535 lectulo

2062 1575 2278 1644 quidem
2331 1591 2394 1630 ac
2453 1576 2582 1641 filio,
2633 1575 2758 1643 quia
2811 1583 2898 1630 est
2945 1582 3263 1628 naturarum
3320 1574 3629 1635 diversitas,

2063 1681 2182 1736 quae
2208 1667 2439 1736 subjecti
2465 1667 2676 1722 ratione
2703 1667 2818 1736 ipsa
2843 1665 3202 1731 discernitur;
3231 1665 3461 1719 alterum
3484 1667 3630 1719 enim

2066 1759 2226 1811 homo
2269 1768 2371 1822 est,
2412 1758 2643 1813 alterum
2691 1757 2893 1822 lignum
2929 1773 2943 1810 :
2983 1757 3123 1826 quod
3158 1755 3372 1824 quidem
3403 1755 3628 1824 lignum,

2065 1848 2109 1902 si
2151 1849 2369 1917 quidem
2427 1849 2562 1917 patri
2596 1856 2649 1902 et
2684 1848 2863 1917 opifici
2911 1847 3134 1913 inesset,
3175 1846 3632 1915 quemadmodum

2064 1948 2118 1993 et
2147 1938 2330 2002 homo,
2362 1947 2415 1992 et
2444 1937 2593 1991 illum
2633 1933 2949 1990 necessario
2976 1933 3313 1988 discerneret
3357 1933 3410 1988 in
3443 1933 3632 2003 plures

2063 2044 2352 2086 causarum
2421 2025 2778 2084 substantias.
2837 2024 2934 2080 Vel
2989 2024 3256 2094 siquidem
3315 2025 3630 2094 productrix

2063 2123 2194 2192 ligni
2247 2130 2440 2175 natura
2488 2117 2760 2174 fabricare
2789 2117 2974 2183 sciret,
3004 2124 3154 2172 esset
3198 2124 3252 2170 et
3297 2124 3427 2170 tunc
3466 2116 3633 2170 veluti

2063 2227 2253 2277 causa,
2285 2212 2495 2280 lignum
2527 2218 2581 2265 et
2612 2208 2786 2272 faber,
2821 2209 2960 2262 idetn
3002 2207 3298 2264 secundum
3326 2206 3634 2272 subjectum

2063 2305 2325 2365 existens,
2358 2303 2431 2357 ita
2469 2312 2522 2356 et
2552 2300 2781 2357 lectulus
2811 2313 3057 2370 germen,
3093 2298 3233 2352 idem
3283 2313 3372 2350 ars
3417 2307 3469 2353 et
3519 2297 3631 2350 lec-

2067 2396 2231 2459 tulus,
2273 2408 2446 2464 neque
2492 2393 2685 2463 magis,
2736 2393 2877 2463 quod
2927 2391 3192 2461 producit.
3275 2405 3434 2460 quam
3487 2391 3632 2459 quod

2065 2484 2408 2554 producitur,
2461 2484 2826 2539 discernetur.
2865 2481 3055 2553 Itaque
3105 2496 3228 2535 cum
3289 2481 3636 2568 discretionis

2065 2592 2242 2630 causa:
2277 2576 2329 2630 in
2367 2576 2614 2644 utrisque
2644 2571 2930 2643 aiqualiter
2969 2574 3196 2638 iuerint,
3227 2588 3388 2628 causa
3423 2572 3633 2628 scilicet

2064 2673 2228 2732 atque
2275 2664 2504 2729 causali,
2558 2665 2846 2734 aequaliter
2883 2665 2996 2733 ipsa
3055 2663 3346 2718 discernet.
3401 2662 3636 2732 Gignere

2065 2765 2244 2810 autem
2289 2766 2454 2826 atque
2497 2755 2821 2826 producere.
2874 2757 2924 2810 in
2961 2771 3065 2810 una
3109 2759 3410 2826 eademque
3441 2763 3632 2810 natura

2063 2860 2170 2910 est,
2205 2850 2258 2903 in
2284 2864 2414 2918 qua,
2438 2859 2491 2904 et
2521 2848 2670 2918 gigni
2700 2858 2753 2902 et
2784 2850 3100 2917 procedere.

2131 2941 2362 2996 Constat
2412 2941 2575 2995 etiam
2608 2940 2829 3009 gignere
2871 2940 3010 2994 idem
3053 2954 3195 3004 esse,
3224 2940 3369 3010 quod
3402 2949 3489 2994 est
3542 2955 3635 3009 pa-

2067 3043 2217 3086 terna
2267 3031 2569 3101 proprietas
2619 3051 2632 3086 :
2683 3031 3047 3099 proprietates
3093 3046 3243 3094 vero,
3295 3031 3437 3085 idem
3487 3046 3633 3093 esse,

2065 3127 2205 3192 quod
2237 3125 2571 3180 substantias
2620 3123 2916 3179 secundum
2958 3129 3102 3189 rem,
3125 3124 3237 3192 jam
3275 3138 3438 3192 supra
3481 3137 3637 3177 mon-

2066 3225 2296 3272 stratum
2348 3223 2454 3273 est.
2507 3214 2642 3272 Tres
2675 3226 2856 3272 autem
2905 3215 3222 3272 substantiae
3263 3213 3635 3288 [hypostases]

2068 3310 2228 3366 Pater
2259 3318 2340 3364 est
2382 3318 2439 3364 et
2475 3308 2646 3363 Filius
2685 3316 2742 3362 et
2773 3307 3010 3377 Spiritus
3046 3317 3304 3372 sanctus;
3344 3305 3500 3362 Pater
3535 3323 3636 3360 au-

2067 3412 2176 3456 tem
2211 3412 2266 3457 et
2291 3401 2465 3457 Filius
2509 3411 2564 3455 et
2598 3401 2836 3468 Spiritus
2868 3411 3091 3455 sanctus
3137 3414 3300 3455 verus
3341 3399 3486 3455 Deus
3527 3411 3638 3466 est,

2067 3494 2309 3550 Trinitas
2339 3509 2466 3559 una,
2507 3503 2562 3549 et
2588 3493 3136 3562 supersubSIantialis
3159 3493 3422 3548 essentia.

2139 3587 2404 3641 Similiter
2429 3597 2478 3640 et
2517 3587 2582 3641 de
2613 3601 2679 3641 eo
2709 3586 2850 3656 quod
2885 3595 2963 3640 est
3015 3586 3186 3649 nasci,
3219 3594 3272 3638 et
3297 3585 3364 3639 de
3393 3599 3462 3640 eo
3487 3585 3634 3654 quod

2065 3691 2149 3734 est
2183 3679 2501 3747 procedere,
2545 3678 2861 3735 dicendum.
2895 3677 3002 3732 Ista
3045 3677 3212 3747 igitur
3260 3679 3544 3749 aequaliter
3573 3679 3627 3731 in

2065 3773 2398 3842 producente
2434 3781 2489 3825 et
2539 3771 2838 3840 productis,
2893 3769 2977 3825 vel
3023 3769 3356 3832 discernent,
3401 3770 3480 3823 vel
3531 3785 3636 3821 non

2066 3866 2420 3920 discernent:
2461 3863 2505 3916 ai
2543 3862 2764 3932 quidem
2797 3862 2962 3931 igitur
2986 3863 3320 3926 discernent,
3360 3865 3476 3916 duae
3509 3865 3639 3914 sub-

2065 3955 2280 4010 stantia:
2310 3951 2678 4026 [hypostases]
2705 3951 2810 4006 erit
2837 3950 3020 4018 Pater,
3058 3951 3312 4019 gignendi
3343 3951 3550 4006 scilicet
3574 3965 3638 4004 ac

2064 4042 2398 4111 producendi
2442 4043 2650 4096 ratione
2683 4058 2697 4097 :
2731 4041 2814 4096 sin
2849 4055 2978 4094 vero
3003 4041 3117 4094 haec
3158 4041 3212 4094 in
3241 4039 3399 4096 Patre
3437 4041 3641 4096 discre-

2066 4135 2232 4190 tionis
2279 4149 2446 4190 causa
2503 4149 2607 4188 non
2661 4135 2792 4198 sint,
2845 4146 3021 4200 neque
3072 4130 3244 4186 Filius
3292 4140 3348 4186 et
3398 4132 3638 4200 Spiritus

2066 4225 2357 4289 nascendi,
2415 4225 2848 4294 procedendique
2889 4225 3098 4279 ratione
3149 4235 3373 4293 propter
3419 4225 3636 4280 easdem

2065 4331 2258 4372 causas
2306 4315 2686 4371 discernentur
2733 4318 2800 4370 ab
2850 4306 3082 4370 invicem
3131 4315 3256 4370 :sic
3304 4327 3481 4370 autem
3533 4317 3639 4370 erit

2065 4426 2166 4462 una
2214 4423 2448 4478 persona
2490 4409 2659 4464 Filius
2697 4419 2749 4463 et
2799 4408 3032 4478 Spiritus
3074 4416 3318 4462 sanctus;
3342 4405 3456 4461 Non
3492 4409 3634 4461 enim

385 4503 807 4572 oppositionem,
835 4500 1174 4555 nativitatem
1201 4512 1326 4554 ante
1360 4515 1674 4569 processum
1704 4501 1956 4570 cogitari,
1993 4504 2034 4558 ἱ)
2065 4503 2245 4556 dicere
2293 4517 2609 4570 possumus,
2643 4515 2764 4556 esse
2800 4501 3005 4570 aliquid
3047 4500 3102 4553 in
3133 4499 3410 4568 productis
3443 4501 3543 4553 iIOC
3583 4499 3636 4551 in

390 4597 904 4662 processionemque
964 4607 1062 4660 per
1119 4592 1456 4646 nativitatem
1515 4607 1658 4655 esse,
1716 4593 1840 4660 quia
1905 4603 1959 4644 ct

390 4687 627 4755 Spiritus
677 4702 771 4754 per
801 4685 998 4739 Filium
1050 4695 1152 4749 e.~t,
1196 4700 1260 4738 ac
1316 4693 1600 4753 propterea
1651 4685 1960 4740 necessario

387 4795 609 4836 eauSam
656 4787 710 4832 ct
736 4778 951 4833 causale
981 4779 1282 4848 subingeri,
1317 4779 1412 4833 scd
1454 4779 1596 4831 enim
1628 4778 1960 4846 impossibile

389 4883 493 4934 est,
525 4870 755 4937 utjuxta
791 4869 1004 4922 illorum
1032 4868 1338 4937 opinionem
1373 4868 1544 4929 nasci,
1583 4883 1644 4920 ac
1671 4871 1959 4935 procedere

389 4964 752 5016 discernatur.
811 4959 970 5018 Nam.
1023 4961 1066 5014 si
1121 4961 1318 5013 nullam
1367 4961 1763 5028 oppositiunem
1799 4962 1848 5014 in
1901 4981 1958 5015 su

389 5055 524 5122 ipsis
555 5053 900 5108 continentes
935 5054 1251 5107 discernere
1286 5051 1613 5112 sufficerent,
1667 5061 1725 5103 ut
1776 5054 1960 5104 dicunt

391 5147 614 5215 prolatae
655 5159 922 5214 personae,
973 5143 1162 5197 eadem
1198 5143 1413 5197 ratione
1453 5142 1743 5207 sufficeret,
1775 5153 1829 5196 et
1873 5145 1952 5210 gi.

389 5253 576 5305 gnere,
599 5246 649 5287 ct
675 5233 976 5303 producere
1003 5250 1121 5302 quae
1152 5233 1297 5287 Patri
1331 5233 1534 5298 insunt,
1560 5235 1614 5288 in
1645 5235 1958 5290 differentes

389 5331 562 5396 ipsum
621 5340 884 5396 personas
936 5325 1206 5379 scindere.
1260 5324 1601 5393 Impossibile
1655 5335 1737 5380 est
1787 5327 1957 5390 enim,

389 5431 743 5488 apertamque
799 5418 964 5470 habet
1014 5417 1481 5479 contrarietatem,
1524 5418 1790 5487 principia
1833 5434 1957 5487 pro-

389 5513 504 5577 pria
536 5527 598 5564 ac
632 5511 944 5564 discernere
975 5508 1186 5571 idonea,
1214 5521 1336 5561 esse
1379 5509 1608 5574 uspiam,
1634 5519 1811 5578 atque
1850 5512 1958 5565 illic

389 5603 770 5656 d'scwtimtem
801 5616 904 5654 non
933 5614 1073 5654 esse.
1097 5599 1294 5665 Veluti,
1320 5600 1362 5653 si
1391 5601 1510 5668 quis
1539 5601 1679 5654 dicat
1708 5603 1953 5670 petilium

391 5693 608 5758 quidem
663 5692 714 5744 in
770 5691 950 5759 aliquo
991 5706 1132 5754 esse,
1172 5695 1360 5758 .ipsuut
1397 5706 1524 5744 vero
1571 5693 1802 5760 peritum
1847 5711 1953 5747 non

391 5801 528 5842 esse.
568 5785 709 5839 Idem
751 5801 879 5854 ergo
912 5796 994 5839 cst
1025 5787 1187 5839 etiam
1237 5786 1434 5852 dicere,
1477 5802 1571 5856 per
1599 5801 1718 5857 qua:
1751 5788 1953 5843 discer-

2071 4594 2187 4648 loco
2227 4594 2576 4648 discretionis
2605 4608 2851 4656 causam,
2887 4593 3045 4648 'sicut
3093 4594 3146 4646 in
3200 4592 3395 4647 lectulo
3423 4601 3473 4646 et
3526 4592 3640 4646 filio

2067 4686 2384 4740 discernens
2411 4694 2603 4739 natura
2633 4685 2908 4748 differens,
2945 4686 3088 4754 quod
3123 4685 3176 4738 in
3209 4695 3362 4753 patre
3399 4699 3502 4738 non
3533 4693 3636 4738 est.

2069 4779 2184 4832 Una
2214 4779 2358 4834 enim
2389 4780 2552 4832 trium
2583 4779 2842 4842 essentia,
2869 4793 2935 4832 ac
2969 4787 3164 4831 natura
3195 4787 3298 4842 est,
3346 4793 3409 4832 ac
3443 4787 3639 4846 praeter

2067 4869 2452 4934 differentiam,
2478 4872 2599 4940 q'uae
2619 4871 2914 4926 secundum
2955 4885 3172 4926 causam
3204 4879 3259 4925 ot
3291 4871 3507 4926 causale
3533 4883 3638 4933 est,

2068 4962 2238 5016 sancti
2265 4962 2464 5016 nullam
2491 4961 2647 5014 aliam
2673 4962 2997 5030 intelligunt.

2137 5056 2404 5120 Quoniam
2459 5053 2622 5122 igitur
2655 5053 2898 5122 gignere,
2936 5069 3000 5108 ac
3038 5056 3334 5121 producere
3367 5057 3415 5106 iu
3464 5054 3640 5107 Paztis

2069 5157 2259 5200 natura
2306 5161 2428 5199 cum
2476 5146 2609 5211 sint,
2663 5144 2877 5199 Patrem
2935 5150 2985 5198 in
3029 5148 3166 5200 duas
3214 5162 3478 5212 personas
3533 5163 3638 5198 lttm

2067 5241 2384 5294 dim-eruunt
2427 5257 2438 5289 :
2482 5238 2712 5302 idcirco,
2745 5253 2917 5307 neque
2949 5238 3002 5294 in
3039 5237 3181 5300 Filii,
3216 5253 3277 5291 ac
3309 5239 3480 5291 saneti
3515 5239 3638 5304 Spi-

2068 5330 2204 5383 ritus
2244 5341 2436 5382 natura
2492 5331 2667 5393 nasci,
2715 5346 2777 5383 ac
2826 5329 3122 5395 proredere
3175 5343 3298 5380 cum
3344 5329 3436 5389 sit,
3496 5330 3641 5395 ipsos

2067 5425 2358 5483 discernet,
2393 5423 2494 5476 nisi
2526 5424 2672 5476 aliud
2705 5411 3029 5490 adjiciatur";
3064 5421 3166 5473 hoc
3195 5431 3300 5483 est,
3330 5419 3444 5474 nisi
3471 5435 3638 5486 oppo-

2066 5515 2316 5568 sitiouent
2357 5515 2590 5570 habeant
2620 5512 2684 5566 ad
2720 5513 2970 5566 invicem.
3009 5511 3163 5565 Unde
3196 5511 3285 5577 qui
3337 5525 3432 5563 eos
3477 5509 3644 5562 variis

2068 5608 2433 5673 procestsibus,
2460 5605 2716 5660 nascendi
2742 5605 2952 5657 Scilicet
2971 5619 3029 5656 ac
3053 5602 3378 5680 procedendi
3406 5601 3640 5653 uisi-erui

2068 5699 2344 5758 dixerunt,
2381 5697 2462 5748 vel
2511 5697 2890 5761 pCI'Suttalibus
2937 5694 3361 5763 proprietatibus
3415 5693 3639 5743 relatite

2069 5791 2170 5843 sibi
2195 5789 2425 5844 invicem
2463 5789 2658 5856 opponi
2695 5787 3015 5855 intelligunt,
3049 5796 3102 5840 ut
3137 5787 3334 5838 dictum
3365 5797 3464 5837 εει.
3499 5783 3640 5835 Sub--
