  <div class='ocr_page' id='page_1' title='image "/cluster/home/n/w/nwhite01/storage/ocr_20150623/152/coo.31924054870575/084.png"; bbox 0 0 4106 6438; ppageno 0'>
   <div class='ocr_carea' id='block_1_1' title="bbox 389 386 492 412">
    <p class='ocr_par' dir='ltr' id='par_1_1' title="bbox 389 386 492 412">
     <span class='ocr_line' id='line_1_1' title="bbox 389 386 492 412; baseline 0 -1"><span class='ocrx_word' id='word_1_1' title='bbox 389 386 492 412; x_wconf 65' lang='lat' dir='ltr'><strong>em</strong></span> 
     </span>
    </p>
   </div>
   <div class='ocr_carea' id='block_1_2' title="bbox 392 412 494 452">
    <p class='ocr_par' dir='ltr' id='par_1_2' title="bbox 392 412 494 452">
     <span class='ocr_line' id='line_1_2' title="bbox 392 412 494 452; baseline -0.02 -6"><span class='ocrx_word' id='word_1_2' title='bbox 392 412 494 452; x_wconf 60' lang='grc' dir='ltr'>ιιδιὶ</span> 
     </span>
    </p>
   </div>
   <div class='ocr_carea' id='block_1_3' title="bbox 1473 385 2565 464">
    <p class='ocr_par' dir='ltr' id='par_1_3' title="bbox 1473 385 2565 464">
     <span class='ocr_line' id='line_1_3' title="bbox 1473 385 2565 464; baseline 0.005 -20"><span class='ocrx_word' id='word_1_3' title='bbox 1473 387 1876 446; x_wconf 64' lang='lat' dir='ltr'><strong>aovattsus</strong></span> <span class='ocrx_word' id='word_1_4' title='bbox 1905 385 2225 464; x_wconf 56' lang='lat' dir='ltr'><strong>(insanos</strong></span> <span class='ocrx_word' id='word_1_5' title='bbox 2259 387 2406 448; x_wconf 87' lang='lat' dir='ltr'><strong>LIB.</strong></span> <span class='ocrx_word' id='word_1_6' title='bbox 2453 386 2565 449; x_wconf 90' lang='lat' dir='ltr'><strong>Ill.</strong></span> 
     </span>
    </p>
   </div>
   <div class='ocr_carea' id='block_1_4' title="bbox 3551 387 3654 454">
    <p class='ocr_par' dir='ltr' id='par_1_4' title="bbox 3551 387 3654 454">
     <span class='ocr_line' id='line_1_4' title="bbox 3551 387 3654 454; baseline -0.019 -1"><span class='ocrx_word' id='word_1_7' title='bbox 3551 387 3654 454; x_wconf 72' lang='grc'><strong>154</strong></span> 
     </span>
    </p>
   </div>
   <div class='ocr_carea' id='block_1_5' title="bbox 388 496 3653 571">
    <p class='ocr_par' dir='ltr' id='par_1_5' title="bbox 388 496 3653 571">
     <span class='ocr_line' id='line_1_5' title="bbox 388 496 3653 571; baseline 0.001 -19"><span class='ocrx_word' id='word_1_8' title='bbox 388 499 671 553; x_wconf 82' lang='lat' dir='ltr'><strong>stantiales</strong></span> <span class='ocrx_word' id='word_1_9' title='bbox 708 499 857 550; x_wconf 60' lang='lat' dir='ltr'><strong>enim</strong></span> <span class='ocrx_word' id='word_1_10' title='bbox 903 513 1026 551; x_wconf 86' lang='lat' dir='ltr'><strong>cum</strong></span> <span class='ocrx_word' id='word_1_11' title='bbox 1067 497 1181 551; x_wconf 88' lang='lat' dir='ltr'><strong>sint</strong></span> <span class='ocrx_word' id='word_1_12' title='bbox 1223 498 1548 554; x_wconf 72' lang='lat' dir='ltr'><strong>substantiae</strong></span> <span class='ocrx_word' id='word_1_13' title='bbox 1577 514 1690 554; x_wconf 80' lang='lat' dir='ltr'><strong>suae</strong></span> <span class='ocrx_word' id='word_1_14' title='bbox 1723 499 1961 552; x_wconf 74' lang='lat' dir='ltr'><strong>indit-ant</strong></span> <span class='ocrx_word' id='word_1_15' title='bbox 1997 498 2038 553; x_wconf 83' lang='lat' dir='ltr'><strong>A</strong></span> <span class='ocrx_word' id='word_1_16' title='bbox 2071 499 2219 553; x_wconf 82' lang='lat' dir='ltr'><strong>tione</strong></span> <span class='ocrx_word' id='word_1_17' title='bbox 2273 497 2340 552; x_wconf 90' lang='lat' dir='ltr'><strong>ad</strong></span> <span class='ocrx_word' id='word_1_18' title='bbox 2397 499 2696 566; x_wconf 85' lang='lat' dir='ltr'><strong>spirantem</strong></span> <span class='ocrx_word' id='word_1_19' title='bbox 2751 496 3084 564; x_wconf 76' lang='lat' dir='ltr'><strong>subsistens,</strong></span> <span class='ocrx_word' id='word_1_20' title='bbox 3122 497 3230 555; x_wconf 87' lang='lat' dir='ltr'><strong>nisi</strong></span> <span class='ocrx_word' id='word_1_21' title='bbox 3281 498 3579 571; x_wconf 76' lang='lat' dir='ltr'><strong>inspiretur</strong></span> <span class='ocrx_word' id='word_1_22' title='bbox 3623 517 3653 554; x_wconf 90' lang='lat' dir='ltr'><strong>a</strong></span> 
     </span>
    </p>
   </div>
   <div class='ocr_carea' id='block_1_6' title="bbox 347 589 1962 664">
    <p class='ocr_par' dir='ltr' id='par_1_6' title="bbox 347 589 1962 664">
     <span class='ocr_line' id='line_1_6' title="bbox 347 589 1962 664; baseline -0.002 -19"><span class='ocrx_word' id='word_1_23' title='bbox 347 658 356 664; x_wconf 31' lang='lat'>.</span> <span class='ocrx_word' id='word_1_24' title='bbox 392 592 648 653; x_wconf 89' lang='lat' dir='ltr'><strong>medium,</strong></span> <span class='ocrx_word' id='word_1_25' title='bbox 681 589 994 644; x_wconf 72' lang='lat' dir='ltr'><strong>substantia:</strong></span> <span class='ocrx_word' id='word_1_26' title='bbox 1026 601 1201 645; x_wconf 89' lang='lat' dir='ltr'><strong>autem</strong></span> <span class='ocrx_word' id='word_1_27' title='bbox 1231 593 1420 645; x_wconf 90' lang='lat' dir='ltr'><strong>modus</strong></span> <span class='ocrx_word' id='word_1_28' title='bbox 1451 593 1626 645; x_wconf 88' lang='lat' dir='ltr'><strong>solum</strong></span> <span class='ocrx_word' id='word_1_29' title='bbox 1667 591 1962 645; x_wconf 88' lang='lat' dir='ltr'><strong>secundum</strong></span> 
     </span>
    </p>
   </div>
   <div class='ocr_carea' id='block_1_7' title="bbox 391 683 1961 752">
    <p class='ocr_par' dir='ltr' id='par_1_7' title="bbox 391 683 1961 752">
     <span class='ocr_line' id='line_1_7' title="bbox 391 683 1961 752; baseline -0.002 -15"><span class='ocrx_word' id='word_1_30' title='bbox 391 701 608 739; x_wconf 82' lang='lat' dir='ltr'><strong>causam</strong></span> <span class='ocrx_word' id='word_1_31' title='bbox 650 694 704 739; x_wconf 90' lang='lat' dir='ltr'><strong>et</strong></span> <span class='ocrx_word' id='word_1_32' title='bbox 734 685 952 738; x_wconf 86' lang='lat' dir='ltr'><strong>causale</strong></span> <span class='ocrx_word' id='word_1_33' title='bbox 983 690 1220 745; x_wconf 86' lang='lat' dir='ltr'><strong>constat,</strong></span> <span class='ocrx_word' id='word_1_34' title='bbox 1259 699 1451 751; x_wconf 84' lang='lat' dir='ltr'><strong>nempe</strong></span> <span class='ocrx_word' id='word_1_35' title='bbox 1502 687 1670 748; x_wconf 90' lang='lat' dir='ltr'><strong>enim,</strong></span> <span class='ocrx_word' id='word_1_36' title='bbox 1706 683 1961 752; x_wconf 88' lang='lat' dir='ltr'><strong>quoniam</strong></span> 
     </span>
    </p>
   </div>
   <div class='ocr_carea' id='block_1_8' title="bbox 388 775 1964 846">
    <p class='ocr_par' dir='ltr' id='par_1_8' title="bbox 388 775 1964 846">
     <span class='ocr_line' id='line_1_8' title="bbox 388 775 1964 846; baseline -0.001 -16"><span class='ocrx_word' id='word_1_37' title='bbox 388 779 444 830; x_wconf 91' lang='lat' dir='ltr'><strong>in</strong></span> <span class='ocrx_word' id='word_1_38' title='bbox 478 776 590 832; x_wconf 90' lang='lat' dir='ltr'><strong>sola</strong></span> <span class='ocrx_word' id='word_1_39' title='bbox 623 793 789 832; x_wconf 90' lang='lat' dir='ltr'><strong>causa</strong></span> <span class='ocrx_word' id='word_1_40' title='bbox 820 787 874 831; x_wconf 91' lang='lat' dir='ltr'><strong>et</strong></span> <span class='ocrx_word' id='word_1_41' title='bbox 917 776 1119 831; x_wconf 83' lang='lat' dir='ltr'><strong>causali</strong></span> <span class='ocrx_word' id='word_1_42' title='bbox 1152 777 1362 831; x_wconf 84' lang='lat' dir='ltr'><strong>divinas</strong></span> <span class='ocrx_word' id='word_1_43' title='bbox 1392 790 1658 844; x_wconf 75' lang='lat' dir='ltr'><strong>personas</strong></span> <span class='ocrx_word' id='word_1_44' title='bbox 1701 775 1964 846; x_wconf 88' lang='lat' dir='ltr'><strong>distingui</strong></span> 
     </span>
    </p>
   </div>
   <div class='ocr_carea' id='block_1_9' title="bbox 391 865 1963 936">
    <p class='ocr_par' dir='ltr' id='par_1_9' title="bbox 391 865 1963 936">
     <span class='ocr_line' id='line_1_9' title="bbox 391 865 1963 936; baseline 0 -17"><span class='ocrx_word' id='word_1_45' title='bbox 391 871 596 921; x_wconf 72' lang='lat' dir='ltr'><strong>dictum</strong></span> <span class='ocrx_word' id='word_1_46' title='bbox 643 875 746 929; x_wconf 91' lang='lat' dir='ltr'><strong>est,</strong></span> <span class='ocrx_word' id='word_1_47' title='bbox 805 865 975 936; x_wconf 86' lang='lat' dir='ltr'><strong>liquet</strong></span> <span class='ocrx_word' id='word_1_48' title='bbox 1021 867 1277 936; x_wconf 88' lang='lat' dir='ltr'><strong>quoniam</strong></span> <span class='ocrx_word' id='word_1_49' title='bbox 1327 866 1418 920; x_wconf 90' lang='lat' dir='ltr'><strong>ubi</strong></span> <span class='ocrx_word' id='word_1_50' title='bbox 1472 866 1663 922; x_wconf 80' lang='lat' dir='ltr'><strong>relatio</strong></span> <span class='ocrx_word' id='word_1_51' title='bbox 1701 880 1806 921; x_wconf 90' lang='lat' dir='ltr'><strong>non</strong></span> <span class='ocrx_word' id='word_1_52' title='bbox 1856 875 1963 930; x_wconf 91' lang='lat' dir='ltr'><strong>est,</strong></span> 
     </span>
    </p>
   </div>
   <div class='ocr_carea' id='block_1_10' title="bbox 392 958 1966 1030">
    <p class='ocr_par' dir='ltr' id='par_1_10' title="bbox 392 958 1966 1030">
     <span class='ocr_line' id='line_1_10' title="bbox 392 958 1966 1030; baseline 0.001 -18"><span class='ocrx_word' id='word_1_53' title='bbox 392 976 569 1029; x_wconf 89' lang='lat' dir='ltr'><strong>neque</strong></span> <span class='ocrx_word' id='word_1_54' title='bbox 600 959 855 1012; x_wconf 85' lang='lat' dir='ltr'><strong>discretio</strong></span> <span class='ocrx_word' id='word_1_55' title='bbox 887 959 1014 1014; x_wconf 91' lang='lat' dir='ltr'><strong>erit.</strong></span> <span class='ocrx_word' id='word_1_56' title='bbox 1043 958 1231 1026; x_wconf 85' lang='lat' dir='ltr'><strong>Itaque</strong></span> <span class='ocrx_word' id='word_1_57' title='bbox 1261 960 1326 1012; x_wconf 88' lang='lat' dir='ltr'><strong>ad</strong></span> <span class='ocrx_word' id='word_1_58' title='bbox 1364 975 1528 1030; x_wconf 89' lang='lat' dir='ltr'><strong>quam</strong></span> <span class='ocrx_word' id='word_1_59' title='bbox 1575 960 1812 1015; x_wconf 80' lang='lat' dir='ltr'><strong>refertur</strong></span> <span class='ocrx_word' id='word_1_60' title='bbox 1842 976 1966 1030; x_wconf 85' lang='lat' dir='ltr'><strong>per-</strong></span> 
     </span>
    </p>
   </div>
   <div class='ocr_carea' id='block_1_11' title="bbox 392 977 1964 1122">
    <p class='ocr_par' dir='ltr' id='par_1_11' title="bbox 392 977 1964 1122">
     <span class='ocr_line' id='line_1_11' title="bbox 392 977 1964 1030; baseline 0.001 -18"><span class='ocrx_word' id='word_1_61' title='bbox 392 977 569 1029; x_wconf 90' lang='lat' dir='ltr'><strong>ueque</strong></span> <span class='ocrx_word' id='word_1_62' title='bbox 600 977 855 1012; x_wconf 86' lang='lat' dir='ltr'><strong>otscreuo</strong></span> <span class='ocrx_word' id='word_1_63' title='bbox 887 977 1014 1014; x_wconf 81' lang='lat' dir='ltr'><strong>erit.</strong></span> <span class='ocrx_word' id='word_1_64' title='bbox 1044 977 1231 1026; x_wconf 75' lang='lat' dir='ltr'><strong>itaque</strong></span> <span class='ocrx_word' id='word_1_65' title='bbox 1261 977 1325 1012; x_wconf 91' lang='lat' dir='ltr'><strong>au</strong></span> <span class='ocrx_word' id='word_1_66' title='bbox 1364 977 1528 1030; x_wconf 82' lang='lat' dir='ltr'><strong>quain</strong></span> <span class='ocrx_word' id='word_1_67' title='bbox 1575 977 1812 1015; x_wconf 81' lang='lat' dir='ltr'><strong>retertur</strong></span> <span class='ocrx_word' id='word_1_68' title='bbox 1878 977 1964 1014; x_wconf 88' lang='lat' dir='ltr'><strong>er-</strong></span> 
     </span>
     <span class='ocr_line' id='line_1_12' title="bbox 392 977 1964 1122; baseline -0.001 -15"><span class='ocrx_word' id='word_1_69' title='bbox 392 1067 646 1109; x_wconf 86' lang='lat' dir='ltr'><strong>souarum</strong></span> <span class='ocrx_word' id='word_1_70' title='bbox 679 1051 956 1120; x_wconf 69' lang='lat' dir='ltr'><strong>quaelibet,</strong></span> <span class='ocrx_word' id='word_1_71' title='bbox 1003 1051 1070 1105; x_wconf 89' lang='lat' dir='ltr'><strong>ab</strong></span> <span class='ocrx_word' id='word_1_72' title='bbox 1114 1051 1201 1105; x_wconf 88' lang='lat' dir='ltr'><strong>illa</strong></span> <span class='ocrx_word' id='word_1_73' title='bbox 1236 1051 1350 1107; x_wconf 89' lang='lat' dir='ltr'><strong>sola</strong></span> <span class='ocrx_word' id='word_1_74' title='bbox 1396 1053 1560 1107; x_wconf 91' lang='lat' dir='ltr'><strong>etiam</strong></span> <span class='ocrx_word' id='word_1_75' title='bbox 1605 977 1964 1122; x_wconf 62' lang='lat' dir='ltr'><strong>personaiiter</strong></span> 
     </span>
    </p>
   </div>
   <div class='ocr_carea' id='block_1_12' title="bbox 394 1141 1962 1214">
    <p class='ocr_par' dir='ltr' id='par_1_12' title="bbox 394 1141 1962 1214">
     <span class='ocr_line' id='line_1_13' title="bbox 394 1141 1962 1214; baseline 0 -18"><span class='ocrx_word' id='word_1_76' title='bbox 394 1144 742 1198; x_wconf 83' lang='lat' dir='ltr'><strong>discernitur.</strong></span> <span class='ocrx_word' id='word_1_77' title='bbox 775 1142 916 1214; x_wconf 83' lang='lat' dir='ltr'><strong>Ergo</strong></span> <span class='ocrx_word' id='word_1_78' title='bbox 950 1152 1004 1198; x_wconf 90' lang='grc' dir='ltr'><strong>ει</strong></span> <span class='ocrx_word' id='word_1_79' title='bbox 1029 1141 1342 1198; x_wconf 70' lang='lat' dir='ltr'><strong>differentes</strong></span> <span class='ocrx_word' id='word_1_80' title='bbox 1381 1143 1448 1196; x_wconf 88' lang='lat' dir='ltr'><strong>ad</strong></span> <span class='ocrx_word' id='word_1_81' title='bbox 1483 1143 1696 1197; x_wconf 88' lang='lat' dir='ltr'><strong>Patrem</strong></span> <span class='ocrx_word' id='word_1_82' title='bbox 1738 1143 1860 1198; x_wconf 79' lang='lat' dir='ltr'><strong>Filii</strong></span> <span class='ocrx_word' id='word_1_83' title='bbox 1899 1158 1962 1196; x_wconf 89' lang='lat' dir='ltr'><strong>ac</strong></span> 
     </span>
    </p>
   </div>
   <div class='ocr_carea' id='block_1_13' title="bbox 395 1234 1960 1304">
    <p class='ocr_par' dir='ltr' id='par_1_13' title="bbox 395 1234 1960 1304">
     <span class='ocr_line' id='line_1_14' title="bbox 395 1234 1960 1304; baseline -0.003 -13"><span class='ocrx_word' id='word_1_84' title='bbox 395 1236 630 1304; x_wconf 90' lang='lat' dir='ltr'><strong>Spiritus</strong></span> <span class='ocrx_word' id='word_1_85' title='bbox 659 1234 971 1298; x_wconf 84' lang='lat' dir='ltr'><strong>relationes,</strong></span> <span class='ocrx_word' id='word_1_86' title='bbox 999 1249 1093 1289; x_wconf 88' lang='lat' dir='ltr'><strong>eos</strong></span> <span class='ocrx_word' id='word_1_87' title='bbox 1132 1250 1164 1290; x_wconf 88' lang='lat' dir='ltr'><strong>a</strong></span> <span class='ocrx_word' id='word_1_88' title='bbox 1207 1235 1365 1289; x_wconf 84' lang='lat' dir='ltr'><strong>Patre</strong></span> <span class='ocrx_word' id='word_1_89' title='bbox 1399 1234 1574 1290; x_wconf 93' lang='lat' dir='ltr'><strong>solum</strong></span> <span class='ocrx_word' id='word_1_90' title='bbox 1618 1236 1960 1299; x_wconf 87' lang='lat' dir='ltr'><strong>discernunt,</strong></span> 
     </span>
    </p>
   </div>
   <div class='ocr_carea' id='block_1_14' title="bbox 394 1325 1960 1392">
    <p class='ocr_par' dir='ltr' id='par_1_14' title="bbox 394 1325 1960 1392">
     <span class='ocr_line' id='line_1_15' title="bbox 394 1325 1960 1392; baseline 0 -11"><span class='ocrx_word' id='word_1_91' title='bbox 394 1344 497 1381; x_wconf 90' lang='lat' dir='ltr'><strong>non</strong></span> <span class='ocrx_word' id='word_1_92' title='bbox 548 1337 726 1380; x_wconf 86' lang='lat' dir='ltr'><strong>autem</strong></span> <span class='ocrx_word' id='word_1_93' title='bbox 787 1325 853 1380; x_wconf 89' lang='lat' dir='ltr'><strong>ad</strong></span> <span class='ocrx_word' id='word_1_94' title='bbox 905 1327 1173 1392; x_wconf 84' lang='lat' dir='ltr'><strong>invicem,</strong></span> <span class='ocrx_word' id='word_1_95' title='bbox 1224 1327 1331 1382; x_wconf 91' lang='lat' dir='ltr'><strong>nisi</strong></span> <span class='ocrx_word' id='word_1_96' title='bbox 1393 1327 1558 1383; x_wconf 86' lang='lat' dir='ltr'><strong>etiam</strong></span> <span class='ocrx_word' id='word_1_97' title='bbox 1609 1331 1676 1382; x_wconf 87' lang='lat' dir='ltr'><strong>ad</strong></span> <span class='ocrx_word' id='word_1_98' title='bbox 1729 1328 1960 1383; x_wconf 84' lang='lat' dir='ltr'><strong>invicem</strong></span> 
     </span>
    </p>
   </div>
   <div class='ocr_carea' id='block_1_15' title="bbox 397 1421 724 1474">
    <p class='ocr_par' dir='ltr' id='par_1_15' title="bbox 397 1421 724 1474">
     <span class='ocr_line' id='line_1_16' title="bbox 397 1421 724 1474; baseline -0.003 -1"><span class='ocrx_word' id='word_1_99' title='bbox 397 1421 724 1474; x_wconf 75' lang='lat' dir='ltr'><strong>referantur.</strong></span> 
     </span>
    </p>
   </div>
   <div class='ocr_carea' id='block_1_16' title="bbox 463 1490 1962 1579">
    <p class='ocr_par' dir='ltr' id='par_1_16' title="bbox 463 1490 1962 1579">
     <span class='ocr_line' id='line_1_17' title="bbox 463 1490 1962 1579; baseline -0.001 -15"><span class='ocrx_word' id='word_1_100' title='bbox 463 1510 726 1565; x_wconf 64' lang='lat' dir='ltr'><strong>Prattere‘a</strong></span> <span class='ocrx_word' id='word_1_101' title='bbox 751 1511 794 1565; x_wconf 91' lang='lat' dir='ltr'><strong>si</strong></span> <span class='ocrx_word' id='word_1_102' title='bbox 821 1490 1145 1565; x_wconf 41' lang='lat' dir='ltr'><strong>nascendo&#39;a</strong></span> <span class='ocrx_word' id='word_1_103' title='bbox 1172 1509 1379 1579; x_wconf 86' lang='lat' dir='ltr'><strong>Spiritu</strong></span> <span class='ocrx_word' id='word_1_104' title='bbox 1412 1519 1602 1565; x_wconf 87' lang='lat' dir='ltr'><strong>sancto</strong></span> <span class='ocrx_word' id='word_1_105' title='bbox 1629 1509 1962 1566; x_wconf 87' lang='lat' dir='ltr'><strong>discernitur</strong></span> 
     </span>
    </p>
   </div>
   <div class='ocr_carea' id='block_1_17' title="bbox 390 1602 1956 1672">
    <p class='ocr_par' dir='ltr' id='par_1_17' title="bbox 390 1602 1956 1672">
     <span class='ocr_line' id='line_1_18' title="bbox 390 1602 1956 1672; baseline 0 -15"><span class='ocrx_word' id='word_1_106' title='bbox 390 1603 580 1667; x_wconf 88' lang='lat' dir='ltr'><strong>Filius,</strong></span> <span class='ocrx_word' id='word_1_107' title='bbox 629 1603 888 1658; x_wconf 86' lang='lat' dir='ltr'><strong>discretio</strong></span> <span class='ocrx_word' id='word_1_108' title='bbox 933 1612 1112 1658; x_wconf 85' lang='lat' dir='ltr'><strong>autem</strong></span> <span class='ocrx_word' id='word_1_109' title='bbox 1145 1602 1198 1657; x_wconf 93' lang='lat' dir='ltr'><strong>in</strong></span> <span class='ocrx_word' id='word_1_110' title='bbox 1236 1604 1486 1672; x_wconf 85' lang='lat' dir='ltr'><strong>personis</strong></span> <span class='ocrx_word' id='word_1_111' title='bbox 1524 1603 1726 1659; x_wconf 89' lang='lat' dir='ltr'><strong>divinis</strong></span> <span class='ocrx_word' id='word_1_112' title='bbox 1758 1619 1956 1659; x_wconf 88' lang='lat' dir='ltr'><strong>secun-</strong></span> 
     </span>
    </p>
   </div>
   <div class='ocr_carea' id='block_1_18' title="bbox 391 1695 1958 1764">
    <p class='ocr_par' dir='ltr' id='par_1_18' title="bbox 391 1695 1958 1764">
     <span class='ocr_line' id='line_1_19' title="bbox 391 1695 1958 1764; baseline -0.001 -14"><span class='ocrx_word' id='word_1_113' title='bbox 391 1699 515 1750; x_wconf 88' lang='lat' dir='ltr'><strong>dum</strong></span> <span class='ocrx_word' id='word_1_114' title='bbox 551 1695 825 1764; x_wconf 82' lang='lat' dir='ltr'><strong>Oppositas</strong></span> <span class='ocrx_word' id='word_1_115' title='bbox 859 1695 1147 1750; x_wconf 83' lang='lat' dir='ltr'><strong>relationes</strong></span> <span class='ocrx_word' id='word_1_116' title='bbox 1169 1706 1273 1761; x_wconf 89' lang='lat' dir='ltr'><strong>est,</strong></span> <span class='ocrx_word' id='word_1_117' title='bbox 1299 1706 1354 1750; x_wconf 90' lang='lat' dir='ltr'><strong>ut</strong></span> <span class='ocrx_word' id='word_1_118' title='bbox 1384 1697 1614 1752; x_wconf 72' lang='lat' dir='ltr'><strong>diximus</strong></span> <span class='ocrx_word' id='word_1_119' title='bbox 1641 1713 1654 1750; x_wconf 90' lang='lat'>:</span> <span class='ocrx_word' id='word_1_120' title='bbox 1680 1698 1958 1762; x_wconf 87' lang='lat' dir='ltr'><strong>nativitas,</strong></span> 
     </span>
    </p>
   </div>
   <div class='ocr_carea' id='block_1_19' title="bbox 391 1788 1970 1860">
    <p class='ocr_par' dir='ltr' id='par_1_19' title="bbox 391 1788 1970 1860">
     <span class='ocr_line' id='line_1_20' title="bbox 391 1788 1970 1860; baseline -0.004 -14"><span class='ocrx_word' id='word_1_121' title='bbox 391 1793 446 1846; x_wconf 89' lang='lat' dir='ltr'><strong>in</strong></span> <span class='ocrx_word' id='word_1_122' title='bbox 494 1797 754 1858; x_wconf 89' lang='lat' dir='ltr'><strong>quantum</strong></span> <span class='ocrx_word' id='word_1_123' title='bbox 791 1788 1049 1844; x_wconf 90' lang='lat' dir='ltr'><strong>nativitas</strong></span> <span class='ocrx_word' id='word_1_124' title='bbox 1098 1791 1165 1844; x_wconf 88' lang='lat' dir='ltr'><strong>ad</strong></span> <span class='ocrx_word' id='word_1_125' title='bbox 1201 1790 1632 1859; x_wconf 85' lang='lat' dir='ltr'><strong>processioncm,</strong></span> <span class='ocrx_word' id='word_1_126' title='bbox 1687 1793 1840 1860; x_wconf 90' lang='lat' dir='ltr'><strong>quasi</strong></span> <span class='ocrx_word' id='word_1_127' title='bbox 1891 1791 1970 1843; x_wconf 89' lang='lat' dir='ltr'><strong>ad.</strong></span> 
     </span>
    </p>
   </div>
   <div class='ocr_carea' id='block_1_20' title="bbox 2072 587 3656 657">
    <p class='ocr_par' dir='ltr' id='par_1_20' title="bbox 2072 587 3656 657">
     <span class='ocr_line' id='line_1_21' title="bbox 2072 587 3656 657; baseline 0.004 -17"><span class='ocrx_word' id='word_1_128' title='bbox 2072 587 2229 653; x_wconf 85' lang='lat' dir='ltr'><strong>Filio,</strong></span> <span class='ocrx_word' id='word_1_129' title='bbox 2284 589 2352 642; x_wconf 86' lang='lat' dir='ltr'><strong>ab</strong></span> <span class='ocrx_word' id='word_1_130' title='bbox 2406 588 2498 642; x_wconf 89' lang='lat' dir='ltr'><strong>illo</strong></span> <span class='ocrx_word' id='word_1_131' title='bbox 2548 588 2910 657; x_wconf 90' lang='lat' dir='ltr'><strong>personaliter</strong></span> <span class='ocrx_word' id='word_1_132' title='bbox 2963 605 3068 644; x_wconf 88' lang='lat' dir='ltr'><strong>non</strong></span> <span class='ocrx_word' id='word_1_133' title='bbox 3120 589 3357 656; x_wconf 75' lang='lat' dir='ltr'><strong>differet,</strong></span> <span class='ocrx_word' id='word_1_134' title='bbox 3399 593 3493 647; x_wconf 89' lang='lat' dir='ltr'><strong>sed</strong></span> <span class='ocrx_word' id='word_1_135' title='bbox 3548 609 3656 648; x_wconf 85' lang='lat' dir='ltr'><strong>una</strong></span> 
     </span>
    </p>
   </div>
   <div class='ocr_carea' id='block_1_21' title="bbox 2069 680 3653 753">
    <p class='ocr_par' dir='ltr' id='par_1_21' title="bbox 2069 680 3653 753">
     <span class='ocr_line' id='line_1_22' title="bbox 2069 680 3653 753; baseline 0.005 -19"><span class='ocrx_word' id='word_1_136' title='bbox 2069 697 2192 734; x_wconf 80' lang='lat' dir='ltr'><strong>cum</strong></span> <span class='ocrx_word' id='word_1_137' title='bbox 2229 680 2318 735; x_wconf 93' lang='lat' dir='ltr'><strong>illo</strong></span> <span class='ocrx_word' id='word_1_138' title='bbox 2362 695 2594 748; x_wconf 85' lang='lat' dir='ltr'><strong>persona</strong></span> <span class='ocrx_word' id='word_1_139' title='bbox 2627 682 2730 734; x_wconf 89' lang='lat' dir='ltr'><strong>erit</strong></span> <span class='ocrx_word' id='word_1_140' title='bbox 2783 680 3098 736; x_wconf 74' lang='lat' dir='ltr'><strong>differentes</strong></span> <span class='ocrx_word' id='word_1_141' title='bbox 3149 683 3356 740; x_wconf 84' lang='lat' dir='ltr'><strong>habens</strong></span> <span class='ocrx_word' id='word_1_142' title='bbox 3390 687 3653 753; x_wconf 85' lang='lat' dir='ltr'><strong>rationes,</strong></span> 
     </span>
    </p>
   </div>
   <div class='ocr_carea' id='block_1_22' title="bbox 2069 770 3654 842">
    <p class='ocr_par' dir='ltr' id='par_1_22' title="bbox 2069 770 3654 842">
     <span class='ocr_line' id='line_1_23' title="bbox 2069 770 3654 842; baseline 0.003 -16"><span class='ocrx_word' id='word_1_143' title='bbox 2069 783 2127 826; x_wconf 90' lang='lat' dir='ltr'><strong>ut</strong></span> <span class='ocrx_word' id='word_1_144' title='bbox 2156 780 2238 824; x_wconf 86' lang='lat' dir='ltr'><strong>est</strong></span> <span class='ocrx_word' id='word_1_145' title='bbox 2289 771 2438 825; x_wconf 87' lang='lat' dir='ltr'><strong>nasci</strong></span> <span class='ocrx_word' id='word_1_146' title='bbox 2473 781 2523 825; x_wconf 88' lang='lat' dir='ltr'><strong>et</strong></span> <span class='ocrx_word' id='word_1_147' title='bbox 2571 770 2850 839; x_wconf 71' lang='lat' dir='ltr'><strong>inspirari,</strong></span> <span class='ocrx_word' id='word_1_148' title='bbox 2889 787 2955 826; x_wconf 88' lang='lat' dir='ltr'><strong>eo</strong></span> <span class='ocrx_word' id='word_1_149' title='bbox 2989 773 3135 842; x_wconf 91' lang='lat' dir='ltr'><strong>quod</strong></span> <span class='ocrx_word' id='word_1_150' title='bbox 3173 775 3378 830; x_wconf 90' lang='lat' dir='ltr'><strong>nullam</strong></span> <span class='ocrx_word' id='word_1_151' title='bbox 3416 776 3654 832; x_wconf 87' lang='lat' dir='ltr'><strong>habeant</strong></span> 
     </span>
    </p>
   </div>
   <div class='ocr_carea' id='block_1_23' title="bbox 2068 861 3655 935">
    <p class='ocr_par' dir='ltr' id='par_1_23' title="bbox 2068 861 3655 935">
     <span class='ocr_line' id='line_1_24' title="bbox 2068 861 3655 935; baseline 0.006 -21"><span class='ocrx_word' id='word_1_152' title='bbox 2068 861 2133 914; x_wconf 84' lang='lat' dir='ltr'><strong>ad</strong></span> <span class='ocrx_word' id='word_1_153' title='bbox 2165 861 2394 915; x_wconf 84' lang='lat' dir='ltr'><strong>invicem</strong></span> <span class='ocrx_word' id='word_1_154' title='bbox 2428 861 2860 929; x_wconf 86' lang='lat' dir='ltr'><strong>oppositionem,</strong></span> <span class='ocrx_word' id='word_1_155' title='bbox 2899 873 2996 918; x_wconf 86' lang='lat' dir='ltr'><strong>aut</strong></span> <span class='ocrx_word' id='word_1_156' title='bbox 3041 865 3288 921; x_wconf 88' lang='lat' dir='ltr'><strong>habitum</strong></span> <span class='ocrx_word' id='word_1_157' title='bbox 3323 887 3337 924; x_wconf 90' lang='lat'>:</span> <span class='ocrx_word' id='word_1_158' title='bbox 3378 869 3486 935; x_wconf 90' lang='lat' dir='ltr'><strong>vel,</strong></span> <span class='ocrx_word' id='word_1_159' title='bbox 3514 871 3655 924; x_wconf 75' lang='lat' dir='ltr'><strong>sicut</strong></span> 
     </span>
    </p>
   </div>
   <div class='ocr_carea' id='block_1_24' title="bbox 2068 951 3656 1029">
    <p class='ocr_par' dir='ltr' id='par_1_24' title="bbox 2068 951 3656 1029">
     <span class='ocr_line' id='line_1_25' title="bbox 2068 951 3656 1029; baseline 0.005 -23"><span class='ocrx_word' id='word_1_160' title='bbox 2068 954 2185 1006; x_wconf 73' lang='lat' dir='ltr'><strong>duae</strong></span> <span class='ocrx_word' id='word_1_161' title='bbox 2248 951 2573 1020; x_wconf 87' lang='lat' dir='ltr'><strong>simpliciter</strong></span> <span class='ocrx_word' id='word_1_162' title='bbox 2631 951 2951 1010; x_wconf 75' lang='lat' dir='ltr'><strong>dilIereutcs</strong></span> <span class='ocrx_word' id='word_1_163' title='bbox 3014 968 3215 1022; x_wconf 87' lang='lat' dir='ltr'><strong>erunt,</strong></span> <span class='ocrx_word' id='word_1_164' title='bbox 3266 957 3656 1029; x_wconf 83' lang='lat' dir='ltr'><strong>habebantque</strong></span> 
     </span>
    </p>
   </div>
   <div class='ocr_carea' id='block_1_25' title="bbox 2068 1043 3650 1118">
    <p class='ocr_par' dir='ltr' id='par_1_25' title="bbox 2068 1043 3650 1118">
     <span class='ocr_line' id='line_1_26' title="bbox 2068 1043 3650 1118; baseline 0.006 -22"><span class='ocrx_word' id='word_1_165' title='bbox 2068 1043 2426 1098; x_wconf 79' lang='lat' dir='ltr'><strong>diﬂ&#39;erentiam</strong></span> <span class='ocrx_word' id='word_1_166' title='bbox 2452 1043 2727 1107; x_wconf 62' lang='lat' dir='ltr'><strong>essentia,</strong></span> <span class='ocrx_word' id='word_1_167' title='bbox 2752 1060 2856 1098; x_wconf 87' lang='lat' dir='ltr'><strong>non</strong></span> <span class='ocrx_word' id='word_1_168' title='bbox 2884 1047 3224 1114; x_wconf 86' lang='lat' dir='ltr'><strong>personalem</strong></span> <span class='ocrx_word' id='word_1_169' title='bbox 3254 1058 3487 1116; x_wconf 89' lang='lat' dir='ltr'><strong>tantum,</strong></span> <span class='ocrx_word' id='word_1_170' title='bbox 3511 1052 3650 1118; x_wconf 86' lang='lat' dir='ltr'><strong>quod</strong></span> 
     </span>
    </p>
   </div>
   <div class='ocr_carea' id='block_1_26' title="bbox 2067 1135 2749 1206">
    <p class='ocr_par' dir='ltr' id='par_1_26' title="bbox 2067 1135 2749 1206">
     <span class='ocr_line' id='line_1_27' title="bbox 2067 1135 2749 1206; baseline 0.003 -16"><span class='ocrx_word' id='word_1_171' title='bbox 2067 1138 2281 1206; x_wconf 90' lang='lat' dir='ltr'><strong>penitus</strong></span> <span class='ocrx_word' id='word_1_172' title='bbox 2315 1135 2610 1191; x_wconf 87' lang='lat' dir='ltr'><strong>absurdum</strong></span> <span class='ocrx_word' id='word_1_173' title='bbox 2641 1147 2749 1193; x_wconf 87' lang='lat' dir='ltr'><strong>est.</strong></span> 
     </span>
    </p>
   </div>
   <div class='ocr_carea' id='block_1_27' title="bbox 2136 1227 3656 1298">
    <p class='ocr_par' dir='ltr' id='par_1_27' title="bbox 2136 1227 3656 1298">
     <span class='ocr_line' id='line_1_28' title="bbox 2136 1227 3656 1298; baseline 0.003 -13"><span class='ocrx_word' id='word_1_174' title='bbox 2136 1232 2325 1295; x_wconf 90' lang='lat' dir='ltr'><strong>Porro,</strong></span> <span class='ocrx_word' id='word_1_175' title='bbox 2369 1227 2415 1285; x_wconf 90' lang='lat' dir='ltr'><strong>si</strong></span> <span class='ocrx_word' id='word_1_176' title='bbox 2457 1231 2580 1298; x_wconf 83' lang='lat' dir='ltr'><strong>quis</strong></span> <span class='ocrx_word' id='word_1_177' title='bbox 2631 1239 2820 1298; x_wconf 79' lang='lat' dir='ltr'><strong>pergat</strong></span> <span class='ocrx_word' id='word_1_178' title='bbox 2857 1233 3220 1298; x_wconf 89' lang='lat' dir='ltr'><strong>contendere,</strong></span> <span class='ocrx_word' id='word_1_179' title='bbox 3251 1235 3536 1290; x_wconf 88' lang='lat' dir='ltr'><strong>nativitate</strong></span> <span class='ocrx_word' id='word_1_180' title='bbox 3566 1236 3656 1290; x_wconf 88' lang='lat' dir='ltr'><strong>Fi-</strong></span> 
     </span>
    </p>
   </div>
   <div class='ocr_carea' id='block_1_28' title="bbox 2067 1321 3652 1394">
    <p class='ocr_par' dir='ltr' id='par_1_28' title="bbox 2067 1321 3652 1394">
     <span class='ocr_line' id='line_1_29' title="bbox 2067 1321 3652 1394; baseline 0.004 -18"><span class='ocrx_word' id='word_1_181' title='bbox 2067 1321 2198 1376; x_wconf 90' lang='lat' dir='ltr'><strong>lium</strong></span> <span class='ocrx_word' id='word_1_182' title='bbox 2270 1337 2382 1377; x_wconf 90' lang='lat' dir='ltr'><strong>non</strong></span> <span class='ocrx_word' id='word_1_183' title='bbox 2429 1337 2456 1374; x_wconf 91' lang='lat' dir='ltr'><strong>a</strong></span> <span class='ocrx_word' id='word_1_184' title='bbox 2492 1321 2653 1376; x_wconf 87' lang='lat' dir='ltr'><strong>Patre</strong></span> <span class='ocrx_word' id='word_1_185' title='bbox 2686 1322 2885 1386; x_wconf 84' lang='lat' dir='ltr'><strong>solum,</strong></span> <span class='ocrx_word' id='word_1_186' title='bbox 2939 1324 3036 1378; x_wconf 90' lang='lat' dir='ltr'><strong>sed</strong></span> <span class='ocrx_word' id='word_1_187' title='bbox 3072 1324 3235 1378; x_wconf 89' lang='lat' dir='ltr'><strong>etiam</strong></span> <span class='ocrx_word' id='word_1_188' title='bbox 3274 1323 3482 1394; x_wconf 88' lang='lat' dir='ltr'><strong>Spiritu</strong></span> <span class='ocrx_word' id='word_1_189' title='bbox 3535 1328 3652 1381; x_wconf 89' lang='lat' dir='ltr'><strong>dis-</strong></span> 
     </span>
    </p>
   </div>
   <div class='ocr_carea' id='block_1_29' title="bbox 2065 1413 3650 1483">
    <p class='ocr_par' dir='ltr' id='par_1_29' title="bbox 2065 1413 3650 1483">
     <span class='ocr_line' id='line_1_30' title="bbox 2065 1413 3650 1483; baseline 0.003 -14"><span class='ocrx_word' id='word_1_190' title='bbox 2065 1413 2238 1480; x_wconf 90' lang='lat' dir='ltr'><strong>cerni,</strong></span> <span class='ocrx_word' id='word_1_191' title='bbox 2286 1429 2355 1468; x_wconf 90' lang='lat' dir='ltr'><strong>ne</strong></span> <span class='ocrx_word' id='word_1_192' title='bbox 2385 1413 2464 1468; x_wconf 90' lang='lat' dir='ltr'><strong>sic</strong></span> <span class='ocrx_word' id='word_1_193' title='bbox 2495 1413 2715 1477; x_wconf 88' lang='lat' dir='ltr'><strong>quidem</strong></span> <span class='ocrx_word' id='word_1_194' title='bbox 2759 1414 3005 1483; x_wconf 81' lang='lat' dir='ltr'><strong>etIugiet,</strong></span> <span class='ocrx_word' id='word_1_195' title='bbox 3055 1427 3125 1470; x_wconf 91' lang='lat' dir='ltr'><strong>ne</strong></span> <span class='ocrx_word' id='word_1_196' title='bbox 3153 1415 3301 1471; x_wconf 91' lang='lat' dir='ltr'><strong>dicat</strong></span> <span class='ocrx_word' id='word_1_197' title='bbox 3334 1429 3387 1470; x_wconf 90' lang='lat' dir='ltr'><strong>et</strong></span> <span class='ocrx_word' id='word_1_198' title='bbox 3421 1434 3451 1472; x_wconf 90' lang='lat' dir='ltr'><strong>a</strong></span> <span class='ocrx_word' id='word_1_199' title='bbox 3513 1417 3650 1473; x_wconf 87' lang='lat' dir='ltr'><strong>Filio</strong></span> 
     </span>
    </p>
   </div>
   <div class='ocr_carea' id='block_1_30' title="bbox 2065 1504 3656 1578">
    <p class='ocr_par' dir='ltr' id='par_1_30' title="bbox 2065 1504 3656 1578">
     <span class='ocr_line' id='line_1_31' title="bbox 2065 1504 3656 1578; baseline 0.001 -16"><span class='ocrx_word' id='word_1_200' title='bbox 2065 1507 2318 1578; x_wconf 85' lang='lat' dir='ltr'><strong>inspirari</strong></span> <span class='ocrx_word' id='word_1_201' title='bbox 2370 1504 2631 1574; x_wconf 88' lang='lat' dir='ltr'><strong>Spiritum</strong></span> <span class='ocrx_word' id='word_1_202' title='bbox 2668 1516 2915 1561; x_wconf 91' lang='lat' dir='ltr'><strong>sanctum</strong></span> <span class='ocrx_word' id='word_1_203' title='bbox 2948 1524 2965 1574; x_wconf 89' lang='lat'><strong>;</strong></span> <span class='ocrx_word' id='word_1_204' title='bbox 2995 1508 3196 1576; x_wconf 82' lang='lat' dir='ltr'><strong>quippe</strong></span> <span class='ocrx_word' id='word_1_205' title='bbox 3239 1506 3360 1562; x_wconf 88' lang='lat' dir='ltr'><strong>Filii</strong></span> <span class='ocrx_word' id='word_1_206' title='bbox 3395 1511 3656 1563; x_wconf 77' lang='lat' dir='ltr'><strong>terminus</strong></span> 
     </span>
    </p>
   </div>
   <div class='ocr_carea' id='block_1_31' title="bbox 2063 1599 3655 1670">
    <p class='ocr_par' dir='ltr' id='par_1_31' title="bbox 2063 1599 3655 1670">
     <span class='ocr_line' id='line_1_32' title="bbox 2063 1599 3655 1670; baseline 0.001 -16"><span class='ocrx_word' id='word_1_207' title='bbox 2063 1609 2166 1665; x_wconf 92' lang='lat' dir='ltr'><strong>est,</strong></span> <span class='ocrx_word' id='word_1_208' title='bbox 2207 1609 2517 1657; x_wconf 84' lang='lat' dir='ltr'><strong>consortem</strong></span> <span class='ocrx_word' id='word_1_209' title='bbox 2567 1608 2623 1654; x_wconf 92' lang='lat' dir='ltr'><strong>et</strong></span> <span class='ocrx_word' id='word_1_210' title='bbox 2666 1599 2938 1653; x_wconf 62' lang='lat' dir='ltr'><strong>haeredem</strong></span> <span class='ocrx_word' id='word_1_211' title='bbox 2983 1614 3106 1656; x_wconf 87' lang='lat' dir='ltr'><strong>esse</strong></span> <span class='ocrx_word' id='word_1_212' title='bbox 3152 1609 3506 1670; x_wconf 88' lang='lat' dir='ltr'><strong>paternorum</strong></span> <span class='ocrx_word' id='word_1_213' title='bbox 3537 1619 3655 1656; x_wconf 84' lang='lat' dir='ltr'><strong>om-</strong></span> 
     </span>
    </p>
   </div>
   <div class='ocr_carea' id='block_1_32' title="bbox 2063 1689 3646 1760">
    <p class='ocr_par' dir='ltr' id='par_1_32' title="bbox 2063 1689 3646 1760">
     <span class='ocr_line' id='line_1_33' title="bbox 2063 1689 3646 1760; baseline -0.001 -13"><span class='ocrx_word' id='word_1_214' title='bbox 2063 1693 2213 1747; x_wconf 92' lang='lat' dir='ltr'><strong>nium</strong></span> <span class='ocrx_word' id='word_1_215' title='bbox 2258 1692 2546 1748; x_wconf 90' lang='lat' dir='ltr'><strong>bonorum.</strong></span> <span class='ocrx_word' id='word_1_216' title='bbox 2593 1689 2779 1760; x_wconf 82' lang='lat' dir='ltr'><strong>Itaque</strong></span> <span class='ocrx_word' id='word_1_217' title='bbox 2817 1705 2939 1744; x_wconf 87' lang='lat' dir='ltr'><strong>cum</strong></span> <span class='ocrx_word' id='word_1_218' title='bbox 2977 1692 3193 1747; x_wconf 83' lang='lat' dir='ltr'><strong>caeteris</strong></span> <span class='ocrx_word' id='word_1_219' title='bbox 3245 1706 3272 1744; x_wconf 88' lang='lat' dir='ltr'><strong>a</strong></span> <span class='ocrx_word' id='word_1_220' title='bbox 3315 1691 3484 1746; x_wconf 83' lang='lat' dir='ltr'><strong>Patre</strong></span> <span class='ocrx_word' id='word_1_221' title='bbox 3541 1693 3646 1747; x_wconf 90' lang='lat' dir='ltr'><strong>sibi</strong></span> 
     </span>
    </p>
   </div>
   <div class='ocr_carea' id='block_1_33' title="bbox 2065 1781 3653 1854">
    <p class='ocr_par' dir='ltr' id='par_1_33' title="bbox 2065 1781 3653 1854">
     <span class='ocr_line' id='line_1_34' title="bbox 2065 1781 3653 1854; baseline -0.001 -15"><span class='ocrx_word' id='word_1_222' title='bbox 2065 1784 2304 1853; x_wconf 89' lang='lat' dir='ltr'><strong>Spiritus</strong></span> <span class='ocrx_word' id='word_1_223' title='bbox 2366 1798 2586 1854; x_wconf 89' lang='lat' dir='ltr'><strong>quoque</strong></span> <span class='ocrx_word' id='word_1_224' title='bbox 2636 1797 2800 1837; x_wconf 89' lang='lat' dir='ltr'><strong>causa</strong></span> <span class='ocrx_word' id='word_1_225' title='bbox 2857 1781 2982 1846; x_wconf 87' lang='lat' dir='ltr'><strong>erit,</strong></span> <span class='ocrx_word' id='word_1_226' title='bbox 3033 1797 3096 1837; x_wconf 92' lang='lat' dir='ltr'><strong>ac</strong></span> <span class='ocrx_word' id='word_1_227' title='bbox 3149 1794 3435 1852; x_wconf 85' lang='lat' dir='ltr'><strong>propterea</strong></span> <span class='ocrx_word' id='word_1_228' title='bbox 3487 1799 3653 1838; x_wconf 81' lang='lat' dir='ltr'><strong>causa</strong></span> 
     </span>
    </p>
   </div>
   <div class='ocr_carea' id='block_1_34' title="bbox 389 1851 3655 1954">
    <p class='ocr_par' dir='ltr' id='par_1_34' title="bbox 389 1851 3655 1954">
     <span class='ocr_line' id='line_1_35' title="bbox 389 1851 3655 1954; baseline -0.002 -18"><span class='ocrx_word' id='word_1_229' title='bbox 389 1884 691 1951; x_wconf 86' lang='lat' dir='ltr'><strong>oppositam</strong></span> <span class='ocrx_word' id='word_1_230' title='bbox 727 1883 1044 1938; x_wconf 87' lang='lat' dir='ltr'><strong>relationem</strong></span> <span class='ocrx_word' id='word_1_231' title='bbox 1079 1887 1388 1939; x_wconf 87' lang='lat' dir='ltr'><strong>reducetur.</strong></span> <span class='ocrx_word' id='word_1_232' title='bbox 1424 1884 1535 1940; x_wconf 83' lang='lat' dir='ltr'><strong>Hoc</strong></span> <span class='ocrx_word' id='word_1_233' title='bbox 1565 1897 1744 1940; x_wconf 89' lang='lat' dir='ltr'><strong>autem</strong></span> <span class='ocrx_word' id='word_1_234' title='bbox 1785 1885 1960 1954; x_wconf 88' lang='lat' dir='ltr'><strong>possi-</strong></span> <span class='ocrx_word' id='word_1_235' title='bbox 1989 1851 2034 1910; x_wconf 74' lang='grc' dir='ltr'>Β</span> <span class='ocrx_word' id='word_1_236' title='bbox 2064 1878 2402 1933; x_wconf 90' lang='lat' dir='ltr'><strong>discernetur</strong></span> <span class='ocrx_word' id='word_1_237' title='bbox 2469 1891 2499 1931; x_wconf 89' lang='lat' dir='ltr'><strong>a</strong></span> <span class='ocrx_word' id='word_1_238' title='bbox 2566 1885 2756 1931; x_wconf 88' lang='lat' dir='ltr'><strong>sancto</strong></span> <span class='ocrx_word' id='word_1_239' title='bbox 2831 1875 3036 1946; x_wconf 87' lang='lat' dir='ltr'><strong>Spiritu</strong></span> <span class='ocrx_word' id='word_1_240' title='bbox 3060 1917 3076 1943; x_wconf 97' lang='lat'><strong>,</strong></span> <span class='ocrx_word' id='word_1_241' title='bbox 3133 1892 3294 1946; x_wconf 68' lang='lat' dir='ltr'><strong>quae,</strong></span> <span class='ocrx_word' id='word_1_242' title='bbox 3336 1876 3391 1932; x_wconf 87' lang='lat' dir='ltr'><strong>in</strong></span> <span class='ocrx_word' id='word_1_243' title='bbox 3424 1880 3655 1932; x_wconf 83' lang='lat' dir='ltr'><strong>termino</strong></span> 
     </span>
    </p>
   </div>
   <div class='ocr_carea' id='block_1_35' title="bbox 392 1974 1958 2046">
    <p class='ocr_par' dir='ltr' id='par_1_35' title="bbox 392 1974 1958 2046">
     <span class='ocr_line' id='line_1_36' title="bbox 392 1974 1958 2046; baseline 0.003 -18"><span class='ocrx_word' id='word_1_244' title='bbox 392 1975 499 2028; x_wconf 85' lang='lat' dir='ltr'><strong>bile</strong></span> <span class='ocrx_word' id='word_1_245' title='bbox 539 1989 642 2028; x_wconf 89' lang='lat' dir='ltr'><strong>non</strong></span> <span class='ocrx_word' id='word_1_246' title='bbox 678 1983 781 2029; x_wconf 90' lang='lat' dir='ltr'><strong>est.</strong></span> <span class='ocrx_word' id='word_1_247' title='bbox 824 1974 1005 2030; x_wconf 79' lang='lat' dir='ltr'><strong>Solam</strong></span> <span class='ocrx_word' id='word_1_248' title='bbox 1039 1977 1183 2030; x_wconf 90' lang='lat' dir='ltr'><strong>enim</strong></span> <span class='ocrx_word' id='word_1_249' title='bbox 1230 1977 1296 2028; x_wconf 89' lang='lat' dir='ltr'><strong>ad</strong></span> <span class='ocrx_word' id='word_1_250' title='bbox 1327 1977 1715 2046; x_wconf 83' lang='lat' dir='ltr'><strong>paternitatem</strong></span> <span class='ocrx_word' id='word_1_251' title='bbox 1756 1978 1829 2032; x_wconf 91' lang='lat' dir='ltr'><strong>ita</strong></span> <span class='ocrx_word' id='word_1_252' title='bbox 1863 1979 1958 2032; x_wconf 85' lang='lat' dir='ltr'><strong>ha-</strong></span> 
     </span>
    </p>
   </div>
   <div class='ocr_carea' id='block_1_36' title="bbox 395 2067 1958 2137">
    <p class='ocr_par' dir='ltr' id='par_1_36' title="bbox 395 2067 1958 2137">
     <span class='ocr_line' id='line_1_37' title="bbox 395 2067 1958 2137; baseline 0.001 -15"><span class='ocrx_word' id='word_1_253' title='bbox 395 2069 522 2132; x_wconf 88' lang='lat' dir='ltr'><strong>bet;</strong></span> <span class='ocrx_word' id='word_1_254' title='bbox 570 2067 834 2137; x_wconf 88' lang='lat' dir='ltr'><strong>simulque</strong></span> <span class='ocrx_word' id='word_1_255' title='bbox 869 2069 938 2120; x_wconf 91' lang='lat' dir='ltr'><strong>ita</strong></span> <span class='ocrx_word' id='word_1_256' title='bbox 973 2069 1073 2124; x_wconf 92' lang='lat' dir='ltr'><strong>erit</strong></span> <span class='ocrx_word' id='word_1_257' title='bbox 1103 2069 1338 2137; x_wconf 90' lang='lat' dir='ltr'><strong>Spiritus</strong></span> <span class='ocrx_word' id='word_1_258' title='bbox 1375 2069 1494 2124; x_wconf 88' lang='lat' dir='ltr'><strong>Filii</strong></span> <span class='ocrx_word' id='word_1_259' title='bbox 1539 2072 1723 2134; x_wconf 91' lang='lat' dir='ltr'><strong>Pater,</strong></span> <span class='ocrx_word' id='word_1_260' title='bbox 1763 2070 1958 2124; x_wconf 89' lang='lat' dir='ltr'><strong>multa-</strong></span> 
     </span>
    </p>
   </div>
   <div class='ocr_carea' id='block_1_37' title="bbox 389 2159 1958 2232">
    <p class='ocr_par' dir='ltr' id='par_1_37' title="bbox 389 2159 1958 2232">
     <span class='ocr_line' id='line_1_38' title="bbox 389 2159 1958 2232; baseline 0.001 -18"><span class='ocrx_word' id='word_1_261' title='bbox 389 2174 497 2228; x_wconf 86' lang='lat' dir='ltr'><strong>que</strong></span> <span class='ocrx_word' id='word_1_262' title='bbox 523 2159 869 2229; x_wconf 85' lang='lat' dir='ltr'><strong>impossibilia</strong></span> <span class='ocrx_word' id='word_1_263' title='bbox 897 2169 1212 2228; x_wconf 87' lang='lat' dir='ltr'><strong>scqnentur.</strong></span> <span class='ocrx_word' id='word_1_264' title='bbox 1243 2163 1405 2232; x_wconf 88' lang='lat' dir='ltr'><strong>Atqui</strong></span> <span class='ocrx_word' id='word_1_265' title='bbox 1448 2178 1627 2232; x_wconf 83' lang='lat' dir='ltr'><strong>neque</strong></span> <span class='ocrx_word' id='word_1_266' title='bbox 1656 2162 1958 2217; x_wconf 88' lang='lat' dir='ltr'><strong>secundum</strong></span> 
     </span>
    </p>
   </div>
   <div class='ocr_carea' id='block_1_38' title="bbox 390 2250 1959 2323">
    <p class='ocr_par' dir='ltr' id='par_1_38' title="bbox 390 2250 1959 2323">
     <span class='ocr_line' id='line_1_39' title="bbox 390 2250 1959 2323; baseline 0.001 -17"><span class='ocrx_word' id='word_1_267' title='bbox 390 2250 838 2306; x_wconf 76' lang='lat' dir='ltr'><strong>contradicﬁonis</strong></span> <span class='ocrx_word' id='word_1_268' title='bbox 881 2254 1278 2322; x_wconf 83' lang='lat' dir='ltr'><strong>oppositionem</strong></span> <span class='ocrx_word' id='word_1_269' title='bbox 1322 2255 1468 2323; x_wconf 82' lang='lat' dir='ltr'><strong>quod</strong></span> <span class='ocrx_word' id='word_1_270' title='bbox 1502 2254 1766 2315; x_wconf 90' lang='lat' dir='ltr'><strong>nascitur,</strong></span> <span class='ocrx_word' id='word_1_271' title='bbox 1795 2254 1862 2308; x_wconf 89' lang='lat' dir='ltr'><strong>ab</strong></span> <span class='ocrx_word' id='word_1_272' title='bbox 1895 2267 1959 2308; x_wconf 90' lang='lat' dir='ltr'><strong>eo</strong></span> 
     </span>
    </p>
   </div>
   <div class='ocr_carea' id='block_1_39' title="bbox 393 2341 1961 2412">
    <p class='ocr_par' dir='ltr' id='par_1_39' title="bbox 393 2341 1961 2412">
     <span class='ocr_line' id='line_1_40' title="bbox 393 2341 1961 2412; baseline 0.003 -21"><span class='ocrx_word' id='word_1_273' title='bbox 393 2341 531 2407; x_wconf 91' lang='lat' dir='ltr'><strong>quod</strong></span> <span class='ocrx_word' id='word_1_274' title='bbox 560 2355 662 2393; x_wconf 89' lang='lat' dir='ltr'><strong>non</strong></span> <span class='ocrx_word' id='word_1_275' title='bbox 695 2341 958 2406; x_wconf 85' lang='lat' dir='ltr'><strong>nascitur,</strong></span> <span class='ocrx_word' id='word_1_276' title='bbox 990 2341 1244 2411; x_wconf 78' lang='lat' dir='ltr'><strong>distingui</strong></span> <span class='ocrx_word' id='word_1_277' title='bbox 1282 2351 1458 2411; x_wconf 88' lang='lat' dir='ltr'><strong>potest</strong></span> <span class='ocrx_word' id='word_1_278' title='bbox 1495 2361 1508 2396; x_wconf 93' lang='lat'>:</span> <span class='ocrx_word' id='word_1_279' title='bbox 1544 2344 1743 2412; x_wconf 84' lang='lat' dir='ltr'><strong>quippe</strong></span> <span class='ocrx_word' id='word_1_280' title='bbox 1770 2341 1961 2412; x_wconf 80' lang='lat' dir='ltr'><strong>hujus-</strong></span> 
     </span>
    </p>
   </div>
   <div class='ocr_carea' id='block_1_40' title="bbox 396 2431 1960 2503">
    <p class='ocr_par' dir='ltr' id='par_1_40' title="bbox 396 2431 1960 2503">
     <span class='ocr_line' id='line_1_41' title="bbox 396 2431 1960 2503; baseline 0.004 -23"><span class='ocrx_word' id='word_1_281' title='bbox 396 2431 535 2481; x_wconf 81' lang='lat' dir='ltr'><strong>modi</strong></span> <span class='ocrx_word' id='word_1_282' title='bbox 566 2431 844 2499; x_wconf 73' lang='lat' dir='ltr'><strong>discretio,</strong></span> <span class='ocrx_word' id='word_1_283' title='bbox 881 2447 984 2486; x_wconf 92' lang='lat' dir='ltr'><strong>non</strong></span> <span class='ocrx_word' id='word_1_284' title='bbox 1021 2441 1103 2487; x_wconf 91' lang='lat' dir='ltr'><strong>est</strong></span> <span class='ocrx_word' id='word_1_285' title='bbox 1143 2433 1262 2487; x_wconf 81' lang='lat' dir='ltr'><strong>Filii</strong></span> <span class='ocrx_word' id='word_1_286' title='bbox 1305 2443 1360 2488; x_wconf 91' lang='lat' dir='ltr'><strong>et</strong></span> <span class='ocrx_word' id='word_1_287' title='bbox 1398 2434 1659 2503; x_wconf 87' lang='lat' dir='ltr'><strong>Spiritus,</strong></span> <span class='ocrx_word' id='word_1_288' title='bbox 1704 2435 1758 2488; x_wconf 90' lang='lat' dir='ltr'><strong>in</strong></span> <span class='ocrx_word' id='word_1_289' title='bbox 1789 2450 1960 2502; x_wconf 86' lang='lat' dir='ltr'><strong>quan-</strong></span> 
     </span>
    </p>
   </div>
   <div class='ocr_carea' id='block_1_41' title="bbox 405 2519 1960 2596">
    <p class='ocr_par' dir='ltr' id='par_1_41' title="bbox 405 2519 1960 2596">
     <span class='ocr_line' id='line_1_42' title="bbox 405 2519 1960 2596; baseline 0.006 -24"><span class='ocrx_word' id='word_1_290' title='bbox 405 2531 514 2573; x_wconf 83' lang='lat' dir='ltr'><strong>tum</strong></span> <span class='ocrx_word' id='word_1_291' title='bbox 542 2519 792 2590; x_wconf 68' lang='lat' dir='ltr'><strong>Spiritus,</strong></span> <span class='ocrx_word' id='word_1_292' title='bbox 840 2539 1015 2592; x_wconf 86' lang='lat' dir='ltr'><strong>neque</strong></span> <span class='ocrx_word' id='word_1_293' title='bbox 1041 2526 1255 2594; x_wconf 90' lang='lat' dir='ltr'><strong>propria</strong></span> <span class='ocrx_word' id='word_1_294' title='bbox 1307 2528 1498 2596; x_wconf 91' lang='lat' dir='ltr'><strong>ipsius,</strong></span> <span class='ocrx_word' id='word_1_295' title='bbox 1533 2530 1625 2583; x_wconf 88' lang='lat' dir='ltr'><strong>sed</strong></span> <span class='ocrx_word' id='word_1_296' title='bbox 1653 2528 1960 2582; x_wconf 88' lang='lat' dir='ltr'><strong>communis</strong></span> 
     </span>
    </p>
   </div>
   <div class='ocr_carea' id='block_1_42' title="bbox 406 2615 1959 2686">
    <p class='ocr_par' dir='ltr' id='par_1_42' title="bbox 406 2615 1959 2686">
     <span class='ocr_line' id='line_1_43' title="bbox 406 2615 1959 2686; baseline 0.004 -17"><span class='ocrx_word' id='word_1_297' title='bbox 406 2615 629 2669; x_wconf 85' lang='lat' dir='ltr'><strong>omnium</strong></span> <span class='ocrx_word' id='word_1_298' title='bbox 670 2633 789 2686; x_wconf 74' lang='lat' dir='ltr'><strong>qua:</strong></span> <span class='ocrx_word' id='word_1_299' title='bbox 831 2633 939 2673; x_wconf 91' lang='lat' dir='ltr'><strong>non</strong></span> <span class='ocrx_word' id='word_1_300' title='bbox 990 2629 1314 2676; x_wconf 90' lang='lat' dir='ltr'><strong>nascuntur.</strong></span> <span class='ocrx_word' id='word_1_301' title='bbox 1343 2621 1518 2676; x_wconf 87' lang='lat' dir='ltr'><strong>Simili</strong></span> <span class='ocrx_word' id='word_1_302' title='bbox 1559 2623 1704 2675; x_wconf 86' lang='lat' dir='ltr'><strong>enim</strong></span> <span class='ocrx_word' id='word_1_303' title='bbox 1747 2621 1959 2676; x_wconf 86' lang='lat' dir='ltr'><strong>ratione</strong></span> 
     </span>
    </p>
   </div>
   <div class='ocr_carea' id='block_1_43' title="bbox 398 2708 1958 2779">
    <p class='ocr_par' dir='ltr' id='par_1_43' title="bbox 398 2708 1958 2779">
     <span class='ocr_line' id='line_1_44' title="bbox 398 2708 1958 2779; baseline 0.009 -25"><span class='ocrx_word' id='word_1_304' title='bbox 398 2708 551 2758; x_wconf 69' lang='lat' dir='ltr'><strong>etiam</strong></span> <span class='ocrx_word' id='word_1_305' title='bbox 597 2709 662 2762; x_wconf 89' lang='lat' dir='ltr'><strong>ad</strong></span> <span class='ocrx_word' id='word_1_306' title='bbox 703 2711 885 2763; x_wconf 90' lang='lat' dir='ltr'><strong>omnia</strong></span> <span class='ocrx_word' id='word_1_307' title='bbox 935 2725 1054 2779; x_wconf 77' lang='lat' dir='ltr'><strong>quze</strong></span> <span class='ocrx_word' id='word_1_308' title='bbox 1100 2727 1206 2765; x_wconf 91' lang='lat' dir='ltr'><strong>non</strong></span> <span class='ocrx_word' id='word_1_309' title='bbox 1253 2723 1570 2776; x_wconf 88' lang='lat' dir='ltr'><strong>nascuntur,</strong></span> <span class='ocrx_word' id='word_1_310' title='bbox 1615 2713 1958 2768; x_wconf 88' lang='lat' dir='ltr'><strong>discernetur</strong></span> 
     </span>
    </p>
   </div>
   <div class='ocr_carea' id='block_1_44' title="bbox 393 2797 1956 2875">
    <p class='ocr_par' dir='ltr' id='par_1_44' title="bbox 393 2797 1956 2875">
     <span class='ocr_line' id='line_1_45' title="bbox 393 2797 1956 2875; baseline 0.004 -22"><span class='ocrx_word' id='word_1_311' title='bbox 393 2797 577 2862; x_wconf 76' lang='lat' dir='ltr'><strong>Filius,</strong></span> <span class='ocrx_word' id='word_1_312' title='bbox 617 2801 823 2871; x_wconf 86' lang='lat' dir='ltr'><strong>eritque</strong></span> <span class='ocrx_word' id='word_1_313' title='bbox 857 2801 1027 2859; x_wconf 86' lang='lat' dir='ltr'><strong>Filius</strong></span> <span class='ocrx_word' id='word_1_314' title='bbox 1075 2806 1139 2858; x_wconf 86' lang='lat' dir='ltr'><strong>ad</strong></span> <span class='ocrx_word' id='word_1_315' title='bbox 1172 2803 1460 2873; x_wconf 85' lang='lat' dir='ltr'><strong>Spiritum,</strong></span> <span class='ocrx_word' id='word_1_316' title='bbox 1498 2806 1818 2875; x_wconf 82' lang='lat' dir='ltr'><strong>sicut‘qttod</strong></span> <span class='ocrx_word' id='word_1_317' title='bbox 1852 2817 1956 2874; x_wconf 90' lang='lat' dir='ltr'><strong>est,</strong></span> 
     </span>
    </p>
   </div>
   <div class='ocr_carea' id='block_1_45' title="bbox 392 2886 1958 2961">
    <p class='ocr_par' dir='ltr' id='par_1_45' title="bbox 392 2886 1958 2961">
     <span class='ocr_line' id='line_1_46' title="bbox 392 2886 1958 2961; baseline 0.006 -19"><span class='ocrx_word' id='word_1_318' title='bbox 392 2889 460 2943; x_wconf 92' lang='lat' dir='ltr'><strong>ab</strong></span> <span class='ocrx_word' id='word_1_319' title='bbox 492 2906 555 2944; x_wconf 90' lang='lat' dir='ltr'><strong>eo</strong></span> <span class='ocrx_word' id='word_1_320' title='bbox 588 2895 727 2960; x_wconf 91' lang='lat' dir='ltr'><strong>quod</strong></span> <span class='ocrx_word' id='word_1_321' title='bbox 758 2909 866 2949; x_wconf 92' lang='lat' dir='ltr'><strong>non</strong></span> <span class='ocrx_word' id='word_1_322' title='bbox 898 2904 998 2961; x_wconf 91' lang='lat' dir='ltr'><strong>est,</strong></span> <span class='ocrx_word' id='word_1_323' title='bbox 1021 2886 1374 2953; x_wconf 78' lang='lat' dir='ltr'><strong>discernitur.</strong></span> <span class='ocrx_word' id='word_1_324' title='bbox 1403 2895 1508 2951; x_wconf 86' lang='lat' dir='ltr'><strong>Sed</strong></span> <span class='ocrx_word' id='word_1_325' title='bbox 1537 2908 1592 2952; x_wconf 92' lang='lat' dir='ltr'><strong>et</strong></span> <span class='ocrx_word' id='word_1_326' title='bbox 1620 2900 1718 2952; x_wconf 89' lang='lat' dir='ltr'><strong>ista</strong></span> <span class='ocrx_word' id='word_1_327' title='bbox 1749 2898 1958 2952; x_wconf 88' lang='lat' dir='ltr'><strong>discre-</strong></span> 
     </span>
    </p>
   </div>
   <div class='ocr_carea' id='block_1_46' title="bbox 391 2982 1959 3060">
    <p class='ocr_par' dir='ltr' id='par_1_46' title="bbox 391 2982 1959 3060">
     <span class='ocr_line' id='line_1_47' title="bbox 391 2982 1959 3060; baseline 0.006 -25"><span class='ocrx_word' id='word_1_328' title='bbox 391 2983 467 3035; x_wconf 93' lang='lat' dir='ltr'><strong>tio</strong></span> <span class='ocrx_word' id='word_1_329' title='bbox 520 2985 908 3053; x_wconf 88' lang='lat' dir='ltr'><strong>substantialis,</strong></span> <span class='ocrx_word' id='word_1_330' title='bbox 949 2999 1002 3044; x_wconf 89' lang='lat' dir='ltr'><strong>et</strong></span> <span class='ocrx_word' id='word_1_331' title='bbox 1052 2991 1226 3060; x_wconf 88' lang='lat' dir='ltr'><strong>prima</strong></span> <span class='ocrx_word' id='word_1_332' title='bbox 1276 2982 1404 3044; x_wconf 66' lang='lat' dir='ltr'><strong>non&#39;</strong></span> <span class='ocrx_word' id='word_1_333' title='bbox 1439 3001 1545 3046; x_wconf 89' lang='lat' dir='ltr'><strong>est.</strong></span> <span class='ocrx_word' id='word_1_334' title='bbox 1581 2989 1959 3058; x_wconf 84' lang='lat' dir='ltr'><strong>Subiicinntur</strong></span> 
     </span>
    </p>
   </div>
   <div class='ocr_carea' id='block_1_47' title="bbox 388 3075 1958 3151">
    <p class='ocr_par' dir='ltr' id='par_1_47' title="bbox 388 3075 1958 3151">
     <span class='ocr_line' id='line_1_48' title="bbox 388 3075 1958 3151; baseline 0.007 -25"><span class='ocrx_word' id='word_1_335' title='bbox 388 3075 588 3143; x_wconf 84' lang='lat' dir='ltr'><strong>quippe</strong></span> <span class='ocrx_word' id='word_1_336' title='bbox 629 3078 856 3132; x_wconf 89' lang='lat' dir='ltr'><strong>discreta</strong></span> <span class='ocrx_word' id='word_1_337' title='bbox 905 3081 1202 3134; x_wconf 89' lang='lat' dir='ltr'><strong>secundum</strong></span> <span class='ocrx_word' id='word_1_338' title='bbox 1251 3083 1598 3137; x_wconf 89' lang='lat' dir='ltr'><strong>nativitatem</strong></span> <span class='ocrx_word' id='word_1_339' title='bbox 1635 3097 1700 3137; x_wconf 90' lang='lat' dir='ltr'><strong>ac</strong></span> <span class='ocrx_word' id='word_1_340' title='bbox 1735 3097 1958 3151; x_wconf 86' lang='lat' dir='ltr'><strong>proces-</strong></span> 
     </span>
    </p>
   </div>
   <div class='ocr_carea' id='block_1_48' title="bbox 387 3165 2028 3249">
    <p class='ocr_par' dir='ltr' id='par_1_48' title="bbox 387 3165 2028 3249">
     <span class='ocr_line' id='line_1_49' title="bbox 387 3165 2028 3249; baseline 0.005 -31"><span class='ocrx_word' id='word_1_341' title='bbox 387 3165 595 3220; x_wconf 88' lang='lat' dir='ltr'><strong>sionem</strong></span> <span class='ocrx_word' id='word_1_342' title='bbox 634 3182 647 3220; x_wconf 94' lang='lat'><strong>:</strong></span> <span class='ocrx_word' id='word_1_343' title='bbox 679 3167 778 3223; x_wconf 91' lang='lat' dir='ltr'><strong>hoc</strong></span> <span class='ocrx_word' id='word_1_344' title='bbox 801 3177 904 3237; x_wconf 89' lang='lat' dir='ltr'><strong>est,</strong></span> <span class='ocrx_word' id='word_1_345' title='bbox 938 3172 1235 3226; x_wconf 89' lang='lat' dir='ltr'><strong>secundum</strong></span> <span class='ocrx_word' id='word_1_346' title='bbox 1269 3173 1415 3241; x_wconf 89' lang='lat' dir='ltr'><strong>quod</strong></span> <span class='ocrx_word' id='word_1_347' title='bbox 1441 3173 1586 3228; x_wconf 88' lang='lat' dir='ltr'><strong>aliud</strong></span> <span class='ocrx_word' id='word_1_348' title='bbox 1617 3175 1833 3244; x_wconf 89' lang='lat' dir='ltr'><strong>quidem</strong></span> <span class='ocrx_word' id='word_1_349' title='bbox 1874 3184 1958 3230; x_wconf 89' lang='lat' dir='ltr'><strong>est</strong></span> <span class='ocrx_word' id='word_1_350' title='bbox 1987 3194 2028 3249; x_wconf 73' lang='grc' dir='ltr'>ο</span> 
     </span>
    </p>
   </div>
   <div class='ocr_carea' id='block_1_49' title="bbox 386 3256 1962 3333">
    <p class='ocr_par' dir='ltr' id='par_1_49' title="bbox 386 3256 1962 3333">
     <span class='ocr_line' id='line_1_50' title="bbox 386 3256 1962 3333; baseline 0.004 -23"><span class='ocrx_word' id='word_1_351' title='bbox 386 3256 509 3310; x_wconf 85' lang='lat' dir='ltr'><strong>sine</strong></span> <span class='ocrx_word' id='word_1_352' title='bbox 543 3258 717 3310; x_wconf 85' lang='lat' dir='ltr'><strong>medio</strong></span> <span class='ocrx_word' id='word_1_353' title='bbox 759 3275 822 3313; x_wconf 86' lang='lat' dir='ltr'><strong>ex</strong></span> <span class='ocrx_word' id='word_1_354' title='bbox 853 3259 1052 3328; x_wconf 84' lang='lat' dir='ltr'><strong>primo,</strong></span> <span class='ocrx_word' id='word_1_355' title='bbox 1086 3260 1228 3314; x_wconf 88' lang='lat' dir='ltr'><strong>aliud</strong></span> <span class='ocrx_word' id='word_1_356' title='bbox 1258 3271 1462 3327; x_wconf 86' lang='lat' dir='ltr'><strong>autem,</strong></span> <span class='ocrx_word' id='word_1_357' title='bbox 1495 3280 1593 3332; x_wconf 89' lang='lat' dir='ltr'><strong>per</strong></span> <span class='ocrx_word' id='word_1_358' title='bbox 1621 3265 1672 3318; x_wconf 92' lang='lat' dir='ltr'><strong>id</strong></span> <span class='ocrx_word' id='word_1_359' title='bbox 1702 3266 1843 3333; x_wconf 88' lang='lat' dir='ltr'><strong>quod</strong></span> <span class='ocrx_word' id='word_1_360' title='bbox 1879 3276 1962 3318; x_wconf 85' lang='lat' dir='ltr'><strong>est</strong></span> 
     </span>
    </p>
   </div>
   <div class='ocr_carea' id='block_1_50' title="bbox 384 3348 1962 3425">
    <p class='ocr_par' dir='ltr' id='par_1_50' title="bbox 384 3348 1962 3425">
     <span class='ocr_line' id='line_1_51' title="bbox 384 3348 1962 3425; baseline 0.008 -26"><span class='ocrx_word' id='word_1_361' title='bbox 384 3348 505 3401; x_wconf 78' lang='lat' dir='ltr'><strong>sine</strong></span> <span class='ocrx_word' id='word_1_362' title='bbox 560 3349 738 3404; x_wconf 87' lang='lat' dir='ltr'><strong>medio</strong></span> <span class='ocrx_word' id='word_1_363' title='bbox 790 3367 856 3405; x_wconf 80' lang='lat' dir='ltr'><strong>ex</strong></span> <span class='ocrx_word' id='word_1_364' title='bbox 909 3352 1109 3422; x_wconf 88' lang='lat' dir='ltr'><strong>primo.</strong></span> <span class='ocrx_word' id='word_1_365' title='bbox 1167 3353 1228 3406; x_wconf 79' lang='lat' dir='ltr'><strong>Et</strong></span> <span class='ocrx_word' id='word_1_366' title='bbox 1287 3364 1437 3409; x_wconf 88' lang='lat' dir='ltr'><strong>certe</strong></span> <span class='ocrx_word' id='word_1_367' title='bbox 1497 3357 1641 3425; x_wconf 89' lang='lat' dir='ltr'><strong>quod</strong></span> <span class='ocrx_word' id='word_1_368' title='bbox 1695 3359 1962 3421; x_wconf 75' lang='lat' dir='ltr'><strong>nascitur,</strong></span> 
     </span>
    </p>
   </div>
   <div class='ocr_carea' id='block_1_51' title="bbox 387 3441 1956 3512">
    <p class='ocr_par' dir='ltr' id='par_1_51' title="bbox 387 3441 1956 3512">
     <span class='ocr_line' id='line_1_52' title="bbox 387 3441 1956 3512; baseline 0.009 -22"><span class='ocrx_word' id='word_1_369' title='bbox 387 3453 494 3493; x_wconf 87' lang='lat' dir='ltr'><strong>non</strong></span> <span class='ocrx_word' id='word_1_370' title='bbox 543 3449 630 3496; x_wconf 92' lang='grc' dir='ltr'><strong>εει</strong></span> <span class='ocrx_word' id='word_1_371' title='bbox 682 3441 823 3496; x_wconf 86' lang='lat' dir='ltr'><strong>sicut</strong></span> <span class='ocrx_word' id='word_1_372' title='bbox 865 3442 917 3496; x_wconf 85' lang='lat' dir='ltr'><strong>id</strong></span> <span class='ocrx_word' id='word_1_373' title='bbox 971 3444 1112 3512; x_wconf 90' lang='lat' dir='ltr'><strong>quod</strong></span> <span class='ocrx_word' id='word_1_374' title='bbox 1174 3460 1278 3499; x_wconf 92' lang='lat' dir='ltr'><strong>non</strong></span> <span class='ocrx_word' id='word_1_375' title='bbox 1337 3447 1605 3512; x_wconf 89' lang='lat' dir='ltr'><strong>nascitur,</strong></span> <span class='ocrx_word' id='word_1_376' title='bbox 1658 3451 1956 3504; x_wconf 82' lang='lat' dir='ltr'><strong>secundum</strong></span> 
     </span>
    </p>
   </div>
   <div class='ocr_carea' id='block_1_52' title="bbox 385 3531 1964 3610">
    <p class='ocr_par' dir='ltr' id='par_1_52' title="bbox 385 3531 1964 3610">
     <span class='ocr_line' id='line_1_53' title="bbox 385 3531 1964 3610; baseline 0.005 -24"><span class='ocrx_word' id='word_1_377' title='bbox 385 3531 593 3586; x_wconf 85' lang='lat' dir='ltr'><strong>scilicet</strong></span> <span class='ocrx_word' id='word_1_378' title='bbox 653 3533 1036 3588; x_wconf 88' lang='lat' dir='ltr'><strong>discretionem</strong></span> <span class='ocrx_word' id='word_1_379' title='bbox 1095 3545 1328 3592; x_wconf 66' lang='lat' dir='ltr'><strong>natura).</strong></span> <span class='ocrx_word' id='word_1_380' title='bbox 1383 3535 1500 3591; x_wconf 86' lang='lat' dir='ltr'><strong>Non</strong></span> <span class='ocrx_word' id='word_1_381' title='bbox 1571 3553 1702 3610; x_wconf 87' lang='lat' dir='ltr'><strong>ergo</strong></span> <span class='ocrx_word' id='word_1_382' title='bbox 1762 3542 1964 3596; x_wconf 82' lang='lat' dir='ltr'><strong>suliicit</strong></span> 
     </span>
    </p>
   </div>
   <div class='ocr_carea' id='block_1_53' title="bbox 383 3625 1958 3701">
    <p class='ocr_par' dir='ltr' id='par_1_53' title="bbox 383 3625 1958 3701">
     <span class='ocr_line' id='line_1_54' title="bbox 383 3625 1958 3701; baseline 0.006 -22"><span class='ocrx_word' id='word_1_383' title='bbox 383 3625 827 3680; x_wconf 86' lang='lat' dir='ltr'><strong>contradictionis</strong></span> <span class='ocrx_word' id='word_1_384' title='bbox 853 3628 1142 3697; x_wconf 88' lang='lat' dir='ltr'><strong>oppositio,</strong></span> <span class='ocrx_word' id='word_1_385' title='bbox 1177 3643 1272 3698; x_wconf 89' lang='lat' dir='ltr'><strong>per</strong></span> <span class='ocrx_word' id='word_1_386' title='bbox 1311 3643 1372 3684; x_wconf 87' lang='lat' dir='ltr'><strong>se</strong></span> <span class='ocrx_word' id='word_1_387' title='bbox 1413 3630 1728 3686; x_wconf 85' lang='lat' dir='ltr'><strong>discernere</strong></span> <span class='ocrx_word' id='word_1_388' title='bbox 1765 3647 1958 3701; x_wconf 83' lang='lat' dir='ltr'><strong>perso-</strong></span> 
     </span>
    </p>
   </div>
   <div class='ocr_carea' id='block_1_54' title="bbox 385 3732 504 3771">
    <p class='ocr_par' dir='ltr' id='par_1_54' title="bbox 385 3732 504 3771">
     <span class='ocr_line' id='line_1_55' title="bbox 385 3732 504 3771; baseline 0.008 -1"><span class='ocrx_word' id='word_1_389' title='bbox 385 3732 504 3771; x_wconf 82' lang='lat' dir='ltr'><strong>nas.</strong></span> 
     </span>
    </p>
   </div>
   <div class='ocr_carea' id='block_1_55' title="bbox 457 3808 1961 3882">
    <p class='ocr_par' dir='ltr' id='par_1_55' title="bbox 457 3808 1961 3882">
     <span class='ocr_line' id='line_1_56' title="bbox 457 3808 1961 3882; baseline 0.006 -21"><span class='ocrx_word' id='word_1_390' title='bbox 457 3808 559 3862; x_wconf 85' lang='lat' dir='ltr'><strong>Sed</strong></span> <span class='ocrx_word' id='word_1_391' title='bbox 604 3819 657 3863; x_wconf 93' lang='lat' dir='ltr'><strong>et</strong></span> <span class='ocrx_word' id='word_1_392' title='bbox 698 3810 896 3876; x_wconf 85' lang='lat' dir='ltr'><strong>dicere,</strong></span> <span class='ocrx_word' id='word_1_393' title='bbox 946 3825 1107 3866; x_wconf 88' lang='lat' dir='ltr'><strong>unam</strong></span> <span class='ocrx_word' id='word_1_394' title='bbox 1153 3826 1426 3882; x_wconf 87' lang='lat' dir='ltr'><strong>quamque</strong></span> <span class='ocrx_word' id='word_1_395' title='bbox 1473 3828 1760 3882; x_wconf 86' lang='lat' dir='ltr'><strong>personam</strong></span> <span class='ocrx_word' id='word_1_396' title='bbox 1796 3815 1852 3870; x_wconf 88' lang='lat' dir='ltr'><strong>in</strong></span> <span class='ocrx_word' id='word_1_397' title='bbox 1900 3831 1961 3870; x_wconf 87' lang='lat' dir='ltr'><strong>se</strong></span> 
     </span>
    </p>
   </div>
   <div class='ocr_carea' id='block_1_56' title="bbox 385 3905 1958 3978">
    <p class='ocr_par' dir='ltr' id='par_1_56' title="bbox 385 3905 1958 3978">
     <span class='ocr_line' id='line_1_57' title="bbox 385 3905 1958 3978; baseline 0.006 -22"><span class='ocrx_word' id='word_1_398' title='bbox 385 3905 500 3969; x_wconf 77' lang='lat' dir='ltr'><strong>ipsa</strong></span> <span class='ocrx_word' id='word_1_399' title='bbox 531 3919 625 3957; x_wconf 91' lang='lat' dir='ltr'><strong>sua</strong></span> <span class='ocrx_word' id='word_1_400' title='bbox 659 3905 925 3974; x_wconf 86' lang='lat' dir='ltr'><strong>personali</strong></span> <span class='ocrx_word' id='word_1_401' title='bbox 966 3905 1295 3975; x_wconf 88' lang='lat' dir='ltr'><strong>proprietate</strong></span> <span class='ocrx_word' id='word_1_402' title='bbox 1323 3905 1648 3973; x_wconf 86' lang='lat' dir='ltr'><strong>subsistere,</strong></span> <span class='ocrx_word' id='word_1_403' title='bbox 1681 3912 1851 3978; x_wconf 80' lang='lat' dir='ltr'><strong>atque</strong></span> <span class='ocrx_word' id='word_1_404' title='bbox 1893 3912 1958 3964; x_wconf 88' lang='lat' dir='ltr'><strong>ab</strong></span> 
     </span>
    </p>
   </div>
   <div class='ocr_carea' id='block_1_57' title="bbox 383 3995 1953 4066">
    <p class='ocr_par' dir='ltr' id='par_1_57' title="bbox 383 3995 1953 4066">
     <span class='ocr_line' id='line_1_58' title="bbox 383 3995 1953 4066; baseline 0.003 -18"><span class='ocrx_word' id='word_1_405' title='bbox 383 3995 507 4048; x_wconf 86' lang='lat' dir='ltr'><strong>aliis</strong></span> <span class='ocrx_word' id='word_1_406' title='bbox 555 3996 802 4048; x_wconf 90' lang='lat' dir='ltr'><strong>omnibus</strong></span> <span class='ocrx_word' id='word_1_407' title='bbox 839 3996 1050 4050; x_wconf 89' lang='lat' dir='ltr'><strong>abunde</strong></span> <span class='ocrx_word' id='word_1_408' title='bbox 1089 3997 1356 4066; x_wconf 87' lang='lat' dir='ltr'><strong>separari,</strong></span> <span class='ocrx_word' id='word_1_409' title='bbox 1391 4006 1450 4052; x_wconf 91' lang='lat' dir='ltr'><strong>ut</strong></span> <span class='ocrx_word' id='word_1_410' title='bbox 1491 4007 1544 4052; x_wconf 89' lang='grc' dir='ltr'><strong>ει</strong></span> <span class='ocrx_word' id='word_1_411' title='bbox 1585 3999 1868 4065; x_wconf 87' lang='lat' dir='ltr'><strong>nativitas,</strong></span> <span class='ocrx_word' id='word_1_412' title='bbox 1901 4010 1953 4053; x_wconf 90' lang='lat' dir='ltr'><strong>et</strong></span> 
     </span>
    </p>
   </div>
   <div class='ocr_carea' id='block_1_58' title="bbox 385 4085 1957 4158">
    <p class='ocr_par' dir='ltr' id='par_1_58' title="bbox 385 4085 1957 4158">
     <span class='ocr_line' id='line_1_59' title="bbox 385 4085 1957 4158; baseline 0.004 -20"><span class='ocrx_word' id='word_1_413' title='bbox 385 4087 659 4154; x_wconf 85' lang='lat' dir='ltr'><strong>processio</strong></span> <span class='ocrx_word' id='word_1_414' title='bbox 698 4087 818 4141; x_wconf 86' lang='lat' dir='ltr'><strong>Filii</strong></span> <span class='ocrx_word' id='word_1_415' title='bbox 851 4101 916 4142; x_wconf 91' lang='lat' dir='ltr'><strong>ac</strong></span> <span class='ocrx_word' id='word_1_416' title='bbox 957 4085 1195 4157; x_wconf 89' lang='lat' dir='ltr'><strong>Spiritus</strong></span> <span class='ocrx_word' id='word_1_417' title='bbox 1231 4089 1595 4158; x_wconf 88' lang='lat' dir='ltr'><strong>proprietates</strong></span> <span class='ocrx_word' id='word_1_418' title='bbox 1643 4089 1708 4142; x_wconf 91' lang='lat' dir='ltr'><strong>ad</strong></span> <span class='ocrx_word' id='word_1_419' title='bbox 1742 4090 1957 4144; x_wconf 84' lang='lat' dir='ltr'><strong>discre-</strong></span> 
     </span>
    </p>
   </div>
   <div class='ocr_carea' id='block_1_59' title="bbox 386 4177 1957 4247">
    <p class='ocr_par' dir='ltr' id='par_1_59' title="bbox 386 4177 1957 4247">
     <span class='ocr_line' id='line_1_60' title="bbox 386 4177 1957 4247; baseline 0.003 -15"><span class='ocrx_word' id='word_1_420' title='bbox 386 4177 586 4232; x_wconf 90' lang='lat' dir='ltr'><strong>tionem</strong></span> <span class='ocrx_word' id='word_1_421' title='bbox 613 4178 906 4242; x_wconf 79' lang='lat' dir='ltr'><strong>suffit-iant,</strong></span> <span class='ocrx_word' id='word_1_422' title='bbox 937 4185 1101 4247; x_wconf 85' lang='lat' dir='ltr'><strong>atque</strong></span> <span class='ocrx_word' id='word_1_423' title='bbox 1133 4180 1206 4232; x_wconf 90' lang='lat' dir='ltr'><strong>ita</strong></span> <span class='ocrx_word' id='word_1_424' title='bbox 1228 4193 1408 4234; x_wconf 87' lang='lat' dir='ltr'><strong>causae</strong></span> <span class='ocrx_word' id='word_1_425' title='bbox 1431 4180 1818 4235; x_wconf 89' lang='lat' dir='ltr'><strong>discretionem</strong></span> <span class='ocrx_word' id='word_1_426' title='bbox 1851 4195 1957 4236; x_wconf 91' lang='lat' dir='ltr'><strong>non</strong></span> 
     </span>
    </p>
   </div>
   <div class='ocr_carea' id='block_1_60' title="bbox 385 4271 1958 4342">
    <p class='ocr_par' dir='ltr' id='par_1_60' title="bbox 385 4271 1958 4342">
     <span class='ocr_line' id='line_1_61' title="bbox 385 4271 1958 4342; baseline 0.001 -18"><span class='ocrx_word' id='word_1_427' title='bbox 385 4288 505 4325; x_wconf 80' lang='lat' dir='ltr'><strong>esse</strong></span> <span class='ocrx_word' id='word_1_428' title='bbox 539 4271 938 4337; x_wconf 86' lang='lat' dir='ltr'><strong>requirendam,</strong></span> <span class='ocrx_word' id='word_1_429' title='bbox 984 4271 1114 4326; x_wconf 84' lang='lat' dir='ltr'><strong>nihil</strong></span> <span class='ocrx_word' id='word_1_430' title='bbox 1148 4273 1214 4326; x_wconf 88' lang='lat' dir='ltr'><strong>ad</strong></span> <span class='ocrx_word' id='word_1_431' title='bbox 1256 4273 1591 4342; x_wconf 87' lang='lat' dir='ltr'><strong>propositum</strong></span> <span class='ocrx_word' id='word_1_432' title='bbox 1635 4273 1798 4326; x_wconf 88' lang='lat' dir='ltr'><strong>valet.</strong></span> <span class='ocrx_word' id='word_1_433' title='bbox 1829 4272 1958 4339; x_wconf 76' lang='lat' dir='ltr'><strong>Qua:</strong></span> 
     </span>
    </p>
   </div>
   <div class='ocr_carea' id='block_1_61' title="bbox 384 4364 1954 4435">
    <p class='ocr_par' dir='ltr' id='par_1_61' title="bbox 384 4364 1954 4435">
     <span class='ocr_line' id='line_1_62' title="bbox 384 4364 1954 4435; baseline 0.002 -20"><span class='ocrx_word' id='word_1_434' title='bbox 384 4364 526 4415; x_wconf 68' lang='lat' dir='ltr'><strong>cutim</strong></span> <span class='ocrx_word' id='word_1_435' title='bbox 552 4364 842 4417; x_wconf 82' lang='lat' dir='ltr'><strong>secundum</strong></span> <span class='ocrx_word' id='word_1_436' title='bbox 876 4379 934 4418; x_wconf 90' lang='lat' dir='ltr'><strong>se</strong></span> <span class='ocrx_word' id='word_1_437' title='bbox 967 4364 1079 4431; x_wconf 89' lang='lat' dir='ltr'><strong>ipsa</strong></span> <span class='ocrx_word' id='word_1_438' title='bbox 1115 4364 1442 4429; x_wconf 88' lang='lat' dir='ltr'><strong>subsistunt,</strong></span> <span class='ocrx_word' id='word_1_439' title='bbox 1476 4366 1701 4435; x_wconf 88' lang='lat' dir='ltr'><strong>ipsaque</strong></span> <span class='ocrx_word' id='word_1_440' title='bbox 1730 4381 1790 4420; x_wconf 82' lang='lat' dir='ltr'><strong>ea</strong></span> <span class='ocrx_word' id='word_1_441' title='bbox 1825 4383 1954 4433; x_wconf 77' lang='lat' dir='ltr'><strong>sug-</strong></span> 
     </span>
    </p>
   </div>
   <div class='ocr_carea' id='block_1_62' title="bbox 385 4454 1954 4525">
    <p class='ocr_par' dir='ltr' id='par_1_62' title="bbox 385 4454 1954 4525">
     <span class='ocr_line' id='line_1_63' title="bbox 385 4454 1954 4525; baseline 0.002 -18"><span class='ocrx_word' id='word_1_442' title='bbox 385 4465 599 4524; x_wconf 80' lang='lat' dir='ltr'><strong>gerunt,</strong></span> <span class='ocrx_word' id='word_1_443' title='bbox 669 4454 938 4511; x_wconf 83' lang='lat' dir='ltr'><strong>sufficiunt</strong></span> <span class='ocrx_word' id='word_1_444' title='bbox 1001 4457 1066 4509; x_wconf 90' lang='lat' dir='ltr'><strong>ad</strong></span> <span class='ocrx_word' id='word_1_445' title='bbox 1139 4457 1525 4512; x_wconf 88' lang='lat' dir='ltr'><strong>discretionem</strong></span> <span class='ocrx_word' id='word_1_446' title='bbox 1596 4455 1954 4525; x_wconf 82' lang='lat' dir='ltr'><strong>reliquorum.</strong></span> 
     </span>
    </p>
   </div>
   <div class='ocr_carea' id='block_1_63' title="bbox 388 4546 1951 4616">
    <p class='ocr_par' dir='ltr' id='par_1_63' title="bbox 388 4546 1951 4616">
     <span class='ocr_line' id='line_1_64' title="bbox 388 4546 1951 4616; baseline 0 -18"><span class='ocrx_word' id='word_1_447' title='bbox 388 4547 577 4600; x_wconf 56' lang='lat' dir='ltr'><strong>Petrus</strong></span> <span class='ocrx_word' id='word_1_448' title='bbox 617 4547 758 4598; x_wconf 87' lang='lat' dir='ltr'><strong>enim</strong></span> <span class='ocrx_word' id='word_1_449' title='bbox 791 4546 1005 4615; x_wconf 87' lang='lat' dir='ltr'><strong>propria</strong></span> <span class='ocrx_word' id='word_1_450' title='bbox 1041 4546 1222 4602; x_wconf 89' lang='lat' dir='ltr'><strong>anima</strong></span> <span class='ocrx_word' id='word_1_451' title='bbox 1267 4557 1322 4602; x_wconf 91' lang='lat' dir='ltr'><strong>et</strong></span> <span class='ocrx_word' id='word_1_452' title='bbox 1351 4561 1582 4616; x_wconf 89' lang='lat' dir='ltr'><strong>corpore</strong></span> <span class='ocrx_word' id='word_1_453' title='bbox 1627 4547 1951 4610; x_wconf 79' lang='lat' dir='ltr'><strong>subsistens,</strong></span> 
     </span>
    </p>
   </div>
   <div class='ocr_carea' id='block_1_64' title="bbox 386 4639 1952 4712">
    <p class='ocr_par' dir='ltr' id='par_1_64' title="bbox 386 4639 1952 4712">
     <span class='ocr_line' id='line_1_65' title="bbox 386 4639 1952 4712; baseline 0.003 -22"><span class='ocrx_word' id='word_1_454' title='bbox 386 4641 465 4695; x_wconf 84' lang='lat' dir='ltr'><strong>his</strong></span> <span class='ocrx_word' id='word_1_455' title='bbox 506 4657 534 4692; x_wconf 90' lang='lat' dir='ltr'><strong>a</strong></span> <span class='ocrx_word' id='word_1_456' title='bbox 569 4639 756 4702; x_wconf 85' lang='lat' dir='ltr'><strong>Paulo,</strong></span> <span class='ocrx_word' id='word_1_457' title='bbox 785 4640 1105 4710; x_wconf 73' lang='lat' dir='ltr'><strong>cteterisque</strong></span> <span class='ocrx_word' id='word_1_458' title='bbox 1137 4641 1494 4711; x_wconf 83' lang='lat' dir='ltr'><strong>distinguitur</strong></span> <span class='ocrx_word' id='word_1_459' title='bbox 1531 4660 1545 4697; x_wconf 91' lang='lat'><strong>:</strong></span> <span class='ocrx_word' id='word_1_460' title='bbox 1594 4641 1792 4712; x_wconf 86' lang='lat' dir='ltr'><strong>quibus</strong></span> <span class='ocrx_word' id='word_1_461' title='bbox 1823 4656 1952 4693; x_wconf 80' lang='lat' dir='ltr'><strong>vero</strong></span> 
     </span>
    </p>
   </div>
   <div class='ocr_carea' id='block_1_65' title="bbox 382 4731 1952 4802">
    <p class='ocr_par' dir='ltr' id='par_1_65' title="bbox 382 4731 1952 4802">
     <span class='ocr_line' id='line_1_66' title="bbox 382 4731 1952 4802; baseline 0.001 -18"><span class='ocrx_word' id='word_1_462' title='bbox 382 4733 677 4786; x_wconf 78' lang='lat' dir='ltr'><strong>subsistere</strong></span> <span class='ocrx_word' id='word_1_463' title='bbox 718 4733 769 4786; x_wconf 92' lang='lat' dir='ltr'><strong>in</strong></span> <span class='ocrx_word' id='word_1_464' title='bbox 799 4747 862 4786; x_wconf 89' lang='lat' dir='ltr'><strong>eo</strong></span> <span class='ocrx_word' id='word_1_465' title='bbox 891 4743 995 4798; x_wconf 87' lang='grc' dir='ltr'>εει,</span> <span class='ocrx_word' id='word_1_466' title='bbox 1023 4735 1166 4802; x_wconf 90' lang='lat' dir='ltr'><strong>quod</strong></span> <span class='ocrx_word' id='word_1_467' title='bbox 1200 4735 1267 4787; x_wconf 92' lang='lat' dir='ltr'><strong>ad</strong></span> <span class='ocrx_word' id='word_1_468' title='bbox 1310 4733 1453 4788; x_wconf 86' lang='lat' dir='ltr'><strong>aliud</strong></span> <span class='ocrx_word' id='word_1_469' title='bbox 1497 4733 1829 4795; x_wconf 88' lang='lat' dir='ltr'><strong>referuntur,</strong></span> <span class='ocrx_word' id='word_1_470' title='bbox 1866 4731 1952 4786; x_wconf 89' lang='lat' dir='ltr'><strong>his</strong></span> 
     </span>
    </p>
   </div>
   <div class='ocr_carea' id='block_1_66' title="bbox 381 4822 1953 4894">
    <p class='ocr_par' dir='ltr' id='par_1_66' title="bbox 381 4822 1953 4894">
     <span class='ocr_line' id='line_1_67' title="bbox 381 4822 1953 4894; baseline 0.003 -22"><span class='ocrx_word' id='word_1_471' title='bbox 381 4824 540 4875; x_wconf 80' lang='lat' dir='ltr'><strong>etiam</strong></span> <span class='ocrx_word' id='word_1_472' title='bbox 569 4823 666 4876; x_wconf 88' lang='lat' dir='ltr'><strong>ltoe</strong></span> <span class='ocrx_word' id='word_1_473' title='bbox 698 4823 929 4876; x_wconf 90' lang='lat' dir='ltr'><strong>discerni</strong></span> <span class='ocrx_word' id='word_1_474' title='bbox 963 4832 1068 4885; x_wconf 90' lang='lat' dir='ltr'><strong>est,</strong></span> <span class='ocrx_word' id='word_1_475' title='bbox 1106 4823 1170 4876; x_wconf 89' lang='lat' dir='ltr'><strong>ad</strong></span> <span class='ocrx_word' id='word_1_476' title='bbox 1202 4839 1264 4877; x_wconf 88' lang='lat' dir='ltr'><strong>ea</strong></span> <span class='ocrx_word' id='word_1_477' title='bbox 1300 4822 1515 4890; x_wconf 88' lang='lat' dir='ltr'><strong>referri,</strong></span> <span class='ocrx_word' id='word_1_478' title='bbox 1551 4825 1617 4879; x_wconf 91' lang='lat' dir='ltr'><strong>ad</strong></span> <span class='ocrx_word' id='word_1_479' title='bbox 1645 4839 1766 4894; x_wconf 68' lang='lat' dir='ltr'><strong>quae</strong></span> <span class='ocrx_word' id='word_1_480' title='bbox 1816 4823 1953 4878; x_wconf 85' lang='lat' dir='ltr'><strong>refe-</strong></span> 
     </span>
    </p>
   </div>
   <div class='ocr_carea' id='block_1_67' title="bbox 358 4913 1946 4983">
    <p class='ocr_par' dir='ltr' id='par_1_67' title="bbox 358 4913 1946 4983">
     <span class='ocr_line' id='line_1_68' title="bbox 358 4913 1946 4983; baseline 0.002 -17"><span class='ocrx_word' id='word_1_481' title='bbox 358 4922 594 4967; x_wconf 77' lang='lat' dir='ltr'><strong>.runtur.</strong></span> <span class='ocrx_word' id='word_1_482' title='bbox 639 4913 839 4968; x_wconf 85' lang='lat' dir='ltr'><strong>Servus</strong></span> <span class='ocrx_word' id='word_1_483' title='bbox 867 4914 1037 4978; x_wconf 89' lang='lat' dir='ltr'><strong>enim,</strong></span> <span class='ocrx_word' id='word_1_484' title='bbox 1067 4915 1217 4969; x_wconf 90' lang='lat' dir='ltr'><strong>verbi</strong></span> <span class='ocrx_word' id='word_1_485' title='bbox 1261 4915 1459 4983; x_wconf 86' lang='lat' dir='ltr'><strong>gratia,</strong></span> <span class='ocrx_word' id='word_1_486' title='bbox 1496 4916 1548 4969; x_wconf 86' lang='lat' dir='ltr'><strong>in</strong></span> <span class='ocrx_word' id='word_1_487' title='bbox 1598 4930 1663 4968; x_wconf 91' lang='lat' dir='ltr'><strong>eo</strong></span> <span class='ocrx_word' id='word_1_488' title='bbox 1693 4915 1846 4983; x_wconf 82' lang='lat' dir='ltr'><strong>quod,</strong></span> <span class='ocrx_word' id='word_1_489' title='bbox 1870 4930 1946 4970; x_wconf 87' lang='lat' dir='ltr'><strong>re-</strong></span> 
     </span>
    </p>
   </div>
   <div class='ocr_carea' id='block_1_68' title="bbox 387 5009 1953 5070">
    <p class='ocr_par' dir='ltr' id='par_1_68' title="bbox 387 5009 1953 5070">
     <span class='ocr_line' id='line_1_69' title="bbox 387 5009 1953 5070; baseline 0.001 -8"><span class='ocrx_word' id='word_1_490' title='bbox 387 5011 554 5062; x_wconf 83' lang='lat' dir='ltr'><strong>fertur</strong></span> <span class='ocrx_word' id='word_1_491' title='bbox 597 5011 660 5060; x_wconf 89' lang='lat' dir='ltr'><strong>ad</strong></span> <span class='ocrx_word' id='word_1_492' title='bbox 706 5009 1011 5070; x_wconf 88' lang='lat' dir='ltr'><strong>dominutn,</strong></span> <span class='ocrx_word' id='word_1_493' title='bbox 1055 5019 1158 5070; x_wconf 88' lang='lat' dir='ltr'><strong>est,</strong></span> <span class='ocrx_word' id='word_1_494' title='bbox 1193 5019 1243 5062; x_wconf 92' lang='lat' dir='ltr'><strong>ct</strong></span> <span class='ocrx_word' id='word_1_495' title='bbox 1273 5009 1476 5063; x_wconf 87' lang='lat' dir='ltr'><strong>dicitur</strong></span> <span class='ocrx_word' id='word_1_496' title='bbox 1520 5023 1735 5065; x_wconf 88' lang='lat' dir='ltr'><strong>servus.</strong></span> <span class='ocrx_word' id='word_1_497' title='bbox 1779 5009 1953 5065; x_wconf 74' lang='lat' dir='ltr'><strong>Caete-</strong></span> 
     </span>
    </p>
   </div>
   <div class='ocr_carea' id='block_1_69' title="bbox 385 5099 1948 5169">
    <p class='ocr_par' dir='ltr' id='par_1_69' title="bbox 385 5099 1948 5169">
     <span class='ocr_line' id='line_1_70' title="bbox 385 5099 1948 5169; baseline 0.001 -16"><span class='ocrx_word' id='word_1_498' title='bbox 385 5117 526 5161; x_wconf 89' lang='lat' dir='ltr'><strong>rum,</strong></span> <span class='ocrx_word' id='word_1_499' title='bbox 567 5099 824 5155; x_wconf 81' lang='lat' dir='ltr'><strong>relatione</strong></span> <span class='ocrx_word' id='word_1_500' title='bbox 851 5100 1086 5166; x_wconf 84' lang='lat' dir='ltr'><strong>sublata,</strong></span> <span class='ocrx_word' id='word_1_501' title='bbox 1129 5114 1304 5169; x_wconf 86' lang='lat' dir='ltr'><strong>neque</strong></span> <span class='ocrx_word' id='word_1_502' title='bbox 1343 5114 1555 5161; x_wconf 86' lang='lat' dir='ltr'><strong>servus.</strong></span> <span class='ocrx_word' id='word_1_503' title='bbox 1599 5101 1650 5152; x_wconf 92' lang='lat' dir='ltr'><strong>in</strong></span> <span class='ocrx_word' id='word_1_504' title='bbox 1689 5110 1948 5168; x_wconf 88' lang='lat' dir='ltr'><strong>quantum</strong></span> 
     </span>
    </p>
   </div>
   <div class='ocr_carea' id='block_1_70' title="bbox 383 5193 1953 5261">
    <p class='ocr_par' dir='ltr' id='par_1_70' title="bbox 383 5193 1953 5261">
     <span class='ocr_line' id='line_1_71' title="bbox 383 5193 1953 5261; baseline 0.002 -17"><span class='ocrx_word' id='word_1_505' title='bbox 383 5208 571 5246; x_wconf 81' lang='lat' dir='ltr'><strong>St&#39;l‘\&#39;US</strong></span> <span class='ocrx_word' id='word_1_506' title='bbox 599 5193 699 5245; x_wconf 85' lang='lat' dir='ltr'><strong>crit</strong></span> <span class='ocrx_word' id='word_1_507' title='bbox 727 5209 742 5257; x_wconf 87' lang='lat'><strong>;</strong></span> <span class='ocrx_word' id='word_1_508' title='bbox 779 5193 1030 5260; x_wconf 82' lang='lat' dir='ltr'><strong>quoniam</strong></span> <span class='ocrx_word' id='word_1_509' title='bbox 1059 5193 1223 5260; x_wconf 78' lang='lat' dir='ltr'><strong>igitur</strong></span> <span class='ocrx_word' id='word_1_510' title='bbox 1257 5193 1556 5261; x_wconf 84' lang='lat' dir='ltr'><strong>paternitas</strong></span> <span class='ocrx_word' id='word_1_511' title='bbox 1583 5200 1637 5247; x_wconf 89' lang='lat' dir='ltr'><strong>et</strong></span> <span class='ocrx_word' id='word_1_512' title='bbox 1671 5193 1953 5258; x_wconf 84' lang='lat' dir='ltr'><strong>uativitas,</strong></span> 
     </span>
    </p>
   </div>
   <div class='ocr_carea' id='block_1_71' title="bbox 384 5283 1952 5352">
    <p class='ocr_par' dir='ltr' id='par_1_71' title="bbox 384 5283 1952 5352">
     <span class='ocr_line' id='line_1_72' title="bbox 384 5283 1952 5352; baseline 0.002 -15"><span class='ocrx_word' id='word_1_513' title='bbox 384 5294 436 5337; x_wconf 88' lang='lat' dir='ltr'><strong>et</strong></span> <span class='ocrx_word' id='word_1_514' title='bbox 469 5285 743 5352; x_wconf 85' lang='lat' dir='ltr'><strong>processio</strong></span> <span class='ocrx_word' id='word_1_515' title='bbox 782 5284 1076 5338; x_wconf 84' lang='lat' dir='ltr'><strong>secundum</strong></span> <span class='ocrx_word' id='word_1_516' title='bbox 1109 5299 1326 5336; x_wconf 87' lang='lat' dir='ltr'><strong>causam</strong></span> <span class='ocrx_word' id='word_1_517' title='bbox 1373 5292 1428 5336; x_wconf 91' lang='lat' dir='ltr'><strong>et</strong></span> <span class='ocrx_word' id='word_1_518' title='bbox 1476 5283 1696 5338; x_wconf 88' lang='lat' dir='ltr'><strong>causale</strong></span> <span class='ocrx_word' id='word_1_519' title='bbox 1735 5284 1952 5340; x_wconf 85' lang='lat' dir='ltr'><strong>subsis-</strong></span> 
     </span>
    </p>
   </div>
   <div class='ocr_carea' id='block_1_72' title="bbox 387 5372 1952 5442">
    <p class='ocr_par' dir='ltr' id='par_1_72' title="bbox 387 5372 1952 5442">
     <span class='ocr_line' id='line_1_73' title="bbox 387 5372 1952 5442; baseline 0.004 -17"><span class='ocrx_word' id='word_1_520' title='bbox 387 5384 550 5428; x_wconf 84' lang='lat' dir='ltr'><strong>tunt:</strong></span> <span class='ocrx_word' id='word_1_521' title='bbox 600 5373 768 5426; x_wconf 85' lang='lat' dir='ltr'><strong>Filius</strong></span> <span class='ocrx_word' id='word_1_522' title='bbox 806 5372 1047 5442; x_wconf 79' lang='lat' dir='ltr'><strong>quidem,</strong></span> <span class='ocrx_word' id='word_1_523' title='bbox 1097 5375 1150 5428; x_wconf 91' lang='lat' dir='ltr'><strong>in</strong></span> <span class='ocrx_word' id='word_1_524' title='bbox 1200 5385 1464 5442; x_wconf 83' lang='lat' dir='ltr'><strong>quantum</strong></span> <span class='ocrx_word' id='word_1_525' title='bbox 1521 5373 1711 5439; x_wconf 83' lang='lat' dir='ltr'><strong>Filius,</strong></span> <span class='ocrx_word' id='word_1_526' title='bbox 1750 5392 1776 5429; x_wconf 90' lang='lat' dir='ltr'><strong>a</strong></span> <span class='ocrx_word' id='word_1_527' title='bbox 1830 5377 1952 5431; x_wconf 89' lang='lat' dir='ltr'><strong>solo</strong></span> 
     </span>
    </p>
   </div>
   <div class='ocr_carea' id='block_1_73' title="bbox 384 5466 1948 5535">
    <p class='ocr_par' dir='ltr' id='par_1_73' title="bbox 384 5466 1948 5535">
     <span class='ocr_line' id='line_1_74' title="bbox 384 5466 1948 5535; baseline -0.001 -14"><span class='ocrx_word' id='word_1_528' title='bbox 384 5466 537 5521; x_wconf 81' lang='lat' dir='ltr'><strong>Patre</strong></span> <span class='ocrx_word' id='word_1_529' title='bbox 567 5466 952 5535; x_wconf 76' lang='lat' dir='ltr'><strong>distinguitur;</strong></span> <span class='ocrx_word' id='word_1_530' title='bbox 1000 5481 1028 5518; x_wconf 91' lang='lat' dir='ltr'><strong>a</strong></span> <span class='ocrx_word' id='word_1_531' title='bbox 1061 5466 1265 5534; x_wconf 90' lang='lat' dir='ltr'><strong>Spiritu</strong></span> <span class='ocrx_word' id='word_1_532' title='bbox 1300 5477 1480 5520; x_wconf 86' lang='lat' dir='ltr'><strong>autem</strong></span> <span class='ocrx_word' id='word_1_533' title='bbox 1533 5469 1678 5522; x_wconf 83' lang='lat' dir='ltr'><strong>nulla</strong></span> <span class='ocrx_word' id='word_1_534' title='bbox 1716 5468 1948 5535; x_wconf 79' lang='lat' dir='ltr'><strong>ratione,</strong></span> 
     </span>
    </p>
   </div>
   <div class='ocr_carea' id='block_1_74' title="bbox 383 5558 1948 5630">
    <p class='ocr_par' dir='ltr' id='par_1_74' title="bbox 383 5558 1948 5630">
     <span class='ocr_line' id='line_1_75' title="bbox 383 5558 1948 5630; baseline 0.003 -18"><span class='ocrx_word' id='word_1_535' title='bbox 383 5561 481 5614; x_wconf 88' lang='lat' dir='ltr'><strong>nisi</strong></span> <span class='ocrx_word' id='word_1_536' title='bbox 539 5570 592 5614; x_wconf 91' lang='lat' dir='ltr'><strong>et</strong></span> <span class='ocrx_word' id='word_1_537' title='bbox 632 5558 734 5612; x_wconf 88' lang='lat' dir='ltr'><strong>alia</strong></span> <span class='ocrx_word' id='word_1_538' title='bbox 783 5559 962 5628; x_wconf 88' lang='lat' dir='ltr'><strong>aliqua</strong></span> <span class='ocrx_word' id='word_1_539' title='bbox 1007 5560 1180 5628; x_wconf 78' lang='lat' dir='ltr'><strong>ipsius</strong></span> <span class='ocrx_word' id='word_1_540' title='bbox 1227 5563 1294 5616; x_wconf 88' lang='lat' dir='ltr'><strong>ad</strong></span> <span class='ocrx_word' id='word_1_541' title='bbox 1350 5561 1609 5630; x_wconf 86' lang='lat' dir='ltr'><strong>Spiritum</strong></span> <span class='ocrx_word' id='word_1_542' title='bbox 1645 5563 1948 5618; x_wconf 71' lang='lat' dir='ltr'><strong>differentia</strong></span> 
     </span>
    </p>
   </div>
   <div class='ocr_carea' id='block_1_75' title="bbox 381 5651 1949 5724">
    <p class='ocr_par' dir='ltr' id='par_1_75' title="bbox 381 5651 1949 5724">
     <span class='ocr_line' id='line_1_76' title="bbox 381 5651 1949 5724; baseline 0.004 -18"><span class='ocrx_word' id='word_1_543' title='bbox 381 5654 732 5724; x_wconf 79' lang='lat' dir='ltr'><strong>intelligatur.</strong></span> <span class='ocrx_word' id='word_1_544' title='bbox 761 5652 944 5706; x_wconf 82' lang='lat' dir='ltr'><strong>Solam</strong></span> <span class='ocrx_word' id='word_1_545' title='bbox 971 5654 1118 5707; x_wconf 86' lang='lat' dir='ltr'><strong>enim</strong></span> <span class='ocrx_word' id='word_1_546' title='bbox 1142 5651 1438 5708; x_wconf 75' lang='lat' dir='ltr'><strong>scentulum</strong></span> <span class='ocrx_word' id='word_1_547' title='bbox 1467 5656 1802 5712; x_wconf 84' lang='lat' dir='ltr'><strong>nativitatem</strong></span> <span class='ocrx_word' id='word_1_548' title='bbox 1833 5660 1949 5713; x_wconf 89' lang='lat' dir='ltr'><strong>sine</strong></span> 
     </span>
    </p>
   </div>
   <div class='ocr_carea' id='block_1_76' title="bbox 381 5744 1948 5816">
    <p class='ocr_par' dir='ltr' id='par_1_76' title="bbox 381 5744 1948 5816">
     <span class='ocr_line' id='line_1_77' title="bbox 381 5744 1948 5816; baseline 0.004 -19"><span class='ocrx_word' id='word_1_549' title='bbox 381 5746 643 5799; x_wconf 86' lang='lat' dir='ltr'><strong>relatione</strong></span> <span class='ocrx_word' id='word_1_550' title='bbox 674 5745 738 5796; x_wconf 89' lang='lat' dir='ltr'><strong>ad</strong></span> <span class='ocrx_word' id='word_1_551' title='bbox 769 5744 980 5798; x_wconf 85' lang='lat' dir='ltr'><strong>Patrem</strong></span> <span class='ocrx_word' id='word_1_552' title='bbox 1007 5744 1358 5810; x_wconf 80' lang='lat' dir='ltr'><strong>intellectam,</strong></span> <span class='ocrx_word' id='word_1_553' title='bbox 1395 5761 1497 5800; x_wconf 88' lang='lat' dir='ltr'><strong>una</strong></span> <span class='ocrx_word' id='word_1_554' title='bbox 1533 5760 1764 5816; x_wconf 77' lang='lat' dir='ltr'><strong>persona</strong></span> <span class='ocrx_word' id='word_1_555' title='bbox 1807 5760 1948 5804; x_wconf 84' lang='lat' dir='ltr'><strong>esset</strong></span> 
     </span>
    </p>
   </div>
   <div class='ocr_carea' id='block_1_77' title="bbox 381 5832 1944 5908">
    <p class='ocr_par' dir='ltr' id='par_1_77' title="bbox 381 5832 1944 5908">
     <span class='ocr_line' id='line_1_78' title="bbox 381 5832 1944 5908; baseline 0.004 -20"><span class='ocrx_word' id='word_1_556' title='bbox 381 5832 550 5892; x_wconf 84' lang='lat' dir='ltr'><strong>Filius</strong></span> <span class='ocrx_word' id='word_1_557' title='bbox 597 5843 648 5891; x_wconf 88' lang='lat' dir='ltr'><strong>et</strong></span> <span class='ocrx_word' id='word_1_558' title='bbox 681 5834 932 5904; x_wconf 85' lang='lat' dir='ltr'><strong>Spiritus.</strong></span> <span class='ocrx_word' id='word_1_559' title='bbox 973 5835 1202 5891; x_wconf 77' lang='lat' dir='ltr'><strong>Rursum</strong></span> <span class='ocrx_word' id='word_1_560' title='bbox 1258 5837 1494 5908; x_wconf 90' lang='lat' dir='ltr'><strong>Spiritus</strong></span> <span class='ocrx_word' id='word_1_561' title='bbox 1527 5848 1750 5896; x_wconf 85' lang='lat' dir='ltr'><strong>sanctus</strong></span> <span class='ocrx_word' id='word_1_562' title='bbox 1801 5843 1944 5894; x_wconf 75' lang='lat' dir='ltr'><strong>rela-</strong></span> 
     </span>
    </p>
   </div>
   <div class='ocr_carea' id='block_1_78' title="bbox 2070 1970 3657 2040">
    <p class='ocr_par' dir='ltr' id='par_1_78' title="bbox 2070 1970 3657 2040">
     <span class='ocr_line' id='line_1_79' title="bbox 2070 1970 3657 2040; baseline 0 -16"><span class='ocrx_word' id='word_1_563' title='bbox 2070 1972 2377 2026; x_wconf 86' lang='lat' dir='ltr'><strong>nativitatis</strong></span> <span class='ocrx_word' id='word_1_564' title='bbox 2431 1971 2753 2026; x_wconf 88' lang='lat' dir='ltr'><strong>includitur.</strong></span> <span class='ocrx_word' id='word_1_565' title='bbox 2802 1970 3030 2040; x_wconf 82' lang='lat' dir='ltr'><strong>Nempe,</strong></span> <span class='ocrx_word' id='word_1_566' title='bbox 3083 1979 3136 2025; x_wconf 90' lang='lat' dir='ltr'><strong>et</strong></span> <span class='ocrx_word' id='word_1_567' title='bbox 3181 1971 3524 2039; x_wconf 85' lang='lat' dir='ltr'><strong>procedentis</strong></span> <span class='ocrx_word' id='word_1_568' title='bbox 3572 1982 3657 2024; x_wconf 88' lang='lat' dir='ltr'><strong>est</strong></span> 
     </span>
    </p>
   </div>
   <div class='ocr_carea' id='block_1_79' title="bbox 2064 2048 3651 2131">
    <p class='ocr_par' dir='ltr' id='par_1_79' title="bbox 2064 2048 3651 2131">
     <span class='ocr_line' id='line_1_80' title="bbox 2064 2048 3651 2131; baseline -0.001 -16"><span class='ocrx_word' id='word_1_569' title='bbox 2064 2061 2324 2125; x_wconf 78' lang='lat' dir='ltr'><strong>deﬁnitio,</strong></span> <span class='ocrx_word' id='word_1_570' title='bbox 2357 2074 2422 2114; x_wconf 80' lang='lat' dir='ltr'><strong>ex</strong></span> <span class='ocrx_word' id='word_1_571' title='bbox 2454 2048 2963 2131; x_wconf 78' lang='lat' dir='ltr'><strong>genitoreesse,per</strong></span> <span class='ocrx_word' id='word_1_572' title='bbox 2993 2061 3256 2129; x_wconf 89' lang='lat' dir='ltr'><strong>genitum.</strong></span> <span class='ocrx_word' id='word_1_573' title='bbox 3292 2061 3478 2128; x_wconf 90' lang='lat' dir='ltr'><strong>Itaque</strong></span> <span class='ocrx_word' id='word_1_574' title='bbox 3519 2072 3573 2114; x_wconf 92' lang='lat' dir='ltr'><strong>et</strong></span> <span class='ocrx_word' id='word_1_575' title='bbox 3606 2063 3651 2114; x_wconf 88' lang='lat' dir='ltr'><strong>si</strong></span> 
     </span>
    </p>
   </div>
   <div class='ocr_carea' id='block_1_80' title="bbox 2064 2153 3649 2224">
    <p class='ocr_par' dir='ltr' id='par_1_80' title="bbox 2064 2153 3649 2224">
     <span class='ocr_line' id='line_1_81' title="bbox 2064 2153 3649 2224; baseline -0.001 -15"><span class='ocrx_word' id='word_1_576' title='bbox 2064 2155 2306 2223; x_wconf 85' lang='lat' dir='ltr'><strong>Spiritus</strong></span> <span class='ocrx_word' id='word_1_577' title='bbox 2338 2153 2673 2224; x_wconf 84' lang='lat' dir='ltr'><strong>proprietate</strong></span> <span class='ocrx_word' id='word_1_578' title='bbox 2698 2169 2817 2216; x_wconf 84' lang='lat' dir='ltr'><strong>sua,</strong></span> <span class='ocrx_word' id='word_1_579' title='bbox 2849 2154 3198 2223; x_wconf 84' lang='lat' dir='ltr'><strong>processioae</strong></span> <span class='ocrx_word' id='word_1_580' title='bbox 3247 2155 3462 2208; x_wconf 90' lang='lat' dir='ltr'><strong>scilicet</strong></span> <span class='ocrx_word' id='word_1_581' title='bbox 3497 2170 3524 2208; x_wconf 91' lang='lat' dir='ltr'><strong>a</strong></span> <span class='ocrx_word' id='word_1_582' title='bbox 3555 2153 3649 2208; x_wconf 85' lang='lat' dir='ltr'><strong>Fi-</strong></span> 
     </span>
    </p>
   </div>
   <div class='ocr_carea' id='block_1_81' title="bbox 2062 2246 3649 2314">
    <p class='ocr_par' dir='ltr' id='par_1_81' title="bbox 2062 2246 3649 2314">
     <span class='ocr_line' id='line_1_82' title="bbox 2062 2246 3649 2314; baseline 0 -14"><span class='ocrx_word' id='word_1_583' title='bbox 2062 2248 2136 2300; x_wconf 91' lang='lat' dir='ltr'><strong>lio</strong></span> <span class='ocrx_word' id='word_1_584' title='bbox 2168 2248 2509 2302; x_wconf 89' lang='lat' dir='ltr'><strong>discernetur</strong></span> <span class='ocrx_word' id='word_1_585' title='bbox 2540 2247 2652 2314; x_wconf 86' lang='lat' dir='ltr'><strong>ipsa</strong></span> <span class='ocrx_word' id='word_1_586' title='bbox 2684 2247 3038 2314; x_wconf 83' lang='lat' dir='ltr'><strong>proprietate,</strong></span> <span class='ocrx_word' id='word_1_587' title='bbox 3065 2248 3208 2313; x_wconf 90' lang='lat' dir='ltr'><strong>quod</strong></span> <span class='ocrx_word' id='word_1_588' title='bbox 3236 2247 3306 2300; x_wconf 87' lang='lat' dir='ltr'><strong>sit</strong></span> <span class='ocrx_word' id='word_1_589' title='bbox 3336 2246 3548 2300; x_wconf 84' lang='lat' dir='ltr'><strong>scilicet</strong></span> <span class='ocrx_word' id='word_1_590' title='bbox 3582 2263 3649 2300; x_wconf 76' lang='lat' dir='ltr'><strong>ex</strong></span> 
     </span>
    </p>
   </div>
   <div class='ocr_carea' id='block_1_82' title="bbox 2062 2336 3652 2407">
    <p class='ocr_par' dir='ltr' id='par_1_82' title="bbox 2062 2336 3652 2407">
     <span class='ocr_line' id='line_1_83' title="bbox 2062 2336 3652 2407; baseline -0.001 -16"><span class='ocrx_word' id='word_1_591' title='bbox 2062 2338 2218 2404; x_wconf 88' lang='lat' dir='ltr'><strong>Filio,</strong></span> <span class='ocrx_word' id='word_1_592' title='bbox 2249 2338 2437 2407; x_wconf 88' lang='lat' dir='ltr'><strong>sicque</strong></span> <span class='ocrx_word' id='word_1_593' title='bbox 2465 2339 2530 2390; x_wconf 84' lang='lat' dir='ltr'><strong>ad</strong></span> <span class='ocrx_word' id='word_1_594' title='bbox 2554 2352 2675 2390; x_wconf 92' lang='lat' dir='ltr'><strong>eum</strong></span> <span class='ocrx_word' id='word_1_595' title='bbox 2710 2339 2996 2404; x_wconf 82' lang='lat' dir='ltr'><strong>referatur,</strong></span> <span class='ocrx_word' id='word_1_596' title='bbox 3025 2336 3410 2393; x_wconf 82' lang='lat' dir='ltr'><strong>discretionem</strong></span> <span class='ocrx_word' id='word_1_597' title='bbox 3465 2339 3530 2391; x_wconf 91' lang='lat' dir='ltr'><strong>ad</strong></span> <span class='ocrx_word' id='word_1_598' title='bbox 3562 2337 3652 2390; x_wconf 86' lang='lat' dir='ltr'><strong>Fi-</strong></span> 
     </span>
    </p>
   </div>
   <div class='ocr_carea' id='block_1_83' title="bbox 2062 2429 3653 2500">
    <p class='ocr_par' dir='ltr' id='par_1_83' title="bbox 2062 2429 3653 2500">
     <span class='ocr_line' id='line_1_84' title="bbox 2062 2429 3653 2500; baseline -0.004 -13"><span class='ocrx_word' id='word_1_599' title='bbox 2062 2433 2192 2487; x_wconf 90' lang='lat' dir='ltr'><strong>lium</strong></span> <span class='ocrx_word' id='word_1_600' title='bbox 2222 2432 2464 2486; x_wconf 88' lang='lat' dir='ltr'><strong>habebit.</strong></span> <span class='ocrx_word' id='word_1_601' title='bbox 2485 2429 2774 2484; x_wconf 87' lang='lat' dir='ltr'><strong>Enimvero</strong></span> <span class='ocrx_word' id='word_1_602' title='bbox 2798 2433 2970 2492; x_wconf 90' lang='lat' dir='ltr'><strong>nasci,</strong></span> <span class='ocrx_word' id='word_1_603' title='bbox 2989 2429 3369 2499; x_wconf 78' lang='lat' dir='ltr'><strong>aclprocedere</strong></span> <span class='ocrx_word' id='word_1_604' title='bbox 3385 2431 3429 2484; x_wconf 88' lang='lat' dir='ltr'><strong>si</strong></span> <span class='ocrx_word' id='word_1_605' title='bbox 3445 2431 3564 2500; x_wconf 85' lang='lat' dir='ltr'><strong>quis</strong></span> <span class='ocrx_word' id='word_1_606' title='bbox 3589 2433 3653 2482; x_wconf 88' lang='lat' dir='ltr'><strong>ad</strong></span> 
     </span>
    </p>
   </div>
   <div class='ocr_carea' id='block_1_84' title="bbox 2062 2521 3655 2592">
    <p class='ocr_par' dir='ltr' id='par_1_84' title="bbox 2062 2521 3655 2592">
     <span class='ocr_line' id='line_1_85' title="bbox 2062 2521 3655 2592; baseline -0.003 -12"><span class='ocrx_word' id='word_1_607' title='bbox 2062 2540 2122 2580; x_wconf 91' lang='lat' dir='ltr'><strong>se</strong></span> <span class='ocrx_word' id='word_1_608' title='bbox 2163 2524 2395 2578; x_wconf 87' lang='lat' dir='ltr'><strong>invicem</strong></span> <span class='ocrx_word' id='word_1_609' title='bbox 2423 2522 2718 2592; x_wconf 78' lang='lat' dir='ltr'><strong>incongrua</strong></span> <span class='ocrx_word' id='word_1_610' title='bbox 2744 2523 2951 2586; x_wconf 88' lang='lat' dir='ltr'><strong>dicens,</strong></span> <span class='ocrx_word' id='word_1_611' title='bbox 2975 2523 3223 2576; x_wconf 76' lang='lat' dir='ltr'><strong>sufficere</strong></span> <span class='ocrx_word' id='word_1_612' title='bbox 3247 2535 3342 2592; x_wconf 92' lang='lat' dir='ltr'><strong>per</strong></span> <span class='ocrx_word' id='word_1_613' title='bbox 3369 2537 3427 2576; x_wconf 86' lang='lat' dir='ltr'><strong>se</strong></span> <span class='ocrx_word' id='word_1_614' title='bbox 3451 2521 3516 2576; x_wconf 89' lang='lat' dir='ltr'><strong>ad</strong></span> <span class='ocrx_word' id='word_1_615' title='bbox 3542 2522 3655 2575; x_wconf 69' lang='lat' dir='ltr'><strong>dis—</strong></span> 
     </span>
    </p>
   </div>
   <div class='ocr_carea' id='block_1_85' title="bbox 2061 2613 3650 2676">
    <p class='ocr_par' dir='ltr' id='par_1_85' title="bbox 2061 2613 3650 2676">
     <span class='ocr_line' id='line_1_86' title="bbox 2061 2613 3650 2676; baseline -0.004 -5"><span class='ocrx_word' id='word_1_616' title='bbox 2061 2617 2360 2671; x_wconf 87' lang='lat' dir='ltr'><strong>cretioncm</strong></span> <span class='ocrx_word' id='word_1_617' title='bbox 2421 2615 2540 2670; x_wconf 87' lang='lat' dir='ltr'><strong>sine</strong></span> <span class='ocrx_word' id='word_1_618' title='bbox 2570 2613 2843 2669; x_wconf 88' lang='lat' dir='ltr'><strong>intellecta</strong></span> <span class='ocrx_word' id='word_1_619' title='bbox 2877 2613 2980 2667; x_wconf 90' lang='lat' dir='ltr'><strong>alia</strong></span> <span class='ocrx_word' id='word_1_620' title='bbox 3026 2614 3292 2669; x_wconf 88' lang='lat' dir='ltr'><strong>relatione</strong></span> <span class='ocrx_word' id='word_1_621' title='bbox 3330 2614 3650 2676; x_wconf 79' lang='lat' dir='ltr'><strong>arbitretur,</strong></span> 
     </span>
    </p>
   </div>
   <div class='ocr_carea' id='block_1_86' title="bbox 2061 2702 3652 2782">
    <p class='ocr_par' dir='ltr' id='par_1_86' title="bbox 2061 2702 3652 2782">
     <span class='ocr_line' id='line_1_87' title="bbox 2061 2702 3652 2782; baseline -0.004 -20"><span class='ocrx_word' id='word_1_622' title='bbox 2061 2705 2343 2782; x_wconf 66' lang='lat' dir='ltr'><strong>imbecilla:</strong></span> <span class='ocrx_word' id='word_1_623' title='bbox 2362 2705 2583 2761; x_wconf 91' lang='lat' dir='ltr'><strong>omnino</strong></span> <span class='ocrx_word' id='word_1_624' title='bbox 2613 2704 2840 2759; x_wconf 87' lang='lat' dir='ltr'><strong>conlidit</strong></span> <span class='ocrx_word' id='word_1_625' title='bbox 2889 2703 3109 2758; x_wconf 88' lang='lat' dir='ltr'><strong>rationi.</strong></span> <span class='ocrx_word' id='word_1_626' title='bbox 3141 2702 3246 2757; x_wconf 82' lang='lat' dir='ltr'><strong>lsta</strong></span> <span class='ocrx_word' id='word_1_627' title='bbox 3280 2705 3425 2757; x_wconf 89' lang='lat' dir='ltr'><strong>enim</strong></span> <span class='ocrx_word' id='word_1_628' title='bbox 3458 2703 3652 2756; x_wconf 65' lang='lat' dir='ltr'><strong>int-nn-</strong></span> 
     </span>
    </p>
   </div>
   <div class='ocr_carea' id='block_1_87' title="bbox 2061 2793 3652 2870">
    <p class='ocr_par' dir='ltr' id='par_1_87' title="bbox 2061 2793 3652 2870">
     <span class='ocr_line' id='line_1_88' title="bbox 2061 2793 3652 2870; baseline -0.003 -17"><span class='ocrx_word' id='word_1_629' title='bbox 2061 2816 2191 2870; x_wconf 87' lang='lat' dir='ltr'><strong>grua</strong></span> <span class='ocrx_word' id='word_1_630' title='bbox 2228 2793 2349 2855; x_wconf 78' lang='lat' dir='ltr'><strong>esse</strong></span> <span class='ocrx_word' id='word_1_631' title='bbox 2380 2807 2603 2869; x_wconf 90' lang='lat' dir='ltr'><strong>pr0pter</strong></span> <span class='ocrx_word' id='word_1_632' title='bbox 2635 2813 2836 2862; x_wconf 84' lang='lat' dir='ltr'><strong>causae,</strong></span> <span class='ocrx_word' id='word_1_633' title='bbox 2875 2796 3224 2866; x_wconf 86' lang='lat' dir='ltr'><strong>rausalisque</strong></span> <span class='ocrx_word' id='word_1_634' title='bbox 3247 2796 3495 2852; x_wconf 89' lang='lat' dir='ltr'><strong>ordinem</strong></span> <span class='ocrx_word' id='word_1_635' title='bbox 3523 2815 3652 2848; x_wconf 76' lang='lat' dir='ltr'><strong>mtt-</strong></span> 
     </span>
    </p>
   </div>
   <div class='ocr_carea' id='block_1_88' title="bbox 2064 2889 3649 2961">
    <p class='ocr_par' dir='ltr' id='par_1_88' title="bbox 2064 2889 3649 2961">
     <span class='ocr_line' id='line_1_89' title="bbox 2064 2889 3649 2961; baseline -0.004 -15"><span class='ocrx_word' id='word_1_636' title='bbox 2064 2891 2238 2961; x_wconf 86' lang='lat' dir='ltr'><strong>lingit.</strong></span> <span class='ocrx_word' id='word_1_637' title='bbox 2273 2892 2375 2946; x_wconf 84' lang='lat' dir='ltr'><strong>Per</strong></span> <span class='ocrx_word' id='word_1_638' title='bbox 2406 2905 2473 2946; x_wconf 84' lang='lat' dir='ltr'><strong>se</strong></span> <span class='ocrx_word' id='word_1_639' title='bbox 2492 2890 2638 2945; x_wconf 89' lang='lat' dir='ltr'><strong>enim</strong></span> <span class='ocrx_word' id='word_1_640' title='bbox 2676 2889 2814 2946; x_wconf 87' lang='lat' dir='ltr'><strong>sola.</strong></span> <span class='ocrx_word' id='word_1_641' title='bbox 2851 2896 2908 2942; x_wconf 87' lang='grc' dir='ltr'><strong>ιιι</strong></span> <span class='ocrx_word' id='word_1_642' title='bbox 2951 2889 3170 2958; x_wconf 90' lang='lat' dir='ltr'><strong>quidam</strong></span> <span class='ocrx_word' id='word_1_643' title='bbox 3207 2890 3499 2952; x_wconf 72' lang='lat' dir='ltr'><strong>testimant,</strong></span> <span class='ocrx_word' id='word_1_644' title='bbox 3545 2907 3649 2940; x_wconf 86' lang='lat' dir='ltr'><strong>non</strong></span> 
     </span>
    </p>
   </div>
   <div class='ocr_carea' id='block_1_89' title="bbox 2061 2979 3654 3050">
    <p class='ocr_par' dir='ltr' id='par_1_89' title="bbox 2061 2979 3654 3050">
     <span class='ocr_line' id='line_1_90' title="bbox 2061 2979 3654 3050; baseline -0.003 -15"><span class='ocrx_word' id='word_1_645' title='bbox 2061 2984 2128 3037; x_wconf 89' lang='lat' dir='ltr'><strong>ad</strong></span> <span class='ocrx_word' id='word_1_646' title='bbox 2177 2996 2237 3036; x_wconf 89' lang='lat' dir='ltr'><strong>se</strong></span> <span class='ocrx_word' id='word_1_647' title='bbox 2273 2981 2386 3050; x_wconf 87' lang='lat' dir='ltr'><strong>ipsa</strong></span> <span class='ocrx_word' id='word_1_648' title='bbox 2420 2979 2695 3042; x_wconf 84' lang='lat' dir='ltr'><strong>dicuntur,</strong></span> <span class='ocrx_word' id='word_1_649' title='bbox 2746 2995 2930 3032; x_wconf 87' lang='lat' dir='ltr'><strong>verum</strong></span> <span class='ocrx_word' id='word_1_650' title='bbox 2981 2979 3126 3048; x_wconf 84' lang='lat' dir='ltr'><strong>gigni</strong></span> <span class='ocrx_word' id='word_1_651' title='bbox 3169 2979 3388 3048; x_wconf 89' lang='lat' dir='ltr'><strong>quidem</strong></span> <span class='ocrx_word' id='word_1_652' title='bbox 3439 2981 3504 3032; x_wconf 89' lang='lat' dir='ltr'><strong>ad</strong></span> <span class='ocrx_word' id='word_1_653' title='bbox 3545 2980 3654 3032; x_wconf 75' lang='lat' dir='ltr'><strong>l-‘a-</strong></span> 
     </span>
    </p>
   </div>
   <div class='ocr_carea' id='block_1_90' title="bbox 2063 3067 3638 3146">
    <p class='ocr_par' dir='ltr' id='par_1_90' title="bbox 2063 3067 3638 3146">
     <span class='ocr_line' id='line_1_91' title="bbox 2063 3067 3638 3146; baseline -0.004 -19"><span class='ocrx_word' id='word_1_654' title='bbox 2063 3067 2221 3137; x_wconf 84' lang='lat' dir='ltr'><strong>trem,</strong></span> <span class='ocrx_word' id='word_1_655' title='bbox 2251 3072 2543 3143; x_wconf 89' lang='lat' dir='ltr'><strong>procedere</strong></span> <span class='ocrx_word' id='word_1_656' title='bbox 2582 3078 2786 3135; x_wconf 88' lang='lat' dir='ltr'><strong>autem,</strong></span> <span class='ocrx_word' id='word_1_657' title='bbox 2825 3071 2887 3123; x_wconf 88' lang='lat' dir='ltr'><strong>ad</strong></span> <span class='ocrx_word' id='word_1_658' title='bbox 2915 3072 3297 3146; x_wconf 83' lang='lat' dir='ltr'><strong>productorem</strong></span> <span class='ocrx_word' id='word_1_659' title='bbox 3319 3071 3638 3140; x_wconf 83' lang='lat' dir='ltr'><strong>opponitur.</strong></span> 
     </span>
    </p>
   </div>
   <div class='ocr_carea' id='block_1_91' title="bbox 2062 3161 3646 3232">
    <p class='ocr_par' dir='ltr' id='par_1_91' title="bbox 2062 3161 3646 3232">
     <span class='ocr_line' id='line_1_92' title="bbox 2062 3161 3646 3232; baseline 0.001 -16"><span class='ocrx_word' id='word_1_660' title='bbox 2062 3162 2250 3232; x_wconf 82' lang='lat' dir='ltr'><strong>Itaque</strong></span> <span class='ocrx_word' id='word_1_661' title='bbox 2289 3177 2414 3216; x_wconf 91' lang='lat' dir='ltr'><strong>cum</strong></span> <span class='ocrx_word' id='word_1_662' title='bbox 2453 3161 2541 3216; x_wconf 89' lang='lat' dir='ltr'><strong>illa</strong></span> <span class='ocrx_word' id='word_1_663' title='bbox 2581 3162 2779 3230; x_wconf 83' lang='lat' dir='ltr'><strong>Opponi</strong></span> <span class='ocrx_word' id='word_1_664' title='bbox 2826 3161 3035 3223; x_wconf 80' lang='lat' dir='ltr'><strong>dicunt,</strong></span> <span class='ocrx_word' id='word_1_665' title='bbox 3091 3172 3487 3230; x_wconf 81' lang='lat' dir='ltr'><strong>consequenter</strong></span> <span class='ocrx_word' id='word_1_666' title='bbox 3535 3165 3646 3217; x_wconf 88' lang='lat' dir='ltr'><strong>dis-</strong></span> 
     </span>
    </p>
   </div>
   <div class='ocr_carea' id='block_1_92' title="bbox 2064 3252 3652 3323">
    <p class='ocr_par' dir='ltr' id='par_1_92' title="bbox 2064 3252 3652 3323">
     <span class='ocr_line' id='line_1_93' title="bbox 2064 3252 3652 3323; baseline -0.001 -15"><span class='ocrx_word' id='word_1_667' title='bbox 2064 3269 2313 3319; x_wconf 84' lang='lat' dir='ltr'><strong>(ernere,</strong></span> <span class='ocrx_word' id='word_1_668' title='bbox 2348 3253 2508 3323; x_wconf 88' lang='lat' dir='ltr'><strong>quasi</strong></span> <span class='ocrx_word' id='word_1_669' title='bbox 2543 3268 2786 3319; x_wconf 87' lang='lat' dir='ltr'><strong>causam,</strong></span> <span class='ocrx_word' id='word_1_670' title='bbox 2823 3252 3041 3308; x_wconf 85' lang='lat' dir='ltr'><strong>causale</strong></span> <span class='ocrx_word' id='word_1_671' title='bbox 3086 3253 3151 3306; x_wconf 90' lang='lat' dir='ltr'><strong>ad</strong></span> <span class='ocrx_word' id='word_1_672' title='bbox 3191 3252 3423 3307; x_wconf 88' lang='lat' dir='ltr'><strong>invicem</strong></span> <span class='ocrx_word' id='word_1_673' title='bbox 3471 3253 3652 3308; x_wconf 86' lang='lat' dir='ltr'><strong>dicere</strong></span> 
     </span>
    </p>
   </div>
   <div class='ocr_carea' id='block_1_93' title="bbox 2065 3343 3649 3415">
    <p class='ocr_par' dir='ltr' id='par_1_93' title="bbox 2065 3343 3649 3415">
     <span class='ocr_line' id='line_1_94' title="bbox 2065 3343 3649 3415; baseline 0.001 -18"><span class='ocrx_word' id='word_1_674' title='bbox 2065 3353 2346 3413; x_wconf 83' lang='lat' dir='ltr'><strong>cogentur.</strong></span> <span class='ocrx_word' id='word_1_675' title='bbox 2389 3345 2691 3414; x_wconf 86' lang='lat' dir='ltr'><strong>Siquidem,</strong></span> <span class='ocrx_word' id='word_1_676' title='bbox 2722 3347 2864 3414; x_wconf 85' lang='lat' dir='ltr'><strong>quod</strong></span> <span class='ocrx_word' id='word_1_677' title='bbox 2896 3343 3139 3411; x_wconf 78' lang='lat' dir='ltr'><strong>procedit.</strong></span> <span class='ocrx_word' id='word_1_678' title='bbox 3170 3361 3235 3398; x_wconf 82' lang='lat' dir='ltr'><strong>ex</strong></span> <span class='ocrx_word' id='word_1_679' title='bbox 3280 3345 3535 3415; x_wconf 76' lang='lat' dir='ltr'><strong>gignente</strong></span> <span class='ocrx_word' id='word_1_680' title='bbox 3567 3359 3649 3400; x_wconf 81' lang='lat' dir='ltr'><strong>est</strong></span> 
     </span>
    </p>
   </div>
   <div class='ocr_carea' id='block_1_94' title="bbox 2065 3435 3652 3508">
    <p class='ocr_par' dir='ltr' id='par_1_94' title="bbox 2065 3435 3652 3508">
     <span class='ocr_line' id='line_1_95' title="bbox 2065 3435 3652 3508; baseline 0.002 -19"><span class='ocrx_word' id='word_1_681' title='bbox 2065 3451 2162 3504; x_wconf 89' lang='lat' dir='ltr'><strong>per</strong></span> <span class='ocrx_word' id='word_1_682' title='bbox 2200 3435 2470 3508; x_wconf 91' lang='lat' dir='ltr'><strong>genitum;</strong></span> <span class='ocrx_word' id='word_1_683' title='bbox 2506 3437 2647 3504; x_wconf 91' lang='lat' dir='ltr'><strong>quod</strong></span> <span class='ocrx_word' id='word_1_684' title='bbox 2690 3446 2869 3490; x_wconf 84' lang='lat' dir='ltr'><strong>autem</strong></span> <span class='ocrx_word' id='word_1_685' title='bbox 2919 3437 3159 3492; x_wconf 86' lang='lat' dir='ltr'><strong>nascitur</strong></span> <span class='ocrx_word' id='word_1_686' title='bbox 3206 3436 3326 3490; x_wconf 89' lang='lat' dir='ltr'><strong>sine</strong></span> <span class='ocrx_word' id='word_1_687' title='bbox 3361 3438 3540 3490; x_wconf 85' lang='lat' dir='ltr'><strong>medio</strong></span> <span class='ocrx_word' id='word_1_688' title='bbox 3586 3453 3652 3492; x_wconf 79' lang='lat' dir='ltr'><strong>ex</strong></span> 
     </span>
    </p>
   </div>
   <div class='ocr_carea' id='block_1_95' title="bbox 2064 3531 3648 3599">
    <p class='ocr_par' dir='ltr' id='par_1_95' title="bbox 2064 3531 3648 3599">
     <span class='ocr_line' id='line_1_96' title="bbox 2064 3531 3648 3599; baseline -0.002 -15"><span class='ocrx_word' id='word_1_689' title='bbox 2064 3539 2380 3598; x_wconf 81' lang='lat' dir='ltr'><strong>generante,</strong></span> <span class='ocrx_word' id='word_1_690' title='bbox 2445 3537 2530 3584; x_wconf 88' lang='lat' dir='ltr'><strong>est</strong></span> <span class='ocrx_word' id='word_1_691' title='bbox 2592 3545 2820 3584; x_wconf 90' lang='lat' dir='ltr'><strong>consors</strong></span> <span class='ocrx_word' id='word_1_692' title='bbox 2885 3531 3190 3584; x_wconf 84' lang='lat' dir='ltr'><strong>secundum</strong></span> <span class='ocrx_word' id='word_1_693' title='bbox 3263 3531 3648 3599; x_wconf 85' lang='lat' dir='ltr'><strong>proprietatem</strong></span> 
     </span>
    </p>
   </div>
   <div class='ocr_carea' id='block_1_96' title="bbox 2064 3624 3211 3691">
    <p class='ocr_par' dir='ltr' id='par_1_96' title="bbox 2064 3624 3211 3691">
     <span class='ocr_line' id='line_1_97' title="bbox 2064 3624 3211 3691; baseline 0.001 -16"><span class='ocrx_word' id='word_1_694' title='bbox 2064 3639 2218 3678; x_wconf 83' lang='lat' dir='ltr'><strong>suam</strong></span> <span class='ocrx_word' id='word_1_695' title='bbox 2257 3632 2610 3691; x_wconf 85' lang='lat' dir='ltr'><strong>paternorum</strong></span> <span class='ocrx_word' id='word_1_696' title='bbox 2649 3624 2890 3676; x_wconf 86' lang='lat' dir='ltr'><strong>omnium</strong></span> <span class='ocrx_word' id='word_1_697' title='bbox 2926 3624 3211 3676; x_wconf 83' lang='lat' dir='ltr'><strong>bonorum.</strong></span> 
     </span>
    </p>
   </div>
   <div class='ocr_carea' id='block_1_97' title="bbox 2136 3715 3647 3784">
    <p class='ocr_par' dir='ltr' id='par_1_97' title="bbox 2136 3715 3647 3784">
     <span class='ocr_line' id='line_1_98' title="bbox 2136 3715 3647 3784; baseline -0.002 -15"><span class='ocrx_word' id='word_1_698' title='bbox 2136 3715 2402 3770; x_wconf 68' lang='lat' dir='ltr'><strong>Praeterea</strong></span> <span class='ocrx_word' id='word_1_699' title='bbox 2426 3757 2440 3780; x_wconf 93' lang='lat'><strong>,</strong></span> <span class='ocrx_word' id='word_1_700' title='bbox 2467 3715 2594 3784; x_wconf 90' lang='lat' dir='ltr'><strong>quia</strong></span> <span class='ocrx_word' id='word_1_701' title='bbox 2653 3715 2855 3770; x_wconf 85' lang='lat' dir='ltr'><strong>dictum</strong></span> <span class='ocrx_word' id='word_1_702' title='bbox 2896 3715 3058 3769; x_wconf 89' lang='lat' dir='ltr'><strong>etiam</strong></span> <span class='ocrx_word' id='word_1_703' title='bbox 3091 3723 3197 3780; x_wconf 90' lang='lat' dir='ltr'><strong>est,</strong></span> <span class='ocrx_word' id='word_1_704' title='bbox 3235 3717 3287 3769; x_wconf 92' lang='lat' dir='ltr'><strong>in</strong></span> <span class='ocrx_word' id='word_1_705' title='bbox 3319 3716 3428 3770; x_wconf 89' lang='lat' dir='ltr'><strong>sola</strong></span> <span class='ocrx_word' id='word_1_706' title='bbox 3462 3732 3647 3781; x_wconf 84' lang='lat' dir='ltr'><strong>causa,</strong></span> 
     </span>
    </p>
   </div>
   <div class='ocr_carea' id='block_1_98' title="bbox 2062 3809 3639 3875">
    <p class='ocr_par' dir='ltr' id='par_1_98' title="bbox 2062 3809 3639 3875">
     <span class='ocr_line' id='line_1_99' title="bbox 2062 3809 3639 3875; baseline -0.003 -11"><span class='ocrx_word' id='word_1_707' title='bbox 2062 3819 2115 3864; x_wconf 92' lang='lat' dir='ltr'><strong>et</strong></span> <span class='ocrx_word' id='word_1_708' title='bbox 2165 3809 2372 3864; x_wconf 88' lang='lat' dir='ltr'><strong>causali</strong></span> <span class='ocrx_word' id='word_1_709' title='bbox 2419 3809 2635 3863; x_wconf 88' lang='lat' dir='ltr'><strong>divinas</strong></span> <span class='ocrx_word' id='word_1_710' title='bbox 2679 3809 2914 3862; x_wconf 74' lang='lat' dir='ltr'><strong>discerni</strong></span> <span class='ocrx_word' id='word_1_711' title='bbox 2969 3823 3246 3875; x_wconf 89' lang='lat' dir='ltr'><strong>personas.</strong></span> <span class='ocrx_word' id='word_1_712' title='bbox 3310 3809 3372 3862; x_wconf 82' lang='lat' dir='ltr'><strong>Et</strong></span> <span class='ocrx_word' id='word_1_713' title='bbox 3412 3811 3510 3862; x_wconf 83' lang='lat' dir='ltr'><strong>hoe</strong></span> <span class='ocrx_word' id='word_1_714' title='bbox 3542 3826 3639 3861; x_wconf 82' lang='lat' dir='ltr'><strong>au-</strong></span> 
     </span>
    </p>
   </div>
   <div class='ocr_carea' id='block_1_99' title="bbox 2066 3899 3649 3973">
    <p class='ocr_par' dir='ltr' id='par_1_99' title="bbox 2066 3899 3649 3973">
     <span class='ocr_line' id='line_1_100' title="bbox 2066 3899 3649 3973; baseline -0.001 -15"><span class='ocrx_word' id='word_1_715' title='bbox 2066 3914 2171 3958; x_wconf 88' lang='lat' dir='ltr'><strong>tem</strong></span> <span class='ocrx_word' id='word_1_716' title='bbox 2212 3903 2434 3973; x_wconf 89' lang='lat' dir='ltr'><strong>quidam</strong></span> <span class='ocrx_word' id='word_1_717' title='bbox 2476 3914 2666 3956; x_wconf 89' lang='lat' dir='ltr'><strong>contra</strong></span> <span class='ocrx_word' id='word_1_718' title='bbox 2715 3899 2988 3955; x_wconf 86' lang='lat' dir='ltr'><strong>inferunt:</strong></span> <span class='ocrx_word' id='word_1_719' title='bbox 3022 3901 3304 3970; x_wconf 79' lang='lat' dir='ltr'><strong>quoniam,</strong></span> <span class='ocrx_word' id='word_1_720' title='bbox 3347 3908 3391 3956; x_wconf 87' lang='lat' dir='ltr'><strong>si</strong></span> <span class='ocrx_word' id='word_1_721' title='bbox 3429 3903 3649 3972; x_wconf 82' lang='lat' dir='ltr'><strong>quidem</strong></span> 
     </span>
    </p>
   </div>
   <div class='ocr_carea' id='block_1_100' title="bbox 2061 3991 3646 4064">
    <p class='ocr_par' dir='ltr' id='par_1_100' title="bbox 2061 3991 3646 4064">
     <span class='ocr_line' id='line_1_101' title="bbox 2061 3991 3646 4064; baseline 0 -15"><span class='ocrx_word' id='word_1_722' title='bbox 2061 3995 2234 4050; x_wconf 90' lang='lat' dir='ltr'><strong>Filius</strong></span> <span class='ocrx_word' id='word_1_723' title='bbox 2287 4008 2450 4048; x_wconf 87' lang='lat' dir='ltr'><strong>causa</strong></span> <span class='ocrx_word' id='word_1_724' title='bbox 2500 3991 2676 4047; x_wconf 88' lang='lat' dir='ltr'><strong>sancti</strong></span> <span class='ocrx_word' id='word_1_725' title='bbox 2727 3991 2966 4060; x_wconf 83' lang='lat' dir='ltr'><strong>Spiritus</strong></span> <span class='ocrx_word' id='word_1_726' title='bbox 3013 4001 3115 4057; x_wconf 89' lang='lat' dir='ltr'><strong>est,</strong></span> <span class='ocrx_word' id='word_1_727' title='bbox 3171 3993 3446 4064; x_wconf 89' lang='lat' dir='ltr'><strong>habetque</strong></span> <span class='ocrx_word' id='word_1_728' title='bbox 3513 3995 3564 4049; x_wconf 92' lang='lat' dir='ltr'><strong>id</strong></span> <span class='ocrx_word' id='word_1_729' title='bbox 3618 4013 3646 4049; x_wconf 87' lang='lat' dir='ltr'><strong>a</strong></span> 
     </span>
    </p>
   </div>
   <div class='ocr_carea' id='block_1_101' title="bbox 2062 4086 3649 4162">
    <p class='ocr_par' dir='ltr' id='par_1_101' title="bbox 2062 4086 3649 4162">
     <span class='ocr_line' id='line_1_102' title="bbox 2062 4086 3649 4162; baseline -0.001 -17"><span class='ocrx_word' id='word_1_730' title='bbox 2062 4089 2226 4146; x_wconf 85' lang='lat' dir='ltr'><strong>Patre</strong></span> <span class='ocrx_word' id='word_1_731' title='bbox 2266 4100 2517 4154; x_wconf 89' lang='lat' dir='ltr'><strong>sumens,</strong></span> <span class='ocrx_word' id='word_1_732' title='bbox 2567 4089 2748 4144; x_wconf 87' lang='lat' dir='ltr'><strong>sancti</strong></span> <span class='ocrx_word' id='word_1_733' title='bbox 2786 4086 3042 4157; x_wconf 82' lang='lat' dir='ltr'><strong>Spiritus.</strong></span> <span class='ocrx_word' id='word_1_734' title='bbox 3071 4105 3237 4143; x_wconf 89' lang='lat' dir='ltr'><strong>causa</strong></span> <span class='ocrx_word' id='word_1_735' title='bbox 3281 4106 3401 4145; x_wconf 89' lang='lat' dir='ltr'><strong>csse</strong></span> <span class='ocrx_word' id='word_1_736' title='bbox 3451 4093 3649 4162; x_wconf 73' lang='lat' dir='ltr'><strong>prrein-</strong></span> 
     </span>
    </p>
   </div>
   <div class='ocr_carea' id='block_1_102' title="bbox 2062 4181 3320 4253">
    <p class='ocr_par' dir='ltr' id='par_1_102' title="bbox 2062 4181 3320 4253">
     <span class='ocr_line' id='line_1_103' title="bbox 2062 4181 3320 4253; baseline -0.001 -16"><span class='ocrx_word' id='word_1_737' title='bbox 2062 4182 2333 4253; x_wconf 86' lang='lat' dir='ltr'><strong>telligetur</strong></span> <span class='ocrx_word' id='word_1_738' title='bbox 2376 4183 2429 4237; x_wconf 89' lang='lat' dir='ltr'><strong>in</strong></span> <span class='ocrx_word' id='word_1_739' title='bbox 2491 4181 2674 4244; x_wconf 86' lang='lat' dir='ltr'><strong>Patre,</strong></span> <span class='ocrx_word' id='word_1_740' title='bbox 2722 4181 2915 4237; x_wconf 86' lang='lat' dir='ltr'><strong>saltem</strong></span> <span class='ocrx_word' id='word_1_741' title='bbox 2962 4181 3320 4251; x_wconf 73' lang='lat' dir='ltr'><strong>cogitatione.</strong></span> 
     </span>
    </p>
   </div>
   <div class='ocr_carea' id='block_1_103' title="bbox 2132 4274 3646 4343">
    <p class='ocr_par' dir='ltr' id='par_1_103' title="bbox 2132 4274 3646 4343">
     <span class='ocr_line' id='line_1_104' title="bbox 2132 4274 3646 4343; baseline -0.001 -13"><span class='ocrx_word' id='word_1_742' title='bbox 2132 4276 2294 4331; x_wconf 86' lang='lat' dir='ltr'><strong>Pater</strong></span> <span class='ocrx_word' id='word_1_743' title='bbox 2322 4276 2506 4343; x_wconf 90' lang='lat' dir='ltr'><strong>itaque</strong></span> <span class='ocrx_word' id='word_1_744' title='bbox 2556 4285 2683 4328; x_wconf 87' lang='lat' dir='ltr'><strong>ante</strong></span> <span class='ocrx_word' id='word_1_745' title='bbox 2749 4275 3098 4342; x_wconf 76' lang='lat' dir='ltr'><strong>cogitabitur,</strong></span> <span class='ocrx_word' id='word_1_746' title='bbox 3145 4291 3307 4343; x_wconf 89' lang='lat' dir='ltr'><strong>quam</strong></span> <span class='ocrx_word' id='word_1_747' title='bbox 3350 4274 3521 4330; x_wconf 87' lang='lat' dir='ltr'><strong>Filius</strong></span> <span class='ocrx_word' id='word_1_748' title='bbox 3561 4277 3646 4328; x_wconf 81' lang='lat' dir='ltr'><strong>iu-</strong></span> 
     </span>
    </p>
   </div>
   <div class='ocr_carea' id='block_1_104' title="bbox 2060 4365 3652 4436">
    <p class='ocr_par' dir='ltr' id='par_1_104' title="bbox 2060 4365 3652 4436">
     <span class='ocr_line' id='line_1_105' title="bbox 2060 4365 3652 4436; baseline -0.001 -15"><span class='ocrx_word' id='word_1_749' title='bbox 2060 4367 2276 4436; x_wconf 83' lang='lat' dir='ltr'><strong>spirans</strong></span> <span class='ocrx_word' id='word_1_750' title='bbox 2301 4366 2560 4436; x_wconf 88' lang='lat' dir='ltr'><strong>Spiritum</strong></span> <span class='ocrx_word' id='word_1_751' title='bbox 2604 4376 2878 4431; x_wconf 85' lang='lat' dir='ltr'><strong>sanctum,</strong></span> <span class='ocrx_word' id='word_1_752' title='bbox 2911 4367 3004 4421; x_wconf 89' lang='lat' dir='ltr'><strong>sed</strong></span> <span class='ocrx_word' id='word_1_753' title='bbox 3036 4367 3380 4436; x_wconf 85' lang='lat' dir='ltr'><strong>productioni</strong></span> <span class='ocrx_word' id='word_1_754' title='bbox 3413 4365 3652 4436; x_wconf 84' lang='lat' dir='ltr'><strong>Spiritus</strong></span> 
     </span>
    </p>
   </div>
   <div class='ocr_carea' id='block_1_105' title="bbox 2061 4458 3647 4528">
    <p class='ocr_par' dir='ltr' id='par_1_105' title="bbox 2061 4458 3647 4528">
     <span class='ocr_line' id='line_1_106' title="bbox 2061 4458 3647 4528; baseline -0.001 -15"><span class='ocrx_word' id='word_1_755' title='bbox 2061 4475 2128 4513; x_wconf 79' lang='lat' dir='ltr'><strong>ex</strong></span> <span class='ocrx_word' id='word_1_756' title='bbox 2182 4459 2344 4514; x_wconf 88' lang='lat' dir='ltr'><strong>Patre</strong></span> <span class='ocrx_word' id='word_1_757' title='bbox 2399 4459 2708 4514; x_wconf 86' lang='lat' dir='ltr'><strong>substantia</strong></span> <span class='ocrx_word' id='word_1_758' title='bbox 2763 4460 2946 4514; x_wconf 82' lang='lat' dir='ltr'><strong>Sancti</strong></span> <span class='ocrx_word' id='word_1_759' title='bbox 3001 4458 3240 4528; x_wconf 80' lang='lat' dir='ltr'><strong>Spiritus</strong></span> <span class='ocrx_word' id='word_1_760' title='bbox 3312 4475 3647 4512; x_wconf 78' lang='lat' dir='ltr'><strong>concurrens</strong></span> 
     </span>
    </p>
   </div>
   <div class='ocr_carea' id='block_1_106' title="bbox 1990 4549 3640 4622">
    <p class='ocr_par' dir='ltr' id='par_1_106' title="bbox 1990 4549 3640 4622">
     <span class='ocr_line' id='line_1_107' title="bbox 1990 4549 3640 4622; baseline 0 -20"><span class='ocrx_word' id='word_1_761' title='bbox 1990 4549 2030 4602; x_wconf 91' lang='lat' dir='ltr'><strong>D</strong></span> <span class='ocrx_word' id='word_1_762' title='bbox 2060 4563 2142 4605; x_wconf 85' lang='lat' dir='ltr'><strong>est</strong></span> <span class='ocrx_word' id='word_1_763' title='bbox 2176 4569 2190 4606; x_wconf 88' lang='lat'><strong>:</strong></span> <span class='ocrx_word' id='word_1_764' title='bbox 2217 4551 2368 4618; x_wconf 90' lang='lat' dir='ltr'><strong>prius</strong></span> <span class='ocrx_word' id='word_1_765' title='bbox 2391 4566 2542 4620; x_wconf 84' lang='lat' dir='ltr'><strong>ergo,</strong></span> <span class='ocrx_word' id='word_1_766' title='bbox 2577 4568 2741 4622; x_wconf 90' lang='lat' dir='ltr'><strong>quam</strong></span> <span class='ocrx_word' id='word_1_767' title='bbox 2781 4551 3047 4620; x_wconf 88' lang='lat' dir='ltr'><strong>inspirare</strong></span> <span class='ocrx_word' id='word_1_768' title='bbox 3078 4549 3248 4604; x_wconf 88' lang='lat' dir='ltr'><strong>Filius</strong></span> <span class='ocrx_word' id='word_1_769' title='bbox 3280 4550 3640 4620; x_wconf 73' lang='lat' dir='ltr'><strong>intelligatur.</strong></span> 
     </span>
    </p>
   </div>
   <div class='ocr_carea' id='block_1_107' title="bbox 2059 4643 3640 4711">
    <p class='ocr_par' dir='ltr' id='par_1_107' title="bbox 2059 4643 3640 4711">
     <span class='ocr_line' id='line_1_108' title="bbox 2059 4643 3640 4711; baseline -0.003 -13"><span class='ocrx_word' id='word_1_770' title='bbox 2059 4643 2310 4698; x_wconf 91' lang='lat' dir='ltr'><strong>subsistit</strong></span> <span class='ocrx_word' id='word_1_771' title='bbox 2355 4643 2596 4711; x_wconf 85' lang='lat' dir='ltr'><strong>Spiritus</strong></span> <span class='ocrx_word' id='word_1_772' title='bbox 2641 4652 2888 4704; x_wconf 89' lang='lat' dir='ltr'><strong>sanctus,</strong></span> <span class='ocrx_word' id='word_1_773' title='bbox 2930 4649 2985 4695; x_wconf 89' lang='lat' dir='ltr'><strong>et</strong></span> <span class='ocrx_word' id='word_1_774' title='bbox 3037 4655 3132 4710; x_wconf 88' lang='lat' dir='ltr'><strong>per</strong></span> <span class='ocrx_word' id='word_1_775' title='bbox 3180 4643 3640 4707; x_wconf 87' lang='lat' dir='ltr'><strong>consequens,ab</strong></span> 
     </span>
    </p>
   </div>
   <div class='ocr_carea' id='block_1_108' title="bbox 2057 4729 3636 4805">
    <p class='ocr_par' dir='ltr' id='par_1_108' title="bbox 2057 4729 3636 4805">
     <span class='ocr_line' id='line_1_109' title="bbox 2057 4729 3636 4805; baseline -0.003 -16"><span class='ocrx_word' id='word_1_776' title='bbox 2057 4737 2176 4805; x_wconf 88' lang='lat' dir='ltr'><strong>ipso</strong></span> <span class='ocrx_word' id='word_1_777' title='bbox 2228 4734 2581 4790; x_wconf 91' lang='lat' dir='ltr'><strong>discernitur.</strong></span> <span class='ocrx_word' id='word_1_778' title='bbox 2633 4733 2786 4787; x_wconf 84' lang='lat' dir='ltr'><strong>Prius</strong></span> <span class='ocrx_word' id='word_1_779' title='bbox 2840 4741 3061 4796; x_wconf 87' lang='lat' dir='ltr'><strong>autem,</strong></span> <span class='ocrx_word' id='word_1_780' title='bbox 3107 4729 3270 4799; x_wconf 82' lang='lat' dir='ltr'><strong>quam</strong></span> <span class='ocrx_word' id='word_1_781' title='bbox 3340 4731 3636 4798; x_wconf 85' lang='lat' dir='ltr'><strong>inspiraret</strong></span> 
     </span>
    </p>
   </div>
   <div class='ocr_carea' id='block_1_109' title="bbox 2061 4807 3644 4894">
    <p class='ocr_par' dir='ltr' id='par_1_109' title="bbox 2061 4807 3644 4894">
     <span class='ocr_line' id='line_1_110' title="bbox 2061 4807 3644 4894; baseline -0.006 -14"><span class='ocrx_word' id='word_1_782' title='bbox 2061 4827 2253 4894; x_wconf 84' lang='lat' dir='ltr'><strong>Filius,</strong></span> <span class='ocrx_word' id='word_1_783' title='bbox 2287 4826 2460 4881; x_wconf 83' lang='lat' dir='ltr'><strong>Filius</strong></span> <span class='ocrx_word' id='word_1_784' title='bbox 2503 4833 2713 4877; x_wconf 90' lang='lat' dir='ltr'><strong>tantum</strong></span> <span class='ocrx_word' id='word_1_785' title='bbox 2755 4833 2890 4886; x_wconf 87' lang='lat' dir='ltr'><strong>erat,</strong></span> <span class='ocrx_word' id='word_1_786' title='bbox 2941 4831 2996 4875; x_wconf 91' lang='lat' dir='ltr'><strong>et</strong></span> <span class='ocrx_word' id='word_1_787' title='bbox 3040 4837 3142 4873; x_wconf 89' lang='lat' dir='ltr'><strong>non</strong></span> <span class='ocrx_word' id='word_1_788' title='bbox 3175 4821 3494 4888; x_wconf 87' lang='lat' dir='ltr'><strong>productur.</strong></span> <span class='ocrx_word' id='word_1_789' title='bbox 3535 4807 3644 4872; x_wconf 66' lang='lat' dir='ltr'><strong>na‘-</strong></span> 
     </span>
    </p>
   </div>
   <div class='ocr_carea' id='block_1_110' title="bbox 2055 4912 3639 4988">
    <p class='ocr_par' dir='ltr' id='par_1_110' title="bbox 2055 4912 3639 4988">
     <span class='ocr_line' id='line_1_111' title="bbox 2055 4912 3639 4988; baseline -0.006 -15"><span class='ocrx_word' id='word_1_790' title='bbox 2055 4933 2161 4988; x_wconf 86' lang='lat' dir='ltr'><strong>que</strong></span> <span class='ocrx_word' id='word_1_791' title='bbox 2199 4929 2252 4973; x_wconf 90' lang='lat' dir='ltr'><strong>et</strong></span> <span class='ocrx_word' id='word_1_792' title='bbox 2305 4921 2350 4972; x_wconf 89' lang='lat' dir='ltr'><strong>si</strong></span> <span class='ocrx_word' id='word_1_793' title='bbox 2405 4933 2508 4969; x_wconf 92' lang='lat' dir='ltr'><strong>non</strong></span> <span class='ocrx_word' id='word_1_794' title='bbox 2552 4917 2621 4969; x_wconf 87' lang='lat' dir='ltr'><strong>sit</strong></span> <span class='ocrx_word' id='word_1_795' title='bbox 2671 4930 2834 4969; x_wconf 88' lang='lat' dir='ltr'><strong>causa</strong></span> <span class='ocrx_word' id='word_1_796' title='bbox 2887 4912 3077 4974; x_wconf 79' lang='lat' dir='ltr'><strong>Filius,</strong></span> <span class='ocrx_word' id='word_1_797' title='bbox 3116 4929 3144 4964; x_wconf 85' lang='lat' dir='ltr'><strong>a</strong></span> <span class='ocrx_word' id='word_1_798' title='bbox 3198 4913 3401 4982; x_wconf 80' lang='lat' dir='ltr'><strong>Spiritu</strong></span> <span class='ocrx_word' id='word_1_799' title='bbox 3447 4921 3639 4966; x_wconf 73' lang='lat' dir='ltr'><strong>sancto</strong></span> 
     </span>
    </p>
   </div>
   <div class='ocr_carea' id='block_1_111' title="bbox 2055 5012 2414 5066">
    <p class='ocr_par' dir='ltr' id='par_1_111' title="bbox 2055 5012 2414 5066">
     <span class='ocr_line' id='line_1_112' title="bbox 2055 5012 2414 5066; baseline -0.011 0"><span class='ocrx_word' id='word_1_800' title='bbox 2055 5012 2414 5066; x_wconf 82' lang='lat' dir='ltr'><strong>discernetur.</strong></span> 
     </span>
    </p>
   </div>
   <div class='ocr_carea' id='block_1_112' title="bbox 2127 5097 3678 5170">
    <p class='ocr_par' dir='ltr' id='par_1_112' title="bbox 2127 5097 3678 5170">
     <span class='ocr_line' id='line_1_113' title="bbox 2127 5097 3678 5170; baseline -0.008 -10"><span class='ocrx_word' id='word_1_801' title='bbox 2127 5103 2351 5170; x_wconf 83' lang='lat' dir='ltr'><strong>Verum,</strong></span> <span class='ocrx_word' id='word_1_802' title='bbox 2384 5101 2526 5158; x_wconf 88' lang='lat' dir='ltr'><strong>istud</strong></span> <span class='ocrx_word' id='word_1_803' title='bbox 2555 5117 2769 5170; x_wconf 89' lang='lat' dir='ltr'><strong>quoque</strong></span> <span class='ocrx_word' id='word_1_804' title='bbox 2795 5097 3149 5163; x_wconf 84' lang='lat' dir='ltr'><strong>imbecillum,</strong></span> <span class='ocrx_word' id='word_1_805' title='bbox 3205 5112 3267 5152; x_wconf 88' lang='lat' dir='ltr'><strong>ea</strong></span> <span class='ocrx_word' id='word_1_806' title='bbox 3302 5108 3385 5152; x_wconf 89' lang='lat' dir='ltr'><strong>cst</strong></span> <span class='ocrx_word' id='word_1_807' title='bbox 3413 5098 3678 5158; x_wconf 83' lang='lat' dir='ltr'><strong>ratione,-</strong></span> 
     </span>
    </p>
   </div>
   <div class='ocr_carea' id='block_1_113' title="bbox 2056 5190 3648 5266">
    <p class='ocr_par' dir='ltr' id='par_1_113' title="bbox 2056 5190 3648 5266">
     <span class='ocr_line' id='line_1_114' title="bbox 2056 5190 3648 5266; baseline -0.006 -14"><span class='ocrx_word' id='word_1_808' title='bbox 2056 5197 2201 5266; x_wconf 89' lang='lat' dir='ltr'><strong>quod</strong></span> <span class='ocrx_word' id='word_1_809' title='bbox 2235 5194 2354 5249; x_wconf 85' lang='lat' dir='ltr'><strong>Filii</strong></span> <span class='ocrx_word' id='word_1_810' title='bbox 2384 5209 2450 5248; x_wconf 78' lang='lat' dir='ltr'><strong>ex</strong></span> <span class='ocrx_word' id='word_1_811' title='bbox 2490 5191 2651 5247; x_wconf 87' lang='lat' dir='ltr'><strong>Patre</strong></span> <span class='ocrx_word' id='word_1_812' title='bbox 2683 5192 2933 5246; x_wconf 85' lang='lat' dir='ltr'><strong>nativitas</strong></span> <span class='ocrx_word' id='word_1_813' title='bbox 2965 5191 3192 5258; x_wconf 87' lang='lat' dir='ltr'><strong>primus,</strong></span> <span class='ocrx_word' id='word_1_814' title='bbox 3219 5200 3272 5244; x_wconf 90' lang='lat' dir='ltr'><strong>et</strong></span> <span class='ocrx_word' id='word_1_815' title='bbox 3298 5190 3648 5246; x_wconf 88' lang='lat' dir='ltr'><strong>immediatns</strong></span> 
     </span>
    </p>
   </div>
   <div class='ocr_carea' id='block_1_114' title="bbox 2053 5284 3643 5357">
    <p class='ocr_par' dir='ltr' id='par_1_114' title="bbox 2053 5284 3643 5357">
     <span class='ocr_line' id='line_1_115' title="bbox 2053 5284 3643 5357; baseline -0.008 -13"><span class='ocrx_word' id='word_1_816' title='bbox 2053 5299 2159 5357; x_wconf 90' lang='lat' dir='ltr'><strong>est,</strong></span> <span class='ocrx_word' id='word_1_817' title='bbox 2215 5287 2514 5342; x_wconf 86' lang='lat' dir='ltr'><strong>secundum</strong></span> <span class='ocrx_word' id='word_1_818' title='bbox 2563 5297 2845 5354; x_wconf 84' lang='lat' dir='ltr'><strong>paternam</strong></span> <span class='ocrx_word' id='word_1_819' title='bbox 2897 5284 3284 5354; x_wconf 86' lang='lat' dir='ltr'><strong>proprietatem</strong></span> <span class='ocrx_word' id='word_1_820' title='bbox 3324 5297 3643 5353; x_wconf 73' lang='lat' dir='ltr'><strong>processus,</strong></span> 
     </span>
    </p>
   </div>
   <div class='ocr_carea' id='block_1_115' title="bbox 2056 5374 3636 5447">
    <p class='ocr_par' dir='ltr' id='par_1_115' title="bbox 2056 5374 3636 5447">
     <span class='ocr_line' id='line_1_116' title="bbox 2056 5374 3636 5447; baseline -0.008 -13"><span class='ocrx_word' id='word_1_821' title='bbox 2056 5389 2113 5434; x_wconf 88' lang='lat' dir='ltr'><strong>et</strong></span> <span class='ocrx_word' id='word_1_822' title='bbox 2148 5387 2276 5434; x_wconf 88' lang='lat' dir='ltr'><strong>ante</strong></span> <span class='ocrx_word' id='word_1_823' title='bbox 2334 5377 2743 5447; x_wconf 84' lang='lat' dir='ltr'><strong>processionem</strong></span> <span class='ocrx_word' id='word_1_824' title='bbox 2803 5377 2979 5432; x_wconf 87' lang='lat' dir='ltr'><strong>sancti</strong></span> <span class='ocrx_word' id='word_1_825' title='bbox 3039 5374 3278 5444; x_wconf 83' lang='lat' dir='ltr'><strong>Spiritus</strong></span> <span class='ocrx_word' id='word_1_826' title='bbox 3332 5375 3636 5444; x_wconf 85' lang='lat' dir='ltr'><strong>cogitatur.</strong></span> 
     </span>
    </p>
   </div>
   <div class='ocr_carea' id='block_1_116' title="bbox 2055 5466 3639 5538">
    <p class='ocr_par' dir='ltr' id='par_1_116' title="bbox 2055 5466 3639 5538">
     <span class='ocr_line' id='line_1_117' title="bbox 2055 5466 3639 5538; baseline -0.009 -11"><span class='ocrx_word' id='word_1_827' title='bbox 2055 5473 2158 5527; x_wconf 90' lang='lat' dir='ltr'><strong>Per</strong></span> <span class='ocrx_word' id='word_1_828' title='bbox 2195 5471 2539 5525; x_wconf 89' lang='lat' dir='ltr'><strong>nativitatem</strong></span> <span class='ocrx_word' id='word_1_829' title='bbox 2589 5468 2734 5524; x_wconf 90' lang='lat' dir='ltr'><strong>enim</strong></span> <span class='ocrx_word' id='word_1_830' title='bbox 2787 5468 3063 5538; x_wconf 90' lang='lat' dir='ltr'><strong>processio</strong></span> <span class='ocrx_word' id='word_1_831' title='bbox 3103 5477 3208 5532; x_wconf 91' lang='lat' dir='ltr'><strong>est;</strong></span> <span class='ocrx_word' id='word_1_832' title='bbox 3253 5466 3397 5534; x_wconf 86' lang='lat' dir='ltr'><strong>quia.</strong></span> <span class='ocrx_word' id='word_1_833' title='bbox 3457 5474 3507 5518; x_wconf 85' lang='lat' dir='ltr'><strong>et</strong></span> <span class='ocrx_word' id='word_1_834' title='bbox 3543 5478 3639 5532; x_wconf 84' lang='lat' dir='ltr'><strong>per</strong></span> 
     </span>
    </p>
   </div>
   <div class='ocr_carea' id='block_1_117' title="bbox 2052 5558 3702 5633">
    <p class='ocr_par' dir='ltr' id='par_1_117' title="bbox 2052 5558 3702 5633">
     <span class='ocr_line' id='line_1_118' title="bbox 2052 5558 3702 5633; baseline -0.007 -15"><span class='ocrx_word' id='word_1_835' title='bbox 2052 5563 2247 5620; x_wconf 86' lang='lat' dir='ltr'><strong>Filium</strong></span> <span class='ocrx_word' id='word_1_836' title='bbox 2291 5563 2552 5633; x_wconf 86' lang='lat' dir='ltr'><strong>Spiritus,</strong></span> <span class='ocrx_word' id='word_1_837' title='bbox 2607 5561 3065 5632; x_wconf 88' lang='lat' dir='ltr'><strong>procedentisque</strong></span> <span class='ocrx_word' id='word_1_838' title='bbox 3117 5558 3382 5612; x_wconf 88' lang='lat' dir='ltr'><strong>terminus</strong></span> <span class='ocrx_word' id='word_1_839' title='bbox 3413 5572 3508 5624; x_wconf 90' lang='lat' dir='ltr'><strong>per</strong></span> <span class='ocrx_word' id='word_1_840' title='bbox 3539 5573 3634 5622; x_wconf 59' lang='grc' dir='ltr'>,τεο</span> <span class='ocrx_word' id='word_1_841' title='bbox 3695 5601 3702 5606; x_wconf 93' lang='grc'><em>.</em></span> 
     </span>
    </p>
   </div>
   <div class='ocr_carea' id='block_1_118' title="bbox 2053 5645 3638 5715">
    <p class='ocr_par' dir='ltr' id='par_1_118' title="bbox 2053 5645 3638 5715">
     <span class='ocr_line' id='line_1_119' title="bbox 2053 5645 3638 5715; baseline -0.007 -5"><span class='ocrx_word' id='word_1_842' title='bbox 2053 5657 2228 5710; x_wconf 82' lang='lat' dir='ltr'><strong>nilum</strong></span> <span class='ocrx_word' id='word_1_843' title='bbox 2279 5669 2401 5710; x_wconf 88' lang='lat' dir='ltr'><strong>esse</strong></span> <span class='ocrx_word' id='word_1_844' title='bbox 2441 5663 2775 5708; x_wconf 82' lang='lat' dir='ltr'><strong>monstratus</strong></span> <span class='ocrx_word' id='word_1_845' title='bbox 2819 5663 2917 5707; x_wconf 76' lang='lat' dir='ltr'><strong>est.</strong></span> <span class='ocrx_word' id='word_1_846' title='bbox 2979 5649 3244 5715; x_wconf 82' lang='lat' dir='ltr'><strong>Quoniam</strong></span> <span class='ocrx_word' id='word_1_847' title='bbox 3287 5661 3414 5700; x_wconf 87' lang='lat' dir='ltr'><strong>vero</strong></span> <span class='ocrx_word' id='word_1_848' title='bbox 3446 5645 3638 5706; x_wconf 88' lang='lat' dir='ltr'><strong>Filius,</strong></span> 
     </span>
    </p>
   </div>
   <div class='ocr_carea' id='block_1_119' title="bbox 2054 5740 3634 5817">
    <p class='ocr_par' dir='ltr' id='par_1_119' title="bbox 2054 5740 3634 5817">
     <span class='ocr_line' id='line_1_120' title="bbox 2054 5740 3634 5817; baseline -0.008 -16"><span class='ocrx_word' id='word_1_849' title='bbox 2054 5747 2107 5801; x_wconf 90' lang='lat' dir='ltr'><strong>in</strong></span> <span class='ocrx_word' id='word_1_850' title='bbox 2143 5756 2410 5817; x_wconf 81' lang='lat' dir='ltr'><strong>quantum</strong></span> <span class='ocrx_word' id='word_1_851' title='bbox 2454 5745 2646 5810; x_wconf 87' lang='lat' dir='ltr'><strong>Filius,</strong></span> <span class='ocrx_word' id='word_1_852' title='bbox 2703 5752 3055 5813; x_wconf 86' lang='lat' dir='ltr'><strong>paternorum</strong></span> <span class='ocrx_word' id='word_1_853' title='bbox 3087 5741 3351 5794; x_wconf 88' lang='lat' dir='ltr'><strong>bonorum</strong></span> <span class='ocrx_word' id='word_1_854' title='bbox 3390 5740 3634 5792; x_wconf 90' lang='lat' dir='ltr'><strong>omnium</strong></span> 
     </span>
    </p>
   </div>
   <div class='ocr_carea' id='block_1_120' title="bbox 2052 5831 3638 5906">
    <p class='ocr_par' dir='ltr' id='par_1_120' title="bbox 2052 5831 3638 5906">
     <span class='ocr_line' id='line_1_121' title="bbox 2052 5831 3638 5906; baseline -0.01 -11"><span class='ocrx_word' id='word_1_855' title='bbox 2052 5849 2132 5895; x_wconf 73' lang='lat' dir='ltr'><strong>est</strong></span> <span class='ocrx_word' id='word_1_856' title='bbox 2185 5841 2396 5900; x_wconf 67' lang='lat' dir='ltr'><strong>hmres,’</strong></span> <span class='ocrx_word' id='word_1_857' title='bbox 2442 5849 2494 5894; x_wconf 87' lang='lat' dir='ltr'><strong>et</strong></span> <span class='ocrx_word' id='word_1_858' title='bbox 2541 5839 2746 5900; x_wconf 66' lang='lat' dir='ltr'><strong>omnii,</strong></span> <span class='ocrx_word' id='word_1_859' title='bbox 2795 5851 2911 5906; x_wconf 78' lang='lat' dir='ltr'><strong>quae</strong></span> <span class='ocrx_word' id='word_1_860' title='bbox 2964 5833 3134 5888; x_wconf 84' lang='lat' dir='ltr'><strong>Patris</strong></span> <span class='ocrx_word' id='word_1_861' title='bbox 3174 5842 3323 5895; x_wconf 82' lang='lat' dir='ltr'><strong>sunt,</strong></span> <span class='ocrx_word' id='word_1_862' title='bbox 3363 5831 3638 5884; x_wconf 82' lang='lat' dir='ltr'><strong>nascendo</strong></span> 
     </span>
    </p>
   </div>
  </div>
