4106 6474
473 330 581 400 155

1741 335 2140 400 MANUELIS
2183 337 2491 399 CALECAZ

3648 335 3745 405 15-6

463 449 687 517 accipit,
721 445 990 518 gignendo
1033 447 1279 517 profecto
1323 447 1483 502 Pater
1521 445 1657 501 Filio
1693 444 1907 500 initium
1957 455 2060 510 est,
2101 449 2142 506 Α
2173 445 2542 502 substantiam
2584 414 2786 502 habere
2837 443 3098 516 Spiritum
3141 445 3402 504 Sanctum
3444 451 3586 519 quod
3621 453 3750 509 dici.

465 540 635 594 etiam
690 547 748 593 ut
795 539 867 594 sit
907 541 1082 595 sancti
1125 538 1366 610 Spiritus
1406 554 1598 596 causa.
1629 537 1850 608 itaque,
1891 538 1934 594 si
1970 551 2064 606 per

469 625 814 681 nativitatem
840 642 1018 693 suam,
1045 637 1103 682 ut
1125 627 1362 691 initium,
1388 639 1440 682 et
1464 641 1628 681 causa
1666 627 1902 682 Sanctus
1937 624 2064 693 Spi-

475 721 614 776 ritus
665 721 736 776 sit
793 720 983 787 Filius,
1031 721 1203 776 Pater
1242 719 1379 776 Filio
1414 719 1859 783 communicabit,
1904 717 2064 772 simul

469 827 594 866 cum
649 812 782 868 Filio
813 813 915 869 hoc
974 813 1228 878 habebit,
1270 821 1324 866 et
1377 827 1552 883 neque
1617 812 1732 881 ipse
1782 810 1902 866 sine
1928 807 2066 864 Filio

477 905 754 974 inspirare
793 906 1130 974 intelligetur
1157 905 1423 975 Spiritum
1469 905 1750 959 Sanctum.
1774 904 1882 958 Aut
1919 900 2064 956 enim

475 1013 652 1067 neque
703 1013 771 1052 ex
834 996 998 1053 Patre
1062 1008 1170 1061 est,
1227 999 1272 1053 si
1323 998 1428 1051 dici
1474 996 1559 1052 fas
1619 996 1711 1058 sit,
1755 1004 1849 1048 aut
1899 993 2063 1049 etiam

483 1105 582 1157 per
628 1089 848 1157 Filium,
897 1101 1062 1161 atque
1111 1107 1179 1147 ex
1221 1089 1362 1146 Filio
1417 1098 1543 1146 est:
1583 1089 1785 1160 quippe
1835 1089 1939 1142 hoc
1981 1095 2068 1141 est

476 1183 814 1250 procedentis
850 1185 1010 1238 ratio.
1051 1184 1120 1239 Et
1156 1193 1452 1253 antequam
1490 1183 1730 1249 Spiritus
1794 1180 2067 1250 cogitetur

481 1286 548 1324 ex
607 1272 764 1337 Filio,
819 1273 931 1344 jam
973 1274 1119 1330 hunc
1164 1275 1466 1345 producere
1516 1272 1684 1328 Filius
1728 1287 1851 1327 cum
1901 1272 2065 1326 Patre

483 1363 648 1417 habet
682 1379 712 1418 a
747 1364 911 1420 Patre
938 1367 1180 1434 genitus,
1215 1366 1451 1421 maxime
1485 1380 1608 1420 cum
1657 1373 1712 1419 et
1761 1363 2067 1433 productor

477 1470 574 1525 per
614 1456 849 1512 Verbum
893 1459 1108 1513 dicatur
1150 1458 1332 1514 Pater.
1394 1458 1452 1513 Si
1499 1457 1718 1526 quidem
1770 1457 1915 1512 enim
1949 1471 2070 1525 pro—

477 1549 734 1602 ducendo
760 1548 922 1604 Pater
952 1549 1092 1606 Filio
1121 1564 1346 1606 causam
1408 1550 1650 1620 Spiritus
1682 1550 1863 1616 daret,
1897 1547 2070 1604 Filius

481 1639 726 1706 porfecto
755 1650 882 1695 ante
909 1656 1130 1696 causam
1165 1643 1524 1711 cogitaretur,
1553 1644 1856 1699 secundum
1905 1658 2065 1711 quam

485 1729 727 1800 Spiritus
753 1716 1000 1803 procedit
1041 1749 1068 1787 a
1098 1733 1263 1792 Filio.
1300 1736 1453 1790 Nunc
1493 1748 1669 1790 autem
1693 1736 1963 1807 gignendo
1988 1746 2069 1791 est

488 1824 650 1879 Pater
680 1825 896 1880 initium
924 1825 1085 1893 Filio,
1118 1837 1175 1881 ut
1211 1829 1282 1882 sit
1306 1839 1527 1883 sanctus
1555 1805 1790 1899 Spiritus
1817 1843 2002 1890 causa,
2024 1833 2078 1882 et
2111 1805 2150 1860 Β

493 1934 589 1985 per
625 1917 820 1972 Filium
863 1935 1026 1974 causa
1075 1920 1249 1975 sancti
1291 1919 1528 1988 Spiritus
1569 1929 1674 1984 est,
1727 1919 1856 1988 quia
1910 1929 1964 1974 et
2014 1935 2078 1972 ex

490 2010 610 2077 ipso
638 2025 733 2079 per
782 2009 980 2065 Filium
1013 2013 1258 2077 procedit
1305 2010 1844 2082 SpiriIuS'Sanctus.
1891 2010 2080 2079 Itaque

490 2104 652 2157 Pater
684 2111 737 2156 et
778 2101 972 2170 Filius,
1042 2104 1200 2174 quasi
1234 2119 1402 2158 unum
1434 2103 1762 2173 principium
1797 2111 1927 2156 ante
1959 2100 2081 2171 Spi-

491 2193 662 2247 ritum
713 2191 974 2248 Sanetum
1017 2194 1308 2263 cogitatur.

564 2286 1033 2352 Quemadmodum
1059 2288 1222 2357 igitur
1246 2290 1415 2343 solem
1442 2287 1738 2343 calefacere
1761 2287 1880 2342 sine
1907 2288 2081 2351 radio,

492 2377 732 2446 cogitare
773 2391 879 2430 non
922 2393 1232 2446 possumus,
1293 2393 1474 2448 neque
1514 2380 1634 2433 sine
1683 2377 1892 2449 fulgore
1924 2378 2071 2433 calo-

495 2485 636 2531 rem,
687 2469 763 2524 ita
814 2484 990 2538 neque
1044 2471 1160 2524 sine
1208 2469 1347 2523 Filio
1393 2470 1795 2540 processionem
1850 2470 2081 2538 cogitari

497 2560 758 2629 possibile
791 2569 910 2625 est;
965 2561 1161 2630 quippe
1211 2561 1351 2614 ratio
1398 2559 1747 2628 procedentis
1795 2571 1900 2626 est,
1955 2574 2082 2615 esse

498 2669 564 2705 ex
613 2653 870 2723 gignente
915 2667 1012 2720 per
1045 2653 1307 2720 genitum.
1359 2651 1422 2706 Et
1472 2653 1614 2708 sicut
1668 2652 1748 2708 sol
1795 2661 1850 2708 et
1883 2650 2086 2718 radius,

501 2758 672 2798 unum
730 2745 1085 2799 calefaciendi
1139 2745 1462 2814 principium
1513 2753 1634 2810 est,
1689 2745 1759 2799 ita
1812 2744 1972 2800 Pater
2033 2753 2089 2800 et

501 2832 675 2890 Filius
740 2850 907 2890 unum
963 2835 1201 2905 Spiritus
1259 2837 1430 2893 sancti
1485 2837 1838 2908 principium,
1890 2853 2088 2893 secun-

501 2927 632 2980 dum
675 2927 899 2981 unicum
947 2927 1084 2996 ejus,
1139 2927 1554 2998 simplicemque
1604 2944 1918 2998 processum
1979 2937 2090 2983 tra-

503 3017 692 3084 ditur;
731 3028 944 3073 servata
999 3019 1210 3075 scilicet
1257 3021 1621 3090 paternitatis,
1681 3022 2090 3092 nativitatisque

2181 549 2288 602 tur,
2341 552 2529 593 verum
2565 553 2711 604 esse,
2747 537 2855 604 hic,
2904 553 3027 608 quae
3077 539 3336 608 praedicta
3385 550 3532 607 sunt,
3565 557 3755 614 suppo-

2177 630 2443 686 sitiszad
2500 631 2588 686 illa
2644 647 2787 686 nunc
2838 631 3288 702 proficiscamur,
3373 648 3496 704 qua:
3551 637 3753 691 veritati

2177 721 2304 776 huic
2353 736 2576 792 prorsus
2626 722 2879 777 videntur
2913 710 3212 777 adversari.

2246 810 2488 866 Accedat
2540 825 2669 880 ergo
2709 810 2888 882 primo
2948 811 3182 867 Sanctus
3238 801 3480 868 Joannes
3539 811 3756 868 Damasi-

2176 918 2388 960 cenus:
2432 903 2710 974 Spiritum,
2769 904 2967 974 inquit,
3023 903 3154 960 Filii
3211 904 3463 970 dicimus,
3517 921 3583 960 ea:
3623 906 3752 961 Filio

2111 1053 2116 1057 ,
2175 1006 2352 1052 autem
2425 1012 2530 1051 non
2607 996 2856 1063 dicimus,
2910 995 3026 1052 Hoc
3087 995 3170 1063 si,
3224 1008 3281 1052 ut
3341 997 3561 1067 quidem
3619 997 3756 1053 arbi-

2179 1098 2412 1155 trantur,
2473 1088 2527 1142 id
2568 1086 2844 1143 insinuare
2895 1087 3030 1154 vult,
3087 1087 3230 1160 quod
3279 1104 3386 1142 non
3429 1089 3502 1144 sit
3539 1105 3601 1144 ex
3631 1088 3757 1143 Filio

2179 1181 2438 1252 Spiritus,
2475 1194 2650 1250 neque
2705 1195 2802 1248 per
2851 1177 3046 1234 Filium
3096 1180 3462 1236 substantiam
3528 1182 3757 1248 habeat,

2177 1275 2402 1333 omnino
2458 1273 2727 1346 Spiritum
2783 1284 3032 1331 sanctum
3091 1291 3158 1332 ex
3184 1275 3346 1332 Patre
3411 1277 3531 1332 solo
3567 1278 3760 1334 habere

2177 1364 2582 1429 substantiam,
2679 1367 2864 1421 doctor
2931 1363 3225 1435 praeclarus
3308 1367 3609 1422 arbitratus
3661 1376 3757 1423 est.

2176 1459 2289 1516 Hoc
2349 1459 2392 1514 si
2441 1460 2516 1515 ita
2567 1467 2672 1526 est,
2718 1459 2884 1514 etiam
2921 1473 2987 1512 ex
3045 1456 3207 1514 Patre
3239 1473 3361 1515 esse
3407 1459 3527 1514 sine
3568 1454 3790 1544 medim}

2178 1550 2236 1605 Si
2287 1560 2471 1618 autem
2529 1552 2648 1606 sine
2693 1550 2873 1605 medio
2935 1549 3232 1619 producere
3284 1551 3454 1606 etiam
3509 1545 3788 1619 substan-f

2179 1614 2308 1700 tiale
2364 1645 2562 1713 Patris,
2616 1614 3001 1714 propriumque
3040 1643 3159 1711 ejus
3209 1659 3351 1710 esse,
3409 1661 3584 1714 neque
3635 1614 3783 1698 Filio!

2179 1753 2515 1804 commune;
2580 1739 2956 1794 substantialia
3009 1743 3154 1796 enim
3221 1753 3580 1808 personarum
3640 1753 3760 1808 pro-

2182 1832 2321 1904 pria,
2379 1833 2592 1888 caeteris
2633 1834 2855 1887 omnino
2905 1834 3214 1888 communia
3257 1847 3368 1886 non
3429 1840 3600 1894 sunt;
3633 1844 3762 1898 quo-

2182 1927 2345 1981 modo
2402 1925 2566 1993 igitur
2623 1925 2838 1980 Patrem
2905 1925 3289 1996 productorem
3364 1937 3462 1993 per
3531 1921 3757 1976 Verbum

2181 2014 2478 2080 splendiﬁci
2524 2013 2762 2083 Spiritus
2816 2015 3000 2070 dicit?
3053 2013 3324 2085 quomodo
3368 2028 3436 2068 ex
3492 2011 3646 2066 Patre
3673 2024 3761 2078 per

2184 2106 2380 2162 Filium
2466 2106 2763 2176 procedere
2834 2108 3097 2176 Spiritum
3169 2105 3422 2175 plurimis
3479 2104 3613 2159 locis
3668 2115 3760 2156 nos

2185 2199 2418 2253 docuit?
2451 2200 2742 2266 quomodo,
2796 2200 2840 2253 si
2896 2198 3119 2252 multum
3163 2200 3435 2263 ordinem,
3490 2197 3582 2250 vel
3615 2193 3759 2248 habi-

2189 2302 2298 2346 tum
2373 2291 2609 2364 Spiritu-5
2662 2293 2730 2346 ad
2804 2291 3241 2354 Filium-habet,
3315 2292 3496 2345 dixit:
3556 2287 3764 2358 Oportet

2186 2394 2362 2437 autem
2423 2381 2672 2445 Verbum,
2727 2393 2773 2437 et
2839 2383 3104 2450 Spiritum
3157 2382 3369 2436 habere.
3436 2379 3562 2436 Haec
3631 2377 3765 2433 enim

2189 2473 2295 2528 sibi
2368 2472 2600 2527 invicem
2658 2473 2932 2527 contraria
2989 2471 3446 2527 manifestissime
3500 2478 3667 2534 sunt;
3723 2465 3764 2522 si

2189 2566 2334 2619 eriim
2397 2565 2690 2634 productor
2725 2581 2819 2636 per
2873 2563 3135 2630 Verbum,
3185 2579 3487 2634 numquam
3534 2561 3767 2633 profecto

2189 2659 2299 2714 erit
2331 2655 2510 2714 Patris
2545 2658 2904 2714 substantiale
2935 2658 3212 2728 proprium
3245 2657 3578 2728 producere.

2261 2750 2330 2806 At
2365 2750 2408 2806 si
2442 2765 2508 2806 ex
2559 2748 2720 2806 Patre
2763 2750 2880 2805 sine
2910 2750 3108 2813 medio,
3143 2763 3425 2816 nunquam
3458 2763 3554 2817 per
3586 2746 3766 2800 Filium

2193 2843 2510 2912 procederet
2544 2859 2558 2908 ;
2601 2840 2895 2911 procedere
2925 2841 3069 2894 enim
3101 2854 3199 2909 per
3226 2839 3426 2895 Filium
3466 2839 3605 2910 quod
3635 2835 3761 2891 dici-

2195 2942 2304 2999 tur,
2338 2930 2876 2988 mediationemFilii
2918 2932 3181 3003 designat,
3219 2946 3386 3001 quam
3421 2941 3475 2988 et
3515 2930 3771 3002 Nyssenus

2195 3026 2382 3092 tradit,
2417 3035 2472 3080 et
2523 3039 2713 3080 omnes
2761 3039 2867 3078 una
2904 3040 3024 3080 cum
3057 3037 3122 3079 eo
3169 3024 3406 3095 theologi
3459 3022 3770 3088 tertiumque

504 3113 831 3169 diﬁcrentia.
895 3115 1080 3186 Itaque
1145 3131 1320 3186 neque
1383 3133 1459 3178 re.
1525 3132 1702 3186 neque
1755 3118 2162 3219 cogitationeC
2194 3133 2224 3171 a
2256 3117 2415 3174 Patre
2463 3117 2727 3187 Spiritum
2771 3127 3020 3171 sanctum
3067 3117 3371 3172 secundum
3441 3112 3764 3184 personalcm

510 3215 687 3275 potest
746 3207 1017 3277 inspirans
1054 3209 1214 3263 Pater
1254 3209 1371 3263 sine
1425 3207 1563 3263 Filio
1617 3210 1841 3276 intelligi
1894 3231 1906 3266 :
1959 3211 2087 3278 imo,

507 3299 558 3355 si
590 3297 807 3368 quidem
837 3314 902 3354 ex
947 3299 1128 3354 animo
1159 3299 1355 3363 Filius,
1389 3309 1443 3356 et
1486 3302 1817 3370 cegitatione
1851 3303 2091 3368 tollatur,

511 3405 688 3458 neque
722 3391 1126 3460 processionem
1158 3391 1272 3462 jam
1319 3407 1441 3449 esse
1471 3393 1729 3463 possibile
1762 3393 1888 3450 erit.
1945 3393 2095 3451 Unde

508 3472 581 3536 et.
607 3483 810 3536 dictum
856 3491 978 3548 est;
1013 3483 1216 3540 ideirco
1247 3499 1312 3540 ex
1359 3484 1518 3541 Patre
1548 3487 1842 3557 procedere
1872 3489 2093 3555 dicitur,

510 3573 635 3640 quia
666 3590 693 3625 ει
730 3572 869 3627 Filio
900 3583 1004 3629 est.
1055 3574 1213 3641 Quod
1263 3577 1307 3632 si
1337 3580 1676 3649 przecogitari
1724 3579 1905 3637 dictus
1961 3590 2047 3638 est
2078 3623 2095 3645 ,

511 3677 692 3722 tamen
730 3671 881 3738 prius
928 3672 1202 3736 posterius
1233 3686 1340 3725 non
1393 3682 1496 3726 est.
1555 3671 1687 3728 Nam
1735 3682 1790 3728 et
1828 3689 2016 3740 causa,
2044 3683 2098 3730 ct

512 3761 752 3829 causale,
813 3760 1040 3832 Filiique
1101 3763 1377 3828 mediatio,
1446 3778 1510 3818 ac
1573 3779 1667 3833 per
1713 3762 1910 3821 Filium
1956 3782 2098 3834 esse,

516 3871 545 3908 a
592 3855 796 3909 sanctis
848 3854 1050 3910 divinis
1107 3857 1410 3911 rationibus
1460 3858 1713 3913 traditur.
1767 3858 1875 3915 Sed
1917 3868 1973 3915 et
2018 3860 2098 3915 si-

515 3949 648 4014 mul,
705 3957 771 4004 et-
821 3948 1168 4018 conjunctus,
1213 3957 1266 4002 et
1308 3949 1686 4016 inseparabilis
1750 3951 2103 4008 nihilominus

516 4054 615 4107 pro
667 4039 920 4094 confesso
975 4041 1336 4092 asseveratur.
1383 4037 1739 4109 Temporales
1792 4042 1937 4095 enim
1971 4055 2094 4096 mo-

516 4131 652 4184 rulzc
701 4131 756 4184 in
814 4138 1016 4185 aeterna
1059 4131 1164 4184 vita
1223 4129 1400 4186 locum
1455 4146 1561 4185 non
1611 4130 1830 4196 habent,
1891 4141 1952 4186 ut
2029 4133 2107 4186 ait

513 4223 816 4293 Gregorius
875 4221 1283 4293 Nyssenus;eo
1325 4224 1469 4294 quod
1519 4224 1627 4279 illic
1674 4239 1940 4294 nusquam
1971 4235 2106 4281 tem-

521 4314 672 4386 poris
723 4315 794 4369 sit
842 4315 1016 4370 locus.

593 4407 699 4462 Per
749 4408 865 4462 base
927 4423 1058 4478 ergo
1126 4409 1333 4474 omnia,
1378 4408 1690 4482 conficitur,
1751 4411 1893 4478 quod
1948 4411 2104 4466 initio

2201 3210 2444 3264 ordinem
2492 3210 2854 3265 commendat.
2901 3207 3092 3274 Porro,
3148 3209 3264 3264 sine
3293 3209 3494 3273 medio,
3541 3208 3641 3261 hoc
3677 3211 3771 3270 est,

2203 3315 2267 3355 ex
2333 3301 2450 3356 solo
2504 3299 2668 3357 Patre
2726 3315 2870 3368 esse,
2933 3301 3136 3364 dicere,
3201 3300 3315 3355 lucc
3378 3301 3540 3354 simul
3597 3294 3766 3353 omnia

2207 3392 2362 3450 tollit.

2276 3486 2442 3556 Atqui
2496 3499 2602 3540 non
2657 3486 2855 3549 solum,
2906 3494 2966 3538 ut
3013 3481 3232 3552 quidam
3287 3481 3342 3536 id
3389 3484 3590 3539 dictum
3617 3492 3772 3548 espo-

2207 3587 2366 3644 nunt,
2433 3577 2536 3631 sibi
2605 3579 2909 3632 contrarius
2977 3575 3064 3631 hic
3117 3576 3308 3630 doctor
3373 3584 3478 3640 est,
3545 3571 3635 3627 sed
3694 3569 3769 3623 his

2207 3684 2447 3740 quoque,
2504 3669 2594 3739 qui
2647 3675 2773 3724 ante
2843 3667 2992 3721 illum
3051 3665 3292 3730 fuerunt,
3362 3665 3614 3721 Ecclesiae
3669 3674 3774 3714 ma-

2208 3760 2410 3830 gistris.
2459 3759 2534 3814 Illi
2568 3759 2714 3814 enim
2754 3774 2822 3814 ex
2855 3757 3018 3822 Filio,
3059 3765 3226 3826 atque
3259 3771 3325 3811 ex
3388 3759 3507 3828 ejus
3549 3749 3774 3808 essentia

2212 3851 2358 3906 illum
2408 3866 2530 3908 esse
2578 3851 2754 3914 aiunt,
2810 3861 2866 3905 et
2901 3865 2969 3905 ex
3018 3851 3133 3920 ipso
3192 3847 3441 3919 prodire,
3483 3857 3534 3904 et
3563 3861 3591 3901 a
3651 3841 3776 3896 Filio

2210 3944 2438 4007 habere,
2499 3959 2643 4008 esse,
2705 3950 2759 3998 et
2809 3941 2874 3998 ab
2929 3956 2996 3996 eo
3048 3940 3340 4010 procedere
3383 3958 3399 3996 :
3454 3941 3540 3995 ille
3587 3943 3773 3994 autem,

2211 4051 2279 4091 ex
2316 4035 2453 4091 Filio
2507 4050 2615 4090 non
2663 4051 2807 4100 esse,
2865 4050 2969 4090 non
3019 4049 3085 4089 ex
3124 4032 3268 4088 illius
3317 4035 3580 4095 essentia,
3617 4037 3776 4095 neque

2210 4144 2279 4184 ex
2340 4129 2458 4198 ipso
2518 4127 2813 4196 procedere
2867 4126 3018 4182 dicit.
3057 4123 3210 4182 Haec
3265 4133 3448 4181 autem
3508 4119 3777 4179 manifesta

2213 4219 2572 4274 contradictio
2631 4228 2750 4274 est.
2801 4217 2879 4273 Ex
2937 4232 3045 4285 quo
3096 4217 3387 4287 sequitur,
3449 4225 3508 4272 ut
3539 4213 3650 4276 ,vel
3701 4209 3780 4262 hic

2214 4310 2362 4364 solus
2399 4309 2653 4365 Ecclesiae
2688 4310 2949 4380 magister
3000 4319 3303 4376 asseratur,
3339 4309 3600 4376 solusque
3661 4313 3780 4355 san-

2213 4413 2338 4460 ctus
2377 4403 2645 4466 videatur,
2683 4401 2939 4471 neglectis
2973 4410 3050 4456 tot
3101 4401 3305 4456 sanctis
3343 4399 3598 4455 Patribus
3628 4391 3782 4462 (pigel

521 4500 854 4570 propositum
903 4499 1027 4566 fuit,
1069 4499 1265 4556 Filium
1311 4517 1342 4556 a
1406 4511 1594 4556 sancto
1645 4501 1849 4570 Spiritu
1906 4517 2106 4558 secun-
2140 4517 2183 4573 υ
2213 4498 2358 4554 enim
2391 4497 2597 4563 dicere,
2635 4495 2900 4566 abjectis),
2955 4504 3051 4549 aut
3089 4493 3300 4550 illorum
3373 4486 3780 4546 multitudinem,

523 4591 655 4646 dum
713 4608 935 4649 causam
991 4602 1048 4648 et
1099 4594 1319 4649 causale
1362 4593 1631 4660 discerni,
1665 4593 1991 4667 Patremque
2041 4606 2096 4651 et

523 4682 740 4749 Filium,
799 4699 969 4738 unum
1040 4684 1217 4738 sancti
1269 4682 1502 4752 Spiritus
1563 4684 1889 4755 principium
1945 4701 2106 4754 esse,

526 4787 743 4833 servata
785 4777 1001 4832 illorum
1042 4777 1111 4832 ad
1144 4776 1373 4831 invicem
1403 4775 1728 4842 diﬁcrentia,
1754 4777 1906 4846 juxta
1950 4793 2110 4834 sanc-

530 4879 712 4923 torum
767 4868 991 4923 Patrum
1055 4869 1541 4940 theologiam;per
1589 4885 1775 4940 quam,
1821 4887 1890 4928 ex
1951 4871 2114 4928 Patre

528 4977 629 5032 per
665 4960 864 5016 Filium
921 4962 1215 5030 procedere
1265 4961 1526 5031 Spiritum
1576 4972 1849 5030 sanctum,
1915 4963 2115 5018 divinis

532 5052 838 5108 rationibus
874 5061 1150 5108 asserunt.
1183 5051 1448 5118 Quoniam
1501 5067 1630 5109 vero
1661 5054 1875 5108 veritati
1913 5055 2116 5110 veritas

478 5202 489 5210 ,
531 5161 641 5200 non
676 5144 995 5209 reluctatur,
1032 5156 1086 5200 et
1123 5146 1174 5199 in
1211 5147 1293 5199 his
1329 5145 1564 5200 maxime
1616 5146 1987 5210 sermonibus,
2025 5144 2113 5199 ubi

531 5238 603 5291 de
652 5237 756 5291 fide
789 5235 986 5304 agitur,
1030 5237 1081 5291 in
1113 5235 1309 5306 quibus
1341 5251 1550 5292 summa
1591 5236 1903 5301 concordia,
1953 5247 2007 5290 et
2053 5236 2120 5291 ad

535 5346 598 5384 se
635 5331 805 5400 ipsos,
836 5338 890 5383 et
949 5331 1014 5382 ad
1052 5338 1277 5384 caeteros
1329 5329 1582 5385 doctores
1631 5330 1700 5384 sit
1741 5343 1960 5385 necesse
2014 5338 2118 5383 est.

537 5424 716 5478 Aliter
776 5423 920 5476 enim
985 5423 1145 5487 Deus,
1201 5423 1446 5478 homines
1505 5438 1600 5492 per
1647 5437 1743 5478 eos
1792 5420 1925 5486 falli,
1951 5432 2115 5492 atque

537 5531 728 5572 errare
759 5515 1092 5585 permisisset
1119 5533 1134 5583 ;
1162 5516 1276 5570 sive
1305 5517 1576 5571 contraria
1610 5531 1742 5572 vera
1771 5531 1893 5570 esse
1919 5515 2124 5580 volens;

540 5613 662 5665 sive
692 5611 921 5665 veritate
975 5611 1258 5666 veritatem
1310 5611 1612 5677 collidens;
1667 5611 1883 5665 veritati
1947 5619 2126 5665 autem

548 5700 888 5757 mendacium
947 5703 1218 5773 ohjcctum
1261 5713 1362 5759 est.
1422 5703 1604 5758 Multis
1661 5712 1838 5760 autem
1893 5717 1957 5757 ex
1998 5702 2131 5756 locis

552 5795 984 5870 demonstratum
1057 5806 1178 5863 est,
1244 5813 1338 5866 per
1395 5797 1633 5862 Filium,
1696 5807 1859 5864 atque
1919 5811 1946 5848 a
1999 5793 2134 5847 Filio

2213 4599 2379 4659 atque
2410 4587 2789 4643 auctoritatem
2821 4586 3098 4656 antiquam
3131 4585 3458 4648 reverendo,
3487 4581 3648 4636 istum
3683 4584 3778 4626 non

2213 4680 2526 4735 admittere.

2287 4770 2395 4828 Sed
2458 4770 2563 4825 hoc
2634 4770 2896 4838 ineptum,
2948 4785 3011 4824 ac
3076 4769 3340 4824 insulsum
3404 4774 3520 4823 est.
3573 4761 3782 4829 Oportet

2215 4869 2360 4922 enim
2421 4875 2640 4922 sanctos
2697 4880 2888 4920 omnes
2949 4865 3208 4927 revereri,
3263 4873 3341 4929 et,
3383 4877 3504 4934 qum
3558 4860 3622 4912 ab
3679 4849 3779 4905 illis

2218 4957 2496 5021 dicuntur,
2544 4956 2628 5023 pia
2685 4954 2981 5008 intentione
3037 4953 3359 5022 suscipere:
3397 4960 3561 5019 atque
3602 4957 3662 4998 ea
3718 4939 3781 4988 ita
3863 5016 3870 5023 .

2221 5061 2497 5118 exponere
2541 5045 2752 5108 conari,
2805 5043 2978 5099 sicubi
3019 5043 3253 5099 fortasse
3307 5041 3593 5099 dissentire
3639 5028 3780 5118 vide-

2223 5117 2408 5207 antur,
2444 5147 2504 5194 ut
2534 5148 2589 5193 et
2623 5137 2728 5192 sibi
2766 5135 2919 5205 ipsis,
2955 5144 3009 5189 et
3050 5137 3174 5191 aliis
3223 5134 3479 5190 Ecclesiae
3529 5117 3784 5193 magistris

2225 5249 2390 5305 quam
2461 5234 2698 5289 maxime
2757 5225 3062 5287 concordes
3127 5226 3256 5283 sint.
3329 5227 3414 5292 Et,
3475 5222 3522 5278 si
3578 5215 3780 5307 quidem

2229 5327 2368 5383 istud
2419 5327 2720 5396 contingat,
2777 5323 3020 5390 nihilque
3055 5319 3122 5374 de
3173 5318 3495 5378 concessis,
3547 5323 3610 5365 ac
3663 5309 3786 5357 ralis

2231 5420 2348 5474 fidei
2401 5419 2700 5475 rationibus
2749 5415 2974 5478 tollitur,
3015 5412 3342 5467 concordem
3377 5425 3441 5462 ac
3476 5412 3655 5458 veram
3699 5405 3788 5446 ex-

2231 5511 2551 5580 positionem
2611 5509 2830 5573 dicere;
2889 5507 2971 5561 sin
3039 5514 3238 5569 autem,
3283 5495 3640 5557 contrarium.
3682 5483 3787 5586 φιλο

2234 5605 2380 5658 cnim
2432 5602 2630 5670 posito,
2681 5599 2988 5655 absurditas
3026 5598 3296 5666 sequitur,
3337 5603 3391 5649 et
3441 5594 3612 5659 ipsum
3659 5585 3790 5643 ειυε·

2239 5698 2380 5752 modi
2431 5707 2532 5751 est.
2587 5695 2927 5763 Quanquam,
2965 5708 3068 5746 non
3143 5691 3249 5746 dici
3286 5691 3353 5744 ad
3389 5688 3461 5753 id,
3500 5689 3555 5736 ut
3590 5677 3786 5774 sitres.

2239 5791 2571 5847 contrarium
2626 5806 2729 5844 non
2784 5796 2886 5844 cst.
2945 5787 3180 5840 Plurima
3239 5785 3384 5840 enim
3422 5791 3542 5834 vera
3597 5761 3790 5837 (ιιιίάοηι
