4106 6438
443 350 543 420 157

1518 359 1919 423 ADVERSUS
1956 363 2273 424 Gli.liCOS
2312 368 2456 432 LIB.
2508 365 2621 430 Ῑῐῐ.

3595 365 3697 431 158

439 481 588 536 sunt,
637 486 740 526 non
794 481 970 527 autem
1021 471 1284 536 dicentur,
1339 474 1584 542 hocque,
1613 491 1734 530 cum
1787 493 1850 532 ex
1888 477 2009 532 aliis
2047 485 2082 534 Α
2114 482 2360 536 stantias.
2410 481 2533 537 Non
2570 484 2729 547 enim,
2769 489 2825 535 ut
2854 481 3085 537 alienum
3120 490 3334 535 natura'
3369 481 3698 546 introa'ucat,

441 570 671 622 constat,
731 571 841 615 tum
892 577 954 614 es
993 563 1124 631 ipsis
1176 561 1428 616 Ecclesiae
1457 562 1824 631 dogmatibus.
1883 563 2016 617 Esse

444 656 583 708 enim
633 654 824 708 Filium
883 655 1026 728 Patri
1060 655 1602 718 consubstantialem,
1653 657 1848 726 Deique
1915 657 2014 712 Ge-

443 745 679 800 nitricem
720 761 924 814 semper
991 745 1255 815 Virginem
1317 747 1596 815 praedicari
1631 750 1683 802 in
1748 747 2013 813 Ecclesia,

443 847 604 907 atque
639 837 888 891 humanm
936 845 1146 892 natura:
1175 836 1369 892 Filium
1405 839 1496 892 Dei
1553 839 1852 894 secundum
1887 841 2016 895 sub-

442 928 693 982 stantiam
746 929 954 982 unitum
1009 943 1172 994 esse,
1223 945 1353 984 vera
1409 930 1626 999 quidem
1685 940 1857 999 sunt;
1913 931 2017 986 fuit

445 1027 648 1085 tamen,
683 1018 902 1090 quando
949 1034 1053 1075 non
1103 1021 1425 1077 dicebantur
1455 1039 1469 1088 ;
1504 1037 1609 1076 non
1655 1030 1838 1076 tamen
1897 1024 2016 1078 ideo

444 1112 578 1167 falsa
625 1111 858 1167 ruerunt.
886 1111 1020 1168 Nam
1047 1120 1236 1183 postea
1271 1115 1602 1170 necessitate
1631 1124 1855 1186 urgente
1885 1130 2014 1186 pro-

446 1215 564 1274 pter
628 1206 897 1260 contraria
972 1207 1236 1270 dicentes,
1298 1206 1461 1260 etiam
1529 1215 1591 1261 ut
1652 1208 1704 1260 in
1765 1206 2007 1263 Ecclesia

445 1299 650 1370 publice
708 1300 1018 1355 dicerentur
1065 1299 1394 1368 institutum,
1430 1309 1487 1356 et
1533 1300 1825 1357 formatum
1853 1312 2006 1371 est;

444 1391 566 1460 quid
610 1404 740 1457 ergo
793 1390 1010 1456 mirum,
1059 1393 1102 1447 si
1151 1401 1208 1446 et
1252 1399 1476 1448 sanctus
1526 1393 1630 1449 iste
1692 1396 1839 1464 quod
1898 1409 2008 1448 non

444 1481 913 1553 pronuntiabatur,
967 1493 1026 1538 ut
1062 1485 1226 1539 multa
1277 1484 1404 1551 alia,
1447 1493 1504 1541 et
1552 1493 1701 1553 tunc,
1737 1495 1791 1542 et
1834 1487 2009 1556 prius,

445 1590 550 1628 non
580 1574 683 1629 dici
719 1576 791 1629 ait
823 1573 988 1630 tNon‘
1024 1577 1169 1631 enim
1202 1577 1446 1647 profecto
1487 1593 1586 1649 per
1612 1579 1713 1634 hoc
1749 1581 2013 1649 ostendit,

444 1666 568 1735 quia
595 1682 697 1721 non
728 1677 812 1722 est
839 1683 855 1722 :
892 1670 985 1722 sed
1017 1670 1119 1724 hoc
1150 1671 1351 1735 solum,
1377 1670 1502 1740 quia
1540 1671 1592 1724 in
1623 1673 2016 1729 consuetudine

445 1759 587 1814 dicto
644 1773 748 1814 non
785 1759 1138 1828 proferretur.

514 1850 617 1905 Sed
662 1852 806 1905 enim
853 1867 977 1907 eum
1033 1852 1132 1907 sibi
1185 1869 1290 1908 non
1325 1869 1448 1910 esse
1487 1856 1848 1922 contrarium,
1889 1857 2013 1914 hinc

447 1943 682 2013 profecto
727 1956 962 2001 conatat.
1021 1945 1311 2002 0~tensum
1369 1949 1516 2002 enim
1564 1949 1716 2017 prius
1746 1958 1828 2004 est
1861 1952 2011 2020 quia,

444 2035 638 2104 ubique
677 2052 770 2107 per
825 2037 1150 2106 praepositio,
1184 2037 1237 2092 in
1269 2038 1464 2107 quibus
1511 2042 1831 2103 assumitur,
1871 2056 2015 2108 prae-

441 2125 646 2180 eedeuti
687 2141 863 2183 causae
897 2136 1236 2197 cooperatur,
1273 2138 1432 2198 atque
1485 2131 1552 2184 ad
1595 2147 1714 2186 eam
1766 2132 2011 2188 efﬁcien-

443 2217 592 2284 tiam,
640 2233 799 2289 quam
862 2219 975 2288 ipsa
1029 2221 1285 2290 inspicit,
1337 2221 1454 2276 sive
1514 2221 1567 2276 in
1625 2225 1964 2280 naturalibus
1999 2266 2012 2290 ,

443 2310 556 2362 sive
602 2308 654 2362 in
711 2308 1010 2364 artiﬁcibus
1065 2309 1334 2378 quispiam
1385 2325 1695 2368 sermonem
1753 2327 2016 2370 exercere

443 2401 588 2455 velit.
625 2400 828 2456 Ramus
873 2402 1017 2455 enim
1049 2416 1144 2471 per
1174 2417 1333 2471 quem
1373 2401 1582 2457 fructus
1621 2404 1814 2471 oritur,
1855 2419 2012 2459 eam-

450 2493 584 2560 dem,
639 2508 796 2562 quam
847 2494 998 2549 radix
1049 2504 1258 2548 naturae
1301 2495 1663 2550 intentionem
1721 2497 1899 2552 habet.
1953 2497 2017 2551 Et

413 2599 605 2648 oserra,
637 2585 783 2643 verbi
829 2586 1023 2655 gratia,
1068 2599 1166 2654 per
1193 2601 1352 2656 quam
1386 2587 1535 2642 faber
1587 2588 1811 2659 gradum
1848 2589 2012 2658 iacit,

451 2675 511 2728 ad
555 2674 717 2740 illum,
773 2691 879 2730 non
933 2675 997 2729 ad
1056 2675 1278 2730 alterius
1326 2677 1540 2747 generis
1584 2676 1834 2732 effectum
1889 2681 2017 2733 arti-

453 2767 536 2822 tici
610 2775 971 2838 cooperatur.
1025 2765 1142 2821 Non
1193 2768 1338 2822 enim
1390 2770 1459 2824 ad
1534 2768 1966 2826 calefaciendum
1997 2814 2012 2838 ,

441 2872 537 2913 seu
587 2856 935 2913 dealbandum
983 2857 1059 2913 illi
1093 2859 1498 2927 cooperabiuir.
1544 2859 1880 2930 Prorsusque
1917 2876 2010 2926 ea,

440 2964 540 3020 per
595 2965 707 3019 quae
761 2949 959 3020 aliquid
1011 2951 1101 3016 lit,
1166 2961 1528 3022 cooperantur
1585 2953 1667 3008 his
1723 2954 1814 3022 qui
1867 2954 2016 3025 prius

443 3032 799 3108 illa'movent,
841 3043 908 3097 ad
953 3043 1167 3098 illorum
1200 3055 1391 3098 nutum
1427 3060 1530 3098 una
1557 3060 1676 3099 cum
1709 3045 1814 3100 illis
1847 3060 2012 3100 causa

2117 573 2206 624 sed
2248 582 2300 624 ut
2365 573 2703 642 inconfusam
2761 571 2963 635 Patris,
2998 579 3049 626 et
3118 570 3246 625 Filii
3297 571 3698 640 intelligentiam

2117 663 2462 728 commendet,
2516 663 2592 716 ita
2639 663 3000 729 pronuntiavit
3035 661 3342 726 Apostolus.
3408 660 3475 714 Et
3529 661 3694 714 theol.

2115 754 2410 824 Gregorius
2451 755 2570 809 ait:
2610 770 2676 809 ea:
2721 771 2846 826 quo,
2892 764 2940 808 et
2975 771 3068 822 per
3097 769 3247 824 quem
3295 754 3434 822 quod
3474 753 3693 818 dicitur,

2115 857 2218 895 non
2277 850 2500 896 naturas
2572 843 2950 908 scindentium,
3004 844 3095 897 sed
3143 844 3300 896 unius
3373 843 3696 913 incon/ustr—

2118 948 2216 998 que
2271 942 2480 986 naturte
2535 936 2886 1004 proprietates
2950 935 3384 1001 exprimentium.

2196 1026 2426 1094 Propter
2465 1025 2567 1082 hoc
2609 1025 2771 1096 igitur
2813 1027 2919 1097 'per
2957 1027 3222 1095 particula
3278 1035 3557 1096 assumpta
3593 1037 3698 1091 est,

2121 1128 2182 1174 ut
2244 1117 2870 1173 ronsubstantialitatem
2911 1118 3071 1172 simul
3113 1126 3168 1173 et
3207 1132 3564 1188 personarum
3603 1133 3700 1172 or-

2115 1210 2298 1264 dinem
2339 1223 2402 1263 ac
2441 1209 2828 1264 discretionem
2869 1210 3050 1280 signet
3081 1225 3148 1264 ex
3182 1210 3533 1280 processibus
3572 1210 3704 1278 ipsis

2115 1309 2490 1372 apparentem.
2546 1301 2604 1358 ln
2646 1317 2753 1372 quo
2816 1318 2948 1359 sane
2992 1303 3186 1359 ordine
3234 1317 3298 1358 ac
3342 1304 3691 1368 discretione,

2113 1394 2239 1450 Filii
2278 1409 2510 1464 persona
2544 1395 2782 1450 medium
2827 1395 3037 1451 obtinet
3073 1395 3271 1459 locum,
3303 1409 3460 1463 quam
3489 1408 3705 1462 semper

2113 1488 2278 1543 etiam
2326 1489 2381 1542 in
2433 1489 2710 1543 communi
2763 1487 3157 1543 consuetudine
3217 1486 3526 1557 signiﬁcat,
3583 1501 3701 1556 per,

2115 1587 2170 1634 et
2193 1595 2261 1635 ne
2288 1577 2371 1636 vel
2402 1594 2506 1634 una
2543 1594 2795 1648 persona,
2835 1578 3019 1644 Pater,
3050 1587 3106 1634 et
3141 1577 3312 1633 Filius
3353 1577 3704 1633 existimetur

2117 1678 2342 1741 propter
2405 1671 2849 1740 praepositionum
2897 1670 3338 1734 similitudinem,
3400 1669 3485 1724 vel
3545 1669 3654 1722 duo
3688 1707 3704 1732 ,

2116 1771 2168 1819 et
2205 1772 2396 1817 contra
2460 1776 2518 1817 se
2551 1763 2726 1818 divisa
2759 1763 2917 1816 ambo
2944 1805 2962 1829 ,
2998 1761 3519 1832 Spiritus'principia
3558 1761 3708 1816 vide—

2117 1864 2300 1919 antur,
2358 1855 2548 1909 talisve
2576 1869 2704 1909 esse
2754 1853 2876 1908 Filii
2927 1869 3180 1923 persona,
3231 1854 3407 1924 qualis
3437 1861 3490 1908 et
3533 1853 3711 1911 Patris

2116 1955 2219 2012 est,
2260 1946 2396 2001 nihil
2434 1955 2558 2001 ante
2615 1961 2676 2001 se
2714 1947 3010 2016 rugitatum
3063 1945 3293 2011 habens,
3350 1947 3706 2014 quemadmo-

2117 2041 2244 2093 dum
2287 2048 2340 2094 et
2376 2037 2557 2094 Pater.
2601 2038 2682 2092 Ea:
2727 2043 2872 2095 enim
2921 2041 3068 2095 sistit
3111 2049 3370 2106 mentem,
3402 2050 3454 2093 et
3483 2039 3710 2095 ulterius

2117 2133 2196 2186 ire
2253 2146 2360 2186 non
2409 2133 2572 2201 cogit,
2625 2133 3092 2202 principalemque
3163 2111 3383 2186 causam
3439 2146 3706 2201 quaerere.

2117 2221 2203 2279 cui
2263 2237 2330 2275 ea:
2385 2221 2766 2290 principaliter
2808 2222 3097 2277 distributa
3133 2232 3259 2287 est;
3300 2239 3392 2292 per
3419 2231 3598 2276 autem
3627 2223 3709 2277 al-

2120 2324 2292 2368 teram
2347 2328 2563 2383 qnoque
2619 2328 2906 2382 personam
2950 2323 3149 2384 praeter
3195 2333 3281 2381 ex,
3332 2314 3561 2370 includit
3597 2329 3618 2377 ;
3653 2323 3708 2368 et

2118 2405 2184 2458 ad
2222 2403 2368 2458 illam
2423 2406 2676 2472 provehit
2729 2417 2989 2472 mentem,
3039 2406 3504 2476 principalemque
3561 2405 3705 2459 illam

2120 2494 2370 2563 designat
2418 2509 2665 2560 causam,
2718 2495 2772 2550 in
2832 2511 2942 2564 qua
2999 2495 3114 2550 haec
3164 2497 3410 2566 ponitur,
3465 2495 3700 2550 medium

2116 2597 2172 2640 et
2223 2586 2403 2655 primi,
2445 2598 2499 2641 et
2542 2586 2680 2656 ejus,
2721 2587 2787 2641 ad
2819 2603 2978 2656 quem
3013 2602 3329 2656 processus,
3365 2589 3480 2643 sive
3511 2603 3707 2658 opera-

2131 2677 2227 2730 tio.
2259 2675 2436 2746 Atque
2466 2677 2542 2732 ita
2571 2675 2891 2732 Trinitatem
2931 2677 3140 2747 integre
3171 2679 3325 2732 nobis
3367 2679 3710 2733 commendat

2117 2783 2232 2836 per,
2290 2768 2564 2838 simulque
2595 2783 2888 2837 processus
2944 2784 3304 2839 personarum
3357 2772 3422 2824 ad
3475 2770 3706 2823 iuvit-em

2119 2858 2370 2913 ordinem
2397 2857 2624 2914 indicat.
2685 2857 2789 2914 Sed
2819 2867 2871 2914 et
2907 2861 3162 2914 essentiae
3195 2874 3409 2929 quoque
3449 2860 3707 2914 unitatem

2120 2964 2214 3019 per
2239 2965 2299 3005 se
2330 2951 2490 3006 tertio
2517 2952 2814 3016 connectit,
2846 2951 2998 3019 juxta
3015 2951 3341 3022 Gregorium
3376 2951 3706 3022 Nyssenum,

2123 3041 2246 3098 Filii
2299 3044 2654 3108 mediatione,
2691 3054 2744 3100 et
2789 3043 2892 3100 sibi
2943 3043 3219 3115 Unigeniti
3281 3046 3538 3099 honorem
3593 3060 3708 3099 ser-

440 3134 651 3196 eumn.
693 3135 776 3191 vel
824 3134 978 3206 quasi
1033 3136 1420 3201 instrumenta,
1465 3137 1548 3190 vel
1607 3114 2084 3206 quomodolibetc
2122 3141 2304 3199 vante,
2361 3141 2418 3187 et
2478 3132 2742 3204 Spiritum
2806 3114 3308 3188 naturaliPatrem
3359 3133 3544 3188 habitu
3596 3150 3701 3188 non

439 3225 598 3281 aliter
625 3226 744 3282 illos
786 3225 1118 3296 adiuvantia.

513 3317 570 3373 Si
619 3318 830 3388 quidem
879 3318 1044 3388 igitur
1094 3332 1200 3373 non
1250 3327 1395 3375 esset
1447 3318 1528 3376 eis
1582 3319 1843 3376 dilierens
1908 3337 2008 3376 na-

441 3419 561 3464 tura
615 3409 683 3464 ad
736 3424 829 3465 eos
880 3409 971 3479 qui
1033 3409 1136 3466 illis
1205 3420 1470 3476 utuntur,
1532 3421 1714 3468 essent
1782 3420 1837 3469 et
1895 3413 2008 3482 ipsa

443 3502 684 3571 profecto
738 3504 1058 3572 simpliciter
1089 3519 1273 3569 causa,
1324 3505 1467 3561 sicut
1506 3499 1678 3576 prima
1725 3507 1821 3562 illa
1859 3524 1876 3574 ;
1913 3510 2008 3562 sed

442 3598 498 3650 in
544 3594 704 3650 Patre
746 3595 908 3650 etiam
961 3597 1061 3658 hoc
1115 3595 1306 3664 magis.
1359 3596 1640 3667 Siquidem
1701 3607 1756 3654 et
1821 3598 2008 3654 eadem

440 3696 584 3744 esset
635 3690 701 3742 ad
751 3696 963 3744 utentes
1013 3690 1280 3758 operatio.
1353 3686 1550 3744 Verum
1605 3690 1660 3745 in
1717 3688 1900 3756 Patre,
1945 3700 2011 3762 {et

442 3781 600 3847 Filio,
651 3780 904 3851 quoniam
960 3795 1065 3836 una
1125 3790 1320 3836 natura
1378 3796 1610 3836 numero
1670 3781 1960 3849 inSpicitur
1994 3789 2026 3844 ,'

444 3883 498 3930 et
545 3887 647 3928 una
679 3874 758 3929 eis
797 3875 957 3930 etiam
1009 3875 1170 3941 actio,
1233 3875 1348 3930 sive
1399 3875 1674 3945 processio
1729 3883 1832 3938 est,
1865 3889 2006 3928 unus

442 3977 604 4036 atque
656 3967 792 4022 idem
836 3965 1003 4034 Deus,
1038 3968 1234 4022 merito
1284 3967 1406 4022 Filii
1465 3985 1580 4038 per,
1619 3976 1674 4023 et
1716 3967 1894 4022 Patris
1923 3982 2009 4032 ex,

443 4061 825 4131 significatione
884 4074 987 4114 non
1050 4059 1282 4126 differet,
1335 4061 1429 4116 sed
1495 4062 1610 4129 ipsa
1673 4060 1888 4129 quidem
1943 4060 2011 4114 ad

444 4153 526 4217 de,
581 4152 663 4206 vel
712 4167 797 4220 ex,
848 4153 1149 4209 transibit:
1191 4154 1281 4208 illa
1334 4168 1459 4209 vero
1505 4167 1693 4210 rursus
1745 4153 1812 4209 ad
1870 4169 1964 4223 per
1994 4191 2011 4219 ,

445 4242 815 4308 transferetur,
874 4257 1270 4314 communeque
1315 4251 1370 4298 et
1419 4259 1588 4297 unum
1637 4253 1801 4312 atque
1865 4241 2009 4298 idem

443 4347 562 4387 cum
626 4332 788 4388 Patre
849 4333 1170 4404 principium
1249 4344 1475 4392 sanctus
1548 4334 1786 4406 Spiritus
1858 4337 2011 4400 erit,

444 4433 659 4494 propter
705 4441 912 4496 aequam
958 4425 1078 4482 Filii
1128 4427 1193 4481 ad
1246 4426 1461 4484 Patrem
1510 4429 1792 4494 Deitatem,
1847 4437 2014 4498 atque

443 4516 731 4572 essentiam
761 4519 1026 4586 eamdem,
1069 4518 1338 4588 aliamque
1377 4535 1592 4576 omnem
1637 4520 2002 4583 identitatem,

441 4615 496 4663 et
542 4608 1133 4666 indemutabilitatem:
1201 4625 1466 4668 concesso
1527 4612 1696 4666 semel
1753 4627 1782 4665 ιι
1837 4610 2005 4666 Patre

443 4716 538 4770 per
580 4697 771 4756 Filium
823 4713 1069 4759 sanctum
1133 4703 1398 4774 Spiritum
1439 4706 1778 4772 procedere:
1818 4703 2008 4758 docto-

445 4794 694 4864 ribusque
742 4796 994 4854 clunibus
1060 4796 1444 4864 clamantibus,
1505 4812 1613 4852 non
1673 4810 1798 4851 esse
1877 4796 1961 4850 l'as
1994 4835 2011 4862 ,

443 4885 795 4942 dill‘erentiam
851 4888 1087 4957 aliquam
1127 4889 1532 4958 quomodolibet
1566 4890 1618 4945 in
1675 4889 1827 4946 hisce
1879 4905 2016 4959 pra:-

447 4977 800 5045 pusitionibus
833 4979 1136 5050 intelligere
1168 4981 1271 5035 hoc
1319 4981 1736 5036 indeterminatc
1787 4996 2013 5034 monen-

444 5069 604 5135 tibus,
654 5068 1100 5139 docentibusque,
1149 5071 1203 5126 in
1256 5071 1439 5138 Patre,
1492 5080 1549 5126 et
1600 5070 1759 5137 Filio,
1815 5070 1902 5140 de,
1939 5071 2018 5125 vel

441 5177 520 5225 ex,
565 5179 616 5228 a,
648 5177 760 5231 per,
790 5163 925 5217 nihil
955 5163 1192 5228 differre,
1230 5163 1330 5218 nisi
1383 5163 1437 5218 in
1468 5172 1734 5232 quantum
1763 5164 2020 5218 substano

444 5259 544 5310 tias
594 5256 945 5310 discemuut.
999 5257 1090 5311 Ait
1154 5256 1298 5311 enim
1358 5270 1588 5324 magnus
1662 5255 1892 5310 Basilius
1945 5255 2013 5310 ad

446 5347 880 5421 Amphilochium
941 5347 1205 5413 scribens,
1255 5361 1373 5417 cap.
1409 5347 1487 5403 5:
1527 5344 1710 5402 «Unus
1767 5345 1906 5401 Deus
1966 5359 2011 5400 et

445 5440 625 5504 Pater,
676 5456 744 5494 ea:
801 5457 903 5508 quo
955 5442 1134 5495 omnia
1166 5459 1184 5496 :
1237 5450 1286 5496 et
1349 5458 1485 5497 unus
1545 5442 1800 5496 Dominus
1853 5443 2012 5497 Jesus

440 5533 692 5597 Christus,
756 5550 848 5602 per
905 5551 1058 5603 quem
1113 5536 1290 5590 omnia
1324 5535 1366 5589 ⁸.
1395 5554 1414 5586 ι
1444 5533 1573 5589 Ista:
1615 5551 1717 5588 non
1775 5545 1895 5588 sunt
1936 5535 2010 5587 le-

440 5641 548 5693 gem
593 5627 830 5692 pauentis
881 5643 1046 5693 voces,
1101 5631 1189 5682 sed
1251 5629 1621 5700 d'stinguentis
1683 5627 1854 5697 potius
1897 5627 2012 5681 subi

515 5811 534 5840 ³
559 5811 753 5878 Epltcs.
790 5823 865 5873 tv,
891 5809 946 5860 ὓ.

2119 3223 2487 3279 excludente:
2541 3223 2632 3280 Sic
2684 3225 2845 3290 enim,
2883 3236 2941 3278 ut
3002 3224 3078 3279 ait
3138 3237 3367 3292 magnus
3423 3223 3657 3280 Basilius
3689 3263 3706 3290 ,

2121 3326 2170 3371 et
2201 3317 2536 3385 substantiae,
2571 3317 2929 3373 conceduntur
2965 3326 3011 3373 et
3037 3317 3184 3386 pium
3216 3316 3356 3370 unici
3380 3317 3710 3387 principatus

2120 3411 2314 3479 dogma
2359 3425 2462 3462 non
2512 3409 2729 3464 decidit.

2188 3503 2458 3568 Quoniam
2510 3501 2676 3572 igitur
2714 3516 2838 3557 cum
2871 3501 3078 3557 unitate
3107 3515 3465 3571 personarum
3495 3515 3712 3570 quoque

2119 3593 2503 3648 discretionem
2586 3592 2859 3658 confiteri,
2925 3592 3228 3647 secundum
3302 3589 3461 3644 ﬁdem
3549 3590 3710 3642 nobis

2120 3685 2404 3752 traditum,
2449 3684 2733 3751 debemus,
2778 3685 2890 3738 haec
2937 3693 3113 3736 autem
3145 3693 3210 3736 et.
3242 3681 3422 3744 ambo,
3478 3681 3708 3734 alterum

2122 3779 2342 3848 quidem
2399 3791 2466 3832 ex
2503 3776 2684 3840 Patre,
2743 3790 2842 3846 per
2893 3773 3086 3829 Filium
3141 3772 3402 3839 Spiritum
3460 3780 3709 3824 sauctmn

2119 3873 2413 3942 procedere
2444 3870 2551 3925 dici
2581 3869 2951 3933 commendat,
2989 3867 3218 3920 alterum
3249 3874 3432 3919 autem
3471 3879 3535 3918 ex
3568 3863 3712 3916 Filio

2118 3963 2224 4018 dici
2261 3976 2365 4016 non
2401 3960 2496 4028 ita,
2528 3960 2648 4015 ideo
2692 3958 3066 4012 Damascenus
3115 3969 3210 4022 per
3241 3954 3436 4008 Filium
3487 3954 3706 4021 quidem

2119 4054 2415 4126 procedere
2467 4052 2688 4108 fatetur.
2745 4049 2830 4104 Ea:
2902 4047 3046 4102 Filio
3075 4058 3252 4102 autem
3306 4063 3410 4100 non
3453 4045 3704 4112 dicimus,

2120 4151 2343 4220 adjecit,
2391 4156 2589 4218 putans
2643 4146 2715 4201 illi
2763 4162 2850 4211 ex,
2903 4159 3150 4216 persona!
3193 4159 3300 4198 non
3360 4157 3663 4212 congruere
3693 4183 3708 4208 ,

2121 4254 2412 4312 antequam
2450 4242 2538 4296 illa
2581 4255 2812 4311 persona
2859 4237 3152 4309 cogitatur,
3191 4235 3284 4291 sed
3319 4235 3369 4290 ei
3411 4243 3706 4304 antequam

2122 4335 2282 4402 nulla,
2313 4334 2486 4405 qualis
2519 4343 2604 4389 est
2634 4348 2860 4404 persona
2894 4330 3092 4384 Patris.
3120 4329 3346 4384 Plurimi
3377 4343 3516 4383 vero
3559 4342 3716 4383 sanc-

2123 4437 2298 4484 torum
2360 4427 2604 4490 Patrum,
2636 4434 2798 4495 atque
2823 4423 2984 4480 iidem
3015 4424 3233 4494 saepius,
3261 4421 3477 4477 easdem
3511 4420 3711 4475 dictio-

2118 4541 2214 4581 nes
2244 4526 2294 4578 in
2331 4523 2930 4592 theologia-secundum
2965 4518 3284 4575 dilierentes
3315 4515 3709 4586 intelligentias

2117 4630 2172 4674 et
2204 4615 2587 4686 suseipiunt,ct
2631 4630 2740 4670 non
2787 4613 3115 4681 suscipiunt,
3170 4620 3226 4665 et
3253 4609 3544 4679 aliquando
3593 4608 3706 4674 sic,

2119 4710 2374 4779 aliqando
2405 4707 2584 4772 aliter,
2621 4716 2680 4761 ut
2711 4721 2938 4776 magnus
2969 4703 3198 4758 Basilius
3229 4702 3281 4756 in
3311 4700 3708 4770 quaestionibus

2121 4801 2188 4857 ad
2245 4800 2600 4864 Ennomium,
2654 4812 2864 4868 germen
2905 4794 3102 4849 Filium
3147 4793 3419 4850 dicentem
3449 4807 3556 4846 non
3590 4806 3713 4846 sus-

2118 4894 2269 4962 cipit,
2311 4892 2601 4949 dictionem
2653 4891 2794 4945 banc
2839 4886 3353 4958 imperfectionibus
3403 4900 3720 4954 congruere.

2120 4986 2444 5042 existimans
2479 5001 2494 5051 ;
2524 4982 2780 5052 quocirca
2825 4995 2945 5036 eam
2977 4978 3212 5034 maxime
3248 4979 3483 5045 ponebat
3517 4977 3702 5031 Euno-

2122 5079 2285 5134 mius.
2323 5076 2524 5131 Verum
2560 5073 2840 5146 theologus
2879 5073 3198 5141 Gregorius,
3231 5073 3285 5125 in
3339 5071 3516 5140 primo
3567 5069 3709 5123 libro

2127 5169 2203 5225 De
2263 5167 2429 5234 Filio,
2477 5167 2548 5222 de
2594 5183 2660 5223 eo
2713 5174 2769 5220 et
2816 5167 3018 5236 Spiritu
3072 5157 3265 5222 sancto
3321 5165 3547 5234 loquens
3575 5163 3646 5216 ait
3690 5177 3718 5214 :e

2116 5260 2331 5316 Horum
2393 5272 2573 5314 autem
2625 5258 2854 5314 alterum
2914 5260 3124 5324 quidem
3174 5273 3421 5329 germen,
3482 5255 3722 5308 alterum-

2113 5366 2230 5405 vero
2290 5349 2605 5418 productum
2658 5357 2756 5404 est.
2807 5347 2874 5403 Et
2904 5363 3126 5404 causam
3180 5347 3423 5418 quidem,
3475 5355 3532 5397 et
3578 5356 3710 5396 cau-

2113 5441 2227 5495 sale
2260 5442 2310 5494 in
2344 5439 2544 5494 divinis
2580 5439 3001 5510 personis_dici,
3035 5449 3185 5495 vetat
3236 5437 3468 5508 Cyrillus
3501 5434 3708 5487 beatis-

2111 5537 2287 5586 s‘mus
2319 5532 2541 5586 dicens:
2575 5531 2803 5585 Causam
2852 5547 2969 5585 vero
3001 5541 3047 5584 et
3090 5527 3303 5584 causale
3331 5542 3394 5579 ne
3433 5524 3716 5577 nominare

2113 5626 2325 5696 quidem
2377 5623 2458 5693 fas
2512 5634 2609 5689 est,
2659 5627 2700 5678 si
2744 5624 2860 5689 quis
2912 5622 3044 5677 illud
3099 5620 3294 5676 scilicet
3341 5617 3500 5688 juxta
3553 5631 3696 5670 crea~
