4106 6464
439 367 535 430 161

1526 371 1934 437 ADVERSUS
1975 371 2288 433 calceos
2328 373 2472 434 LIB.
2511 373 2627 434 ιιι.
2709 450 2712 454 ,

3598 382 3700 445 162

432 480 759 535 Athanasius
791 478 1130 535 Salvatorem
1162 483 1333 538 solum
1371 483 1609 556 Spiritus
1639 483 1816 540 sancti
1844 481 2009 550 largi-
2037 483 2087 543 Α
2115 482 2297 535 tione:
2354 486 2480 554 quia
2525 487 2764 556 scripsit,
2810 502 2914 541 non
2945 487 3060 541 sine
3089 487 3252 557 primi
3285 493 3456 554 patri.-
3488 507 3702 559 ρρεταιο

435 580 606 625 torem
639 586 762 625 esse
793 573 868 624 ait
899 573 1085 627 dicens
1126 593 1139 626 :
1188 572 1252 627 Et
1286 584 1471 628 contra
1511 573 1764 630 Salvator
1789 590 1907 628 cum
1943 574 2011 626 sit

444 662 606 727 Deus,
627 671 675 714 et
696 663 841 730 regni
868 662 1042 718 Patris
1064 680 1266 730 semper
1288 666 1557 735 imperans
1581 665 1818 734 Spiritus
1841 665 2013 718 sancti

441 755 661 824 largitor
706 757 852 809 solus
899 769 999 811 est.
1041 755 1170 811 Haec
1205 758 1373 827 igitur
1421 772 1487 813 ex
1521 756 1817 814 abundanti
1868 756 2012 810 dicta

437 857 580 910 sunt,
614 850 680 900 ad
715 849 1109 904 ostendendum
1140 866 1158 907 :
1188 851 1314 920 quia
1340 861 1396 905 et
1435 849 1604 905 Filius
1630 849 1804 905 sancti
1836 847 2012 920 Spiri-

436 949 522 994 tus
553 939 673 996 fons
702 941 875 996 dictus
909 943 1000 996 sit.

503 1032 561 1087 Si
594 1034 757 1104 igitur
787 1037 1037 1091 doctores
1077 1035 1182 1092 sibi
1211 1037 1371 1104 ipsis,
1419 1045 1584 1108 atque
1615 1036 1845 1092 invicem
1878 1050 2011 1090 con-

435 1125 626 1181 cordes
671 1141 795 1182 esse
840 1125 1152 1181 necessario
1199 1126 1479 1181 fatendum
1533 1135 1638 1192 est,
1691 1127 1791 1181 hoc
1830 1135 2010 1179 autem

437 1235 578 1274 nunc
617 1221 848 1274 maxime
877 1219 958 1280 lit.
992 1219 1236 1290 nihilque
1263 1235 1654 1276 concessorum
1693 1221 2009 1290 dogrnatum

440 1321 608 1372 nutat,
639 1311 724 1365 his
755 1311 827 1366 ita
862 1311 1146 1382 expositis,
1191 1322 1249 1367 ut
1275 1312 1478 1367 dictum
1516 1321 1598 1367 est
1625 1329 1639 1378 ;
1671 1312 1805 1367 alias
1831 1323 2010 1368 autem

439 1410 624 1455 contra
682 1401 898 1469 penitus
932 1401 1228 1471 contingit;
1279 1403 1503 1456 evidens
1560 1403 1806 1471 proiecto
1839 1405 2010 1459 docu-

441 1499 676 1546 mentum
708 1503 816 1557 est,
847 1492 986 1547 hanc
1011 1493 1229 1562 quidem
1257 1493 1652 1562 expositionem
1682 1509 1864 1548 veram
1889 1508 2012 1548 esse

439 1585 630 1649 solam,
656 1598 954 1653 omnesque
987 1591 1182 1655 [ιι-διιεῖ
1214 1585 1396 1649 istam,
1430 1585 1596 1638 falsas
1630 1600 1775 1640 esse.

508 1673 664 1728 Patet
696 1677 824 1730 item
854 1677 984 1731 dicti
1021 1677 1167 1733 illius
1198 1677 1415 1741 solutio,
1458 1678 1602 1746 quod
1649 1679 1832 1746 posuit
1872 1677 2008 1733 Gre-

440 1768 616 1838 gorius
656 1767 974 1837 theologus:
1011 1767 1202 1823 Omnia
1241 1755 1464 1831 scilicet,
1489 1785 1607 1839 qua:
1637 1769 1790 1822 habet
1830 1767 2008 1830 Pater,

2120 590 2234 628 esse
2291 575 2597 644 Dominum,
2633 579 2689 631 in
2742 590 3001 645 quantum
3051 585 3204 633 Itonia
3237 591 3374 636 erat.
3435 584 3498 637 Et
3529 588 3702 654 primo

2115 667 2327 736 quidem
2378 672 2665 722 concordes
2724 669 3084 724 Romanorum
3139 674 3368 728 Patrum
3428 679 3702 745 protulere

2115 761 2428 814 sententias.
2463 760 2656 831 Cyrilli
2703 779 2908 834 quoque
2962 763 3318 819 Alexandrini
3377 769 3431 822 in
3492 773 3702 838 eapmi-

2117 851 2260 903 tione
2301 866 2460 918 super
2503 851 2727 906 Joannis
2760 850 3129 924 Erangelium,
3171 871 3236 908 ea:
3261 855 3448 924 quibus
3501 863 3701 927 seipsos

2116 959 2220 996 non
2273 942 2480 998 Filium
2535 944 2768 1014 Spiritus
2822 963 3045 1001 causam
3098 948 3274 1016 facere
3335 953 3698 1005 ostenderunt.

2117 1031 2290 1088 Unam
2317 1035 2455 1088 enim
2496 1049 2749 1091 noverunt
2785 1036 2916 1091 Filii
2958 1050 3005 1092 et
3035 1037 3267 1108 Spiritus
3300 1059 3411 1097 esse
3439 1061 3652 1097 causam
3681 1061 3699 1097 :

2115 1125 2341 1180 alterius
2393 1127 2607 1195 quidem
2664 1131 2952 1183 secundum
3012 1135 3436 1200 processionem;
3503 1139 3594 1189 sed
3642 1147 3699 1189 ut

2113 1233 2208 1285 per
2255 1219 2428 1286 ipsum
2478 1221 2756 1288 procedere
2822 1222 3186 1289 insinuarent;
3247 1227 3427 1297 sicque
3475 1229 3698 1297 conjun-

2114 1312 2340 1365 ctionem
2365 1312 2629 1380 essentia,
2651 1321 2701 1365 et
2733 1314 3326 1372 incommutabilitatem
3364 1324 3699 1374 commcnda—

2113 1414 2250 1458 rent.

2185 1495 2374 1564 Itaque
2405 1497 2548 1564 quod
2603 1507 2828 1555 sanctus
2879 1499 3113 1572 Cyrillus
3162 1504 3412 1572 plurimis
3457 1506 3508 1559 in
3565 1508 3700 1561 locis

2117 1584 2380 1654 Spiritum
2413 1596 2664 1643 sanctum
2698 1605 2762 1645 ex
2796 1589 2936 1646 Filio
2968 1594 3111 1648 sicut
3141 1596 3304 1650 etiam
3336 1612 3398 1651 ex
3435 1598 3594 1652 Patre
3620 1600 3701 1652 di-

2114 1686 2224 1742 cat,
2253 1692 2486 1746 ctunque
2517 1693 2584 1734 ex
2612 1678 2750 1735 Filio
2780 1695 2901 1737 esse
2935 1691 2991 1737 et
3020 1699 3118 1754 per
3152 1686 3356 1754 ipsum,
3383 1696 3434 1742 ct
3481 1705 3543 1742 ex
3581 1689 3700 1759 ipso

2115 1768 2440 1852 naturaliter
2469 1771 2790 1839 procedere,
2823 1783 2877 1828 et
2910 1775 3034 1843 quia
3085 1792 3181 1846 per
3232 1778 3410 1846 ipsum
3442 1780 3698 1848 profusus

436 1875 545 1913 esse
574 1858 728 1922 Filii,
765 1871 958 1927 pra'ter
987 1876 1226 1914 causam.
1260 1859 1412 1914 Sicut
1449 1861 1594 1915 enim
1629 1861 1785 1916 divus
1815 1861 2011 1930 Diony-
2045 1883 2088 1939 Β
2118 1861 2445 1916 naturaliter
2492 1863 2769 1932 propriam
2806 1866 2964 1922 nobis
3013 1870 3349 1924 subtantiam
3388 1873 3591 1942 signat,
3641 1885 3698 1928 et

439 1953 549 2006 sius
576 1950 788 2006 Patrem
824 1953 890 2006 ad
923 1953 1100 2008 solum
1135 1953 1332 2008 Fdinm
1366 1953 1656 2009 conferens
1689 1954 1844 2023 juxta
1875 1969 2010 2008 con-

441 2043 704 2099 versionis
765 2046 1055 2111 rationem,
1108 2045 1320 2101 Patrem
1386 2047 1560 2100 solum
1618 2046 1820 2101 fontem
1877 2045 2014 2100 dixit

441 2138 570 2206 (non
625 2138 766 2193 enim
821 2148 905 2194 est
962 2138 1132 2194 Filius
1189 2140 1313 2195 fons
1373 2140 1597 2211 Pairis).
1639 2157 1818 2210 neque
1863 2141 2007 2195 enim

437 2233 770 2285 convertitur
796 2246 810 2285 :
841 2233 912 2286 ita
944 2241 999 2288 et
1035 2248 1280 2289 summus
1308 2234 1396 2289 hic
1425 2234 1533 2300 vir,
1566 2243 1765 2305 praeter
1786 2248 2008 2288 causam
2042 2297 2049 2303 _

440 2323 638 2379 habere
669 2322 861 2378 Filium
893 2325 1073 2380 Patris
1101 2327 1283 2382 omnia
1319 2326 1490 2390 dixit;
1521 2341 1740 2381 causam
1775 2327 2008 2387 scilicet,

441 2429 600 2482 quam
638 2413 801 2470 habet
836 2417 902 2468 ad
935 2414 1154 2483 Filium,
1193 2416 1377 2472 Pater.
1432 2417 1712 2488 Siquidem
1741 2417 1888 2472 enim
1922 2431 2012 2471 ar-

445 2507 704 2561 bitrantur
744 2521 842 2576 per
876 2507 998 2573 hoc,
1031 2519 1279 2564 sanctum
1311 2511 1511 2573 virum,
1551 2509 1752 2563 nullam
1788 2510 2010 2564 omnino

457 2609 654 2649 causam
681 2595 818 2652 Filio
845 2599 1095 2662 reddere,
1124 2599 1407 2655 inlinuntur.
1446 2600 1568 2669 Ipse
1591 2599 1737 2655 enim
1773 2608 1881 2665 est,
1917 2597 2010 2668 qui

453 2687 522 2742 ait
555 2706 570 2745 :
604 2688 684 2744 Ea:
727 2691 985 2760 principio
1010 2693 1348 2760 principium.
1389 2693 1528 2762 Quin
1565 2704 1616 2748 et
1654 2694 1707 2748 in
1735 2693 2007 2757 oratione,

444 2797 600 2852 quam
655 2783 782 2838 iacit
831 2783 900 2839 ad
947 2782 1254 2852 Christum,
1302 2786 1376 2839 ita
1431 2786 1709 2841 inchoavit
1759 2787 1948 2842 dicens
1992 2806 2006 2842 :

446 2873 516 2927 Te
549 2891 682 2929 nunc
704 2892 901 2946 quoque
929 2877 1302 2950 benedicimus,
1329 2878 1534 2934 Christe
1564 2897 1730 2946 meus,
1763 2880 2011 2946 Verbum,

441 2968 613 3022 sancti
653 2967 879 3037 Spiritus
929 2970 1041 3024 sine
1087 2971 1347 3041 principio
1379 2982 1638 3029 servator.
1673 2973 1846 3039 Quam
1882 2987 2013 3042 ergo

440 3060 602 3113 habet
632 3061 790 3115 Pater
818 3063 884 3116 ad
914 3061 1107 3118 Filium
1144 3078 1362 3120 causam
1397 3064 1648 3119 indicare
1685 3064 1881 3127 voluit;
1914 3063 2014 3118 ali-

443 3167 523 3207 ter
556 3155 752 3224 quippe
804 3157 905 3210 sibi
944 3155 1047 3224 ipsi
1085 3172 1190 3210 non
1238 3167 1585 3225 congrueret,
1632 3157 2012 3227 sententiaque

443 3247 602 3300 fallax
637 3248 924 3302 videretur.
961 3247 1152 3303 Dicere
1209 3250 1354 3306 enim
1392 3259 1590 3320 praeter
1615 3264 1858 3304 causam.
1889 3263 2006 3302 om-
2035 3224 2081 3286 ο

442 3355 563 3395 nem
610 3355 827 3395 causam
868 3341 1170 3398 auferentis
1215 3359 1340 3398 esse
1391 3342 1618 3407 volunt;
1678 3343 1778 3396 hoc
1828 3353 2008 3395 autem

443 3433 633 3486 falsum
697 3443 800 3489 est.
835 3433 926 3488 Vel
967 3445 1339 3489 creaturarnrn
1414 3435 1562 3490 enim
1628 3436 1800 3503 ipsnm
1864 3444 2012 3486 certe

443 3541 658 3581 causam
695 3527 894 3582 dicent.
941 3527 1247 3583 Attcstatnr
1271 3527 1356 3582 his
1382 3537 1438 3583 et
1466 3528 1582 3597 ipse
1617 3527 1804 3580 dicens
1834 3543 1850 3580 :
1881 3526 2008 3580 0m-

445 3621 532 3672 nia
564 3636 678 3687 qua:
709 3620 858 3675 habet
893 3619 1078 3686 Pater,
1115 3619 1242 3674 Filii
1275 3631 1395 3675 sunt
1428 3630 1908 3690 prastercausam;
1955 3629 2012 3674 et

444 3716 621 3766 omnia
660 3728 776 3782 qua:
809 3713 971 3770 habet
1003 3713 1196 3774 Filius.
1227 3714 1462 3784 Spiritus
1494 3712 1668 3769 sancti
1696 3723 1845 3779 sunt,
1876 3729 2010 3783 pra:-

447 3814 526 3858 ter
557 3793 913 3860 naiivitatem.

510 3899 736 3953 Constat
768 3914 896 3970 ergo
928 3903 1054 3970 quia
1077 3902 1299 3956 Patrem
1339 3901 1402 3956 ad
1426 3899 1620 3956 Filium
1647 3913 2004 3966 comparans;

445 4001 635 4055 praeter
670 4007 909 4060 causam,
941 3993 1098 4058 dixit,
1125 4007 1288 4062 quam
1325 3991 1539 4048 scilicet
1565 3991 1731 4046 habet
1754 3989 1917 4044 Pater
1939 3989 2006 4044 ad

446 4083 658 4150 Filium,
689 4083 832 4140 sicut
863 4094 918 4140 et
939 4085 1080 4154 quod
1109 4084 1380 4155 sequitur,
1411 4082 1676 4153 Spiritum
1712 4082 1776 4136 ad
1810 4081 2005 4135 Filium

446 4178 806 4246 comparantis
867 4187 973 4244 est,
1026 4177 1347 4232 relationem
1404 4175 1618 4230 illorum
1671 4176 1738 4230 ad
1775 4175 2007 4230 invicem

446 4269 802 4336 inspicientis,
843 4269 1138 4324 secundum
1171 4268 1387 4322 illorum
1414 4268 1668 4338 proprios
1694 4281 2006 4334 processus.

449 4359 632 4414 Dicere
681 4375 930 4431 namque,
986 4359 1246 4430 Spiritum
1306 4359 1508 4415 habere
1564 4359 1744 4413 omnia
1811 4367 2010 4427 praeter

445 4454 796 4518 nativitatem,
829 4453 960 4508 nihil
994 4453 1141 4508 aliud
1163 4453 1459 4523 signiﬁcat,
1489 4454 1594 4508 nisi
1617 4463 1817 4522 praeter
1841 4466 2005 4522 quam

446 4536 818 4600 immediatnrn
839 4560 902 4600 ex
935 4543 1093 4601 Patre
1125 4559 1282 4611 esse;
1307 4545 1504 4615 quippe
1535 4559 1654 4599 cum
1682 4543 1852 4599 Filius
1887 4545 2010 4612 qui-

445 4635 559 4712 dem
591 4650 654 4690 ex
705 4635 859 4690 Patre
889 4637 1008 4691 sine
1054 4635 1235 4691 medio
1268 4636 1360 4700 sit,
1409 4635 1563 4704 juxta
1617 4634 2008 4705 proprietatem

443 4743 618 4792 suam,
646 4737 867 4783 sanctus
891 4739 1070 4781 autem
1118 4725 1357 4795 Spiritus
1387 4741 1452 4778 ex
1494 4726 1655 4782 Patre
1683 4743 1780 4794 per
1810 4725 2007 4780 Filium

442 4821 717 4888 procedat,
751 4819 1002 4890 quocirca
1034 4833 1207 4888 neque
1235 4819 1591 4884 convertitur,
1621 4818 1874 4888 quoniam
1913 4835 2010 4872 ne-

442 4927 542 4979 que
570 4927 853 4981 processus
881 4913 981 4979 illi,
1021 4922 1072 4966 et
1101 4920 1509 4981 consequenter
1551 4925 1724 4979 neque
1756 4912 2012 4965 substan-

445 5003 591 5056 tialia
621 5013 1034 5058 convertuntur.
1080 5001 1146 5056 Et
1177 5016 1244 5056 ex
1289 5001 1396 5058 hoc
1449 5001 1618 5071 igitur
1647 5000 1780 5056 nihil
1828 5016 1925 5070 pro
1953 5015 2013 5056 se

440 5093 784 5149 concludunt.
1118 5093 1135 5107 ⁸

515 5185 712 5240 Eadem
764 5205 882 5242 vero
914 5189 1144 5255 ratione,
1177 5204 1244 5245 ne
1289 5189 1342 5243 id
1373 5187 1588 5257 quidem
1621 5185 1732 5241 illis
1774 5186 2012 5256 epitula-

447 5285 552 5342 tur,
583 5281 722 5345 quod
774 5280 848 5332 ait
896 5292 1115 5336 sanctus
1168 5279 1439 5334 Maximus
1471 5278 1524 5332 in
1581 5275 1750 5346 Epist.
1790 5278 1856 5331 ad
1895 5277 2011 5330 Ma-

451 5372 624 5423 rinum
673 5371 746 5424 ita
779 5372 1022 5426 scribens
1055 5391 1068 5427 :
1106 5372 1496 5442 Synodicorum
1531 5369 1694 5438 igitur
1739 5377 2013 5435 pra'sentts

446 5464 762 5517 sanctissimi
815 5461 999 5531 Papae,
1026 5480 1126 5516 non
1170 5473 1242 5518 tot
1290 5462 1521 5531 capitula
1552 5469 1674 5530 quot
1707 5460 2014 5528 scripsistis.

447 5556 808 5622 repudiarunt,
843 5557 932 5625 qui
977 5557 1030 5607 in
1070 5558 1211 5625 regia
1250 5557 1462 5609 ciritate
1488 5561 1862 5607 convenerunt.
1900 5551 2014 5604 Duo

445 5661 617 5701 autem
647 5647 780 5710 sola,
833 5664 1055 5718 quorum
1099 5647 1328 5701 alterunt
1382 5646 1593 5716 quidem
1647 5646 1710 5697 de
1754 5642 2013 5711 theologia

445 5744 696 5795 continet.
750 5741 911 5806 Quia,
950 5743 1147 5804 inquit,
1183 5742 1341 5794 etiam
1405 5754 1469 5791 ea:
1525 5735 1671 5789 Filio
1737 5734 2014 5802 procedere

447 5835 706 5904 Spiritum
755 5846 1015 5896 eructum,
1053 5837 1277 5888 alterum
1312 5848 1431 5886 vero
1464 5833 1527 5883 de
1556 5830 1732 5882 divina
1767 5829 2016 5880 incarna-

775 5921 801 5942 ο

2115 1967 2235 2023 quae
2263 1953 2411 2019 talia,
2442 1955 2575 2010 satis
2605 1971 2772 2025 supra
2803 1957 3138 2015 declaratum
3190 1973 3292 2017 est.
3342 1965 3448 2020 Sed
3494 1976 3548 2021 et
3591 1967 3699 2020 Ro-

2114 2060 2402 2100 manorum
2452 2049 2758 2112 doctorum,
2807 2048 2997 2105 llilarii
3048 2053 3283 2122 scilicet,
3332 2058 3607 2113 Ambrosii
3643 2070 3706 2113 et.

2114 2137 2406 2208 Augustini
2443 2139 2590 2195 dicta
2646 2141 2774 2198 huic
2824 2146 3112 2199 sementim
3148 2162 3388 2217 congrua
3427 2151 3698 2220 produxe-

2115 2237 2277 2296 runt;
2310 2231 2400 2299 qui
2432 2241 2484 2285 et
2514 2246 2582 2286 ex
2625 2231 2763 2288 Filio
2799 2237 3097 2302 procedere
3127 2235 3395 2304 Spiritum
3443 2249 3696 2293 sanctum

2116 2322 2334 2377 docent.
2386 2322 2514 2377 Haec
2541 2332 2722 2378 autem
2767 2326 2988 2392 mirum,
3018 2341 3063 2381 ει
3113 2343 3224 2383 non
3260 2330 3423 2384 etiam
3473 2347 3696 2386 causam

2114 2413 2382 2468 insinuat.
2434 2414 2509 2468 Ea
2550 2416 2694 2469 enim
2747 2417 2983 2478 ratione.
3021 2429 3080 2474 ut
3119 2419 3281 2474 datur
3316 2421 3564 2491 intelligi,
3605 2439 3702 2477 ηε·-

2114 2519 2219 2573 que
2251 2519 2376 2559 cum
2413 2521 2476 2559 ex
2516 2509 2624 2562 Deo
2653 2521 2799 2570 esse,
2843 2519 2898 2563 et
2938 2525 3002 2562 ex
3041 2509 3202 2565 Patre
3234 2515 3528 2580 procedere
3574 2513 3698 2580 Spi-

2116 2596 2254 2649 ritus
2279 2595 2565 2662 asseritur,
2593 2610 2816 2652 causam
2846 2599 3179 2669 designabit.
3207 2600 3310 2654 Sed
3346 2603 3470 2666 ista,
3505 2614 3700 2671 praeter

2117 2687 2416 2754 Scriptum
2449 2687 2800 2742 intentionem
2829 2703 2989 2754 sunt;
3026 2705 3238 2760 nempe,
3267 2692 3521 2761 quoniam
3543 2693 3695 2759 juxta

2116 2789 2365 2834 sanctum
2399 2778 2688 2849 Cyrillum,
2718 2779 3204 2852 Occidentalesque
3235 2785 3485 2837 doctores
3517 2784 3695 2839 faten-

2116 2879 2202 2925 tur
2242 2871 2404 2940 hujns
2433 2885 2558 2927 esse
2613 2875 2922 2938 sententias,
2960 2875 3051 2943 qui
3100 2874 3381 2928 evidenter
3424 2892 3486 2929 ex
3539 2877 3700 2930 Patre

2113 2975 2169 3018 et
2191 2964 2360 3032 Filio;
2396 2964 2560 3019 veluti
2594 2980 2662 3020 ex
2689 2981 2797 3019 uno
2825 2965 3094 3036 principio
3127 2967 3366 3034 prodire,
3399 2983 3462 3021 ac
3507 2985 3699 3039 proce-

2114 3059 2268 3122 dere,
2296 3066 2355 3111 ut
2404 3058 2604 3112 dictum
2633 3067 2738 3122 est,
2774 3057 3033 3126 Spiritum
3066 3070 3314 3114 sanctum
3346 3059 3695 3115 conﬁtentur.

2115 3149 2259 3205 Nihil
2292 3165 2425 3222 ergo
2455 3164 2657 3205 novum
2695 3167 2722 3202 a
2754 3166 2812 3206 se
2838 3150 2974 3219 ipsis
3003 3151 3382 3213 introducunt,
3406 3153 3495 3220 qui
3530 3152 3694 3205 etiam

2111 3259 2178 3297 ex
2214 3242 2355 3298 Filio
2389 3242 2654 3312 Spiritum
2707 3245 3005 3312 procedere
3058 3241 3299 3298 fatentur
3355 3261 3368 3297 :
3421 3245 3699 3315 simulque

2114 3350 2353 3404 praesens
2389 3335 2614 3404 epistola
2673 3333 3043 3390 Romanorum
3097 3333 3321 3390 Patrum
3369 3339 3698 3406 prmexposi-

2113 3435 2196 3480 tas
2231 3426 2590 3496 allegationes
2622 3426 2836 3481 illorum
2869 3427 3139 3482 veraciter
3169 3442 3292 3482 esse
3323 3430 3692 3482 commendat.

2110 3519 2218 3572 Aut
2269 3519 2414 3572 enim
2466 3517 2600 3588 ipsae
2631 3533 2820 3573 omnes
2860 3529 3003 3585 sunt,
3057 3528 3148 3574 aut
3189 3537 3254 3574 cx
3292 3521 3429 3589 ipsis
3473 3521 3693 3591 aliqum,

2113 3627 2249 3682 quas
2300 3619 2432 3666 tunc
2476 3601 2860 3680 protulerunt.’
2894 3610 3007 3665 Non
3053 3611 3197 3666 cnim
3249 3611 3493 3680 profecto
3546 3613 3690 3667 falle-

2110 3706 2276 3760 batur
2325 3713 2550 3760 sanctus
2587 3701 2879 3767 Maximus,
2933 3710 3028 3757 aut
3081 3703 3351 3758 mentiens
3379 3703 3484 3757 ista
3542 3704 3697 3759 dice-

2113 3799 2225 3854 bat.

2184 3889 2324 3957 Quid
2359 3903 2490 3958 ergo
2520 3888 2624 3944 sibi
2659 3887 2867 3951 volunt,
2898 3900 3022 3941 cum
3056 3885 3322 3956 Spiritum
3349 3896 3591 3941 sanctum
3626 3905 3695 3940 ex

2112 3977 2248 4033 Filio
2293 3979 2510 4045 quidem
2571 3977 2868 4046 procedere
2931 3977 3138 4042 dicunt,
3189 3991 3298 4029 non
3353 3987 3529 4031 autem
3576 3993 3700 4031 csse

2112 4069 2308 4126 Filium
2333 4087 2552 4128 causam
2581 4075 2754 4145 sancti
2787 4071 3024 4142 Spiritus
3049 4071 3354 4141 adjiciunt;
3390 4073 3516 4142 quia
3546 4075 3692 4127 enim

2114 4165 2284 4221 Filius
2307 4165 2531 4236 quidem
2567 4180 2632 4220 ex
2665 4163 2830 4220 Patre
2864 4175 2985 4232 est;
3024 4164 3149 4220 Filii
3196 4175 3375 4218 autem
3409 4165 3592 4219 omnia
3626 4167 3693 4217 ad

2113 4255 2330 4310 Patrem
2363 4255 2636 4320 referunt,
2668 4242 2874 4310 dictum
2906 4269 3036 4310 vero
3062 4264 3145 4310 est
3174 4256 3338 4309 etiam
3389 4272 3415 4306 a
3459 4255 3697 4316 sanctis,

2113 4365 2176 4404 ex
2210 4349 2374 4405 Patre
2413 4357 2474 4412 et,
2495 4346 2636 4402 Filio
2662 4347 2926 4418 Spiritum
2973 4357 3248 4412 sanctum,
3293 4347 3457 4401 veluti
3491 4363 3553 4401 ex
3591 4362 3696 4400 una

2113 4456 2197 4508 re,
2240 4451 2294 4497 et
2323 4455 2432 4495 uno
2458 4441 2728 4510 principio
2758 4456 2902 4506 esse,
2927 4455 2990 4495 ac
3028 4439 3330 4510 procedere
3367 4457 3380 4492 :
3415 4450 3697 4508 propterea

2113 4549 2180 4587 ex
2217 4533 2527 4602 hujusmodi
2563 4531 2852 4585 sententiis
2890 4538 3224 4599 aperuerunt
3251 4544 3330 4588 sc,
3356 4527 3553 4581 Filium
3589 4546 3696 4580 non

2114 4622 2418 4692 propriam,
2463 4629 2519 4674 et
2572 4620 2902 4688 peculiarem
2939 4632 3162 4673 causam
3208 4616 3467 4686 Spiritus,
3503 4631 3703 4686 praeter

2113 4713 2353 4778 Patrem,
2403 4713 2727 4780 intelligere.
2773 4711 2969 4765 Merito
2998 4724 3150 4764 sane.
3188 4707 3375 4777 Neque
3416 4709 3557 4762 enim
3591 4709 3699 4763 duo

2114 4815 2243 4862 sunt
2277 4806 2451 4861 divisa
2483 4813 2674 4858 contra
2711 4818 2792 4867 se,
2831 4811 2996 4870 atque
3043 4801 3111 4854 ab
3149 4799 3388 4854 invicem
3421 4799 3699 4864 disiuncta

2115 4897 2385 4968 principia
2418 4896 2595 4950 sancti
2628 4894 2905 4962 Spiritus;
2946 4905 3123 4958 neque
3168 4901 3224 4943 ut
3269 4903 3518 4958 personae
3559 4889 3700 4949 diue,

2116 4995 2188 5047 ita
2219 4996 2325 5047 duo
2352 4991 2520 5045 etiam
2553 4988 2790 5057 Spiritus
2817 4987 2992 5042 sancti
3029 4982 3299 5054 principia
3325 4994 3485 5046 sunt;
3516 4997 3702 5052 quem-

2117 5083 2408 5136 admodum
2439 5079 2582 5133 enim
2621 5079 2784 5132 mittit
2821 5078 3038 5147 quidem
3077 5075 3240 5130 Pater
3281 5075 3544 5144 Spiritum
3575 5090 3703 5127 san-

2116 5182 2288 5237 ctum,
2327 5172 2493 5225 mittit
2541 5179 2724 5225 autem
2763 5170 2906 5223 hunc
2941 5169 3105 5222 ctiam
3158 5165 3366 5234 Filius;
3407 5180 3580 5234 neque
3625 5174 3704 5215 tan

2117 5282 2240 5320 men
2271 5265 2444 5320 Filius
2477 5263 2578 5318 alia
2610 5263 2889 5318 missionis
2917 5275 3079 5317 causa
3114 5269 3312 5328 printer
3339 5257 3558 5312 Patrem
3586 5265 3700 5320 est;

2121 5375 2296 5429 neque
2345 5359 2489 5412 enim
2543 5357 2708 5410 mittit
2757 5356 2922 5409 Pater
2956 5355 3074 5409 sine
3121 5353 3286 5414 Filio.
3334 5350 3493 5406 sicuti
3528 5361 3704 5414 neque

2119 5455 2234 5508 sine
2267 5451 2406 5505 Filio
2453 5449 2614 5514 facit;
2666 5448 2929 5517 quocirca
2962 5447 3128 5501 etiam
3176 5447 3382 5499 dietum
3437 5452 3541 5501 est,
3595 5453 3696 5490 una

2118 5547 2336 5601 datione
2373 5552 2427 5598 et
2457 5557 2560 5596 una
2604 5541 2891 5610 largitione
2923 5539 3091 5594 mittit
3116 5537 3380 5606 Spiritum
3419 5538 3698 5589 sanclttm,

2120 5638 2192 5691 ita
2230 5645 2285 5689 et
2309 5638 2375 5689 de
2403 5648 2470 5688 eo
2497 5631 2639 5700 quod
2674 5630 3057 5700 proposuimus
3088 5624 3399 5682 dicendum.
3433 5629 3597 5687 atque
3625 5629 3692 5670 co

2122 5733 2298 5797 magis
2327 5742 2433 5798 quo
2461 5726 2651 5781 missio
2673 5725 2813 5778 idem
2840 5732 2922 5777 est
2948 5722 3090 5791 quod
3124 5715 3426 5788 processio,
3450 5722 3509 5766 ut
3539 5721 3700 5778 supra

2122 5827 2456 5879 declaratum
2502 5828 2605 5874 cst.
2641 5820 2747 5871 Aut
2794 5815 2839 5869 si
2882 5816 3020 5869 hanc
3052 5811 3278 5866 nimium
3327 5803 3702 5862 contentiosus
