4106 6454
416 373 522 439 163

1688 378 1903 439 MANU
1922 377 2097 438 ELlS
2120 375 2430 436 CALEC/B

3600 377 3702 444 164

405 488 680 559 quispiam
720 487 1098 547 substantialis
1137 489 1312 546 sancti
1351 488 1589 559 Spiritus
1629 489 1996 558 processionis
2026 493 2071 550 Α
2100 503 2208 558 quo
2254 491 2422 544 etiam
2467 487 2665 555 Pater;
2703 489 2861 545 aliter
2901 491 3103 562 quippe
3147 491 3405 548 essentiae
3443 491 3701 548 identitas

407 582 674 636 indicium
730 581 900 648 dicat,
955 583 1221 651 profecto,
1270 597 1548 651 nunquam
1605 581 1913 636 mitteretur
1969 597 1998 635 a

411 673 572 738 Filio,
615 673 723 728 nisi
777 673 940 730 etiam
974 689 1041 731 ex
1094 675 1214 745 ipso
1264 686 1442 740 esset;
1495 673 1699 742 alioqui
1751 673 2000 730 minister

406 776 552 819 esset
587 763 777 820 Filius.

482 854 602 911 Non
642 860 828 927 itaque
881 857 963 914 vel
1025 856 1186 914 Pater
1231 857 1379 912 solus
1421 873 1584 914 causa
1633 866 1710 913 est
1763 857 2002 928 Spiritus

412 949 588 1004 sancti
625 951 743 1004 sine
776 949 934 1016 Filio,
962 950 1048 1004 vel
1089 951 1207 1005 sine
1235 949 1396 1004 Patre
1431 949 1603 1005 Filius
1632 965 1646 1013 ;
1679 963 1773 1017 per
1802 949 2000 1004 Filium

411 1041 556 1095 enim
591 1043 892 1110 procedere
919 1043 1143 1108 dicitur,
1180 1053 1236 1096 et
1265 1043 1431 1096 Pater
1462 1057 1560 1110 per
1592 1042 1832 1096 Verbum
1874 1056 2000 1110 pro-

411 1133 608 1187 ductor
659 1147 782 1188 esse
836 1133 1012 1189 sancti
1069 1133 1310 1202 Spiritus
1335 1132 1717 1188 ‘asseveratur.
1775 1131 2004 1187 Constat

413 1227 516 1279 hoc
543 1226 707 1290 etiam
741 1240 806 1279 ex
837 1227 1203 1294 sequentibus
1251 1225 1422 1294 ipsius
1456 1224 1656 1278 verbis.
1690 1223 1780 1277 Ait
1809 1223 1952 1277 enim
1985 1239 1999 1276 :

415 1315 588 1372 Unum
643 1328 838 1372 norunt
889 1317 1040 1383 Filii,
1099 1326 1149 1372 et
1197 1315 1430 1387 Spiritus
1481 1331 1699 1368 causam
1749 1313 1997 1381 Patrem;

412 1411 640 1466 alterius
698 1412 916 1480 quidem
978 1413 1281 1466 secundum
1339 1409 1716 1474 nativitatem;
1778 1407 2004 1464 alterius

415 1517 568 1569 vero,
625 1503 924 1558 secundum
979 1502 1417 1572 proccssionem.
1465 1497 1593 1555 llaec
1632 1509 1812 1553 autem
1864 1513 2005 1569 prte-

415 1597 578 1650 dictis
631 1595 837 1666 optime
891 1604 1219 1650 consonant.
1273 1593 1408 1648 Nam
1466 1593 1638 1647 Filius
1686 1591 1904 1662 quidem
1937 1608 2004 1647 ex

416 1687 578 1742 Patre
608 1688 912 1744 secundum
945 1687 1273 1753 nativitatis,
1305 1685 1388 1741 vel
1412 1685 1576 1756 geniti
1606 1683 2000 1749 detinitionem,

415 1799 479 1838 ex
503 1771 675 1846 ,Pa'tre
709 1782 829 1837 sine
861 1781 970 1836 ullo
1017 1781 1197 1836 medio
1231 1787 1334 1835 est.
1379 1777 1620 1848 Spiritus
1652 1784 1874 1832 sanctus
1905 1792 2002 1832 au-

421 1887 528 1929 tem
557 1875 713 1944 juxta
746 1874 1136 1944 processionis,
1167 1889 1261 1929 seu
1310 1871 1659 1942 procedentis
1685 1869 2000 1932 terminum,

417 1983 482 2022 ex
517 1967 677 2022 Patre
707 1982 805 2038 per
827 1967 1027 2022 Filium
1057 1975 1178 2032 est;
1210 1983 1330 2038 quae
1353 1981 1474 2022 cum
1505 1964 1578 2021 ila
1609 1959 1741 2029 sint,
1763 1977 2003 2035 congrue

415 2060 591 2115 Filius
619 2075 682 2116 ac
717 2061 953 2130 Spiritus
987 2060 1054 2115 ad
1087 2075 1253 2114 unum
1286 2059 1612 2130 principium
1657 2055 1874 2110 Patrem
1920 2069 2004 2110 re-

419 2155 694 2219 feruntur,
717 2163 775 2208 ut
802 2153 974 2208 Filius
1008 2151 1228 2222 quidem
1267 2165 1513 2208 seorsum
1550 2163 1657 2204 non
1690 2146 1761 2203 sit
1791 2162 1955 2203 causa
1985 2164 1998 2202 :

416 2261 524 2300 non
573 2245 717 2299 enim
753 2253 836 2299 cst
871 2243 952 2299 vel
981 2243 1171 2306 Fillus,
1207 2241 1288 2296 vel
1319 2253 1660 2310 quaecunque
1691 2252 1853 2292 causa
1885 2239 2003 2293 sine

404 2327 608 2402 Patre;
648 2337 810 2392 Pater
840 2353 967 2392 vero
1017 2353 1082 2392 ac
1132 2336 1300 2391 Filius
1334 2351 1436 2388 una
1495 2348 1679 2396 causa,
1730 2346 2004 2402 unumque

415 2433 741 2502 principium
767 2433 838 2486 sit
866 2442 1089 2487 sanctus
1117 2429 1378 2500 Spiritus.

487 2525 597 2580 Etsi
630 2524 800 2591 enim,
837 2533 897 2578 ut
926 2538 1090 2593 supra
1121 2519 1453 2576 declaratum
1485 2525 1590 2585 est,
1630 2530 1753 2573 esse
1779 2516 1944 2570 habet
1971 2530 2001 2568 a

351 2618 354 2622 ’
417 2619 576 2680 Filio,
626 2619 694 2671 ab
749 2617 869 2686 ipso
913 2614 1121 2669 scilicet
1156 2625 1400 2675 sumens,
1443 2623 1508 2664 ac
1554 2608 1776 2679 penitus
1821 2622 1890 2662 ex
1938 2623 2002 2660 ea

415 2721 582 2759 causa
633 2719 755 2759 eum
811 2705 1048 2774 pendere
1099 2701 1320 2772 pietatis
1371 2699 1513 2755 ratio
1551 2698 1738 2762 tradit,
1796 2707 1848 2752 et
1884 2712 2004 2768 qua:

415 2798 520 2851 alia
559 2795 817 2866 praedicta
863 2802 989 2849 sunt
1023 2812 1035 2848 :
1065 2794 1137 2848 ob
1169 2792 1222 2846 id
1259 2803 1460 2854 tamen,
1501 2789 1650 2860 quod
1682 2787 1851 2844 Filius
1885 2789 2004 2858 qui-

416 2893 538 2944 dem
586 2892 657 2944 sit
691 2905 755 2944 ex
801 2889 962 2943 Patre
997 2887 1116 2942 sine
1149 2885 1354 2950 medio,
1393 2882 1629 2953 Spiritus
1678 2892 1856 2936 autem
1906 2895 2005 2951 per

420 2984 614 3037 Filium
654 2983 936 3052 procedat,
967 2994 1031 3033 ac
1068 2993 1164 3047 per
1195 2977 1371 3048 ipsum
1407 2973 1556 3031 Patri
1587 2973 1949 3042 conjungatur
1987 2991 2000 3026 :

415 3077 674 3145 quodque
705 3072 827 3128 Filii
875 3071 1061 3126 omnia
1108 3071 1177 3125 ad
1229 3067 1446 3122 Patrem
1481 3063 1810 3131 referantur,
1846 3063 2006 3119 Pater

416 3186 580 3220 unum
613 3166 785 3220 sancti
837 3165 1077 3235 Spiritus
1105 3161 1433 3231 principium
1473 3159 1704 3226 dicetur,
1748 3160 2002 3228 quocirca

415 3267 566 3315 solus
600 3275 815 3330 quoque
849 3258 970 3311 fons
1017 3255 1238 3310 deitalis
1279 3254 1454 3308 dictus
1505 3260 1621 3316 est;
1661 3249 1892 3320 fonsquc
1945 3260 1999 3304 et

417 3353 570 3407 radix
603 3350 727 3405 Filii
761 3360 816 3405 et
871 3348 1130 3418 Spiritus,
1164 3357 1219 3401 et
1253 3344 1402 3400 solus
1448 3336 1613 3398 causa
1651 3339 1758 3395 dici
1796 3351 1996 3411 pmcst,

415 3444 560 3514 quod
597 3443 729 3497 nihil
779 3449 905 3496 ante
937 3457 995 3496 se
1026 3442 1317 3509 cogitatum
1361 3438 1575 3506 habeat,
1607 3449 1768 3508 atque
1803 3437 1867 3489 ad
1917 3434 1999 3504 ip-

417 3553 538 3590 sum
591 3534 901 3589 refcrantur
946 3535 1151 3588 omnia.
1197 3531 1352 3588 Unde
1401 3540 1458 3588 et
1489 3545 1721 3602 magnus
1770 3528 1999 3582 Basilius

412 3629 626 3683 dicebat
669 3645 682 3682 :
741 3625 1028 3682 Naturalis
1087 3626 1315 3691 bonitas,
1365 3635 1416 3680 et
1449 3625 1595 3697 regia
1647 3624 1886 3694 dignitas
1935 3636 1999 3674 ex

417 3722 580 3775 Putre
611 3738 702 3792 per
745 3720 1090 3790 Unigenitum
1139 3720 1209 3774 ad
1257 3717 1460 3772 Filium
1503 3716 1800 3788 pertingit:
1843 3717 1914 3770 ita
1947 3723 2002 3767 et

411 3815 748 3870 substantias
809 3811 1069 3879 fatemur,
1141 3813 1400 3884 piumque
1455 3809 1601 3866 unici
1659 3809 1999 3880 principatus

411 3909 602 3975 (Iugum
638 3923 743 3961 non
783 3907 1002 3961 decidit.

482 4000 801 4053 Consultant
828 3999 1054 4068 quidem
1090 4006 1146 4053 et
1175 3998 1277 4053 ista
1310 3997 1640 4068 praeteritis;
1689 4010 1879 4050 verum
1929 4009 1998 4050 ne

414 4094 466 4145 id
498 4093 716 4162 quidem
759 4089 1030 4154 dissentit,
1078 4089 1222 4159 quod
1275 4090 1542 4159 sequitur.
1577 4089 1710 4144 Nam
1757 4089 1940 4144 dicere
1980 4107 1995 4145 :

415 4185 704 4252 Propterea
746 4192 792 4236 et
820 4180 956 4234 Filio
981 4182 1261 4248 procedere
1295 4181 1570 4246 dixerunt,
1598 4188 1666 4254 ut.
1690 4196 1783 4249 per
1820 4181 1993 4249 ipsum

411 4277 565 4328 ilium
619 4275 900 4342 procedere
931 4273 1320 4343 signiﬁcarent,
1374 4271 1509 4328 nihil
1540 4283 1622 4329 est
1656 4271 1800 4327 aliud
1833 4286 1996 4341 quam

412 4372 600 4423 dicere
627 4385 640 4419 :
671 4367 881 4421 Idcirco
911 4382 975 4421 ex
1010 4364 1149 4420 Filio
1173 4366 1443 4435 procedit,
1469 4367 1598 4436 quia
1625 4359 1873 4436 procedit
1901 4380 1998 4436 per

415 4460 608 4514 Filium
644 4478 658 4513 :
687 4461 814 4530 quia
851 4461 994 4514 enim
1032 4473 1126 4529 per
1150 4457 1346 4514 Filium
1375 4459 1642 4528 procedit,
1675 4457 1998 4514 naturaliter

413 4556 620 4607 scilicet
682 4562 846 4623 atque
874 4552 1246 4608 essentialiter
1294 4553 1560 4621 procedit.
1607 4549 1682 4607 ita
1716 4551 1915 4622 quippe
1945 4561 1998 4605 et
2032 4567 2074 4624 υ

410 4651 668 4701 οεερηιίιιε
711 4644 1048 4717 conjunctio,
1093 4653 1148 4699 et
1195 4643 1714 4700 incommutabilitas
1753 4643 1999 4700 declara-

414 4742 560 4793 bitur
597 4755 611 4793 :
650 4739 792 4808 quod
829 4749 1010 4792 autem
1058 4751 1152 4806 per
1192 4737 1411 4806 aliquod
1460 4735 1807 4803 naturaliter,
1835 4744 1999 4806 atque

411 4831 780 4890 essentialiter
807 4832 1006 4902 prodit,
1035 4845 1101 4886 ex
1143 4830 1262 4900 ipso
1292 4829 1456 4884 etiam
1503 4829 1865 4886 substantiam
1899 4831 2000 4882 h'a-

415 4926 531 4979 bet.
563 4922 749 4994 Itaque
781 4939 876 4993 per
901 4922 1099 4978 Filium
1153 4925 1390 4992 prodire,
1425 4924 1566 4978 idem
1611 4922 1864 4992 estquod
1904 4934 2001 4991 per

413 5016 613 5072 Filium
668 5017 998 5083 procedere;
1057 5016 1162 5071 hoc
1211 5017 1355 5070 enim
1401 5015 1607 5070 iudicat
1658 5031 1754 5086 per
1802 5014 1999 5071 Filium

417 5112 620 5185 habere
651 5114 1046 5177 substantiam;
1084 5112 1227 5185 quod
1271 5111 1436 5178 igitur
1479 5108 1732 5176 superius
1777 5122 1999 5176 proces-

415 5182 630 5260 sionem
659 5203 968 5274 appellat-it,
995 5203 1098 5256 lioc
1125 5182 1178 5255 in
1203 5199 1661 5268 corisequcntibus
1688 5213 1782 5266 per
1806 5197 1998 5254 Filium

415 5299 656 5368 prodire,
689 5314 751 5350 ac
783 5295 1078 5361 proCedcre
1115 5293 1269 5347 dixit.

485 5395 712 5448 Constat
740 5404 869 5458 ergo
897 5397 950 5442 et
995 5402 1062 5440 ex
1097 5386 1202 5449 his,
1244 5400 1308 5438 ex
1338 5382 1478 5440 Filio
1513 5382 1808 5453 procedere
1856 5384 2000 5452 quod

412 5483 634 5544 dicitur,
699 5479 843 5533 idern
903 5491 1022 5531 esse
1072 5476 1213 5546 quod
1273 5491 1368 5544 per
1420 5474 1620 5530 Filium
1681 5479 1999 5544 procedere.

415 5576 586 5627 Porro
617 5574 720 5627 ista
751 5573 917 5626 etiam
951 5578 1078 5624 ante
1112 5581 1240 5624 sunt
1275 5569 1440 5624 dicta.
1473 5569 1576 5623 Sed
1606 5577 1660 5624 et
1696 5570 1824 5624 illud
1860 5586 1998 5641 quo-

414 5682 520 5731 que
568 5666 996 5719 demonstratum
1028 5673 1131 5728 est,
1181 5663 1322 5731 quod
1363 5663 1612 5718 essentia:
1644 5662 1762 5718 Filii
1798 5665 1864 5717 ad
1892 5665 1999 5720 Pa-

346 5759 352 5767 '
417 5773 553 5814 trem
605 5757 892 5820 identitas,
923 5757 1103 5810 omnia
1139 5753 1319 5809 Putris
1365 5754 1562 5809 Filium
1613 5755 1814 5811 habere
1845 5757 1994 5822 facit,

417 5862 613 5924 prmter
660 5851 833 5909 solum
885 5851 1102 5908 Patrem
1157 5863 1298 5906 esse.
1355 5851 1532 5918 Atque
1587 5852 1777 5905 eodem
1817 5851 1997 5918 modo,

2105 579 2340 643 tollitur,
2376 580 2612 634 maxime
2655 597 2778 634 cum
2816 583 3021 636 dictum
3056 583 3155 650 sit,
3197 598 3300 636 una
3350 591 3562 637 tantum
3619 599 3698 647 re,

2103 684 2201 725 eos
2240 671 2502 726 differre:
2558 673 2704 743 quod
2754 673 2842 728 hic
2889 673 3050 729 Pater
3083 678 3175 740 sit,
3227 676 3314 729 ille
3363 673 3559 739 Filius,
3590 677 3692 728 alia

2106 776 2235 818 vero
2284 765 2488 831 omnia,
2526 779 2648 820 esse
2697 769 3032 822 communia.
3086 767 3246 823 Pater
3303 770 3486 840 itaque
3531 788 3700 828 causa

2104 853 2339 923 Spiritus
2373 867 2476 923 est,
2506 857 2650 912 sicut
2691 870 2745 914 et
2777 860 2966 916 Filius.
2998 860 3211 917 Dictum
3246 874 3330 919 est
3367 874 3568 930 tamen,
3604 881 3701 922 eos

2109 963 2218 1002 non
2253 963 2502 1005 asserere
2549 949 2744 1005 Filium
2783 956 2959 1007 sancti
3001 953 3238 1022 Spiritus
3285 971 3531 1020 oausam,
3563 973 3697 1028 pro-

2107 1051 2229 1114 pter
2259 1042 2348 1097 illa
2391 1058 2510 1112 qua:
2541 1047 2796 1114 praedicta
2844 1058 3007 1115 sunt;
3041 1050 3183 1117 quod
3211 1050 3354 1105 enim
3387 1066 3454 1106 cx
3498 1051 3700 1108 Dama-

2105 1149 2271 1191 sceno
2301 1135 2404 1190 sibi
2440 1137 2578 1202 vult,-
2600 1153 2678 1193 ea:
2707 1136 2849 1193 Filio
2879 1156 2980 1194 non
3011 1142 3256 1208 dicimus,
3302 1158 3370 1198 ne
3413 1143 3520 1199 duo
3549 1146 3702 1215 prin-

2105 1230 2246 1299 cipia
2275 1231 2450 1287 divisa
2489 1233 2796 1300 videantur,
2832 1249 2931 1289 nec
2963 1251 3196 1304 persona
3225 1235 3370 1300 Filii,
3418 1249 3476 1293 ut
3513 1239 3697 1299 Patris

2111 1335 2344 1390 persona
2379 1337 2523 1388 esse,
2556 1323 2687 1378 nihil
2722 1339 2833 1394 prae
2877 1342 2935 1380 se
2971 1327 3140 1394 cogit,
3174 1336 3286 1382 tum
3329 1329 3559 1395 habens,
3592 1332 3696 1388 hoc

2107 1423 2162 1468 et
2201 1415 2322 1470 istis
2364 1416 2417 1471 in
2456 1417 2557 1471 hoc
2591 1417 2708 1472 loco
2752 1419 2854 1473 sibi
2890 1422 3022 1475 vult.
3067 1420 3246 1476 Unum
3299 1424 3446 1478 enim
3495 1427 3699 1495 princi-

2111 1508 2257 1578 pium
2286 1518 2369 1564 est
2396 1519 2623 1565 sanctus
2655 1510 2915 1581 Spiritus,
2959 1510 3122 1567 Pater
3153 1523 3207 1568 et
3257 1513 3426 1569 Filius
3453 1532 3467 1581 ;
3517 1528 3573 1572 et
3604 1501 3713 1574 ηεξ

2107 1617 2216 1670 que
2257 1601 2427 1656 Filius
2458 1603 2574 1659 sine
2609 1604 2794 1668 Patre,
2828 1620 3005 1674 neque
3041 1606 3158 1660 sine
3191 1605 3327 1660 Filio
3356 1607 3542 1663 Pater.
3577 1609 3694 1667 Non

2107 1695 2250 1748 enim
2278 1706 2426 1750 esset
2459 1699 2762 1765 procedens
2788 1697 3023 1767 Spiritus
3051 1707 3275 1754 sanctus
3302 1716 3318 1766 ;
3349 1703 3476 1769 quia
3513 1713 3694 1757 tamen

2107 1786 2274 1843 Pater
2300 1792 2418 1846 sine
2450 1807 2613 1846 causa
2649 1800 2751 1857 est,
2783 1793 2884 1862 ipsi
2915 1808 3094 1850 causa:
3137 1808 3337 1851 nomen
3384 1809 3694 1866 separatum

2108 1891 2212 1942 e~t,
2242 1898 2362 1950 qum
2395 1898 2556 1938 causa
2589 1884 2655 1938 ad
2701 1883 2960 1952 Spiritum
2989 1895 3243 1942 sanctum
3275 1887 3467 1953 relata,
3494 1890 3696 1945 Filium

2103 1987 2324 2042 quoque
2369 1977 2810 2045 cmuprehendit,
2865 1977 2989 2046 quia
3043 1993 3138 2046 per
3193 1979 3389 2036 Filium
3426 1983 3698 2052 procedit.

2104 2061 2239 2116 Nam
2293 2081 2356 2118 ex
2399 2064 2560 2121 Patre
2610 2069 2928 2136 procedere,
2974 2069 3227 2126 doctores
3283 2088 3380 2140 pro
3434 2089 3500 2129 eo
3537 2091 3702 2131 acce-

2109 2164 2327 2221 perunt,
2391 2158 2533 2226 quod
2596 2167 2679 2214 est
2733 2173 2796 2214 ex
2863 2159 3026 2216 Patre
3081 2176 3181 2231 per
3240 2163 3436 2219 Filium
3501 2181 3702 2235 proce-

2107 2245 2257 2300 dere.

2179 2384 2271 2442 Sic
2320 2387 2529 2456 itaque,
2582 2397 2636 2444 et
2685 2405 2810 2460 quin
2857 2393 2908 2446 in
2954 2391 3219 2462 praedicta
3251 2395 3482 2464 epistola
3521 2396 3701 2464 posita

2107 2489 2254 2544 sunt,
2292 2481 2509 2534 veritati
2569 2490 2624 2536 et
2678 2483 2778 2537 sibi
2837 2482 2940 2553 ipsi
2991 2487 3323 2554 concinunt;
3379 2497 3432 2542 et
3493 2503 3611 2558 qua:
3667 2505 3700 2542 a

2113 2581 2306 2626 sancto
2355 2571 2562 2642 Cyrillo
2619 2571 2939 2646 Latinisque
2988 2579 3304 2635 doctoribus
3362 2580 3430 2636 de
3489 2582 3700 2653 Spiritu

2105 2672 2298 2716 saneto
2346 2663 2490 2717 dicta
2542 2674 2691 2730 sunt,
2754 2668 3115 2738 interroganti
3179 2682 3373 2727 sancto
3434 2673 3699 2740 Maximo,

2110 2755 2345 2810 Romani
2383 2757 2776 2828 allegavcrunt.
2810 2760 3146 2831 lmpossibile
3174 2779 3409 2836 namque
3431 2777 3534 2835 εει,
3581 2784 3703 2824 ma-

2108 2849 2312 2917 gistros
2367 2848 2646 2916 Ecclesiae,
2696 2868 2761 2908 ex
2822 2854 2958 2911 Filio
3011 2869 3136 2913 esse
3183 2867 3346 2928 atque
3396 2862 3699 2931 procedere

2111 2943 2373 3012 Spiritum
2416 2944 2623 3012 dicere,
2673 2956 2726 3002 et
2772 2963 2960 3004 rursus
3006 2965 3104 3020 per
3136 2950 3331 3006 Filium
3375 2967 3498 3010 esse
3531 2968 3702 3026 atque

2107 3035 2432 3103 procedere,
2468 3036 2667 3093 deinde
2722 3054 2944 3094 causam
2999 3057 3028 3097 a
3083 3041 3222 3099 Filio
3275 3045 3526 3115 auferre;
3584 3049 3690 3106 hoc

2108 3125 2252 3178 enim
2309 3138 2394 3182 est
2431 3137 2617 3197 aperta
2667 3133 3052 3201 contradictio,
3080 3145 3429 3208 constatque,
3471 3142 3598 3210 quia
3636 3155 3694 3198 et

2109 3218 2209 3287 ipsi
2237 3221 2704 3288 contradicentes,
2729 3226 2872 3295 quod
2899 3226 3097 3283 dicitur
3122 3245 3186 3284 ex
3218 3228 3354 3286 Filio
3377 3237 3692 3302 procedere,

2113 3321 2171 3366 ut
2197 3327 2308 3382 quo
2342 3329 2504 3370 causa
2530 3317 2890 3387 significetur,
2927 3336 3031 3374 non
3069 3323 3395 3394 suscipiunt.
3436 3325 3518 3380 Ea:
3545 3330 3692 3383 enim

2111 3405 2445 3474 praepositio,
2483 3417 2537 3462 et
2575 3409 2813 3462 maxime
2845 3410 2898 3464 in
2940 3410 3138 3466 divinis
3167 3415 3439 3482 personis,
3471 3432 3693 3487 proces-

2110 3511 2230 3552 sum
2276 3513 2397 3552 cum
2441 3514 2611 3555 causa
2643 3503 3023 3572 commendat;
3056 3513 3109 3560 et
3139 3522 3251 3574 per,
3287 3515 3498 3563 tantum
3527 3511 3691 3575 valet,

2109 3605 2215 3643 non
2257 3589 2430 3644 solum
2469 3593 2618 3662 quia,
2675 3603 2731 3648 ut
2779 3594 2983 3649 dictum
3039 3606 3146 3666 est,
3204 3597 3255 3654 in
3305 3599 3506 3659 divinis
3551 3603 3692 3659 idem

2109 3683 2253 3738 valet
2289 3685 2432 3754 quod
2456 3701 2540 3753 ex,
2565 3688 2659 3740 sed
2685 3688 2809 3758 quia
2846 3688 3011 3744 etiam
3051 3705 3150 3760 per
3192 3707 3251 3746 se
3274 3693 3447 3763 ipsam
3483 3694 3538 3750 in
3567 3685 3695 3766 qui-

2110 3777 2212 3832 bus
2247 3779 2573 3841 assumitur,
2607 3781 2810 3849 ubique
2864 3797 3085 3837 causam
3125 3783 3361 3854 indicat;
3408 3789 3522 3844 sive
3547 3791 3692 3845 enim

2108 3887 2210 3942 per
2236 3873 2688 3942 instrumentum,
2724 3885 2783 3931 ut
2822 3892 2918 3948 per
2949 3893 3193 3948 causam,
3224 3883 3307 3936 vel
3346 3897 3526 3939 causae
3558 3899 3692 3949 con-

2108 3964 2339 4020 sortium
2372 3966 2628 4034 dicimus,
2663 3969 2778 4024 sive
2823 3985 2920 4040 per
2953 3970 3170 4040 locum;
3207 3973 3332 4042 quia
3366 3964 3530 4030 causa
3581 3993 3696 4033 mo-

2111 4063 2196 4110 tus
2250 4066 2333 4113 est
2384 4058 2569 4126 locus,
2627 4068 2682 4114 et
2733 4071 2914 4118 motus
2961 4065 3140 4119 omnis
3189 4065 3242 4119 in
3298 4067 3692 4138 magnitudine,

2110 4155 2274 4216 atque
2305 4147 2565 4205 distantia
2594 4168 2610 4219 ;
2663 4153 2919 4208 similiter
2951 4164 3005 4208 ut
3056 4171 3152 4224 per
3175 4172 3398 4212 causam
3433 4160 3692 4226 dicimus,

2107 4239 2222 4294 sive
2259 4253 2358 4308 per
2384 4251 2598 4309 tempus
2630 4241 2815 4298 itidem
2863 4251 3102 4313 (tempus
3132 4248 3277 4301 enim
3307 4250 3475 4303 motui
3515 4250 3690 4319 pluri-

2107 4345 2253 4383 mum
2307 4331 2574 4404 confert);
2635 4334 2752 4389 sive
2811 4335 2864 4389 in
2923 4337 3258 4407 syllogismis
3289 4349 3532 4396 extrema
3597 4357 3693 4410 per

2107 4421 2347 4480 medium
2371 4427 2620 4482 connecti
2648 4427 2914 4497 dicimus;
2947 4440 3163 4485 constat
3191 4432 3316 4502 quia
3342 4448 3438 4504 per
3458 4437 3691 4490 mediam

2105 4533 2349 4584 causam,
2381 4519 2679 4575 secundum
2706 4521 2875 4576 animi
2917 4529 3112 4590 totum,
3146 4523 3262 4580 sive
3300 4527 3692 4597 transgressio-

2106 4629 2228 4669 nem
2255 4612 2548 4683 contingit.

2178 4749 2409 4804 Prorsus
2465 4762 2594 4802 vero
2627 4748 2885 4818 possibile
2927 4761 3034 4807 nun
3071 4758 3158 4807 est
3191 4762 3254 4807 ut
3284 4768 3408 4808 cum
3457 4754 3694 4812 dicimus

2104 4857 2218 4912 per,
2255 4855 2358 4914 non
2415 4838 2581 4894 etiam
2634 4840 2876 4910 aliquam
2930 4857 3153 4900 causam
3204 4860 3312 4901 una
3345 4846 3689 4918 cogitemus;

2104 4931 2363 5000 quoniam
2414 4930 2582 5000 igitur
2621 4947 2718 5003 per
2753 4932 2949 4990 Filium
3009 4936 3229 5006 prodire
3284 4951 3348 4992 ac
3395 4939 3693 5009 procedere

2105 5025 2306 5081 dicitur
2335 5023 2572 5097 Spiritus
2598 5036 2841 5095 sanctus,
2878 5042 3096 5083 causam
3127 5030 3376 5100 profecto
3409 5041 3462 5086 et
3493 5029 3690 5088 Filium

2105 5132 2229 5174 esse
2267 5119 2585 5176 necessario
2615 5121 2777 5176 datur
2805 5122 3058 5192 intelligi.
3089 5121 3158 5179 Et
3189 5124 3352 5180 simul
3383 5134 3600 5182 constat
3633 5135 3692 5182 ut

2107 5212 2522 5269 substantialem
2548 5229 2806 5284 causam;
2841 5215 3043 5286 quippe
3066 5217 3136 5272 ab
3158 5217 3266 5273 illis
3285 5230 3688 5286 consummata,

2106 5313 2162 5358 et
2196 5301 2516 5372 plenissima
2577 5302 2930 5374 perfectione,
2976 5318 3300 5376 summaque
3352 5309 3419 5362 ad
3471 5290 3688 5364 Pati-em

2104 5393 2433 5463 aequalitate,
2468 5395 2584 5450 sive
2633 5394 2841 5449 unitate
2894 5396 3208 5463 longissime
3264 5407 3532 5454 remotum
3582 5415 3689 5467 est,

2107 5484 2302 5540 Filium
2339 5487 2761 5543 instrumentum
2798 5503 3019 5556 ponere,
3049 5503 3145 5544 seu
3179 5489 3380 5556 locum,
3412 5507 3508 5548 seu
3548 5502 3691 5549 tem-

2108 5591 2226 5645 pus,
2262 5585 2355 5631 aut
2408 5576 2645 5646 aliquam
2689 5577 3088 5648 imperfectam,
3141 5587 3196 5635 et
3231 5579 3462 5637 alterius
3499 5597 3693 5640 essen-

2108 5671 2196 5724 tia:
2229 5684 2486 5734 causam;
2524 5669 2568 5724 si
2618 5670 2763 5725 enim
2813 5671 2866 5724 in
2899 5672 3191 5736 creaturis,
3233 5688 3395 5730 unam
3444 5690 3688 5742 causam,

2108 5777 2271 5815 unum
2305 5771 2632 5827 creatorem,
2674 5779 2840 5818 unum
2898 5764 3136 5831 Patrem,
3171 5775 3229 5819 et
3287 5766 3483 5821 Filitnn
3538 5784 3690 5824 cont—

2111 5851 2328 5908 tuendul
2379 5868 2492 5921 per,
2545 5854 2713 5912 multo
2758 5871 2891 5912 sane
2927 5858 3097 5928 magis
3149 5858 3204 5917 in
3236 5856 3689 5918 con'substantiali
