4106 6442
391 403 496 470 165

1322 376 1722 462 Αῡνεῐιςυε
1757 401 2074 464 caucos
2111 405 2258 466 LIB.
2309 405 2421 465 lii.

3558 415 3658 482 166

383 524 464 578 eis
493 519 696 590 Spiritu
745 527 933 573 sancto
975 533 1137 599 unam
1184 533 1422 582 causam,
1451 534 1726 588 unumque
1761 520 1960 590 princi-
1989 526 2033 582 Α
2066 525 2165 578 ista
2203 525 2560 582 distributio:
2600 529 2650 583 in
2692 529 2852 586 Patre
2886 531 3130 600 quidem,
3164 545 3260 599 per
3284 529 3383 584 ista
3437 546 3656 587 causam

386 614 553 684 pium,
605 609 815 664 Patrem
857 623 908 663 et
951 595 1149 662 Filium
1189 613 1554 665 commendat.

456 707 680 776 Magnus
735 698 1008 774 praeterea
1082 705 1311 758 Basilius
1377 706 1444 758 ad
1508 703 1950 774 Amphilochium

383 796 652 860 scribens,
679 809 803 864 cap.
836 795 890 860 8,
926 794 1004 850 sic
1028 796 1142 849 ait:
1187 793 1338 860 Quod
1383 811 1475 866 per
1524 793 1726 849 Filium
1773 812 1954 850 creare

389 887 552 941 Pater
575 888 790 952 dicitur,
826 903 986 957 neque
1018 888 1379 958 imperfectam
1428 889 1757 942 commendat
1805 905 1952 943 crea-

383 980 575 1034 tionem
603 977 779 1032 Patris
802 995 821 1042 ,°
864 995 1023 1046 neque
1049 980 1331 1033 invalidam
1370 978 1500 1034 Filii
1531 981 1856 1049 eﬁicientiam
1882 980 1959 1034 si-

385 1084 546 1143 gnat;
641 1073 732 1126 sed
801 1068 1158 1126 unitissimam
1222 1074 1554 1127 commendat
1610 1073 1954 1128 voluntatem.

387 1164 566 1232 Itaque
604 1178 704 1216 vox
762 1163 887 1226 ista,
947 1181 1040 1234 per
1098 1161 1320 1230 Filium,
1377 1176 1556 1218 causa:
1617 1174 1745 1220 ante
1796 1179 1955 1219 omne

385 1257 730 1326 principium,
761 1255 1158 1312 confessionem
1201 1256 1398 1320 habet;
1457 1273 1561 1312 non
1601 1258 1651 1310 in
1689 1257 1954 1327 praedica-

387 1359 567 1402 mento
595 1363 773 1404 causae
805 1349 1192 1404 conditionalis
1239 1350 1562 1404 assumitur.
1595 1347 1750 1403 Patet
1787 1349 1956 1419 igitur

385 1446 527 1512 quod
586 1445 638 1497 in
697 1443 965 1498 creaturis
994 1442 1213 1513 quidem
1261 1459 1374 1512 per,
1413 1443 1758 1498 commendat.
1792 1442 1949 1496 unio-

385 1552 504 1590 nem
534 1537 864 1602 voluntatis;
907 1535 960 1590 in
991 1544 1181 1590 sancto
1226 1547 1407 1592 autem
1455 1534 1663 1606 Spiritu
1696 1535 1950 1590 unionem

385 1628 560 1682 Patris
592 1637 646 1681 et
671 1626 819 1691 Filii,
856 1627 1152 1682 secundum
1191 1626 1606 1683 substantialem
1635 1639 1950 1695 processum

383 1721 557 1774 sancti
586 1718 820 1788 Spiritus
854 1721 1118 1783 insinuat,
1159 1719 1456 1774 secundum
1494 1732 1654 1788 quem
1689 1732 1752 1772 ex
1789 1715 1955 1772 Patre

386 1827 484 1878 per
514 1809 708 1865 Filium
761 1810 979 1880 prodire
1017 1824 1081 1865 ac
1121 1817 1418 1878 procedere
1465 1813 1750 1872 asseritur,
1784 1818 1838 1862 et
1886 1822 1952 1862 ex

386 1904 546 1959 Patre
581 1918 642 1958 ac
671 1901 806 1958 Filio
841 1903 1154 1973 procedere.
1193 1901 1448 1956 Pluribus
1479 1900 1646 1970 igitur
1679 1915 1744 1954 ex
1779 1901 1950 1970 parti-
1988 1887 2028 1943 Β

388 1997 493 2052 bus
520 1995 822 2051 ostenditur
849 1992 1064 2050 Patrem
1093 2001 1146 2050 et
1178 1993 1370 2048 Filium
1403 2009 1569 2049 unum
1608 2007 1728 2049 esse
1749 1993 1951 2061 princi—

387 2092 559 2160 pium,
609 2104 877 2161 unamque
925 2103 1146 2145 causam
1195 2087 1431 2158 Spiritus
1479 2086 1657 2144 sancti
1699 2072 1954 2142 :dictum

383 2193 465 2240 est
497 2195 670 2237 tamen
701 2181 973 2237 Romanos
1020 2182 1215 2237 Filium
1268 2195 1374 2235 non
1420 2194 1645 2236 causam
1688 2179 1948 2250 Spiritus.

387 2290 607 2351 propter
635 2294 698 2334 ea
728 2293 850 2351 qua:
893 2279 1154 2349 pradicta
1192 2286 1346 2343 sunt,
1380 2277 1577 2331 facere.
1608 2273 1832 2330 Constat
1856 2290 1955 2328 au,-

387 2382 496 2427 tcm
541 2387 604 2426 es
653 2371 757 2436 his,
800 2382 858 2425 et
905 2370 1031 2440 quia
1068 2385 1132 2425 ex
1185 2369 1322 2424 Filio
1353 2367 1652 2437 procedere
1685 2368 1952 2436 Spiritum

391 2469 627 2516 sanctum
654 2475 760 2516 non
795 2460 902 2514 ulla
931 2460 1151 2516 novitas
1177 2469 1284 2525 est,
1312 2473 1492 2528 neque
1528 2471 1669 2513 nova
1697 2455 1952 2524 adjectio,

407 2563 469 2604 ut
515 2553 719 2620 quidam
776 2560 1108 2606 asseverant.
1142 2549 1278 2606 Nam
1317 2561 1371 2606 et
1416 2550 1752 2618 temporibus
1782 2549 1954 2604 sancti

401 2642 605 2697 Maximi
631 2659 658 2696 a
700 2643 911 2699 Latinis
939 2643 1014 2699 ita
1057 2643 1386 2714 legebatur:
1430 2643 1512 2697 Ad
1558 2658 1710 2712 quem
1741 2649 1954 2696 sancto-

391 2753 508 2790 rttm
532 2738 894 2806 allegationes,
915 2746 971 2792 ut
996 2737 1111 2809 ipse
1133 2737 1229 2802 ait,
1256 2737 1380 2792 huic
1400 2737 1673 2792 sententia:
1693 2750 1956 2805 congruas

385 2830 732 2896 pratulerunt.

459 2923 651 2978 Paucis
677 2938 802 2979 vero
835 2922 1188 2994 interpositis,
1224 2921 1277 2976 in
1306 2921 1497 2978 eadem
1525 2919 1778 2990 epistola,
1815 2918 1954 2975 idem

387 3026 605 3071 sanctus
649 3015 865 3084 adjecit,
906 3013 1236 3071 concludens
1278 3031 1294 3069 :
1345 3012 1614 3068 Romanos
1646 3013 1710 3067 de
1737 3013 1818 3066 Itis
1847 3011 1959 3066 sine

387 3113 596 3166 ratione
628 3111 852 3180 culpari.
889 3109 1086 3180 Liquet
1120 3102 1594 3181 igitur,‘etipsum
1632 3107 1954 3177 approbare,

387 3210 530 3275 quod
556 3206 769 3272 dicitur,
810 3203 1068 3275 Spiritum
1098 3213 1345 3258 sanctum
1378 3215 1442 3257 ex
1483 3201 1617 3256 Filio
1642 3200 1956 3270 procedere,
1984 3243 2030 3305 Ο

387 3302 592 3370 easque
615 3298 702 3367 qui
737 3299 811 3352 ita
843 3297 1108 3361 dicerent,
1149 3297 1394 3363 laudare,
1435 3303 1489 3350 et
1520 3296 1611 3364 qui
1646 3295 1958 3365 culparent,

390 3391 728 3446 insimulare.
789 3389 980 3445 Essent
1034 3397 1216 3444 autem
1272 3403 1410 3444 sane
1470 3387 1819 3456 ineptissitni,
1869 3387 1960 3456 qui

393 3494 614 3554 prepter
641 3484 692 3538 id
724 3485 867 3554 quod
895 3483 1100 3537 dictum
1127 3493 1208 3536 est
1242 3500 1254 3535 :
1290 3480 1373 3535 Ea:
1408 3479 1552 3534 Filia
1577 3497 1680 3535 non
1709 3481 1958 3542 dicimus,

387 3591 609 3630 causam
642 3575 815 3631 sancti
854 3574 1090 3645 Spiritus
1130 3589 1160 3629 a
1207 3573 1345 3629 Filio
1379 3574 1603 3629 omnino
1630 3573 1958 3637 auferentes,

388 3681 454 3721 ex
504 3680 569 3720 eo
600 3667 738 3735 quod
774 3664 1039 3720 asseritur
1063 3679 1128 3719 ex
1169 3664 1287 3733 ipso
1315 3663 1634 3734 procedere,
1668 3665 1806 3718 hanc
1855 3679 1960 3717 non

387 3761 463 3814 illi
518 3759 765 3824 reddunt,
814 3772 936 3812 cum
988 3759 1126 3812 hanc
1165 3755 1535 3826 processionis
1564 3754 1857 3810 dictionem
1907 3766 1963 3810 et

391 3853 493 3920 ipsi
519 3850 753 3920 Spiritus
792 3849 964 3906 sancti
1011 3848 1378 3903 substantiam
1415 3847 1800 3902 commendare
1831 3845 1963 3900 deii-

387 3945 559 3998 niant.
609 3943 681 3997 Ex
730 3944 831 3998 hoc
859 3943 1004 3998 enim
1038 3941 1418 3997 rationabilius
1455 3940 1531 3995 illi
1583 3953 1806 3995 causam
1842 3939 1964 3994 red-

388 4040 536 4102 dent,
566 4052 725 4107 quam
762 4051 859 4107 per
888 4034 1018 4091 illud
1053 4033 1322 4089 auferent.

456 4126 589 4180 Nam
617 4127 663 4182 si
699 4140 764 4180 ex
790 4124 950 4180 Patre
998 4125 1320 4194 procedere,
1379 4123 1522 4195 quod
1553 4123 1782 4188 dicitur,
1829 4139 1959 4179 cau-

392 4235 504 4275 sam
533 4219 912 4273 commendare
933 4214 1282 4282 coniltentur,
1340 4217 1613 4288 quomodo
1634 4233 1742 4271 non
1795 4217 1960 4271 etiam

390 4313 605 4377 Filium,
636 4325 794 4364 unam
823 4323 948 4364 cum
988 4307 1152 4364 Patre
1195 4323 1417 4363 causam
1479 4311 1654 4364 sancti
1720 4308 1961 4379 Spiritus

388 4405 645 4470 fatentur,
679 4419 798 4458 cum
835 4402 1079 4467 audiant,
1115 4402 1292 4471 ipsum
1353 4401 1519 4454 etiam
1549 4417 1614 4456 ex
1670 4401 1806 4457 Filio
1837 4417 1962 4472 pro-

385 4498 616 4554 cedere?
649 4496 760 4551 lmo
791 4510 940 4558 vero,
993 4495 1266 4565 quomodo
1318 4498 1384 4551 ad
1417 4509 1511 4550 eos
1570 4495 1812 4564 quidem,
1869 4498 1960 4564 qui

2062 619 2262 686 signari
2297 623 2496 683 dicere,
2535 621 2585 674 in
2619 622 2754 677 Filio
2800 633 2978 678 autem
3006 625 3147 678 hanc
3197 639 3302 678 non
3332 622 3445 676 ita?

2133 714 2204 768 At
2233 714 2278 768 si
2301 729 2364 767 ex
2398 715 2532 770 Filio
2590 717 2887 784 procedere
2935 717 3568 772 consubstantialitatem
3601 728 3658 770 et

2063 802 2154 860 hic
2187 805 2483 875 signiﬁcari
2529 807 2741 873 dicunt,
2797 824 2990 880 nempe
3034 809 3177 862 sicut
3227 809 3462 878 Spiritus
3508 807 3654 862 Patri

2061 897 2540 952 consubstantialis
2581 909 2684 963 cst,
2713 902 2836 969 quia
2872 901 3119 969 procedit
3171 914 3235 956 ex
3279 901 3461 965 Patre,
3498 903 3571 954 ita
3601 913 3658 955 ct

2064 984 2201 1040 Filio
2229 989 2710 1044 consubstantialis
2738 999 2840 1058 est,
2889 991 3016 1060 quia
3065 991 3314 1060 procedit
3374 1006 3438 1045 ex
3481 992 3654 1059 Filio;

2033 1092 2190 1161 .nam
2223 1087 2278 1132 et
2304 1076 2474 1133 Filius
2505 1081 2987 1138 c0nsubstantialis
3015 1093 3098 1138 est
3151 1081 3327 1149 Patri,
3396 1086 3654 1154 quoniam

2062 1183 2129 1224 ex
2161 1169 2279 1238 ipso
2331 1181 2436 1235 est,
2503 1171 2770 1239 siquidem
2825 1188 2955 1227 vera
3017 1176 3372 1244 prosequitur
3425 1192 3656 1245 magnus

2065 1259 2297 1316 Basilius
2325 1262 2547 1317 dicens:
2589 1259 2758 1318 Porro
2792 1266 3032 1320 essentiw
3078 1267 3352 1334 identitas,
3406 1269 3530 1338 quia
3575 1278 3652 1322 est

2061 1368 2127 1405 ea:
2151 1351 2313 1407 Patre
2361 1352 2553 1409 Filius.

2135 1445 2439 1499 Attestatur
2481 1445 2566 1501 his
2623 1457 2680 1502 et
2733 1446 2968 1519 Cyrillus
3028 1447 3413 1503 beatissimus:
3483 1446 3656 1502 Nasci

2060 1539 2222 1602 enim,
2249 1536 2447 1606 inquit,
2481 1553 2548 1592 ea:
2580 1537 2742 1593 Patre
2767 1554 2859 1607 per
2880 1537 3102 1604 Filium,
3123 1540 3312 1593 invitos
3346 1556 3438 1593 nos
3467 1540 3658 1609 etiam,

2063 1646 2126 1682 ac
2157 1629 2432 1684 renitentes
2463 1639 2628 1700 coget,
2662 1629 2743 1684 illi
2762 1629 3368 1685 consubstantialitatem
3401 1630 3641 1685 reddere.

2061 1721 2169 1778 Sed
2203 1733 2257 1777 et
2299 1725 2446 1794 quod
2477 1737 2573 1793 per
2613 1723 2762 1777 illum
2783 1723 3003 1793 prodire
3045 1717 3268 1787 dicitur,
3308 1736 3651 1792 nequaquam

2061 1815 2314 1869 essentiae
2363 1798 2823 1883 conjunctionem,
2862 1815 3470 1886 immutabilitatemque
3505 1831 3654 1870 com-

2059 1906 2365 1971 mandaret,
2402 1907 2502 1960 nisi
2529 1923 2624 1976 per
2648 1907 2842 1961 Filium
2895 1908 3099 1963 habere
3121 1908 3483 1963 substantiam
3507 1909 3651 1978 quod

2058 1999 2399 2067 procederet,
2426 2008 2985 2070 praesupponeretur;
3025 2016 3150 2054 nam
3174 2000 3316 2070 quod
3353 2002 3424 2056 ita
3476 2001 3653 2071 prodit

2059 2093 2371 2147 necessario
2405 2093 2568 2148 etiam
2629 2093 3096 2148 consubstantiale
3128 2101 3234 2159 est,
3277 2093 3547 2161 siquidem
3595 2102 3652 2148 et

2057 2183 2112 2239 in
2145 2186 2264 2240 loco
2298 2201 2466 2241 verax
2495 2197 2577 2241 est
2606 2197 2830 2242 sanctus
2861 2187 3126 2242 Maximus
3153 2188 3379 2243 dicens:
3411 2187 3651 2256 Spiritus

2061 2284 2288 2332 sanctus
2338 2276 2496 2330 sicuti
2527 2267 2856 2333 naturaliter
2893 2278 3190 2346 secundum
3241 2280 3531 2334 essentiam
3555 2276 3650 2332 Dci

2058 2377 2112 2424 et
2160 2368 2342 2423 Patris
2375 2379 2479 2428 est.
2508 2369 2580 2423 ita
2611 2378 2665 2423 et
2695 2368 2816 2424 Filii
2848 2370 3150 2425 secundum
3185 2372 3489 2426 essentiam
3539 2381 3648 2433 est,

2061 2471 2118 2516 ut
2147 2462 2241 2532 qui
2277 2477 2344 2517 ex
2369 2452 2552 2517 ‘Patre
2596 2463 2966 2518 essentialiter
3005 2462 3100 2533 pc'r
3154 2463 3353 2520 Filium
3405 2466 3648 2535 genitum

2061 2552 2406 2610 ineﬂ'abiliter
2434 2556 2732 2625 procedat;
2767 2563 2991 2625 propter
3027 2556 3134 2612 hoc
3182 2555 3350 2626 igitur
3413 2558 3653 2612 consub-

2058 2645 2328 2701 stantialis
2355 2655 2436 2700 est
2465 2643 2624 2711 Filio,
2645 2645 2773 2716 quia
2796 2660 2894 2716 per
2920 2645 3064 2699 illum
3096 2648 3338 2716 procedit
3361 2661 3426 2700 ex
3450 2645 3651 2713 Patre;

2061 2738 2160 2792 hoc
2186 2747 2366 2792 autem
2400 2737 2541 2793 idem
2570 2752 2690 2793 esse
2722 2739 2865 2808 quod
2906 2752 2968 2791 es
3010 2737 3147 2793 Filio
3187 2738 3498 2808 procedere,
3526 2738 3642 2808 pitt-

2062 2830 2215 2883 rimis
2241 2844 2304 2882 ex
2338 2829 2472 2884 locis
2510 2828 2944 2884 demonstratum
2994 2838 3102 2883 est.

2130 2920 2422 2977 Enimvero
2451 2922 2626 2976 multo
2658 2923 2837 2975 minus
2863 2921 2971 2976 illis
3037 2921 3257 2976 confert
3311 2920 3405 2976 illa
3466 2920 3654 2977 Basilii

2059 3016 2352 3080 sententia,
2417 3029 2578 3083 quam
2640 3023 2702 3069 ut
2779 3029 2997 3068 murum
3072 3015 3540 3085 inexpugnabilem
3598 3017 3652 3068 in

2061 3107 2176 3160 suis
2199 3107 2656 3176 disputationibus
2708 3117 3049 3177 praeponunt.
3083 3107 3173 3162 Ait
3215 3090 3446 3178 denique
3508 3124 3640 3163 san-

2061 3211 2181 3255 Ctus
2211 3199 2330 3254 vir:
2369 3197 2546 3270 Gignit
2583 3198 2748 3263 Deus,
2785 3216 2887 3253 non
2925 3211 2978 3252 ut
3009 3200 3200 3265 homo;
3229 3201 3396 3272 gignit
3458 3211 3632 3255 autem

2067 3309 2220 3360 vere;
2243 3292 2494 3364 quodque
2526 3303 2710 3346 natum
2741 3304 2814 3348 est
2851 3308 3025 3359 exeo,
3057 3293 3263 3348 verbum
3310 3309 3416 3347 non
3467 3293 3654 3347 hama-

2065 3405 2188 3442 nunt
2209 3389 2476 3458 exprimit.
2512 3384 2715 3442 Promit
2749 3398 2923 3441 autent
2957 3385 3180 3442 Verbum
3210 3403 3385 3443 verum
3411 3403 3476 3442 ea:
3501 3389 3653 3456 ipso;

2065 3481 2257 3534 emittit
2285 3479 2542 3548 Spiritum
2579 3495 2672 3549 per
2719 3495 2802 3544 os,
2864 3497 2968 3534 non
3025 3492 3081 3534 ut
3110 3462 3453 3544 'humanum,
3517 3483 3644 3552 quia

2065 3586 2226 3638 neque
2254 3571 2346 3625 Dei
2373 3586 2428 3623 os
2455 3569 2802 3632 corporaliter
2829 3577 2925 3626 est.
2950 3568 3035 3623 Ea:
3053 3571 3168 3640 ipso
3192 3583 3367 3626 autent
3394 3572 3653 3641 Spiritus,

2066 3679 2168 3716 non
2195 3663 2408 3716 aliunde
2430 3673 2525 3717 est.
2583 3661 2822 3718 Primum
2851 3662 2903 3716 in
2968 3662 3054 3718 his
3102 3673 3292 3720 notare
3352 3667 3649 3730 convenit,

2064 3756 2188 3826 quia
2218 3772 2472 3826 promere,
2504 3755 2556 3808 in
2597 3753 2720 3809 Filii
2747 3755 3078 3820 substantia,
3142 3764 3366 3810 sanctus
3418 3757 3652 3824 accepit.

2138 3845 2270 3901 Nam
2305 3849 2371 3901 de
2403 3845 2859 3902 substantialibus
2921 3847 3266 3916 processibus
3292 3847 3393 3903 hoc
3422 3847 3472 3902 in
3532 3849 3657 3904 loco

2065 3941 2140 3994 illi
2174 3956 2355 3995 sermo
2393 3950 2510 4005 est;
2539 3939 2682 3993 sicut
2705 3949 2758 3991 et
2785 3939 3069 4008 theologus
3095 3937 3392 4009 Gregorius
3420 3957 3642 3996 emana-

2066 4036 2268 4087 tinnem
2301 4031 2683 4099 sempiternam
2705 4029 3066 4086 substantiam
3093 4029 3256 4084 dixit.
3291 4031 3359 4086 Et
3392 4032 3657 4102 quoniam

2066 4126 2185 4178 dote
2213 4137 2566 4194 personarum
2595 4123 2914 4178 substantia:
2947 4131 3092 4186 sunt,
3120 4123 3462 4194 invicemque
3490 4125 3635 4179 diﬂ'e-

2069 4227 2270 4285 rentes,
2303 4218 2445 4271 idem
2475 4217 2726 4284 protinus
2785 4216 3022 4284 adjecit:
3065 4215 3435 4271 Emanationis
3494 4218 3655 4288 cli/7e-

2067 4312 2233 4364 rentia
2263 4310 2590 4379 di/Ierentem
2612 4308 2771 4363 etiam
2793 4309 3015 4362 illorum
3057 4308 3462 4377 appellationem
3495 4310 3651 4379 fecit,

2067 4401 2358 4457 utscilicet
2398 4400 2536 4454 alius
2568 4401 2785 4469 quidem
2823 4408 2969 4454 esset
3018 4398 3208 4465 Filius,
3270 4401 3408 4456 alius
3467 4410 3654 4456 autem

2067 4494 2299 4564 Spiritus
2332 4502 2578 4547 Sanctus.
2634 4494 2820 4560 Itaque
2875 4505 2998 4546 cum
3071 4490 3331 4561 Spiritum
3399 4501 3648 4546 sanctum

388 4594 489 4648 hoc
525 4588 1090 4656 dicunt,elierantur;
1141 4587 1348 4643 sanctis
1389 4597 1572 4642 autem
1609 4589 1678 4641 ita
1737 4587 1963 4642 dicenti-
1997 4591 2039 4648 D
2070 4597 2324 4653 proruere
2358 4583 2572 4637 dicatur
2597 4581 2789 4646 Filius,
2853 4590 2931 4644 et,
2986 4583 3115 4650 quia
3163 4583 3233 4637 ab
3291 4597 3356 4636 eo
3415 4583 3664 4651 Spiritus

387 4685 504 4746 bus,
559 4699 663 4737 non
699 4680 1114 4737 contradicunt?
1145 4679 1299 4747 Quod
1331 4680 1376 4734 si
1432 4695 1498 4734 es
1543 4677 1683 4733 Filio
1731 4691 1853 4734 esse
1899 4693 1962 4732 ac

383 4766 698 4848 procedere,
728 4787 847 4826 cum
878 4772 1192 4828 doctoribus
1234 4771 1502 4838 ecclesiae,
1545 4781 1601 4826 et
1627 4779 1824 4826 sancto
1844 4769 1964 4824 Ma-

383 4870 554 4934 xime,
579 4877 633 4922 et
676 4866 954 4932 Romanis,
1009 4866 1103 4936 qui
1139 4879 1306 4932 super
1334 4864 1439 4919 hoc
1469 4873 1789 4920 sanctorum
1815 4863 1961 4920 dicta

387 4959 746 5031 protulerunt,
781 4959 864 5012 vel
896 4957 1068 5013 coacti
1107 4957 1434 5027 suscipiunt,
1461 4972 1569 5012 non
1622 4967 1803 5012 tamen
1866 4972 1963 5025 per

389 5059 488 5110 hoc
511 5067 731 5108 causam
797 5051 1092 5118 signiﬁcari
1145 5050 1372 5106 volunt:
1425 5051 1662 5120 primum
1718 5049 1960 5119 quidem,

384 5162 560 5217 neque
587 5161 664 5201 sic
695 5143 954 5200 deberent
976 5144 1046 5198 ad
1079 5145 1219 5199 hanc
1271 5144 1561 5198 dictionem
1591 5143 1816 5199 omnino
1873 5143 1958 5198 in-

387 5239 620 5308 dignari,
653 5238 867 5300 deinde,
907 5246 1100 5306 praeter
1127 5253 1253 5293 suas
1293 5237 1582 5306 opiniones
1611 5236 1809 5302 volent,
1858 5238 1958 5291 hoc

388 5321 558 5390 enim.
590 5343 645 5384 ut
678 5332 817 5398 quod
862 5344 1089 5384 causam
1121 5330 1240 5384 sine
1297 5330 1473 5383 medio
1540 5329 1830 5398 signiticet,
1871 5343 1957 5382 rc-

387 5425 592 5494 iugiunt
621 5439 635 5487 ;
665 5433 717 5476 ct
755 5437 925 5490 neque
951 5437 1073 5475 cum
1101 5436 1163 5475 ex
1213 5421 1372 5476 Patre
1403 5421 1698 5491 procedere
1740 5421 1956 5484 dicitur,

382 5526 437 5570 et
466 5529 529 5568 ex
564 5517 669 5567 Deo
705 5529 845 5576 esse,
880 5528 1101 5566 causam
1157 5514 1467 5584 signiﬁcare
1518 5522 1801 5583 cogentur,
1861 5514 1958 5567 di-

382 5624 528 5673 cere,
555 5619 903 5677 quaerentque
942 5605 1172 5660 alterum
1219 5607 1563 5670 vocabulum,
1623 5605 1766 5674 quod
1828 5605 1957 5659 sub-

382 5699 638 5755 stantiam
668 5697 838 5752 sancti
882 5696 1116 5764 Spiritus
1165 5697 1454 5766 signiticet,
1499 5697 1662 5764 idque
1708 5694 1959 5751 tortassis

382 5789 505 5848 erit,
535 5802 668 5850 esse,
699 5787 800 5840 hoc
826 5797 1001 5840 autem
1024 5787 1072 5839 in
1118 5785 1316 5839 divinis
1347 5785 1594 5855 personis
1626 5786 1767 5839 idem
1819 5785 1959 5840 valet

385 5879 524 5938 Quod
564 5879 880 5945 procedere,
923 5875 1190 5946 simulque
1242 5891 1488 5945 quaenam
1558 5885 1612 5931 et
1664 5874 1805 5930 unde
1850 5875 1954 5928 erit

2071 4675 2294 4742 eﬂ‘ulsit,
2321 4685 2379 4731 ut
2407 4675 2486 4730 ait
2512 4675 2566 4730 in
2591 4675 2848 4742 precibus
2894 4687 3122 4742 magnus
3153 4670 3416 4740 Basilius,
3473 4674 3662 4728 sancti

2071 4766 2306 4834 Spiritus
2330 4780 2394 4821 es
2426 4763 2566 4818 Filio
2595 4761 2898 4818 substantia
2941 4761 3346 4817 evidentissime
3385 4763 3656 4829 signatur.

2072 4861 2341 4920 Secundo,
2378 4856 2677 4912 notandum
2708 4852 2850 4924 quod
2884 4851 3046 4908 etiam
3103 4854 3361 4920 emittere,
3410 4855 3464 4908 in
3519 4856 3655 4909 sub-

2070 4952 2270 5005 stantia
2297 4948 2472 5003 sancti
2506 4945 2742 5017 Spiritus
2793 4945 3039 5016 accepit;
3077 4946 3178 5001 hOc
3206 4953 3385 5000 autem
3442 4947 3663 5018 Superi.

2069 5041 2257 5094 oribus
2282 5039 2553 5104 concinit;
2614 5037 2667 5092 in
2722 5037 2940 5107 quibus,
2978 5050 3008 5091 a
3045 5037 3249 5093 sanctis
3274 5037 3528 5094 Patribus
3561 5053 3663 5094 os»

2071 5143 2282 5188 tensmn
2314 5142 2418 5197 est,
2453 5132 2656 5184 mittere
2687 5139 2741 5186 et
2766 5132 2928 5197 mitti,
2971 5132 3356 5201 intemporales
3412 5131 3537 5189 Filii
3599 5140 3658 5187 et

2069 5224 2302 5294 Spiritus
2333 5222 2665 5278 substantias
2695 5223 2997 5292 designare,
3027 5237 3089 5278 ac
3123 5223 3360 5290 mittere,
3388 5238 3607 5280 causam
3633 5240 3655 5288 ;

2071 5317 2292 5371 mittere
2328 5328 2479 5379 vero,
2513 5313 2732 5369 causale
2775 5314 3014 5384 signare.

2140 5406 2244 5464 Sed
2275 5407 2489 5470 emittit,
2524 5406 2721 5476 inquit,
2773 5405 3051 5474 Spiritum,
3083 5422 3176 5474 per
3201 5423 3278 5460 os.
3341 5404 3412 5460 Os
3470 5412 3657 5459 autem

2070 5499 2249 5555 Patris
2305 5499 2498 5560 Filius,
2568 5500 2634 5552 ab
2668 5498 2929 5554 Ecclesiae
2989 5499 3268 5568 magistris
3323 5499 3657 5565 exponitur;

2067 5592 2209 5646 idem
2241 5592 2404 5662 igitur
2430 5591 2742 5654 estdicere,
2789 5591 3038 5644 emittere
3094 5587 3351 5658 Spiritum
3404 5599 3498 5654 per
3566 5601 3654 5650 os,

2068 5693 2122 5740 et
2161 5683 2508 5752 Spiritumex
2535 5682 2693 5737 Patre
2753 5697 2848 5752 per
2906 5681 3104 5736 Filium
3165 5679 3478 5747 procedere.
3537 5677 3653 5733 Hoc

2068 5785 2247 5830 autem
2315 5789 2409 5843 per
2467 5772 2664 5828 Filium
2719 5773 2922 5828 habere
2975 5769 3336 5826 substantiam
3386 5769 3649 5824 insinuat.

2067 5869 2202 5924 Nam
2234 5866 2529 5937 procedere
2569 5864 2806 5922 Verbum
2857 5864 3189 5923 substantia:
3238 5863 3391 5919 illius
3433 5862 3648 5932 signiti-
