4106 6464
507 354 604 421 167

1770 326 2173 419 manus.th
2211 354 2523 414 ωηολε

3661 357 3756 419 163

498 475 734 524 cativum
772 476 881 531 est.
913 478 1238 539 constatque
1270 483 1364 536 per
1393 470 1514 534 huc,
1554 470 1693 538 quod
1751 484 1872 522 cum
1925 467 2089 523 Filius
2119 474 2163 529 Α
2192 480 2335 528 esse,
2361 466 2559 535 quippe
2591 465 2772 519 omnia
2800 479 2915 533 qum
2944 464 3104 518 habet
3153 476 3409 534 persona,
3461 475 3755 523 caeterarum

501 563 718 616 mittere
746 570 800 615 et
819 562 1067 615 emittere
1091 561 1294 616 dicitur
1327 561 1611 630 Spiritum.
1639 577 1703 616 ex
1734 561 1899 623 Filio,
1926 573 2091 632 atque

501 666 598 717 per
633 651 826 705 Filium
871 653 1044 707 sancti
1078 653 1317 723 Spiritus
1366 656 1669 710 substantia
1722 655 2088 724 signiﬁcatur,

503 749 754 816 mittique
785 765 846 803 ex
873 764 938 805 eo
972 765 1093 804 esse
1118 750 1410 819 significat.
1473 749 1662 804 Verum
1687 761 1732 805 et
1790 766 1855 805 ea:
1895 766 1974 813 eo,
2040 750 2091 804 id

500 852 607 904 est,
639 840 818 901 Patre.
893 841 1125 911 Spiritus
1197 853 1434 906 sanctus,
1483 843 1681 914 inquit,
1727 854 1827 909 est,
1878 854 1931 898 et
1988 859 2089 897 nou

501 932 743 988 aliunde.
773 932 976 1002 Nempe
999 951 1062 988 ex
1098 932 1255 988 Patre
1286 951 1407 992 esse
1439 935 1703 1005 Spiritum
1731 945 1976 991 sanctum
2024 934 2091 989 ab

501 1024 748 1077 omnibus
779 1024 1117 1090 conceditur,
1165 1042 1272 1079 non
1310 1026 1532 1080 aliunde
1557 1038 1736 1082 autem
1766 1027 1903 1082 dixit
1923 1044 1937 1089 ;
1957 1042 2094 1095 quo-

502 1116 644 1168 niam
682 1118 1066 1172 haereticorum
1093 1118 1334 1186 plurini,
1367 1133 1434 1173 ex
1480 1116 1660 1174 Patris
1722 1120 1957 1174 essentia
2001 1116 2093 1172 Fi-

501 1207 630 1260 lium
685 1209 982 1264 excludere
1044 1207 1312 1273 volrntes,
1368 1209 1514 1263 illum
1575 1224 1750 1280 neque
1788 1224 1853 1264 ex
1912 1207 2091 1265 Patris

499 1301 762 1365 essentia,
791 1316 969 1368 neque
988 1316 1049 1355 ex
1080 1300 1387 1355 substantia
1417 1301 1564 1357 illius
1612 1296 1732 1357 esse
1758 1300 2089 1364 fatebantur,

499 1392 594 1445 sed
649 1406 714 1445 ex
799 1392 903 1445 alia
961 1393 1195 1461 quadam
1262 1393 1500 1447 essentia
1557 1402 1722 1462 atque
1778 1392 2088 1448 substantia

500 1485 668 1555 (quod
695 1485 1019 1537 ArlﬂiiOI'lllll
1054 1495 1171 1538 erat
1210 1485 1569 1554 propositio);
1598 1493 1759 1552 atque
1790 1483 1840 1538 id
1870 1484 2087 1555 quidem

496 1588 710 1631 constat
743 1593 808 1631 ex
849 1577 933 1631 his
966 1593 1085 1646 quae
1122 1578 1452 1647 prmdixerat
1494 1592 1725 1646 magnus
1779 1576 1940 1631 Pater
1982 1577 2087 1630 Ba-

498 1671 654 1726 silius
696 1671 747 1724 in
782 1670 1046 1739 rescripto
1081 1670 1299 1726 dictum
1330 1685 1357 1723 a
1384 1684 1443 1725 se
1477 1668 1624 1725 fidei.
1651 1668 1867 1725 [ndicat
1895 1679 2079 1726 autem

501 1760 578 1828 id,
617 1762 669 1815 in
705 1760 1057 1830 Expositione
1088 1778 1239 1817 xxxtt
1289 1762 1483 1832 psalmi
1542 1763 1774 1819 dicens:
1833 1761 2087 1829 Spiritus,

2197 572 2414 627 quoque
2442 556 2756 613 communia
2809 568 2963 619 sunt,
3002 558 3234 612 servatis
3266 566 3442 612 tamen
3476 560 3757 627 proprieta-

2198 650 2344 704 tibus
2383 649 2585 719 cuique
2615 663 2881 718 persnuae.
2915 648 3051 704 Nam
3081 663 3202 718 qua:
3256 650 3453 703 adsunt
3498 651 3648 719 Filio,
3711 664 3758 707 et

2196 741 2341 796 Patri
2376 741 2595 808 adsunt,
2630 751 2850 798 servato
2884 752 3067 815 tamen
3129 742 3285 796 alteri
3337 742 3553 797 Patrem
3625 758 3756 804 esse.

2193 834 2348 888 alteri
2388 833 2611 889 Filium.
2649 834 2825 901 Unde,
2862 847 2912 890 et
2941 836 3055 904 ipse
3100 842 3319 891 sanctus
3360 834 3435 888 ait
3468 837 3518 888 in
3561 835 3651 891 lib.
3696 835 3761 889 De

2197 924 2374 982 Fide:
2415 925 2610 983 Omnia
2659 927 2826 981 Filius
2873 943 2990 981 cum
3043 927 3134 992 sit,
3181 943 3298 997 qua:
3350 936 3399 980 et
3448 924 3606 980 Pater
3671 938 3757 987 est,

2192 1033 2343 1073 serva
2390 1021 2520 1072 mihi
2565 1019 2660 1075 has
2715 1020 3082 1090 proprietates.
3128 1019 3353 1074 Manens
3388 1020 3550 1088 igitur
3585 1017 3760 1083 Filius,

2196 1112 2383 1164 omnia
2417 1119 2501 1165 est
2543 1125 2663 1181 qure
2702 1110 2887 1178 Pater,
2924 1110 3079 1180 juxta
3122 1111 3294 1180 ipsius
3332 1126 3517 1166 vocem
3568 1110 3761 1163 Duniini

2192 1202 2463 1259 dicentis:
2498 1202 2716 1268 Omnia,
2747 1220 2866 1275 quae
2923 1205 3078 1259 habet
3124 1207 3308 1270 Pater,
3351 1220 3466 1258 mea
3489 1203 3654 1257 sum".
3695 1201 3763 1255 lie

2194 1300 2374 1346 autem
2416 1308 2566 1357 vera,
2610 1294 2866 1365 imaginis
2909 1304 3039 1349 sunt
3065 1296 3249 1350 omnia
3281 1310 3402 1366 quin
3438 1295 3630 1350 adsunt
3664 1294 3763 1362 pri-

2195 1384 2392 1437 mitivaa
2425 1383 2634 1440 formae.
2686 1384 2925 1444 Joannes
2974 1402 3196 1457 quoque
3244 1388 3658 1457 Chrysostomus
3701 1387 3756 1442 6i

2196 1475 2341 1529 hom.
2376 1491 2539 1544 super
2574 1476 2736 1536 Joan.
2777 1497 2796 1532 α
2841 1478 2954 1552 Ego
2976 1481 3031 1535 in
3066 1480 3253 1547 Patre,
3282 1491 3328 1534 et
3357 1479 3514 1533 Pater
3539 1479 3590 1532 in
3624 1494 3715 1532 me.
3742 1495 3758 1527 ι

2196 1565 2349 1621 Nihil
2372 1569 2512 1623 enim
2541 1570 2693 1625 aliud
2724 1589 2840 1626 sum
2888 1589 3005 1644 ego,
3062 1589 3220 1643 quam
3267 1572 3407 1643 quod
3454 1570 3614 1624 Pater
3671 1581 3761 1633 est,

2192 1676 2411 1715 manens
2436 1659 2487 1714 F
2489 1663 2657 1731 ilius;
2689 1680 2851 1734 neque
2876 1665 2968 1721 ille
2998 1665 3170 1726 aliud,
3201 1681 3361 1735 quam
3403 1680 3515 1735 ego,
3567 1678 3765 1716 manens

2196 1753 2375 1808 Pater.
2406 1755 2471 1809 Et
2503 1771 2603 1825 me,
2642 1758 2688 1810 si
2715 1758 2833 1828 quis
2860 1759 3128 1828 agnoverit
3158 1756 3408 1823 Patrem,
3450 1757 3682 1827 agnovit;
3722 1761 3764 1808 ει

501 1854 593 1923 qin
619 1870 684 1907 ex
721 1814 826 1907 De'o
849 1864 948 1921 est,
979 1855 1070 1925 qui
1110 1871 1142 1908 a
1172 1814 1336 1909 Panic
1379 1855 1633 1922 procedit,
1696 1871 1759 1909 ηε
1793 1855 1943 1910 illum
2003 1872 2096 1909 ex.
2128 1814 2166 1868 Β
2200 1845 2419 1901 Patrem
2442 1850 2491 1903 si
2509 1850 2800 1919 agnoverit,
2862 1849 3059 1906 Filium
3113 1852 3327 1906 didicit.
3379 1850 3472 1905 Sic
3521 1851 3673 1919 igitur
3720 1855 3768 1899 ct

499 1953 703 1997 ternum
726 1945 961 2015 aliquam
995 1957 1297 1999 creaturam
1354 1961 1465 2000 esse
1515 1946 1836 2013 arbitreris;
1903 1950 1997 2002 sed
2041 1956 2095 2002 ut

498 2053 562 2090 c1;
588 2034 696 2089 Deo
731 2035 1006 2091 habentem
1041 2036 1402 2092 substantiam
1430 2036 1732 2108 glori/ica;
1783 2054 2092 2110 quanquam

500 2137 556 2182 et
585 2131 687 2184 hoc
707 2129 849 2199 quod
888 2129 957 2183 ait
998 2127 1233 2195 aliunde,
1264 2144 1387 2199 qua:
1417 2128 1677 2195 diximus,
1708 2131 2097 2186 commendare

502 2216 771 2285 Sulliciat;
809 2217 958 2272 aliud
998 2219 1144 2273 enim
1204 2219 1345 2273 unde
1403 2218 1617 2274 aliunde
1670 2227 1946 2289 sumptum
1990 2229 2093 2284 cst,

503 2310 554 2363 in
592 2309 752 2364 rebus
775 2308 1008 2364 maxime
1042 2321 1236 2365 natura
1261 2308 1641 2367 differentibus
1683 2311 1905 2367 dicitur.
1933 2296 2098 2368 Pater

503 2413 709 2465 autem,
750 2411 806 2457 et
833 2401 1007 2458 Filius
1060 2414 1259 2457 natura
1320 2417 1489 2458 unum
1541 2414 1703 2458 sunt:
1765 2403 1877 2474 Ego
1932 2404 2094 2471 enim,

501 2497 697 2564 inquit,
724 2504 773 2551 et
804 2493 969 2550 Pater
991 2513 1150 2550 unum
1192 2512 1370 2550 sumus
1391 2494 1432 2550 ⁸.
1456 2495 1643 2567 Itaque
1671 2512 1776 2553 non
1809 2497 1874 2552 ad
1900 2495 2094 2552 Filium

502 2589 741 2651 intuens,
770 2597 993 2642 sanctus
1027 2588 1246 2641 aliunde
1289 2588 1450 2652 dixit,
1484 2588 1579 2643 sed
1651 2588 1719 2644 ad
1788 2597 2092 2656 creaturas,

501 2688 530 2726 τι
564 2674 757 2740 (μιῑιηιε
787 2674 936 2728 illum
966 2675 1183 2745 quidam
1217 2676 1455 2732 haeretici
1492 2678 1694 2733 habere
1724 2679 2081 2734 substantiam

500 2765 778 2820 dicebant.
820 2766 889 2820 Et
921 2766 1021 2821 ista
1052 2767 1218 2838 igitur
1244 2768 1539 2833 sententia,
1579 2778 1771 2824 contra
1822 2770 1942 2825 illos
2003 2786 2098 2841 po-

503 2860 610 2912 tius
638 2872 799 2927 quam
833 2874 928 2929 pro
963 2859 1070 2913 illis
1097 2867 1202 2915 cst.
1236 2858 1292 2913 Si
1326 2869 1504 2916 autem
1537 2870 1728 2916 contra
1750 2862 1892 2926 illos,
1926 2863 2097 2932 liquet

502 2950 627 3019 quia
660 2966 757 3020 pro
786 2951 1013 3007 veritate
1063 2963 1169 3019 est,
1221 2968 1285 3005 ac
1335 2969 1430 3024 per
1476 2955 1658 3009 omnia
1724 2956 2096 3024 superioribus

503 3040 763 3094 coucinit.

2199 1952 2323 2007 qua:
2361 1948 2491 1993 sunt
2516 1939 2695 1996 Patris
2732 1949 2786 1995 et
2825 1940 2973 2008 Filii,
2999 1942 3313 1997 communia
3382 1949 3505 1997 sunt
3556 1936 3763 2007 Spiritui

2199 2042 2413 2097 sancto,
2451 2041 2668 2087 servata
2698 2033 2800 2089 sibi
2855 2033 3188 2103 proprietate
3213 2032 3515 2103 personati,
3540 2029 3639 2084 hoc
3670 2036 3763 2087 est.

2200 2126 2440 2179 manenti
2479 2123 2729 2194 Spiritui.
2769 2125 2944 2181 Porro
2970 2126 3023 2180 in
3056 2125 3224 2195 hujus
3275 2126 3488 2180 ratione
3544 2118 3768 2192 ρτορτίε·

2202 2215 2327 2271 tatis
2367 2224 2471 2281 est,
2505 2231 2630 2272 esse
2668 2232 2731 2274 ex
2776 2215 2942 2274 Patre
2988 2232 3088 2288 per
3146 2215 3367 2274 Filium.
3444 2215 3628 2284 Itaque
3672 2225 3765 2265 non

2195 2305 2306 2376 jam
2330 2308 2434 2363 erit
2453 2308 2687 2378 Spiritus
2721 2326 2784 2366 ex
2815 2325 2876 2367 se
2895 2311 3014 2380 ipso
3041 2308 3328 2379 proferens
3358 2307 3643 2378 Spiritum,
3679 2303 3763 2360 sed

2199 2395 2364 2453 Pater
2386 2407 2442 2454 et
2477 2397 2672 2456 Filius.
2714 2399 2933 2456 Illorum
2962 2401 3107 2456 enim
3139 2409 3259 2457 erat
3287 2399 3561 2471 inspirare
3611 2393 3767 2466 Spiri-

2204 2498 2313 2542 tum
2359 2498 2678 2558 sequentem
2739 2472 3042 2560 proprium.

2270 2580 2566 2637 Enimvero
2588 2586 2733 2652 quod
2775 2585 2963 2639 aiunt:
3015 2583 3284 2654 Siquidem
3321 2602 3503 2642 verum
3541 2589 3666 2638 esset
3710 2592 3769 2633 es

2200 2669 2335 2724 Filio
2362 2672 2644 2740 procedere
2675 2673 2930 2741 Spiritum
2989 2687 3256 2741 sanctum,
3320 2676 3593 2747 oportebat
3642 2671 3769 2726 auti-

2200 2779 2329 2832 quos
2361 2762 2576 2828 Patres,
2628 2780 2751 2818 cum
2820 2780 2918 2833 pro
2993 2766 3261 2836 Unigeniti
3319 2768 3491 2839 gloria
3538 2765 3769 2820 adversus

2202 2856 2386 2909 Arium
2438 2866 2756 2926 pugnarent,
2811 2857 2881 2911 ad
2937 2861 3420 2914 commentlationm
3486 2858 3649 2928 ipsius
3709 2855 3769 2905 ad

2198 2947 2411 3004 Patrem
2467 2950 2816 3018 (equalitatis,
2878 2953 3101 3007 unitatis
3145 2952 3242 3008 hoc
3295 2955 3507 3019 dicere;
3564 2951 3610 3003 si
3647 2949 3771 3002 enim

2200 3057 2231 3093 a
2264 3039 2556 3095 minoribus
2587 3041 2686 3095 hoc
2728 3042 3102 3106 moliebantur,
3146 3043 3299 3114 longe
3352 3044 3522 3114 magis
3551 3058 3582 3095 a
3607 3037 3766 3109 mnjo°

576 3132 648 3186 Ex
685 3132 771 3188 his
808 3144 1015 3199 aiucm,
1048 3143 1103 3189 et
1126 3134 1249 3204 ejus
1298 3135 1427 3192 dicti
1487 3137 1683 3193 solutio
1725 3148 1893 3210 patet,
1951 3144 2093 3210 quod
2123 3150 2170 3211 ο
2204 3131 2343 3186 ribus
2398 3132 2453 3187 id
2484 3133 2757 3200 oportebat
2785 3135 2995 3204 facere;
3042 3136 3169 3204 quia
3211 3150 3332 3190 vero
3382 3151 3484 3190 non
3537 3132 3590 3186 id
3638 3129 3769 3183 dixe-

507 3222 981 3294 iiiNicenOprimo
1045 3227 1281 3283 concilio
1340 3229 1409 3284 ad
1458 3229 1799 3287 hmsitantem
1862 3233 2098 3304 philoso-

510 3316 678 3383 phum
735 3317 940 3372 dictum
997 3319 1321 3389 proferunt;
1391 3322 1470 3378 sic
1512 3322 1655 3377 enim
1689 3324 1799 3380 illic
1824 3327 1977 3382 aiunt
2028 3331 2096 3384 ad

508 3407 658 3463 illum
691 3408 882 3465 Patres
903 3450 919 3465 .
945 3410 1160 3483 Suscipe
1189 3429 1348 3468 uuam
1399 3414 1733 3472 divinitatem
1769 3417 1973 3487 Patris,
2009 3422 2098 3490 qui

510 3498 1078 3572 Filiumineﬁ‘abiliter
1100 3509 1303 3577 genuit,
1372 3508 1599 3581 Filiiquc
1650 3528 1716 3567 ea:
1764 3515 1881 3584 ipso
1913 3518 2138 3596 geniti,-

505 3601 553 3645 et
586 3594 764 3647 sancti
793 3593 1052 3663 Spiritus,
1090 3597 1179 3667 qui
1202 3615 1267 3653 ex
1286 3600 1400 3668 ipso
1448 3602 1684 3670 procedit
1738 3602 1917 3673 Patre,
1977 3623 2101 3677 pro-

504 3687 755 3756 priusque
800 3685 929 3741 Filii
986 3699 1084 3746 est.
1143 3689 1391 3761 Namque
1459 3709 1523 3748 cx
1569 3695 1686 3764 ipso
1709 3695 1890 3756 Patre.
1945 3698 2099 3768 quasi

504 3778 675 3850 digito
704 3782 1072 3860 ostenderent,
1101 3783 1375 3848 dixerunt,
1397 3788 1685 3855 pessimam
1715 3789 2102 3846 contradictio-

506 3887 630 3927 nem
682 3872 1012 3943 auferentes,
1059 3877 1151 3947 qui
1200 3893 1310 3933 non
1332 3894 1398 3933 ex
1442 3879 1560 3950 ipso
1609 3879 1789 3946 Patre,
1835 3897 2009 3953 neque
2033 3899 2101 3940 ex

510 3967 629 4036 ejus
663 3967 987 4033 substantia,
1017 3970 1109 4025 sed
1141 3985 1207 4025 ex
1268 3971 1436 4027 altera
1485 3975 1729 4029 essentia
1770 3985 1935 4046 atque
1973 3978 2103 4033 sub-

509 4059 712 4114 stantia
744 4059 941 4116 Filium
977 4076 1098 4117 esse
1140 4063 1619 4134 blasphemabant.
1688 4065 1747 4121 Si
1801 4075 1981 4122 autem
2033 4082 2099 4122 ex

512 4146 672 4203 Patre
707 4150 926 4217 dicitur;
956 4152 1049 4207 sed
1093 4152 1249 4223 juxta
1312 4153 1661 4223 procedentis
1697 4156 2010 4219 terminum,
2034 4172 2102 4213 ex

513 4243 672 4299 Patre
702 4259 799 4315 per
815 4245 1009 4300 Filium
1037 4247 1317 4317 procedit:
1351 4248 1421 4302 ita
1450 4249 1593 4303 enim
1639 4265 1705 4303 ex
1768 4248 1932 4307 Patre
1978 4231 2103 4321 ρῐό-

511 4335 725 4402 cedere,
761 4352 855 4405 pro
879 4353 943 4396 eo
975 4339 1117 4410 quod
1151 4353 1234 4394 est
1266 4355 1330 4395 ex
1360 4341 1523 4395 Patre
1580 4323 1679 4408 per
1737 4340 1932 4397 Filium
1980 4357 2104 4410 pro-
2149 4410 2154 4415 θ

510 4428 726 4493 cedere,
755 4439 1100 4500 acceperunt,
1128 4431 1245 4503 ejus
1303 4432 1447 4502 quod
1480 4442 1558 4488 est
1620 4434 1933 4501 procedere,
1970 4449 2104 4491 cou-

514 4536 706 4576 nexam
731 4522 1102 4578 definitionem
1132 4524 1493 4593 explicantes.
1535 4523 1743 4599 Idcirco
1791 4525 1957 4579 etiam
2002 4526 2098 4581 ad-
2131 4509 2175 4566 1)

507 4612 1222 4685 jectumest,Propriusque
1267 4612 1402 4668 Filii
1451 4623 1575 4683 est;
1626 4617 1874 4687 proprius
1916 4627 2095 4674 autem

511 4702 629 4758 Filii
655 4718 683 4758 a
710 4705 919 4761 sanctis
960 4704 1214 4760 Patrihus
1249 4703 1487 4775 Spiritus
1516 4706 1694 4761 dictus
1731 4716 1834 4772 est,
1893 4715 1952 4761 ut
2003 4708 2094 4778 qui

513 4795 566 4849 in
600 4796 719 4866 ipso
768 4804 823 4852 et
854 4812 953 4867 per
980 4797 1153 4866 ipsum
1191 4797 1510 4851 naturaliter
1575 4796 1777 4868 prodit,
1817 4806 1981 4869 atque
2028 4813 2095 4855 ex

512 4888 628 4958 ipso
656 4897 761 4954 est,
797 4889 998 4961 quippe
1020 4889 1089 4945 ab
1108 4904 1174 4944 eo
1202 4900 1325 4943 esse
1370 4888 1671 4960 accipiens.

584 4978 699 5040 lnsa
738 4980 975 5050 denique
1000 4978 1246 5050 synodus
1292 4993 1394 5049 per
1446 4979 1761 5051 episcopum
1808 4979 2098 5038 Leontium

512 5077 801 5125 attestatur
825 5070 892 5124 ad
940 5069 1323 5142 philosophum
1380 5068 1607 5124 dicens:
1647 5067 1935 5141 Proprium
1987 5085 2100 5125 esse

513 5164 775 5233 Spiritum
803 5161 950 5227 Filii,
975 5171 1134 5233 atque
1154 5177 1219 5215 ex
1247 5162 1362 5233 ipso
1384 5179 1638 5229 manare;
1686 5163 1778 5219 sed
1808 5164 1936 5219 illud
1971 5178 2104 5233 quo-

512 5272 617 5326 que
645 5256 787 5327 quod
813 5256 889 5309 ait
922 5269 1150 5325 magnus
1180 5253 1447 5325 Basilius:
1487 5256 1751 5321 Quoniam
1801 5257 2103 5313 communia

513 5348 672 5403 Patri
691 5358 739 5403 et
776 5346 945 5415 Filio,
975 5349 1275 5402 communia
1310 5361 1357 5402 et
1413 5347 1642 5419 Spiritui
1705 5360 1847 5413 sunt,
1897 5351 2102 5416 optime

514 5443 733 5509 quidem
762 5440 967 5495 dictum
994 5451 1112 5504 est;
1145 5456 1250 5494 non
1275 5452 1458 5496 autem
1489 5456 1586 5510 per
1620 5444 1743 5508 hoc,
1799 5443 1943 5510 quod
2005 5458 2100 5498 vo-

516 5536 651 5599 lunt,
698 5530 1154 5587 coniiciunt.lloc
1204 5533 1350 5586 enim
1408 5533 1542 5588 nihil
1599 5535 1766 5604 cogit,
1833 5530 2097 5603 Spiritum

520 5628 596 5681 rel
627 5624 924 5694 suiipsius,
984 5624 1068 5679 vel
1118 5624 1343 5682 alterius
1407 5641 1655 5695 personae
1709 5625 2094 5695 productorem

591 5819 610 5845 ⁸
639 5812 798 5869 Joau.
829 5831 882 5880 κ,
930 5818 1013 5871 ὖί.
1095 5818 1116 5848 ⁵
1159 5816 1314 5871 Joan.
1353 5815 1555 5874 “1.15

2201 3235 2347 3289 runt,
2371 3225 2533 3295 liquet
2573 3228 2700 3297 quia
2736 3242 2840 3281 non
2875 3227 2952 3281 ita
3016 3228 3215 3297 opinati
3247 3236 3401 3293 sunt,
3453 3225 3648 3281 nullam
3702 3219 3771 3273 iu-

2200 3318 2352 3373 ducit
2385 3319 2796 3374 necessitatem.

2272 3408 2516 3464 Primum
2579 3410 2822 3480 quidem,
2893 3413 3024 3484 qnia
3087 3412 3276 3469 Ariani
3354 3413 3773 3484 blasphemantes

2204 3500 2400 3557 Filium
2442 3516 2565 3557 esse
2587 3513 2935 3561 creaturam:
2967 3505 3137 3562 multo
3186 3506 3435 3564 deterius
3485 3506 3552 3561 de
3601 3507 3774 3559 sancto

2205 3595 2413 3666 Spiritu
2453 3604 2763 3653 senserunt.
2813 3596 3133 3652 Creaturam
3167 3599 3314 3654 enim
3359 3597 3485 3654 Filii
3513 3594 3766 3665 Spiritum

2203 3701 2451 3746 sanctum
2518 3703 2661 3754 esse,
2717 3690 3100 3760 desipiebant,
3169 3704 3413 3761 eumque
3509 3703 3573 3746 ex
3627 3682 3773 3744 Filio.
3846 3708 3865 3730 ο

2203 3781 2658 3853 quemadmodum
2708 3791 2764 3838 et
2832 3783 3017 3838 omnia
3077 3797 3202 3839 esse
3248 3782 3551 3847 dicebant;
3612 3788 3772 3847 neque

2205 3877 2306 3933 hoc
2338 3878 2536 3941 solum,
2574 3876 2667 3930 sed
2704 3876 2868 3930 etiam
2899 3890 2967 3931 ex
3017 3878 3134 3933 solo
3160 3876 3319 3943 Filio,
3365 3878 3511 3950 quod
3551 3872 3774 3929 insinuat

2204 3984 2436 4038 magnus
2491 3967 2729 4024 Basilius
2789 3968 3089 4039 conﬂigens
3145 3968 3415 4025 adversus
3447 3963 3775 4023 Eunomium,

2204 4070 2260 4117 et
2290 4061 2512 4117 dicens:
2551 4060 2828 4128 Quomodo
2863 4063 3036 4131 igitur
3097 4062 3203 4118 soli
3251 4062 3532 4133 unigenito
3576 4064 3778 4112 causam

2206 4151 2445 4221 Spiritus
2472 4153 2729 4223 applicat,
2754 4154 3329 4222 prtedicamentumque
3362 4153 3533 4224 ipsius
3558 4157 3777 4210 natura!»

2205 4244 2365 4315 hujus
2386 4245 2705 4299 creationem
2751 4244 2938 4314 facit!
2975 4243 3034 4299 Si
3085 4245 3252 4316 igitur
3303 4249 3473 4303 etiam
3536 4259 3603 4300 ex
3652 4238 3779 4294 Filio

2210 4337 2475 4407 Spiritum
2520 4338 2819 4407 procedere
2860 4337 3034 4407 ipsius
3066 4338 3336 4406 obiectum
3364 4339 3580 4404 fuisset,
3615 4332 3778 4389 nulla-

2211 4440 2367 4486 tenus
2406 4430 2473 4485 ad
2516 4429 3003 4486 commendandam
3061 4428 3180 4485 Filii
3224 4432 3292 4487 ad
3320 4431 3538 4488 Patrem
3568 4423 3781 4483 honoris

2203 4523 2568 4594 aequalitatem
2619 4520 2811 4577 ellicax
2834 4521 3050 4579 fuisset.
3083 4521 3148 4577 Et
3179 4523 3281 4593 ipsi
3334 4524 3486 4579 enim
3564 4536 3629 4576 ex
3696 4516 3780 4572 illo

2203 4630 2347 4682 esse,
2376 4626 2436 4670 ut
2470 4615 2679 4670 dictum
2709 4623 2813 4680 est,
2857 4614 3281 4683 confitebantur,
3325 4618 3423 4673 sed
3458 4624 3518 4670 ut
3571 4620 3776 4669 creatu-

2205 4725 2337 4774 ras;
2368 4718 2631 4778 quantum
2674 4707 2819 4763 enim
2872 4722 2941 4763 ex
2987 4708 3251 4772 dictione,
3294 4723 3405 4765 non
3457 4706 3779 4776 cogebavstur

2203 4801 2458 4858 essentiae
2526 4800 2869 4856 identitatem
2953 4800 3226 4859 confiteri.
3288 4799 3346 4855 Si
3395 4800 3562 4871 igitur
3612 4811 3675 4852 ex
3719 4805 3779 4846 eo

2202 4894 2422 4964 quidem
2469 4890 2614 4963 quod
2675 4899 2731 4947 et
2786 4891 2959 4949 Filius
3022 4894 3204 4948 omnia
3248 4893 3378 4950 facit
3434 4890 3781 4963 quemadmo-

2199 4993 2255 5040 et
2312 4985 2500 5052 Pater,
2534 4993 2590 5040 et
2616 4983 2692 5039 ita
2720 4984 2883 5051 etiam
2914 4983 3087 5041 Filius
3148 4985 3378 5043 suscitat
3433 4994 3679 5041 mortuos
3733 4985 3781 5031 et

2201 5077 2441 5133 vivificat
2474 5077 2934 5145 quemadmodum
2969 5085 3026 5133 et
3069 5076 3255 5144 Pater,
3290 5093 3400 5134 non
3453 5072 3781 5133 induceban-

2205 5176 2294 5223 tur
2322 5178 2381 5223 ut
2426 5169 2572 5225 Patri
2611 5167 2808 5224 Filium
2845 5168 3105 5238 aequalem
3163 5176 3464 5241 ponerent:
3524 5163 3782 5238 quomodo

2203 5271 2268 5313 es
2296 5272 2362 5313 eo
2387 5257 2534 5329 quod
2579 5259 2814 5329 Spiritus
2842 5276 2909 5317 ex
2936 5261 3054 5330 ipso
3083 5276 3203 5317 esse
3273 5260 3573 5324 diceretur,
3626 5263 3779 5325 quem

2201 5362 2510 5406 creaturam
2547 5353 2664 5421 ejus
2691 5351 3028 5422 desipiebant
3075 5364 3238 5422 atque
3263 5366 3329 5408 eo
3370 5352 3540 5407 multo
3564 5343 3782 5404 interim

2202 5456 2337 5508 rem,
2376 5458 2696 5513 persuasum
2737 5447 2819 5500 eis
2841 5454 2990 5501 esset
3022 5453 3081 5501 ut
3129 5445 3324 5501 Filium
3384 5442 3567 5500 Patris
3616 5433 3784 5507 dittlli‘

2201 5544 2312 5589 tate
2376 5536 2750 5592 honorarent?
2809 5535 2946 5592 Nam
2986 5537 3042 5593 in
3103 5536 3596 5609 disputationibus,
3647 5523 3781 5597 quod

2199 5639 2353 5701 “'3‘”
2389 5630 2583 5700 τυπείς,
2621 5644 2685 5687 ac
2713 5630 3029 5701 Persnadct,
3077 5630 3384 5701 proferunt.
3410 5629 3585 5700 Magis
3608 5629 3781 5679 autem
