4106 6472
320 411 426 474 ιεο

1413 400 1816 463 ADVERSUS
1858 400 2176 461 GR/ECUS
2219 402 2370 462 Lm.
2408 367 2527 462 in.

2695 458 2720 470 κ
3506 403 3607 466 170
3722 486 3732 495 _

319 528 366 581 si
399 540 464 578 ex
503 523 662 577 Patre
694 521 869 592 ipsum
901 517 1198 590 procedere
1225 534 1252 572 a
1282 517 1566 574 Saivatore
1593 515 1901 578 audientes,
1936 517 1980 571 Δ
2010 517 2170 570 rent?
2221 517 2367 570 Nihil
2401 516 2566 584 igitur
2620 529 2685 573 ex
2733 514 2817 571 his
2845 517 3220 574 necessarium
3282 519 3612 577 coniiciunt.

319 633 430 673 non
480 617 604 670 hinc
659 616 1157 685 persuadeoantur,
1229 612 1398 666 Deum
1461 624 1583 666 esse
1639 609 1902 679 Spiritum

321 721 594 774 sanctum,
667 708 1122 778 quemadmodum
1199 716 1255 762 et
1308 705 1558 769 Patrem;
1619 705 1686 755 de
1745 703 1908 757 Patre

321 803 490 868 cnim,
532 802 660 870 quin
705 799 847 854 Dens
870 812 1028 853 verus
1059 807 1228 859 esset,
1257 811 1418 850 nemo
1444 795 1745 848 dubitavit:
1776 806 1910 862 quo-

325 897 484 950 modo
515 896 558 950 si
590 896 732 949 hunc
768 889 1051 946 audientes
1087 905 1152 944 ex
1196 889 1332 943 Filio
1388 889 1708 958 procedere,
1742 901 1906 955 quem

325 994 629 1043 creaturam
662 981 865 1047 Patris,
905 983 1253 1052 primumque
1309 988 1554 1035 creatum
1607 981 1905 1048 ponebant,

326 1079 532 1132 inducti
580 1076 815 1132 fuissent
872 1084 928 1128 ut
977 1075 1119 1128 hunc
1166 1071 1314 1126 Patri
1366 1070 1908 1146 consubstantialem

326 1172 564 1225 dicerent
589 1170 614 1223 ’ἔ
1479 1238 1482 1239 ν

402 1263 621 1322 Deinde.
654 1272 703 1317 et
731 1273 950 1319 sanctos
990 1260 1178 1316 Patres
1205 1261 1308 1316 hoc
1352 1259 1555 1314 dixisse
1581 1258 1925 1313 invenimus.-

332 1355 610 1424 Pruprium
637 1356 836 1423 quippe
869 1352 1011 1418 Filii,
1050 1359 1108 1407 ut
1137 1352 1206 1406 ab
1257 1366 1324 1406 eo
1379 1361 1693 1405 manantem
1757 1350 1915 1404 dixe-

330 1458 494 1509 runt;
526 1449 801 1516 proprium
836 1461 965 1501 vero
988 1461 1111 1501 esse
1149 1443 1274 1499 Filii
1336 1442 1632 1514 Spiritum,
1670 1456 1794 1497 eum
1814 1457 1913 1512 per

331 1540 527 1610 ipsum,
559 1550 612 1593 et
641 1555 706 1593 ex
757 1541 873 1607 ipso
935 1552 1056 1593 esse
1103 1536 1401 1606 signiﬁcat.
1444 1535 1636 1594 .Porro
1687 1551 1914 1591 manare

337 1633 587 1696 verbum,
629 1633 680 1685 in
717 1631 1164 1687 snbstamialibus
1196 1629 1547 1699 processibus
1601 1643 1632 1683 a
1703 1628 1916 1683 sanctis

328 1736 661 1794 assumptum
694 1739 839 1786 esse,
877 1723 1128 1793 pluribus
1178 1738 1341 1790 supra
1379 1731 1744 1779 monstratum
1801 1731 1910 1777 est.

327 1816 432 1873 Sed
462 1819 602 1872 enim
631 1819 682 1870 in
715 1817 958 1886 scriptis,
1005 1816 1098 1886 qui
1138 1831 1236 1886 per
1267 1816 1408 1871 idem
1461 1829 1673 1885 tempus
1697 1816 1913 1871 clarae.

327 1920 475 1975 runt,
531 1910 884 1975 Athanasius,
939 1909 1193 1972 Basilius,
1218 1907 1514 1979 Nyssenus,
1577 1909 1915 1978 Tbeelogus-

324 2018 434 2072 que
455 2001 744 2072 Gregorius
779 2019 844 2058 ex
870 2003 1034 2059 Patre
1065 2019 1164 2074 per
1194 2002 1395 2059 Filium
1447 2019 1593 2069 esse,
1631 2015 1687 2060 et
1722 2019 1916 2075 proco-

329 2098 480 2159 dere,
510 2111 605 2166 pro
635 2111 700 2150 eo
730 2097 872 2166 quod
897 2105 984 2152 est
1013 2111 1081 2152 ex
1113 2095 1278 2152 Patre
1337 2112 1436 2168 per
1490 2097 1684 2154 Filium
1725 2111 1918 2166 procc-

330 2189 458 2243 dere
505 2199 856 2258 acceperunt.

405 2281 540 2336 Cum
572 2282 776 2351 itaque,
804 2282 946 2350 quod
1003 2281 1323 2352 quaerimus,
1381 2283 1664 2338 inventum
1729 2285 1915 2348 fuerit,

335 2389 438 2428 non
479 2373 694 2444 expedit
748 2372 902 2444 plura
943 2374 1217 2429 curiosius
1270 2376 1587 2444 quaerendo,
1635 2378 1917 2433 molestias

331 2467 465 2536 pati.
508 2465 672 2520 Simul
697 2477 752 2521 et
794 2481 890 2536 per
943 2466 1058 2522 ba:c
1110 2465 1318 2536 liquido
1359 2470 1642 2536 probatur,
1690 2471 1819 2540 quia
1850 2486 1916 2526 ex

342 2559 484 2613 Filio
517 2575 626 2614 esse
655 2573 879 2614 causam
913 2559 1118 2630 signat,
1153 2574 1258 2614 non
1294 2561 1472 2615 solum
1501 2560 1914 2631 preprietatem,

348 2661 409 2702 ut
443 2651 639 2719 quidam
668 2661 882 2722 putant,
920 2653 1015 2706 sed
1059 2667 1308 2716 causam,
1356 2656 1702 2721 praecedente
1751 2655 1916 2708 etiam

345 2745 683 2813 proprietate,
709 2754 766 2801 ut
790 2759 936 2814 saepe
962 2744 1167 2800 dictum
1209 2757 1314 2800 est.
1348 2744 1648 2800 Ennomius
1678 2747 1828 2801 enim
1850 2763 1918 2801 ex

339 2835 474 2892 Filio
511 2835 764 2906 Spiritmn
799 2841 1010 2904 dicens,
1047 2846 1102 2894 et
1129 2837 1246 2908 ipse
1306 2840 1741 2894 conditionalem
1781 2855 1920 2894 cau-

327 2945 448 2985 sam
483 2930 715 3000 Spiritus
741 2929 938 2986 Filium
966 2932 1350 2987 commendare
1378 2932 1613 2997 volebat,
1644 2933 1915 3002 divusque

328 3021 563 3079 Basilius
597 3024 650 3077 in
688 3039 850 3079 causa
880 3025 1123 3094 suscepit
1189 3025 1411 3080 dicens:
1472 3025 1747 3090 Quomodo
1798 3043 1920 3096 ergo

327 3117 431 3172 soli
475 3114 753 3186 Unigcnito
785 3132 1002 3170 causam
1034 3116 1264 3186 Spiritus
1320 3117 1600 3186 applicat?
1661 3120 1725 3174 Et
1773 3132 1924 3176 certe

2085 605 2200 660 Non
2233 609 2409 662 solum
2442 614 2625 663 autem
2659 608 2761 664 ista
2788 607 3073 678 proferunt
3095 624 3161 664 ex
3213 613 3443 680 sanctis,
3475 613 3616 670 nihil

2011 700 2092 754 eis
2121 699 2188 752 ad
2231 699 2594 768 propositmn,
2649 709 2708 754 nt
2767 711 3047 756 ostensum
3100 712 3207 770 est,
3251 702 3618 771 conferenda,

2015 792 2125 846 imo
2173 793 2333 846 etiam
2371 792 2474 847 sibi
2532 793 2756 848 omnino
2783 795 3156 860 adversantia,
3186 814 3376 854 verum
3442 812 3497 857 et
3548 804 3620 856 ad

2015 882 2248 952 ineptias
2277 892 2334 938 et
2369 901 2540 954 nugas
2593 901 2655 941 ea
2688 897 3015 944 convertere
3045 893 3412 959 contendunt,
3485 911 3618 950 cou-

2015 990 2174 1030 cesse
2201 986 2256 1031 et
2289 992 2356 1031 ex
2390 975 2529 1031 Filio
2562 979 2862 1047 procedere
2897 981 3163 1049 Spiritum
3221 996 3498 1042 saucttun.
3533 990 3614 1042 Ae

2017 1068 2193 1137 primo
2223 1067 2416 1143 dicunt
2443 1071 2550 1124 duo
2583 1070 2850 1141 principia
2889 1075 3062 1128 sancti
3087 1075 3323 1142 Spiritus
3377 1096 3466 1133 eos
3535 1082 3619 1150 [η-

2019 1165 2118 1216 tcri
2143 1163 2278 1232 cogi,
2315 1163 2408 1230 qui
2439 1163 2514 1217 ita
2569 1180 2635 1218 ex
2668 1162 2835 1219 Patre
2886 1183 2947 1220 ac
2975 1166 3120 1221 Filio
3143 1172 3428 1236 procedere
3489 1172 3616 1240 Spi.

2017 1256 2180 1308 ritum
2210 1264 2453 1309 sanctum
2499 1268 2826 1314 asseverant.
2877 1261 3078 1318 At‘boc
3103 1264 3310 1320 sanctis
3370 1265 3626 1322 Patribm

2021 1349 2074 1402 in
2124 1347 2323 1418 primis
2357 1348 2734 1418 imputandum
2769 1352 2894 1415 fuit,
2925 1355 3018 1423 qui
3069 1371 3168 1423 per
3201 1355 3398 1410 Filium
3449 1371 3506 1414 et
3557 1379 3625 1415 rx

2021 1441 2160 1495 Filio
2188 1456 2334 1508 esse,
2371 1458 2434 1497 ac
2459 1444 2758 1513 procedere
2814 1444 3078 1515 Spiritum
3138 1461 3412 1514 sauctmn,
3443 1464 3499 1508 et
3560 1472 3630 1511 ex

2019 1536 2183 1592 Patre
2211 1551 2356 1601 esse,
2377 1537 2521 1592 sicut
2557 1550 2608 1594 et
2643 1556 2672 1592 a
2709 1538 2849 1594 Filio
2899 1541 3100 1596 divinis
3155 1546 3459 1602 rationibus
3504 1566 3630 1620 pro-

2020 1632 2171 1686 bant.
2205 1632 2358 1698 Quod
2387 1633 2433 1688 si
2460 1635 2564 1688 hoc
2591 1650 2686 1690 eos
2746 1635 2820 1689 ita
2858 1648 3177 1694 asserentes
3209 1655 3314 1695 non
3377 1645 3627 1706 sequitur

2017 1725 2222 1795 (neque
2243 1727 2389 1780 enim
2426 1727 2552 1781 talia
2610 1728 2898 1793 dixissent,
2933 1733 2978 1786 si
3017 1733 3120 1786 ista
3144 1748 3244 1788 eos
3269 1734 3510 1790 absurda
3543 1752 3632 1792 sc-

2021 1828 2359 1888 querentur;
2393 1819 2509 1874 imo
2537 1820 2655 1875 lucc
2683 1821 2953 1890 dicentes,
2991 1825 3157 1880 etiam
3212 1842 3384 1883 unum
3421 1830 3630 1898 prineic

2025 1909 2180 1989 pium
2207 1907 2496 1980 fatentur),
2534 1920 2750 1967 constat
2785 1913 2916 1981 quia
2978 1930 3157 1986 neque
3217 1918 3433 1975 illorum
3481 1923 3632 1977 dicta

2025 2001 2350 2068 referentes,
2395 2005 2511 2059 haec
2563 2004 2744 2070 inepta
2794 2017 3118 2076 sequuntur.
3318 2069 3329 2082 ,

2095 2090 2302 2148 Deinde
2318 2094 2578 2164 quoniam
2597 2094 2720 2150 Filii
2750 2099 2932 2151 omnia
2952 2099 3019 2153 ad
3043 2098 3263 2157 Patrem
3288 2105 3630 2170 referuntur,

2024 2193 2078 2239 et
2101 2197 2241 2240 unus
2264 2185 2405 2242 Deus
2430 2185 2591 2242 Pater
2611 2197 2666 2243 et
2685 2185 2855 2244 Filius
2873 2199 2975 2255 est,
2997 2200 3161 2262 atque
3177 2195 3338 2251 unico
3351 2213 3632 2266 processu,

2025 2277 2142 2331 siVe
2165 2292 2233 2332 es
2257 2277 2421 2333 Patre
2445 2293 2540 2349 per
2566 2278 2790 2346 Filium,
2825 2284 2942 2338 sive
2963 2297 3032 2339 ex
3065 2285 3225 2341 Patre
3251 2297 3306 2343 et
3337 2287 3476 2344 Filio
3504 2307 3634 2360 pro-

2022 2371 2220 2426 cedere
2271 2375 2540 2427 asseritur
2578 2372 2815 2443 Spiritus
2864 2386 3112 2444 sanctus,
3174 2381 3392 2436 ubinam
3450 2384 3631 2441 locum

2025 2461 2136 2515 duo
2165 2463 2435 2532 principia
2464 2457 2785 2520 habebunt?
2810 2463 2946 2520 Nam
2973 2467 3016 2522 si
3043 2471 3262 2537 quidem
3281 2486 3425 2528 esset
3452 2474 3634 2531 Patris

2026 2553 2391 2610 substantiale
2417 2557 2747 2625 producere,
2791 2557 2894 2611 hoc
2945 2557 3180 2615 fortasse
3222 2563 3448 2619 haberet
3468 2569 3636 2622 ratio-

2026 2664 2146 2703 nem
2181 2666 2195 2703 :
2228 2652 2488 2721 quoniam
2520 2668 2674 2719 vero,
2709 2655 2812 2709 hoc
2858 2670 2971 2709 non
3010 2669 3115 2721 est,
3149 2667 3205 2711 ut
3244 2676 3411 2728 supra
3445 2664 3635 2718 docui-

2028 2756 2170 2804 mus,
2209 2756 2502 2796 commune
2546 2751 2632 2798 est
2687 2744 2856 2814 igitur
2899 2745 3046 2800 Patri
3107 2756 3166 2802 et
3233 2747 3372 2805 Filio
3421 2753 3634 2821 produ-

2025 2849 2172 2889 cere.
2205 2833 2340 2887 Nam
2367 2836 2415 2890 si
2445 2837 2808 2891 substantiale
2837 2849 3004 2904 esset,
3044 2855 3324 2911 nunquam
3365 2859 3432 2899 ex
3474 2845 3637 2902 Patre

2027 2943 2124 2996 per
2160 2926 2360 2982 Filium
2416 2932 2715 3000 procedere
2763 2930 3000 3000 Spiritus
3057 2948 3281 2992 sanctus
3330 2939 3636 3002 diceretur.

2027 3022 2240 3091 Quippe
2276 3021 2503 3090 etquod
2543 3025 2809 3092 procedit,
2852 3033 2908 3079 et
2933 3027 3075 3093 quod
3121 3029 3458 3097 producitur,
3491 3033 3634 3089 idem

2025 3115 2255 3170 omnino
2285 3103 2388 3170 esi.
2418 3112 2607 3184 Itaque
2637 3115 2802 3171 Pater
2831 3118 3051 3186 quidem
3099 3135 3196 3189 per
3245 3120 3439 3178 Filium
3508 3141 3637 3194 pro-

330 3210 413 3265 l'as
445 3219 566 3265 erat
596 3212 770 3265 dicere
799 3221 1047 3266 sanctum
1073 3211 1274 3266 virum.
1334 3213 1486 3278 Quod
1539 3227 1672 3284 ergo
1740 3229 1918 3284 neque
1948 3219 1992 3277 ο
2029 3208 2180 3263 ducit
2209 3209 2474 3277 Spiritum
2509 3217 2782 3288 sanctum,
2821 3213 2936 3280 ipse
3001 3228 3130 3267 vero
3153 3225 3239 3268 est
3279 3217 3371 3282 qui
3431 3220 3636 3286 prodn~

327 3317 394 3355 ex
428 3299 588 3365 Filio,
637 3316 805 3370 neque
829 3316 924 3369 per
958 3317 1079 3355 eum
1135 3301 1244 3356 ullo
1301 3304 1462 3357 modo
1506 3313 1614 3369 est,
1651 3307 1926 3373 quomodo

325 3405 390 3444 ex
432 3390 570 3445 Filio
594 3406 810 3444 causam
847 3393 898 3445 id
949 3391 1181 3446 habeat?
1215 3392 1321 3448 Sed
1348 3393 1452 3448 hoc
1476 3410 1580 3448 non
1615 3395 1774 3461 dixit,
1804 3414 1927 3453 cum

329 3498 456 3538 cum
496 3499 559 3538 ex
587 3482 743 3538 Patre
769 3499 865 3554 per
914 3483 1110 3539 Filium
1163 3500 1284 3541 esse
1331 3502 1476 3555 saepe
1527 3487 1925 3558 aiiirtnaverit;

335 3587 495 3646 atque
521 3593 614 3646 per
641 3576 834 3632 Filium
866 3578 1084 3648 quidem
1142 3579 1491 3644 naturaliter,
1524 3590 1580 3635 et
1625 3584 1928 3637 essentiali-

333 3689 431 3744 Ier,
457 3681 596 3733 etab
625 3679 741 3746 ipso
770 3691 890 3733 esse
929 3679 1128 3733 habere
1172 3694 1447 3744 asserens,
1510 3683 1577 3733 ad
1623 3681 1679 3735 id
1736 3693 1918 3736 autem

279 3817 282 3820 .
329 3769 473 3839 quod
529 3781 790 3825 creaturae
843 3772 1052 3825 ratione
1108 3786 1233 3830 esse
1274 3771 1564 3827 dicebatur
1619 3774 1916 3830 obsistens.

332 3865 512 3933 itaque
532 3881 735 3918 cumex
770 3864 908 3918 Filio
941 3865 1178 3920 essentia
1215 3867 1500 3931 asseritur,
1541 3868 1806 3922 naturalis
1831 3883 1922 3923 es-

331 3959 684 4026 sentiatisque
698 3958 1000 4012 substantia
1027 3958 1264 4026 Spiritus
1285 3960 1456 4014 sancti
1481 3962 1922 4015 commendatur.

402 4052 669 4104 Pra-terea
693 4053 992 4105 secundum
1017 4051 1338 4118 praedictam
1391 4053 1684 4119 rationem,
1746 4069 1923 4123 neque

334 4144 570 4197 Sabcliio
604 4145 667 4196 ad
701 4143 1236 4198 commendationem
1274 4144 1587 4199 divinarum
1625 4146 1678 4198 in
1735 4145 1924 4200 Trini-

335 4246 448 4288 tate
498 4249 873 4302 personarum,
935 4249 1001 4286 ex
1065 4233 1200 4287 Filio
1277 4234 1540 4305 Spiritum
1611 4238 1911 4306 procedere

334 4330 524 4380 Patres
547 4326 922 4380 obtenderent.
961 4327 1025 4379 Et
1065 4328 1165 4382 hoc
1215 4327 1362 4380 enim
1416 4327 1626 4382 addunt
1673 4329 1918 4396 quidam.

337 4421 392 4474 Si
427 4422 570 4474 enim
603 4420 793 4474 Filium
843 4431 898 4473 et
927 4420 1140 4474 Patrem
1209 4420 1462 4485 audiens,
1531 4419 1916 4490 dicentemque

341 4511 620 4565 Dominum
644 4528 658 4565 ;
683 4510 791 4580 Ego
810 4529 872 4565 ex
896 4509 1054 4564 Patre
1080 4512 1214 4565 exivi
1233 4513 1291 4577 °;
1325 4523 1380 4567 et
1411 4510 1647 4577 Spiritus
1671 4528 1736 4567 ea:
1759 4513 1920 4568 Patre

2033 3301 2201 3355 citur.
2233 3300 2444 3355 Idcirco
2489 3301 2657 3355 etiam
2696 3307 2996 3372 productor
3030 3320 3126 3374 per
3160 3306 3398 3362 Verbum
3451 3310 3636 3366 dictus

2034 3403 2140 3448 est.
2175 3392 2242 3447 Et
2285 3404 2466 3449 tamen
2517 3410 2697 3467 neque
2739 3412 2964 3477 causam
3028 3401 3454 3457 substantialem
3507 3422 3635 3460 esse

2034 3498 2402 3540 monstratum
2453 3499 2564 3552 est,
2605 3505 2786 3560 neque
2825 3493 2974 3545 enim
3027 3508 3142 3547 rem
3178 3495 3475 3565 signiﬁcat,
3537 3503 3635 3554 St'tl

2031 3581 2209 3637 solum
2241 3583 2866 3651 praaiicamentumest.
2912 3584 2968 3640 Si
3049 3588 3194 3642 enim
3284 3605 3397 3645 rem
3467 3607 3635 3649 causa

2031 3677 2320 3745 signitiCat,
2358 3678 2520 3731 etiam
2551 3678 2933 3734 substantialis
2978 3689 3082 3739 est,
3121 3690 3177 3733 et
3222 3684 3444 3738 causale
3500 3699 3636 3739 con-

2029 3779 2327 3839 sequenter
2389 3785 2502 3824 rem
2575 3772 2881 3843 designabit
2948 3789 3012 3827 ac
3065 3775 3428 3831 substantiale
3493 3782 3624 3833 erit.

2031 3862 2209 3930 Atque
2251 3864 2322 3915 ita
2356 3863 2600 3916 causalia
2655 3879 2778 3917 cum
2840 3867 2950 3919 sint
3039 3866 3209 3920 Filius
3271 3878 3328 3923 et
3389 3868 3633 3939 Spit-itus

2028 3963 2278 4016 sanctus,
2311 3969 2420 4007 una
2453 3969 2683 4022 persona
2711 3956 2835 4017 erit,
2882 3972 3079 4026 nempe
3137 3960 3396 4026 quoniam
3452 3975 3635 4018 usti-n—

2027 4062 2147 4098 sum
2171 4055 2255 4100 est
2286 4046 2600 4099 communia
2629 4061 2751 4101 esse
2782 4029 2980 4100 οιιηιίτῖ
3018 4047 3164 4102 Patri
3213 4059 3267 4104 et
3330 4050 3490 4116 Filio,
3539 4057 3633 4108 ubi

2028 4152 2136 4192 non
2170 4139 2358 4191 obstat
2389 4137 2668 4193 relationis
2715 4140 3026 4208 oppositio;
3083 4144 3393 4210 producere
3424 4155 3632 4204 autem,

2027 4245 2204 4301 neque
2235 4232 2550 4301 paternitati
2575 4233 2829 4298 congruit
2860 4235 3164 4288 secundum
3193 4235 3312 4304 ejus
3334 4237 3631 4297 rationem.

2026 4340 2202 4394 ueun
2248 4323 2517 4379 nativitati
2564 4326 2881 4395 opponitur.
2947 4326 3071 4381 istae
3123 4329 3268 4382 enim
3307 4329 3372 4382 ad
3402 4332 3633 4384 invicem

2027 4419 2197 4472 solam
2230 4419 2580 4480 relationem,
2611 4431 2774 4488 atque
2825 4422 3194 4475 substantiam
3232 4423 3458 4476 habent.
3547 4424 3635 4476 Itl~

2027 4511 2330 4565 circonibil
2363 4511 2509 4580 cogit
2544 4526 2573 4564 a
2616 4508 2754 4565 Filio
2785 4513 3076 4591 producere
3104 4512 3358 4577 auferre;
3387 4514 3628 4582 alioquin

334 4605 632 4675 procedit’,
689 4623 791 4658 non
853 4606 1230 4670 inducebatur,
1290 4617 1347 4659 ut
1398 4605 1725 4662 Trinitatem
1755 4607 1924 4660 Deum
1964 4593 2091 4654 Dut
2120 4603 2341 4671 sapiens
2394 4611 2448 4654 et
2527 4602 2724 4663 bonus,
2793 4617 2911 4669 qum
3003 4619 3271 4671 nusquam
3355 4606 3634 4660 nativitati

335 4699 720 4760 conﬁteretur;
741 4701 1042 4766 proiectosi
1063 4701 1228 4753 etiam
1253 4713 1282 4752 a
1302 4698 1439 4752 Filio
1463 4702 1607 4753 hunc
1635 4701 1928 4769 procedere

337 4793 603 4856 audiSSet,
645 4791 775 4844 nibil
820 4808 915 4862 per
973 4793 1074 4846 hoc
1133 4792 1307 4861 magis
1359 4789 1684 4846 Trinitatem
1754 4793 1922 4846 Deum

338 4886 619 4939 confessus
649 4875 828 4940 esset:
863 4886 972 4937 imo
1007 4885 1152 4938 credi
1192 4893 1368 4952 potest
1409 4899 1531 4937 cum
1566 4893 1620 4936 et
1653 4885 1738 4938 sui
1768 4887 1921 4939 simi-

339 4981 411 5033 les
446 4980 512 5032 de
540 4977 678 5031 Fiiio
718 4979 817 5031 ista
845 4978 1044 5044 szepius
1104 4977 1345 5039 audisse,
1381 4992 1504 5031 eum
1560 4992 1920 5045 personarum

338 5074 696 5127 differentiam
762 5082 1043 5140 ponerent,
1081 5078 1498 5138 causamqnect
1561 5073 1804 5136 causale,
1871 5083 1924 5124 et

337 5183 456 5234 qua:
485 5165 734 5218 ordinent
805 5167 870 5216 ad
941 5164 1172 5216 invicem
1229 5165 1601 5229 insinuareut;
1655 5181 1777 5216 nam
1831 5165 1923 5232 qui

337 5273 431 5326 per
452 5257 504 5310 id
533 5256 791 5324 temporis
815 5256 1259 5319 doctore-serant,
1284 5271 1379 5324 per
1408 5253 1603 5308 Filium
1632 5256 1928 5324 procedere

336 5363 387 5402 et
410 5351 482 5402 ab
503 5349 620 5417 ipso
642 5348 912 5416 accipere,
949 5360 1114 5416 atque
1158 5351 1397 5416 prodire,
1430 5359 1483 5400 et
1509 5358 1704 5401 cratera
1743 5350 1932 5419 hujus-

338 5444 482 5498 modi
512 5445 577 5497 de
620 5442 824 5511 Spiritu
860 5452 1050 5496 sancto
1079 5444 1416 5497 asserebant.
1455 5442 1724 5498 Caeterum
1775 5446 1818 5498 si
1864 5459 1931 5498 ex

340 5536 757 5591 evidentissimis
789 5535 1083 5604 Scriptura:
1148 5537 1482 5590 testimoniis
1512 5536 1562 5588 id
1627 5536 1932 5605 percipien-

343 5640 439 5696 tes,
471 5647 656 5686 verum
688 5648 793 5686 non
828 5632 1112 5698 putabant,
1141 5631 1416 5696 quomodo
1448 5630 1492 5682 si
1552 5630 1621 5682 ab
1698 5629 1933 5684 homini-

345 5725 440 5780 bus
469 5726 747 5790 audirent,
773 5723 1186 5780 concinentibus
1233 5725 1356 5776 licet
1406 5723 1704 5791 Scriptnris
1737 5725 1930 5777 crede-

461 5912 618 5970 loan.
655 5928 767 5980 xvi,
800 5912 893 5966 28.
971 5910 991 5942 ⁷
1033 5910 1196 5965 Joan.
1232 5929 1320 5975 xv,
1358 5912 1448 5965 QG.

597 6012 874 6070 PATROL.
914 6009 1030 6068 Gtt.
1092 6010 1133 6069 C
1147 6010 1269 6069 ιιι.

2036 4710 2410 4764 opponuntur,
2443 4695 2580 4748 Filio
2615 4695 2893 4754 tollentes.
2941 4696 3210 4750 minorem
3239 4698 3416 4752 Patris
3441 4714 3634 4752 essen~

2036 4790 2109 4844 tia
2139 4789 2333 4844 Filium
2379 4791 2690 4843 necessario
2727 4788 3040 4854 fatebimur,
3106 4791 3288 4844 innata
3331 4803 3383 4844 et
3417 4795 3632 4860 pt'Opl‘i-i

2037 4898 2144 4935 non
2174 4884 2248 4948 ei,
2280 4885 2420 4936 sicut
2448 4893 2502 4936 et
2533 4882 2674 4934 Patri
2710 4883 3000 4936 retldcntes
3033 4900 3046 4936 :
3083 4883 3154 4936 ita
3208 4894 3262 4936 et
3309 4892 3633 4953 producere,

2035 4979 2296 5042 quoniam
2338 4976 2610 5028 nativitati
2655 4991 2760 5028 non
2791 4977 2996 5042 obstat,
3037 4977 3138 5031 nisi
3177 4978 3315 5031 Filio
3343 4993 3636 5032 cuminum:

2037 5084 2158 5122 cum
2182 5068 2340 5121 Patre
2372 5069 2476 5131 sit;
2527 5068 2758 5136 sigillum
2794 5070 3313 5136 prorsusnnilorme
3351 5088 3455 5125 non
3508 5075 3633 5136 e.it,

2035 5169 2092 5212 et
2134 5160 2538 5213 iudenmtabilis
2583 5161 2761 5230 imagt)
2796 5160 2992 5223 Patris,
3030 5172 3085 5217 et
3126 5179 3268 5219 unus
3289 5180 3415 5219 cum
3475 5165 3636 5220 Patre

2041 5255 2202 5311 Deus.

2109 5349 2288 5418 Itaque
2309 5352 2607 5405 secundum
2633 5356 2880 5423 proprias
2901 5356 3290 5411 substantiales
3317 5357 3632 5419 relationes,

2035 5441 2423 5508 paternitatem
2455 5443 2665 5498 scilicet
2705 5461 2767 5501 ac
2826 5448 3193 5511 nativitatem,
3250 5449 3476 5503 discreti
3510 5464 3633 5500 cum

2034 5533 2143 5584 sint
2173 5535 2472 5589 secundum
2518 5551 2783 5606 personas
2815 5538 2976 5607 Pater
3033 5548 3085 5594 et
3113 5539 3307 5602 Filius,
3343 5553 3637 5590 cmmnnne

2035 5627 2330 5682 iudivisum
2385 5646 2482 5699 per
2550 5632 2655 5686 alia
2699 5634 2880 5687 omnia
2930 5636 3014 5703 pie
3072 5631 3470 5686 observabitur.
3513 5629 3634 5683 Non

2039 5722 2184 5775 enim
2215 5724 2342 5792 quia
2373 5724 2480 5778 duo
2516 5736 2642 5780 sunt
2677 5728 2952 5797 personis,
2985 5727 3104 5779 ideo
3127 5727 3289 5777 etiam
3330 5735 3423 5790 per
3450 5723 3633 5775 omttia
