4106 6446
481 369 585 436 171

1755 356 2163 421 MANUELIS
2199 353 2509 415 CALECM

3649 344 3758 412 172

474 506 572 548 eos
602 488 842 544 dividere
865 481 1159 548 convenit;
1216 480 1293 536 sic
1344 479 1491 533 enim
1534 485 1716 532 essent
1760 485 1818 529 et
1855 477 1959 527 duo
1979 487 2066 526 sa—
2096 481 2138 531 Α
2171 469 2480 534 ﬂuviusque
2537 481 2601 520 ex
2651 464 2808 520 oculo
2861 477 2965 533 per
3014 461 3244 525 fontem,
3308 459 3428 515 sive
3481 473 3622 530 aqua
3679 474 3752 513 ex

477 585 710 653 pientes,
736 589 792 636 et
813 580 919 633 duo
950 578 1096 641 boni,
1128 585 1183 630 et
1205 576 1310 628 duo
1346 581 1643 633 creatures,
1679 579 1731 623 et
1755 569 1859 621 duo
1889 567 1983 628 dii,
2013 572 2068 617 ct

475 678 584 732 duo
616 676 888 728 mittentes
913 711 929 736 ,
959 670 1213 739 quoniam
1246 665 1408 719 tuittit
1453 663 1670 733 quidem
1706 659 1866 714 Pater
1894 655 2080 726 Spiri-

480 781 592 824 tum
621 777 907 827 sanctum;
939 763 1105 816 mittit
1137 775 1266 813 vero
1294 761 1436 812 hunc
1479 765 1532 810 et
1588 753 1788 818 Filius;
1853 759 1906 804 et
1967 748 2062 818 qui

477 863 646 914 mittit
677 849 888 913 initium
921 852 1326 925 quomodolibet
1359 859 1440 904 est
1478 847 1607 916 ejus
1663 844 1754 914 qui
1810 843 2064 896 mittitur.

549 955 760 1008 idcirco
809 950 1012 1002 dictum
1051 955 1138 1000 est
1171 960 1200 997 a
1233 941 1484 1009 theologo
1523 935 1814 1005 Gregorio,
1864 933 2068 1000 princi-

476 1050 620 1116 pium
652 1059 719 1098 ea:
741 1042 1022 1111 principio,
1062 1050 1378 1106 quanquam
1417 1045 1524 1086 non
1573 1030 1730 1082 video
1764 1041 1865 1082 cur
1885 1025 2066 1094 potius

478 1157 544 1195 ex
569 1156 634 1192 eo
656 1137 873 1205 quidem
907 1131 1048 1202 quod
1085 1145 1153 1185 ex
1198 1127 1357 1180 Patre
1378 1134 1434 1180 et
1479 1122 1618 1177 Filio
1654 1119 1952 1189 procedere
1981 1117 2066 1170 di-

477 1234 621 1289 citur
649 1228 889 1299 Spiritus
936 1234 1185 1287 sanctus,
1223 1221 1329 1274 duo
1367 1214 1546 1272 sancti
1583 1213 1822 1282 Spiritus
1859 1209 2068 1280 princi-

478 1328 566 1397 pia
592 1329 895 1378 nascuntur
927 1335 942 1371 :
977 1332 1044 1370 ex
1068 1329 1136 1369 eo
1165 1320 1347 1366 autem
1390 1308 1536 1378 quod
1575 1322 1606 1359 a
1637 1304 1809 1358 Patre
1839 1313 1893 1356 et
1921 1300 2067 1356 Filio

478 1419 645 1484 mitti,
679 1433 784 1470 non
816 1413 1005 1469 itidem
1030 1411 1138 1463 duo
1164 1407 1419 1461 oriantur
1447 1399 1625 1461 initia,
1679 1409 1854 1465 neque
1886 1403 2064 1447 tamen

479 1517 592 1569 duo
627 1512 711 1566 vel
737 1519 848 1563 tres
873 1516 1144 1561 creatura:
1176 1500 1432 1555 dicuntur
1457 1492 1705 1565 opiﬁces,
1728 1499 1786 1544 et
1815 1499 1925 1543 tres
1947 1485 2025 1540 dii
2047 1523 2064 1550 ,

480 1617 538 1659 et
570 1604 675 1658 tria
695 1603 1099 1664 consequenter
1121 1587 1388 1661 principia
1416 1601 1432 1652 ;
1461 1585 1556 1640 sed
1580 1589 1820 1645 constat,
1842 1577 2067 1646 quando

482 1710 662 1763 neque
690 1693 925 1762 sapiens,
959 1701 1137 1755 neque
1168 1692 1382 1738 creator
1411 1675 1728 1748 pateruitati
1760 1686 1940 1742 neque
1969 1684 2074 1724 ua-

487 1787 686 1844 tivitati
743 1780 1040 1854 opponitur
1095 1795 1112 1834 :

484 1891 675 1936 sancto
705 1874 935 1946 Spiritui
969 1883 1262 1926 commune
1291 1876 1400 1926 est,
1441 1862 1660 1932 quando
1677 1874 1779 1913 uec
1803 1857 1922 1925 eius
1947 1855 2074 1909 sub-

483 1971 726 2027 slatttiali
755 1965 1098 2038 preprietati,
1126 1957 1468 2031 processioui
1492 1954 1728 2018 scilicet,
1747 1949 2071 2020 opponitur:

485 2079 628 2118 unus
680 2071 895 2114 creator
941 2068 1229 2123 unumque
1266 2057 1536 2105 creatura:
1581 2043 1906 2114 principium
1953 2037 2077 2092 Tri-

484 2154 651 2214 nitas.
684 2157 761 2209 Ae
805 2151 1022 2207 mittere
1057 2145 1323 2217 Spiritum
1357 2150 1606 2196 sanctum
1654 2133 1801 2188 Patri
1830 2130 2077 2196 Filioque

484 2261 774 2307 etuumuue
806 2253 910 2306 est,
955 2241 1153 2310 quippe
1194 2252 1321 2292 cum
1354 2247 1528 2304 neque
1579 2231 1679 2283 hoc
1708 2241 1898 2282 eorum
1951 2223 2079 2278 sub-

484 2339 840 2398 stantialihus
867 2330 1298 2406 preprietatibus
1327 2327 1529 2382 obstet.
1563 2321 1690 2377 Ideo
1723 2328 1781 2374 et
1818 2330 1959 2371 unus
1982 2313 2075 2384 qui

486 2435 677 2494 mittit,
717 2431 880 2484 Pater
909 2439 962 2480 et
995 2423 1167 2479 Filius
1200 2430 1307 2477 est.
1356 2417 1622 2472 Similiter
1665 2412 1757 2480 qui
1800 2407 2075 2480 producit,

487 2541 631 2580 unus
687 2533 770 2578 est
819 2524 1008 2574 eadem
1062 2517 1297 2569 ratione.
1349 2509 1553 2564 Sancto
1610 2513 1789 2558 autent
1849 2498 2078 2570 Spiritui

488 2619 710 2677 mittere
739 2629 803 2668 ac
834 2613 1158 2680 producere,
1216 2614 1277 2656 ut
1307 2601 1425 2671 ejus
1457 2593 1804 2654 substantiali
1856 2591 2080 2660 opposi-

493 2721 608 2763 tum
641 2704 967 2776 preprietati
1003 2715 1110 2752 non
1148 2698 1339 2760 adest;
1363 2689 1510 2761 quod
1540 2688 1685 2743 enim
1717 2683 1988 2753 producit,
2013 2681 2080 2734 ad

491 2805 545 2857 id
577 2800 718 2868 quod
757 2797 1099 2867 producitur,
1131 2790 1398 2853 refertur;
1439 2797 1490 2840 et
1526 2782 1670 2853 quod
1722 2777 2067 2847 producitur,

492 2892 561 2946 ad
593 2867 644 2945 id
671 2892 810 2959 quod
839 2885 1108 2956 producit,
1141 2881 1226 2936 vel
1259 2878 1489 2946 inspirat
1513 2875 1727 2928 itidem.
1757 2867 1875 2923 Non
1898 2875 2079 2921 autem

491 2982 754 3055 possibile
818 2989 905 3034 est
961 2979 1100 3031 idem
1136 2988 1257 3028 esse
1297 2970 1438 3040 quod
1493 2966 1764 3037 producit,
1825 2973 1880 3017 et
1937 2958 2082 3030 quod

485 3077 835 3151 producitur.
901 3069 1050 3126 Nihil
1100 3069 1247 3122 enim
1300 3064 1382 3118 sui
1449 3063 1618 3130 ipsius
1673 3073 1840 3112 causa
1900 3065 2005 3110 est.

1177 1777 1265 1831 hic
1315 1774 1482 1830 etiam
1536 1769 1682 1866 Patri
1716 1775 1769 1821 et
1830 1763 1990 1866 Pilio,
2015 1773 2072 1866 et
2101 1807 2149 1866 Β

2173 563 2322 617 fonte
2362 578 2457 631 per
2503 560 2748 622 luvium,
2782 566 2839 613 et
2886 555 3097 612 fructus
3159 568 3227 608 ex
3291 553 3474 606 radice
3529 565 3630 621 per
3671 565 3761 602 ra-

2174 670 2346 720 mum,
2386 655 2688 710 secundum
2723 666 2890 705 ttnuut
2941 661 3259 715 processum
3289 659 3570 713 unumque
3591 644 3764 713 prin-

2172 747 2400 814 cipiunt,
2455 745 2742 812 prodeunt.
2797 740 2860 795 Si
2916 747 3096 793 autem
3134 738 3237 791 hoc
3267 736 3320 790 iu
3357 733 3592 789 materia
3628 747 3773 786 con-

2176 839 2362 906 tingit,
2421 837 2589 892 multo
2659 836 2830 904 magis
2887 833 2938 886 iu
2987 829 3208 891 divinis,
3269 838 3436 897 atque
3479 827 3549 879 ab
3607 823 3772 877 omni

2178 933 2407 986 materia
2455 929 2702 990 remotis,
2739 943 2861 996 quae
2905 924 3026 978 sine
3069 933 3314 990 tempore
3359 928 3415 973 et
3475 916 3776 973 intervallo

2175 1025 2558 1092 i-nSpiciuntur.

2249 1116 2482 1169 Tantum
2511 1127 2640 1167 vero
2667 1113 2822 1164 abest
2852 1118 2910 1163 ut
2943 1107 3172 1161 Bottiani
3203 1115 3260 1160 et
3290 1103 3467 1158 Latini
3491 1103 3606 1157 duo
3634 1102 3775 1169 Spi-

2177 1212 2316 1267 ritus
2360 1209 2622 1278 priueipia
2664 1207 2866 1259 duosve
2916 1214 3209 1272 processus
3253 1198 3653 1260 confiteantur,
3693 1206 3776 1248 .ut

2179 1315 2535 1371 easquoque
2568 1296 3048 1357 attathematizeut,
3099 1293 3188 1361 qui
3219 1289 3344 1344 talia
3391 1289 3575 1344 dicere
3621 1301 3783 1356 pran-

2177 1405 2426 1452 sumnnt.
2477 1391 2718 1461 Denique
2747 1391 2800 1443 iu
2846 1385 3196 1457 Lugdunensi
3247 1382 3503 1446 concilio,
3553 1380 3786 1436 Graecis

2177 1488 2499 1558 Latinisque
2516 1484 2898 1554 congregatis,
2949 1482 3066 1535 haec
3110 1477 3388 1534 sententia
3423 1473 3788 1543 promulgata

2178 1590 2264 1636 est
2293 1597 2310 1634 :
2341 1593 2503 1648 quam
2535 1575 2784 1645 plurimis
2807 1574 2860 1628 iu
2906 1571 3068 1634 locis,
3095 1569 3301 1624 Crarcis
3329 1566 3789 1631 Latinisque-in-

2177 1671 2439 1738 scriptam
2487 1666 2685 1722 litteris
2736 1673 2791 1718 et
2825 1662 3019 1730 libris,
3072 1660 3232 1716 facile
3295 1659 3390 1730 qui
3433 1656 3654 1726 quaerit,
3691 1656 3793 1708 in-

2177 1764 2346 1820 venit.

2257 1854 2551 1923 Gregorius
2573 1852 2648 1917 X,
2681 1850 3114 1922 in'Lugduuensi
3139 1848 3454 1904 ~~unikversali
3479 1844 3725 1900 concilio
3772 1861 3788 1898 :

2185 1946 2450 2013 lleligiosa
2479 1962 2542 1999 ac
2564 1944 2710 2012 ﬁdeli
2739 1961 2858 1998 voce
2896 1944 3325 2013 pronuntiamus,
3349 1939 3608 2009 Spiritum
3641 1955 3797 1990 san-

2181 2049 2322 2091 ctum
2363 2053 2429 2091 ea;
2470 2035 2633 2091 Patre
2663 2045 2710 2089 et
2741 2034 2879 2089 Filio
2909 2045 3122 2096 ceterae,
3154 2050 3258 2087 non
3287 2031 3543 2086 veluti-ea:
3564 2029 3795 2081 duobus

2182 2128 2476 2196 principiis,
2505 2127 2596 2180 sed
2619 2139 2675 2178 ut
2696 2141 2762 2180 ea:
2793 2141 2922 2189 uno,
2941 2141 3045 2178 non
3069 2123 3278 2177 duabus
3303 2119 3798 2190 inspirationibus,

2182 2221 2262 2278 rel
2313 2219 2762 2288 processionibus,
2826 2219 2918 2274 sed
2966 2235 3072 2272 una
3116 2219 3399 2285 cadentque
3456 2215 3785 2284 procedere.

2185 2315 2341 2369 Istud
2367 2333 2397 2368 τι
2424 2313 2680 2384 principio
2715 2312 2953 2386 confessa
2977 2321 3050 2365 est
3070 2351 3085 2374 ,
3115 2310 3449 2378 praedicavit,
3479 2315 3528 2360 et
3559 2305 3797 2368 docuit,

2184 2410 2280 2462 hoc
2302 2406 2499 2472 valide,
2521 2415 2571 2460 et
2602 2401 3030 2460 constantissime
3053 2414 3210 2468 tenet,
3241 2403 3520 2472 praedicat,
3559 2401 3805 2466 conﬁte—

2187 2513 2277 2555 tur
2309 2511 2358 2554 et
2401 2505 2549 2552 docet
2594 2508 2940 2552 sacrosancta
2989 2495 3230 2550 Romana
3284 2495 3551 2558 Ecclesia,
3601 2501 3802 2546 mater

2187 2595 2422 2648 omnium
2451 2591 2715 2660 ﬁdelium,
2738 2609 2808 2644 ac
2827 2592 3130 2660 magistra;
3155 2591 3404 2654 istudque
3433 2597 3566 2640 tenet
3592 2587 3804 2638 ortho-

2188 2693 2446 2741 doxorum
2505 2684 2733 2738 Patrum
2789 2701 2850 2737 ac
2892 2684 3194 2750 doctorum,
3245 2681 3566 2734 Latinorum
3617 2691 3806 2747 atque

2189 2779 2520 2844 Grtrcornm,
2579 2794 2702 2832 vera
2755 2777 3142 2844 immobilisque
3195 2778 3482 2830 sententia.
3549 2772 3796 2835 Verum,

2188 2876 2314 2944 quia
2345 2872 2590 2928 nonnulli
2631 2888 2729 2942 per
2761 2871 3126 2942 ignorantiam
3178 2869 3339 2932 huius
3387 2866 3802 2936 irrefragubilia

2189 2969 2452 3030 veritatis,
2506 2966 2563 3018 in
2599 2965 2820 3018 haereses
2872 2965 3052 3016 uarias
3099 2962 3236 3030 lapsi
3279 2972 3401 3016 sunt
3453 2976 3472 3013 :
3513 2976 3628 3023 nos,
3682 2959 3800 3011 Itu-

2162 3047 2429 3128 Jnsmodi
2451 3057 2736 3112 haresibtts
2777 3072 2979 3108 omnem
3007 3056 3209 3109 aditum
3229 3055 3501 3108 obstruere
3525 3053 3792 3117 volentes,

562 3168 864 3228 Pratttema,
915 3164 960 3216 si
998 3159 1302 3229 produceus
1349 3154 1586 3222 Spiritus
1634 3151 1730 3215 sit,
1781 3145 2082 3218 procedens

2189 3167 2341 3204 sacro
2385 3148 2544 3202 simul
2589 3149 2899 3202 decernente
2947 3145 3198 3210 concilio,
3231 3147 3553 3198 dam-namus
3599 3160 3664 3196 at:
3697 3160 3797 3195 rc-

490 3275 618 3316 esse
645 3259 875 3319 desinet,
898 3264 957 3307 et
986 3251 1243 3321 Spiritus,
1276 3248 1422 3317 quod
1454 3243 1614 3310 hujus
1644 3239 1954 3309 proprietas
1975 3247 2084 3290 est.

498 3351 566 3406 Et
596 3351 723 3411 erit,
759 3345 842 3402 vel
889 3343 1163 3415 gignendo
1201 3341 1392 3405 Patre,
1417 3347 1470 3391 et
1520 3335 1791 3406 quomodo
1827 3348 1857 3386 a
1891 3328 2086 3385 Patre?

497 3445 586 3501 vel
620 3443 938 3514 productor,
989 3446 1044 3491 et
1080 3434 1355 3505 quomodo
1411 3427 1688 3498 Spiritus?
1745 3425 1852 3479 Sed
1903 3438 2089 3492 neque

501 3538 696 3593 tertius
738 3549 769 3587 a
823 3531 984 3587 Patre
1016 3530 1140 3591 crit,
1171 3527 1325 3594 iuxta
1347 3526 1582 3577 Patrum
1615 3519 1959 3586 theologiam,
1997 3530 2087 3570 se-

490 3629 736 3685 cundum
779 3640 939 3695 quam
971 3638 1036 3676 ex
1071 3621 1232 3675 Pater
1271 3632 1366 3688 per
1411 3615 1609 3670 Filium
1655 3609 1901 3681 procedit
1931 3625 1949 3664 :
1977 3609 2089 3662 sie-

499 3738 606 3792 que
635 3734 812 3788 neque
851 3714 1174 3785 procedens,
1215 3719 1310 3764 aut
1359 3707 1598 3776 Spiritus
1631 3704 1762 3761 erit,
1797 3702 2008 3756 Idcirco
2033 3707 2091 3752 ut

491 3813 772 3881 obiectum
823 3805 1139 3878 proprietati
1190 3818 1322 3865 sum,
1368 3799 1658 3869 producere
1709 3795 1778 3850 ab
1810 3794 1928 3863 ipso
1955 3794 2092 3848 alie-

501 3920 630 3959 num
659 3903 786 3966 erit,
827 3898 929 3954 etsi
973 3899 1042 3950 sit
1074 3894 1316 3964 ejusdem
1346 3907 1468 3946 cum
1489 3888 1666 3943 .Patre
1693 3897 1746 3942 et
1779 3885 1920 3941 Filio
1951 3882 2085 3938 sub-

497 3997 740 4058 stantia,
790 4003 848 4047 ut
879 4009 953 4046 ex
988 3991 1119 4058 ipsis
1152 3987 1543 4046 essentialiter,
1588 3993 1642 4038 et
1665 3982 1830 4052 quasi
1865 3980 1937 4034 ab
1983 3992 2089 4032 una

500 4107 565 4146 re
586 4091 876 4143 essisteus.
899 4085 1193 4151 Propterea
1223 4091 1276 4134 et
1318 4079 1409 4146 qui
1443 4092 1509 4132 ex
1541 4075 1700 4129 Patre
1723 4087 1776 4128 et
1791 4071 1939 4126 .Filio
1963 4085 2092 4140 pro-

503 4183 700 4236 cedere
740 4177 1008 4247 Spiritum
1072 4181 1320 4227 sancttuu
1383 4169 1734 4230 couliteutur,
1787 4178 1970 4233 neque
2021 4161 2096 4216 ex'

503 4271 668 4327 Patre
713 4270 900 4322 dicunt
927 4265 1225 4319 secundum
1275 4260 1672 4330 proprietatem
1724 4252 1901 4308 Patris
1951 4253 2092 4323 (haec

503 4361 650 4414 enim
677 4359 742 4412 ad
775 4355 969 4412 Filium
1000 4352 1255 4418 dicitur),
1291 4362 1468 4417 neque
1508 4345 1760 4410 cx-Filio,
1793 4346 2092 4399 secundum

505 4453 629 4509 Filii
656 4451 1052 4511 deﬁnitionem,
1071 4446 1194 4514 ejus
1220 4442 1418 4512 quippe
1446 4442 1585 4493 ratio
1613 4438 1679 4492 ad
1706 4439 2093 4507 pateruitatem

2187 3241 2473 3313 probamus
2502 3256 2704 3305 omnes,
2749 3241 2841 3309 qui
2873 3255 3066 3308 negare
3114 3241 3312 3290 audent
3353 3236 3612 3304 Spiritum
3650 3252 3795 3288 san-

2189 3348 2330 3388 ctum
2370 3349 2435 3387 ea;
2469 3331 2632 3386 Patre
2661 3343 2709 3386 et
2753 3331 2902 3385 Filio
2940 3341 3136 3385 aeterne
3190 3330 3490 3398 procedere,
3548 3329 3650 3382 sire
3674 3331 3794 3382 σοιιί

2191 3428 2478 3481 temeraria
2522 3426 2752 3480 audacia
2800 3427 3060 3494 affirmant
3109 3422 3370 3491 Spiritum
3399 3438 3466 3477 ex
3509 3422 3672 3476 Patre
3729 3431 3798 3476 κ

2190 3518 2348 3582 Filio,
2401 3516 2559 3572 ueluti
2599 3532 2664 3570 ex
2700 3516 2906 3569 duobus
2943 3515 3241 3585 principiis,
3285 3530 3390 3568 non
3429 3529 3494 3567 ex
3515 3529 3627 3566 uno
3649 3528 3795 3580 pre—

2190 3611 2396 3667 cedere.

2267 3705 2374 3760 lsta
2401 3705 2469 3759 ab
2501 3705 2761 3759 omnibus
2797 3718 2864 3758 eo
2895 3702 3348 3758 convenientibus
3390 3701 3633 3754 ﬁrma-ct
3659 3710 3791 3754 ratu

2191 3799 2402 3864 habita,
2455 3798 2761 3867 litterisque
2807 3795 3011 3851 Graecis
3062 3808 3116 3850 et
3158 3794 3376 3848 Latinis
3437 3793 3665 3860 scripta.
3729 3803 3794 3846 et

2193 3893 2335 3962 apttd
2373 3907 2466 3946 eos
2497 3891 2720 3954 durant,
2756 3898 2811 3945 et
2840 3888 3370 3956 Constantinopolim
3399 3897 3528 3940 tunc
3555 3901 3682 3940 cum
3711 3885 3799 3938 le-

2193 3985 2336 4054 gatis
2362 3984 2529 4037 missa
2555 3992 2705 4036 sunt.
2742 3980 2892 4047 Quod
2920 3981 2963 4034 si
2999 3995 3141 4034 nunc
3168 3979 3268 4033 ista
3301 3978 3502 4046 scripta
3535 3991 3643 4030 non
3668 3977 3797 4029 ubi-

2195 4089 2302 4144 que
2334 4084 2652 4137 cernuntur,
2681 4073 2788 4126 alia
2818 4071 2958 4125 ratio
2986 4080 3090 4125 est.
3148 4068 3435 4135 Quomodo
3479 4069 3627 4122 enim
3669 4083 3796 4120 ser-

2199 4176 2320 4220 vata
2351 4166 2732 4235 sntit-scripta,
2759 4179 2990 4233 quorum
3021 4169 3307 4230 Opus-posit.
3333 4163 3606 4216 modicum
3635 4178 3798 4216 ever-

2196 4275 2314 4316 sum
2352 4257 2728 4314 estiTantam
2765 4266 2942 4311 tamen
2968 4272 3042 4309 ae
3071 4264 3181 4308 tam
3215 4253 3482 4317 celebrem
3519 4255 3793 4323 synodum

2202 4353 2347 4406 illam
2385 4362 2608 4421 propter
2628 4352 2741 4405 haec
2766 4349 2936 4404 fuisse
2989 4348 3301 4414 conﬂatam,
3346 4346 3490 4415 apud
3517 4324 3798 4415 plurimos

2200 4445 2378 4518 adhuc
2398 4446 2465 4497 ~iu
2498 4443 2760 4497 memoria
2781 4453 2896 4496 est.

505 4547 832 4603 relationem
866 4558 930 4595 ac
967 4536 1328 4595 substantiam
1373 4533 1560 4597 habet,
1589 4530 1686 4585 sed
1730 4532 1782 4584 in
1817 4543 2086 4600 quantum
2124 4507 2173 4562 θ
2275 4510 2352 4590 Ex
2385 4536 2468 4590 his
2517 4547 2698 4588 autem
2746 4533 3055 4589 evidentius
3092 4532 3147 4586 lit
3181 4533 3347 4588 etiam
3399 4536 3544 4604 quod
3590 4535 3797 4592 beatus

508 4654 674 4693 unum
713 4646 841 4693 sunt
885 4633 1048 4687 Pater
1077 4641 1131 4685 et
1161 4627 1356 4694 Filius,
1389 4627 1686 4681 secundum
1722 4625 1932 4681 scilicet
1965 4640 2092 4696 pro-

505 4731 742 4784 ducendi
778 4727 1070 4783 rationem.

584 4819 738 4873 Sicut
773 4817 1175 4886 euim.quaud0
1211 4827 1307 4881 per
1359 4811 1558 4866 Filium
1599 4811 1782 4866 omnia
1818 4813 2095 4876 dicuntur,

504 4913 689 4966 .uuitio
739 4911 1038 4963 voluntatis
1091 4905 1423 4968 ostenditur,
1465 4914 1522 4957 ut
1555 4905 1629 4958 ait
1682 4921 1910 4976 magnus
1947 4903 2098 4961 Basi-

506 5004 642 5064 lius,
708 5001 781 5055 ita
814 5011 870 5054 et
926 4991 1054 5054 cultu
1088 5012 1156 5052 ex
1207 4993 1377 5050 Patre
1409 5010 1502 5063 per
1547 4994 1750 5050 Filium
1801 5000 2100 5064 procedere

507 5092 754 5160 Spiritus
793 5090 1015 5153 dicitur,
1058 5086 1232 5139 nuitio
1265 5082 1448 5137 Patris
1479 5093 1534 5138 et
1591 5082 1740 5149 Filii,
1795 5085 2098 5140 secundum

513 5181 929 5239 substantialem
963 5191 1280 5249 processum
1319 5174 1558 5244 Spiritus
1587 5181 1760 5234 sancti
1813 5195 2102 5236 commen-

515 5279 717 5342 datur;
771 5273 1030 5344 quocirea
1076 5279 1130 5326 et
1201 5285 1368 5324 unum
1433 5271 1756 5341 principium
1834 5272 2099 5337 fatentur,

515 5382 796 5440 unumque
851 5366 1022 5436 ipsius
1057 5378 1396 5434 processum,
1451 5375 1505 5418 ut
1551 5365 1620 5420 ab
1655 5382 1763 5420 uno
1795 5382 1809 5422 :
1843 5367 2134 5437 gignendi

517 5464 726 5520 scilicet
750 5476 814 5515 ac
839 5457 1096 5514 nascendi
1119 5457 1450 5511 discretione
1473 5469 1713 5513 servata.

591 5555 913 5623 Quanquam
946 5561 999 5605 et
1037 5547 1336 5604 secundum
1374 5553 1620 5620 exen‘ipla
1656 5553 1721 5607 de
1757 5561 1944 5608 sancta
1981 5551 2102 5607 Tri-

523 5657 692 5704 mtate
748 5660 778 5699 a
834 5643 1039 5699 sanctis
1091 5640 1344 5696 Patribns
1394 5645 1607 5711 posita,
1656 5649 1799 5716 quod
1849 5647 2098 5710 dicimus,

520 5737 862 5794 extrinsecus
914 5735 1187 5804 cetigrnit.
1251 5731 1364 5788 Lux
1416 5737 1560 5787 enim
1609 5747 1694 5790 est
1734 5753 1800 5791 ex
1848 5740 1962 5792 sole
2009 5754 2104 5806 per

519 5835 756 5905 radium,
791 5842 951 5903 atquc
982 5846 1048 5889 cx
1099 5829 1252 5886 radio
1285 5827 1427 5885 velut
1452 5842 1517 5883 ex
1553 5845 1661 5886 uno
1693 5831 1961 5902 principio
1987 5845 2088 5900 eat,

2201 4631 2469 4689 Maximus
2522 4630 2654 4683 dixit
2725 4628 3056 4683 :‘Romanos
3138 4630 3444 4696 conﬁtentes
3506 4647 3573 4684 ea:
3623 4630 3795 4687 Patre

2199 4737 2245 4776 et
2270 4719 2414 4775 Filio
2435 4721 2713 4790 procedere
2737 4721 3001 4790 Spiritum
3051 4732 3317 4786 sanciunt,
3348 4737 3454 4775 non
3486 4723 3682 4776 Filium
3722 4728 3800 4778 la-

2203 4815 2305 4871 teri
2354 4815 2526 4869 sancti
2573 4814 2807 4882 Spiritus
2851 4827 3094 4869 eanssm.
3151 4811 3338 4882 Neque
3387 4815 3535 4868 enim
3580 4813 3788 4870 Filium

2204 4923 2370 4967 causa
2406 4908 2752 4962 detrudentes
2783 4906 2887 4962 hoe
2917 4907 3208 4970 dixerunt;
3249 4907 3346 4960 sed
3381 4921 3450 4961 ne
3485 4909 3623 4962 duas
3663 4925 3800 4962 cau-

2204 5019 2295 5059 sas
2349 5000 2724 5066 ostenderent,
2780 4997 2997 5055 Patrem
3055 5010 3110 5054 et
3173 5000 3388 5063 Filium.
3437 5003 3532 5058 sed
3561 5020 3628 5058 ex
3685 5022 3794 5058 uua

2203 5109 2366 5151 causa
2401 5092 2563 5163 atque
2589 5091 2880 5162 principio,
2937 5106 2998 5146 ex
3057 5092 3214 5146 Patre
3241 5104 3294 5147 et
3320 5092 3459 5147 Filio
3490 5097 3798 5162 procedere

2205 5186 2471 5256 Spiritum
2503 5193 2774 5240 sanctum.
2802 5182 2897 5239 lsti
2935 5185 3120 5251 igitur,
3157 5195 3214 5238 ut
3254 5186 3332 5239 ait
3363 5184 3652 5249 Maximus,
3690 5205 3798 5244 non

2205 5278 2599 5335 rationabiliter
2635 5294 2775 5331 nunc
2801 5277 3099 5332 insimulati
3137 5288 3283 5344 sunt,
3320 5292 3374 5334 et
3403 5296 3549 5334 nunc
3579 5283 3800 5336 irratio-

2207 5374 2462 5432 nabiliter
2484 5371 2777 5427 calumniis
2805 5382 3064 5440 aguntur.

2284 5464 2390 5532 Qui
2446 5477 2576 5517 vero
2616 5462 2844 5516 duorum
2887 5463 3273 5532 principiorum
3311 5465 3521 5521 crimen
3562 5483 3804 5540 exagge-

2211 5567 2355 5622 rant,
2396 5556 2602 5609 addunt
2664 5555 2828 5608 etiam
2887 5554 3186 5609 dicentes:
3240 5556 3384 5622 Quia
3435 5563 3648 5628 genitor
3696 5578 3802 5616 non

2209 5652 2366 5714 idem,
2399 5647 2537 5716 quod
2568 5661 2704 5698 unus
2745 5644 3037 5713 productor
3063 5658 3162 5701 est.
3206 5647 3349 5702 Nam
3383 5651 3432 5703 si
3465 5661 3600 5705 esset
3638 5653 3806 5720 idem,

2209 5745 2369 5798 etiam
2409 5748 2824 5795 converteretur.
2863 5738 3086 5794 Genitor
3116 5743 3254 5795 enim
3291 5754 3337 5796 et
3368 5748 3661 5812 productor
3692 5758 3807 5812 est,-

2209 5851 2312 5890 non
2368 5843 2548 5888 autem
2601 5840 2647 5886 et
2695 5829 2985 5900 productor
3036 5833 3265 5904 genitor.
3325 5833 3633 5889 Productor
3663 5841 3806 5892 enim
