4106 6498
429 433 534 505 173

1525 430 1929 492 ADVERSUS
1966 429 2285 492 GRAECOS
2340 432 2489 492 LIB.
2538 431 2653 492 ΙΙῘ.

3605 423 3713 492 ιτι

421 568 497 612 est
544 567 592 609 ct
636 550 1010 619 Fitius,-jnxta
1046 567 1132 606 eos
1173 550 1263 621 qui
1320 551 1477 603 etiam
1520 566 1584 604 ex
1625 548 1773 603 Filio
1820 549 2007 602 dicunt
2041 572 2083 627 Α
2117 551 2460 620 scuspecic),
2485 550 2579 603 scd
2603 545 2902 602 secundum
2927 541 3381 614 significationem
3407 542 3711 610 nominum,

425 647 687 717 Spiritum
726 655 991 710 sanctum,
1020 646 1107 713 qui
1140 644 1347 713 genitor
1375 645 1556 712 utique
1607 658 1712 695 non
1739 653 1851 707 est;
1874 659 2007 712 quo-

424 744 566 795 niam
596 756 713 793 vero
736 756 841 792 non
898 738 1244 801 convertitur,
1289 738 1539 807 differens
1588 748 1686 791 est.
1730 735 1923 805 Itaque
1956 744 2006 787 ct

423 841 527 892 duo
559 846 710 890 erunt
741 833 1279 904 productores;quod
1311 833 1357 885 si
1397 833 1575 896 detur,
1615 842 1662 883 et
1700 831 1806 883 duo
1843 830 2003 881 etiam

423 931 706 1003 principia.

505 1056 656 1127 Digni
689 1070 823 1110 sane
858 1060 1009 1117 sunt,
1044 1051 1134 1121 qui
1170 1050 1275 1104 ista
1314 1048 1526 1126 dicunt,
1561 1055 1617 1099 ut
1658 1054 1711 1098 et
1740 1042 1843 1112 ipsi
1884 1056 2011 1095 con-

430 1164 513 1210 tra
564 1153 965 1218 interrogentur
1018 1162 1033 1200 :
1075 1160 1143 1198 an
1175 1142 1315 1197 idem
1352 1139 1515 1194 Pater
1562 1148 1647 1193 cst
1674 1136 1766 1206 qui
1822 1134 2011 1198 mittit,

431 1260 487 1304 et
519 1262 653 1302 unus
686 1241 936 1297 mittens?
963 1238 1175 1308 Quippe
1204 1237 1367 1291 Pater
1406 1244 1460 1290 et
1490 1233 1712 1288 mittens
1743 1239 1848 1295 est,
1882 1228 2010 1281 mit-

432 1352 552 1396 tens
574 1354 702 1395 vero
736 1352 843 1391 non
874 1332 1138 1389 continuo
1172 1342 1252 1384 est
1292 1327 1474 1382 Pater.
1508 1326 1604 1380 Est
1629 1321 1774 1377 enim
1824 1330 1881 1374 et
1917 1315 2011 1371 Fi-

431 1433 537 1489 lius
587 1431 827 1493 mittens,
870 1424 961 1496 qui
1015 1438 1122 1479 non
1154 1430 1239 1477 est
1269 1419 1468 1484 Pater;
1522 1431 1698 1486 neque
1730 1414 1875 1469 enim
1909 1412 2012 1464 boc

431 1524 786 1587 convertitur,
817 1533 990 1589 neque
1018 1516 1117 1586 ipsi
1151 1515 1255 1570 duo
1282 1511 1551 1583 principia
1588 1508 1885 1576 effugient;
1915 1503 2012 1574 qui

430 1620 575 1676 enim
603 1615 769 1672 mittit
797 1612 937 1683 ejus,
997 1608 1140 1680 quod
1189 1607 1442 1667 mittitur,
1471 1620 1636 1660 causa
1670 1598 2017 1673 quomodoli-

429 1714 522 1769 bat
569 1718 670 1773 est;
705 1705 751 1761 si
800 1714 983 1760 autem
1024 1719 1089 1757 ex
1124 1700 1310 1766 Patre,
1351 1710 1407 1754 et
1435 1702 1706 1759 mittente,
1763 1709 1872 1748 nou
1907 1692 2013 1745 duo

430 1797 752 1872 colliguntur
784 1794 957 1862 initia,
984 1807 1160 1864 neque
1192 1790 1336 1845 enim
1367 1789 1527 1844 Pater
1567 1788 1807 1851 mittens,
1838 1791 1894 1838 et
1925 1780 2017 1836 Fi-

429 1896 535 1952 lius
588 1892 859 1947 diceretur
913 1888 1132 1943 mittere
1188 1883 1454 1955 Spiritum
1500 1888 1793 1943 sanctum;
1846 1891 1914 1930 ne
1960 1875 2015 1927 in

2119 656 2175 698 et
2210 644 2368 697 sicuti
2406 643 2561 696 nobis
2589 640 2852 711 possibile
2887 649 2970 693 est
3012 653 3106 707 per
3139 644 3254 698 haec
3284 638 3467 694 divina
3510 638 3714 692 intelli-

2119 753 2271 808 gere,
2308 738 2478 791 nostri
2507 737 2728 792 habitus
2759 737 3179 813 consuetudine.

2195 851 2661 917 Quemadmodum
2696 851 2859 920 igitur
2880 851 3041 904 Pater
3064 861 3118 904 et
3142 852 3301 927 Deus,
3340 866 3428 903 res
3452 864 3556 901 una
3583 849 3714 900 dna-

2117 948 2221 1001 bus
2248 945 2516 999 intelleCIa
2547 945 2882 1009 rationibus,
2917 945 3020 997 alia
3052 944 3271 1012 quidem
3312 940 3713 1003 universalins,

2121 1036 2224 1091 alia
2254 1053 2383 1090 vero
2420 1036 2810 1104 particularius
2838 1054 2853 1091 :
2886 1038 2958 1091 ita
2990 1047 3044 1091 et
3092 1038 3387 1104 productor
3431 1046 3483 1088 et
3527 1032 3713 1097 Pater,

2123 1146 2229 1185 una
2281 1127 2501 1199 quidem
2546 1145 2633 1182 res
2665 1130 2822 1184 ambo
2855 1138 3003 1195 sunt,
3038 1140 3091 1183 ct
3120 1128 3291 1183 Filius
3318 1140 3372 1182 ct
3418 1126 3719 1196 productor
3774 1192 3778 1197 θ

2123 1224 2399 1279 similiter.
2459 1223 2504 1275 Α
2540 1224 2695 1277 nobis
2726 1234 2906 1275 autem
2943 1223 3152 1275 duabus
3184 1221 3489 1275 rationibus
3520 1232 3719 1286 agnosu
3774 1216 3778 1261 Γ

2132 1313 2279 1369 citur
2324 1330 2338 1367 :
2390 1313 2561 1367 altera
2622 1312 3031 1380 particularius,
3083 1313 3252 1366 altera
3322 1308 3715 1367 universalius.
3788 1336 3791 1339 ν

2122 1417 2182 1462 ut
2214 1406 2419 1462 dictum
2450 1414 2555 1461 est.
2601 1404 2787 1474 Neque
2814 1406 2960 1459 enim
2990 1407 3247 1475 praevalet
3296 1406 3536 1460 humana
3571 1420 3717 1473 pau-

2124 1508 2309 1570 pertas
2360 1497 2439 1551 vel
2482 1498 2641 1553 aliter
2685 1498 2751 1552 de
2783 1497 2983 1552 divinis
3017 1498 3187 1568 loqui,
3220 1499 3304 1552 vel
3334 1515 3444 1552 uno
3498 1500 3721 1555 nomine

2123 1599 2298 1645 totum
2323 1588 2626 1653 insinuare,
2654 1587 2916 1657 quidquid
2956 1604 3053 1658 per
3076 1588 3247 1643 multa
3283 1591 3503 1645 nomina
3556 1592 3721 1649 intel-

2124 1682 2488 1753 ligentiasquc
2533 1679 3071 1750 comprehendimus.

2196 1791 2467 1861 Quocirca
2499 1792 2714 1849 duabus
2743 1793 2967 1861 quidem
3004 1794 3378 1866 intelligentiis
3410 1807 3467 1854 et
3491 1803 3717 1857 rationl-

2125 1887 2228 1943 bus
2273 1884 2439 1942 Pater
2459 1896 2513 1942 et
2544 1886 2843 1956 productor
2870 1886 3215 1955 intelligitur,
3266 1900 3326 1944 ut
3370 1892 3575 1948 dictum
3605 1903 3721 1962 est;

435 1988 678 2061 εειιὶιοτθ
735 1984 957 2056 “idem
992 1988 1046 2037 εἴ
1079 1978 1410 2051 Prome-lore
1461 1966 1607 2031 iSlild
1638 1973 1763 2027 θΓῘῑ·
1811 1968 1920 2025 Sed
1951 1966 2014 2061 id
2051 1984 2095 2039 Β
2122 1996 2228 2035 non
2263 1989 2445 2035 tamen
2480 1979 2583 2033 hoc
2608 1977 2738 2033 facit
2778 1994 2964 2033 rerum
2992 1980 3401 2041 differentiam:
3441 1985 3546 2041 hac
3570 1986 3722 2041 eui...

438 2060 727 2136 dicendum
768 2072 912 2143 quod
960 2080 1016 2126 et
1066 2080 1227 2126 antea
1254 2069 1515 2133 diximus,
1547 2080 1669 2135 qua:
1698 2063 1753 2118 in
1791 2062 1901 2118 Deo
1931 2060 2016 2113 di-

433 2179 632 2227 cuntur
683 2166 776 2222 ubi
826 2181 930 2219 non
981 2163 1168 2218 obstat
1210 2160 1488 2216 relationis
1530 2154 1829 2226 oppositio,
1877 2150 2018 2206 nihil

432 2262 725 2337 prohibere
776 2256 1048 2327 personis,
1104 2268 1201 2309 seu
1258 2265 1507 2323 personae
1556 2249 1796 2302 adesse:
1863 2254 2016 2313 puta,

444 2357 588 2413 Deus
613 2352 828 2423 quidem
860 2359 914 2404 et
944 2349 1120 2403 bonus
1141 2354 1194 2399 et
1210 2354 1425 2399 creator
1447 2359 1464 2409 ;
1487 2340 1613 2413 quia
1641 2352 1814 2408 neque
1832 2346 2021 2405 pater-

443 2445 597 2503 uitati
630 2458 805 2512 neque
830 2438 1100 2494 nativitati
1126 2436 1340 2505 objecta
1365 2444 1513 2489 sunt.
1551 2432 1713 2517 l’oater
1742 2440 1797 2485 et
1821 2425 2013 2491 Filius,

444 2554 580 2594 unus
626 2535 767 2590 Deus
822 2543 875 2587 et
912 2542 1126 2586 creator
1173 2538 1228 2583 et
1270 2527 1447 2583 bonus
1480 2535 1601 2592 est;
1639 2524 1811 2580 Filius
1865 2534 2016 2583 vero,

455 2629 693 2699 quoniam
727 2623 795 2679 ad
830 2622 1047 2681 Patrem
1072 2620 1386 2691 Opponitur,
1418 2635 1522 2673 non
1554 2618 1658 2671 erit
1690 2615 1833 2669 idem
1872 2610 2024 2680 getti-

453 2731 534 2777 tor
554 2735 613 2774 ac
642 2718 834 2781 Filius,
870 2727 1048 2784 neque
1074 2708 1215 2767 ide'm
1248 2711 1418 2767 Filius
1464 2721 1520 2765 et
1553 2709 1788 2780 genitor.
1818 2703 2026 2759 Produ-

450 2814 608 2871 cibile
629 2827 778 2878 vero,
816 2819 874 2863 ut
906 2806 1112 2861 dictum
1148 2814 1253 2870 est,
1287 2819 1463 2875 neque
1484 2798 1795 2871 paternitati
1836 2794 2028 2866 objici-

450 2916 559 2971 tur,
594 2918 763 2973 neque
794 2900 1084 2956 nativitati.
1114 2899 1418 2955 Commune
1450 2897 1615 2967 igitur
1643 2895 1891 2964 utrisque
1920 2901 2025 2957 est,

450 3011 613 3071 atque
657 3001 797 3065 ideo,
835 3014 976 3053 unus
1009 2997 1305 3067 productor
1335 3001 1440 3058 est,
1482 3004 1662 3059 neque
1700 2989 1846 3044 enim
1898 3003 2028 3059 pro-

444 3095 655 3149 ducere
676 3092 815 3162 quod
839 3091 1040 3146 dicitur
1068 3088 1246 3144 Patris
1275 3094 1329 3140 et
1364 3084 1485 3139 Filii
1512 3083 1896 3139 discretionem
1939 3100 2030 3140 se-

444 3188 681 3242 cundum
735 3199 848 3238 rem
891 3182 1056 3247 facit;
1099 3180 1301 3252 quippe
1352 3178 1493 3234 hanc
1536 3177 1817 3248 generatio
1867 3176 2022 3243 fecit,

444 3291 609 3350 atque
638 3277 890 3332 nativitas
937 3275 1039 3331 sibi
1076 3274 1375 3330 secundum
1423 3284 1484 3327 se
1528 3269 1773 3341 objectae.
1825 3268 2025 3337 Quem‘

445 3374 729 3430 admodum
761 3371 924 3441 igitur
954 3369 1097 3424 idem
1130 3366 1274 3422 Deus
1306 3381 1371 3421 ac
1397 3365 1581 3431 Pater,
1616 3374 1672 3420 et
1698 3364 1843 3420 idem
1870 3364 2035 3420 Deus

445 3484 511 3524 ac
555 3466 754 3531 Filius,
806 3467 878 3518 ita
933 3473 991 3519 et
1024 3460 1166 3517 idem
1214 3460 1431 3531 genitor
1489 3474 1554 3513 ac
1604 3457 1920 3528 productor,
1971 3466 2028 3509 et

447 3576 590 3615 unus
624 3559 802 3613 itidem
823 3555 992 3611 Filius
1026 3565 1191 3623 atque
1221 3553 1537 3623 productor.
1572 3551 1639 3606 Et
1670 3551 1829 3606 sicuti
1857 3551 2025 3616 Deus,

447 3654 541 3724 qui
572 3661 653 3707 est
684 3651 863 3719 Pater,
893 3660 951 3705 et
979 3647 1152 3703 Filius
1172 3663 1297 3702 cum
1330 3646 1494 3701 Patre
1515 3645 1629 3699 solo
1647 3659 1755 3699 non
1784 3643 1916 3698 facit
1943 3643 2030 3697 di-

449 3745 776 3801 scretionem
807 3743 905 3805 rei,
943 3740 1019 3795 ita
1064 3754 1240 3809 neque
1285 3738 1602 3807 productor,
1635 3738 1728 3807 qui
1757 3745 1840 3791 est
1866 3735 2030 3790 Pater

449 3850 504 3894 et
535 3834 718 3901 Filius,
752 3851 874 3891 cum
906 3835 1073 3888 Patre
1099 3832 1215 3888 solo
1235 3831 1371 3887 duas
1393 3832 1656 3886 discretas
1682 3829 1888 3885 indicat
1917 3845 2026 3884 res.

456 3930 673 3987 Patrem
709 3929 853 3984 enim
884 3936 940 3982 et
973 3926 1357 3997 productoretu
1416 3924 1679 3987 dicentes,
1730 3920 2028 3977 secundum

456 4029 508 4083 id
542 4026 777 4095 quidem,
803 4025 944 4096 quod
978 4024 1213 4079 dicimus
1245 4019 1413 4075 Pater
1438 4057 1455 4085 ,
1487 4018 1673 4074 Patris
1723 4020 1790 4071 ad
1824 4015 2026 4071 Filium

456 4120 838 4174 discretionem
898 4116 1252 4184 intelligimus
1302 4131 1317 4167 :
1363 4113 1669 4168 secundum
1740 4109 1792 4164 id
1845 4117 2027 4163 autem

454 4209 593 4281 quod
618 4212 930 4279 productor,
960 4207 1225 4263 etFilium
1259 4223 1364 4260 una
1390 4221 1515 4261 cum
1542 4203 1729 4268 Patre,
1766 4212 2028 4271 tauquam

454 4316 611 4356 unam
663 4316 773 4355 rem
814 4298 975 4355 simul
1025 4297 1401 4369 intelligimus.
1452 4294 1601 4352 Idem
1647 4292 1715 4351 ct'
1746 4294 1816 4350 de
1866 4293 2031 4348 Patre

454 4404 507 4449 et
539 4394 605 4448 de
644 4394 911 4448 mittente.

524 4485 789 4551 Quoniam
837 4484 1002 4554 igitur
1052 4497 1173 4552 quae
1219 4481 1370 4537 Patri
1419 4494 1485 4535 ac
1531 4478 1669 4535 Filio
1718 4477 2029 4534 communia

454 4582 601 4639 sunt,
627 4573 698 4627 ita
727 4575 792 4628 ad
834 4575 1052 4628 Patrem
1088 4573 1261 4629 solum
1284 4612 1300 4638 ,
1331 4571 1491 4627 sicuti
1518 4580 1586 4625 au
1617 4571 1808 4625 ambos
1837 4583 1898 4624 se
1934 4570 2032 4624 ba-

2120 2073 2334 2128 ratione
2386 2088 2553 2127 unum
2599 2070 2771 2127 Deum
2856 2072 3069 2127 infinita
3135 2075 3359 2131 nomina
3410 2078 3715 2133 secundum

2123 2165 2442 2221 differentes
2492 2166 2738 2221 rationes
2790 2164 2965 2234 ipsum
3015 2181 3094 2232 re,
3131 2177 3190 2221 ut
3220 2170 3479 2238 possibile
3511 2183 3618 2234 est,
3644 2172 3726 2226 si-

2123 2258 2461 2337 gnificantia,
2485 2258 2536 2312 in
2556 2258 2802 2314 infinitas
2820 2275 2908 2314 res
2931 2275 3304 2331 personasque
3325 2263 3723 2325 discernerent.

2124 2352 2393 2406 Caeterum
2434 2348 2604 2404 solam
2653 2348 2927 2404 rationum
2962 2347 3327 2406 differentiam
3365 2354 3635 2412 inducunt
3660 2375 3726 2413 ea

2124 2457 2247 2513 quae
2285 2443 2428 2512 apud
2456 2457 2559 2497 nos
2595 2442 2811 2511 quidem
2844 2453 2975 2497 sunt
3003 2441 3347 2509 differentia,
3398 2446 3450 2500 in
3482 2448 3591 2503 Deo
3621 2466 3726 2504 au-

2128 2545 2235 2591 tem
2283 2550 2391 2590 una
2420 2535 2594 2602 ipsius
2640 2534 2945 2603 eademque
3002 2537 3311 2592 substantia
3347 2555 3361 2594 :
3402 2540 3727 2597 admirabile

2127 2642 2350 2693 tuomen,
2382 2637 2438 2682 et
2458 2642 2549 2683 res
2578 2626 2664 2682 bis
2685 2628 2943 2684 erunibus
2967 2631 3307 2698 respondens
3332 2648 3430 2702 per
3451 2648 3726 2690 summam

2130 2716 2546 2789 permotionem,
2574 2726 2630 2772 et
2663 2717 3102 2788 simplicitatem,
3131 2730 3187 2774 et
3212 2723 3721 2781 unionem..'l‘otum

2129 2809 2278 2866 enim
2305 2810 2365 2864 in
2410 2824 2471 2865 se
2507 2811 2624 2879 ipso
2670 2812 3128 2881 comprehensum
3182 2828 3306 2870 esse
3335 2816 3521 2883 habet,
3569 2822 3729 2888 quasi

2129 2904 2406 2974 quoddam
2434 2903 2665 2974 pelagus
2690 2905 2947 2961 essentia
2988 2904 3345 2975 imtneusum,
3371 2908 3526 2977 juxta
3563 2911 3728 2967 theo-

2132 2997 2310 3066 logum
2354 2995 2703 3067 Gregorium.
2751 2998 2811 3053 In
2853 2997 2987 3054 solis
3033 3010 3217 3055 autem
3265 3002 3731 3060 substantialibus

2133 3091 2491 3147 relativarutn
2520 3107 2704 3147 rerum
2748 3089 3054 3149 dill'erentia
3075 3102 3179 3149 est.
3211 3092 3414 3149 Verum
3441 3099 3730 3153 enimvero

2133 3184 2476 3239 arbitrantur
2516 3199 2737 3255 quoque
2780 3192 2836 3239 et
2861 3183 3081 3240 Patrem
3131 3195 3187 3241 et
3212 3186 3409 3243 Filiqu
3461 3189 3517 3242 in
3561 3206 3730 3251 unum

2134 3274 2493 3339 conglutinari
2521 3290 2826 3343 personam,
2857 3275 2906 3329 si
2946 3274 3104 3330 Patri
3143 3274 3320 3331 Filius
3352 3281 3725 3346 communicet,

2135 3370 2190 3424 in
2238 3370 2619 3439 productione,
2669 3371 2780 3425 sive
2819 3372 2876 3426 in
2915 3372 3206 3443 spiratione
3247 3374 3419 3427 sancti
3467 3372 3729 3443 Spiritus,

2132 3466 2270 3533 quod
2316 3478 2481 3532 neque
2516 3462 2785 3528 naturale,
2836 3479 3000 3534 neque
3074 3479 3352 3519 commune
3413 3463 3578 3518 tribus
3626 3474 3725 3528 est,

2133 3557 2399 3626 reliquum
2424 3573 2534 3611 esse
2568 3558 2747 3618 aiunt,
2780 3565 2840 3611 ut
2874 3557 3157 3625 personale
3190 3557 3256 3611 sil
3295 3572 3314 3611 :
3352 3567 3510 3626 atque
3533 3556 3729 3626 adjun-

2132 3658 2263 3718 gnnt
2292 3650 2545 3721 quoniam
2581 3650 2911 3704 naturalium
2946 3650 3246 3702 communio
3296 3660 3504 3703 natura:
3533 3648 3729 3702 identi-

2134 3751 2292 3794 tatem
2322 3741 2375 3794 in
2405 3740 2643 3808 personis
2677 3740 2879 3793 indicat
2895 3752 2916 3802 ,°
2947 3750 3000 3791 ut
3027 3738 3267 3806 personis
3289 3738 3457 3806 igitur
3487 3754 3728 3791 commu-

2134 3835 2246 3899 nio,
2275 3833 2570 3899 personalis
2606 3832 2908 3885 identitatis
2939 3829 3305 3900 signiﬁcation
3335 3832 3453 3895 erit,
3499 3839 3557 3883 ut
3601 3830 3725 3884 hinc

2135 3925 2431 3979 necessario
2500 3924 2773 3993 contingat
2844 3921 3063 3976 Patrem
3112 3938 3174 3975 ac
3229 3918 3455 3986 Filium,
3511 3932 3558 3976 et
3590 3922 3725 3977 duos

2132 4036 2245 4075 esse
2296 4018 2589 4073 secundum
2621 4017 2952 4085 personalem
3010 4032 3192 4071 eorum
3244 4017 3730 4085 oppositionem,et

2132 4132 2297 4169 unum
2321 4129 2508 4167 rursus
2547 4121 2762 4181 propter
2810 4110 3187 4176 identitatem,
3232 4120 3281 4164 et
3307 4111 3734 4167 communionem

2135 4209 2522 4279 productionis.
2551 4206 2714 4276 Atqui
2743 4205 2792 4261 si
2811 4205 3121 4278 producere
3146 4203 3511 4259 subsmntiale
3535 4202 3734 4275 [hypo-

2134 4302 2416 4375 staticum]
2441 4312 2608 4367 esset,
2638 4301 2906 4358 haberent
2968 4301 3070 4356 ista
3133 4304 3431 4368 rationem;
3476 4303 3735 4371 quoniam

2137 4414 2267 4454 vero
2311 4394 2671 4453 substantiale
2699 4396 2749 4450 id
2778 4411 2885 4451 non
2905 4410 3051 4459 esse,
3083 4409 3246 4463 supra
3292 4395 3540 4465 plurimis
3565 4398 3736 4449 ratio-

2138 4492 2299 4547 nibus
2321 4500 2606 4545 ostensum
2625 4496 2734 4555 est,
2758 4489 2938 4543 inanis
2957 4496 3042 4543 est
3066 4488 3229 4553 ratio,
3264 4488 3519 4558 quodque
3539 4488 3738 4543 docere

2136 4582 2727 4653 debuerat,suppouit.
2762 4579 2900 4636 Nam
2921 4620 2936 4647 ,
2968 4588 3025 4634 ut
3062 4594 3182 4649 quae
3211 4580 3357 4634 dicta
3389 4588 3518 4634 sunt
3542 4594 3737 4637 rursus

455 4669 582 4723 bent
604 4668 1057 4736 quemadmodum
1088 4665 1281 4729 Pater,
1313 4674 1370 4719 et
1407 4666 1706 4734 productor
1727 4702 1743 4728 ,
1777 4676 1889 4717 non
1921 4661 2025 4717 duo

2141 4678 2424 4748 perspicua
2446 4676 2598 4741 (iant,
2623 4674 2724 4728 tria
2763 4680 2975 4728 tantum
3009 4672 3174 4725 trium
3208 4685 3330 4726 esse
3356 4669 3740 4725 substantialis

453 4759 585 4814 facit
612 4758 907 4828 principia,
939 4774 1060 4813 cum
1087 4758 1142 4811 in
1169 4756 1287 4812 solo
1321 4756 1484 4813 Patre
1514 4756 1850 4826 intelligatur
1891 4770 1907 4809 :
1959 4752 2034 4808 ita

453 4867 631 4921 neque
650 4868 772 4907 cum
803 4853 856 4905 in
884 4851 1095 4906 duobus
1115 4870 1130 4918 ;
1149 4851 1292 4921 quod
1319 4851 1365 4906 si
1392 4850 1626 4920 genitor,
1658 4859 1713 4903 et
1739 4847 2035 4918 productor

453 4961 561 5001 non
591 4947 946 5011 convertitur,
976 4960 1084 4998 non
1125 4944 1327 4998 idcirco
1362 4944 1469 4997 duo
1500 4953 1648 4997 sunt.
1674 4939 1820 4997 Nam
1853 4948 1913 4993 et
1935 4937 2038 4991 l’a-

453 5047 538 5093 ter
568 5049 621 5093 et
667 5039 807 5093 Deus
857 5053 964 5092 non
1006 5036 1367 5103 convertitur,
1402 5049 1579 5103 neque
1622 5031 1786 5086 Pater
1810 5039 1867 5085 et
1913 5026 2038 5082 tuit-

454 5143 601 5199 tens,
647 5133 742 5187 sed
782 5141 961 5186 tamen
1009 5145 1188 5201 neque
1215 5128 1325 5185 duo
1369 5129 1650 5183 mittentes
1694 5134 1822 5181 sunt
1861 5137 2040 5193 neque

453 5224 562 5279 duo
598 5225 707 5289 dii,
742 5238 916 5293 neque
945 5224 1054 5278 duo
1086 5221 1443 5287 exsistentia;
1477 5236 1645 5274 unum
1676 5220 1821 5274 enim
1854 5215 2039 5271 Trini—

458 5325 541 5370 tas
570 5322 681 5370 tota
711 5326 820 5381 est,
854 5331 1027 5385 neque
1054 5316 1173 5371 duae
1207 5330 1454 5384 personae
1498 5336 1510 5370 :
1552 5314 1692 5369 Deus
1738 5312 1885 5367 enim
1910 5325 2040 5380 per-

458 5423 648 5463 sonam
680 5424 785 5463 non
818 5409 1093 5479 designat,
1121 5409 1281 5464 sicuti
1306 5424 1486 5477 neque
1522 5408 1837 5477 productor,
1865 5423 2041 5478 neque

457 5501 701 5557 mittens.
739 5501 939 5560 Verum
970 5505 1096 5572 quia
1123 5502 1266 5558 Deus
1294 5517 1494 5557 nomen
1536 5500 1714 5555 tribus
1747 5501 1937 5565 adest,
1976 5516 2042 5554 eo

458 5595 602 5663 quod
646 5611 749 5649 non
803 5605 1112 5666 apponatur
1156 5594 1610 5651 substantialibus
1663 5609 1854 5649 eorum
1915 5610 2042 5662 pro-

458 5688 799 5757 prietatibus,
829 5688 1121 5759 productor
1144 5698 1326 5745 autem
1354 5688 1588 5752 duobus,
1616 5687 1976 5743 universalius
2012 5702 2042 5741 a

458 5780 620 5835 nobis
644 5781 803 5846 Deus,
845 5797 1006 5851 quam
1029 5784 1327 5852 productor
1369 5780 1687 5851 intelligitur
1720 5798 1733 5834 :
1768 5796 1875 5835 non
1900 5781 2044 5851 quod

457 5873 514 5927 in
564 5872 674 5927 Deo
704 5875 773 5929 sit
821 5875 1206 5940 universalius,
1259 5876 1373 5929 sive
1420 5874 1810 5942 particularius
1839 5872 2043 5945 (neque

460 5967 605 6022 enim
640 5966 785 6026 Deus
830 5982 1001 6038 genus
1038 5980 1144 6039 est,
1174 5983 1349 6041 neque
1375 5968 1427 6025 in
1475 5983 1679 6041 genere
1706 5967 2042 6039 continetur,

2143 4764 2928 4841 [bypostatica]ostendimus:
2968 4761 3147 4817 Patris
3175 4761 3397 4831 quidem
3433 4763 3744 4832 generatio.

2142 4859 2424 4927 netn,Fi|ii
2445 4873 2571 4915 vero
2590 4856 2951 4921 nativitatem,
2970 4852 3343 4915 sanctiautem
3359 4855 3593 4924 Spiritus
3618 4864 3741 4926 pro-

2140 4953 2466 5015 cessionem,
2494 4965 2617 5020 quae
2644 4948 2810 5005 etiam
2844 4961 3109 5018 personas
3139 4949 3484 5015 denotantia,
3519 4952 3740 5020 proprie

2143 5043 2529 5099 substantialia
2561 5051 2690 5098 sunt
2723 5059 2737 5097 :
2772 5042 3078 5114 producere
3111 5052 3318 5108 autem,
3352 5044 3495 5098 sicut
3523 5052 3581 5097 et
3612 5044 3743 5097 mit-

2144 5148 2281 5202 tere,
2340 5125 2562 5208 propria
2635 5135 2958 5207 simpliciter
3026 5135 3094 5191 ad
3148 5133 3347 5191 Filium
3401 5136 3737 5192 contrariam

2145 5228 2401 5285 habentia
2432 5226 2782 5292 divisiOuem,
2834 5227 3295 5295 quemadmodum
3329 5235 3387 5282 et
3415 5242 3581 5283 causa
3614 5241 3741 5298 pro-

2144 5322 2262 5392 pria
2294 5318 2639 5389 simpliciter.
2688 5328 2745 5373 et
2775 5316 3148 5388 signiticativa
3201 5318 3325 5373 Filii
3354 5330 3410 5373 et
3444 5319 3688 5388 Spiritus
3721 5332 3738 5370 :

2146 5430 2267 5485 qua:
2319 5422 2504 5469 autem
2542 5412 2614 5467 ita
2651 5420 2779 5468 sunt
2812 5412 3056 5482 propria,
3113 5424 3174 5467 ut
3201 5426 3464 5479 personas
3495 5424 3737 5478 sequan-

2148 5517 2257 5572 tur,
2291 5519 2521 5575 quaeque
2552 5519 2658 5559 non
2708 5512 2837 5576 sunt
2882 5503 3286 5567 subslantialia,
3330 5517 3507 5571 neque
3545 5514 3736 5568 perso-

2150 5612 2274 5651 nam
2334 5583 2620 5660 denotant,
2674 5608 2853 5664 neque
2915 5594 3054 5647 duas
3106 5606 3373 5661 persenas
3418 5596 3581 5644 unam
3614 5604 3740 5645 esse

2149 5689 2375 5744 faciunt.
2404 5686 2594 5756 Neque
2625 5687 2772 5742 enim
2807 5685 2976 5741 Filius
3008 5696 3062 5740 et
3096 5683 3332 5755 Spiritus
3357 5694 3584 5738 sanctus
3606 5699 3735 5749 ,un.t

2150 5794 2384 5850 persona
2419 5762 2506 5834 est
2536 5786 2761 5849 prepter
2787 5777 3025 5833 causalis
3056 5776 3496 5830 communionem
3523 5793 3537 5838 ;
3564 5790 3743 5842 neque

2151 5873 2316 5927 Pater
2353 5882 2406 5927 et
2434 5870 2604 5926 Filius
2638 5886 2748 5924 una
2799 5885 3034 5940 persona
3072 5879 3223 5931 sunt,
3255 5876 3476 5937 propter
3504 5867 3742 5935 Spiritu:

2152 5966 2330 6027 sancti
2362 5965 2677 6023 missionem
2701 6004 2717 6033 ,
2768 5964 2898 6035 quia
2929 5960 3120 6019 missio
3156 5962 3446 6032 personalc
3491 5975 3604 6017 non
3638 5972 3743 6019 est.
