4106 6492
414 381 521 447 175

1612 338 1615 345 ’
1671 371 2076 433 animatis
2140 375 2449 435 CALECJE

3579 372 3679 436 1'76

413 494 679 550 Similiter
720 506 852 561 ergo
884 490 1215 562 producendi
1249 489 1458 543 ratione
1488 487 1669 550 Pater,
1715 497 1769 541 et
1793 485 1985 555 Filius,
2013 492 2062 549 Δ
2092 488 2214 545 liter
2246 493 2435 557 etiam,
2491 492 2558 547 ad
2590 503 2881 562 utrumque
2919 492 3208 549 reteretur.
3257 491 3443 562 Itaque
3472 506 3564 559 aut
3593 498 3671 549 si-

411 606 522 645 non
554 604 660 643 una
712 601 942 658 persona
970 596 1125 650 sunt;
1193 584 1492 653 producere
1535 583 1680 638 enim
1714 583 1974 639 substan-

406 684 538 739 tiale
569 695 673 735 non
706 688 810 736 est.

483 774 629 829 Nihil
660 774 842 841 itaque
895 768 1119 825 necesse
1171 776 1257 823 est
1294 781 1455 821 unam
1491 767 1777 834 personam
1826 779 1983 830 esse;

408 869 651 936 alioquin
685 865 848 918 etiam
883 860 1127 916 mittendi
1164 860 1376 913 ratione
1405 872 1509 911 una
1537 873 1767 924 persona
1797 867 1982 912 erunt.

403 962 713 1015 Commune
734 965 816 1009 est
838 955 1002 1025 igitur
1024 952 1170 1008 Patri
1198 959 1254 1005 et
1280 949 1419 1005 Filio
1446 948 1781 1019 producere;
1807 961 1982 1002 unus-

402 1065 516 1120 que
551 1045 862 1118 productor,
910 1052 1004 1096 aut
1034 1043 1247 1111 spirans
1283 1040 1349 1095 ad
1405 1041 1765 1110 productum,
1817 1050 1872 1093 et
1900 1038 1984 1092 iu-

406 1144 688 1214 spirntum,
737 1139 853 1193 sive
906 1134 1164 1204 Spirittttu
1192 1175 1209 1200 ,
1264 1132 1582 1190 relationem
1634 1132 1795 1187 habet
1841 1146 1987 1184 :na-

404 1233 593 1289 scendi
659 1230 872 1286 scilicet
910 1228 1275 1298 gignendique
1333 1224 1662 1280 discretione
1741 1234 1979 1287 servata,

397 1323 520 1378 .Nou
564 1321 709 1375 enim
762 1334 828 1373 ex
877 1316 1041 1371 Patre
1073 1330 1137 1370 ac
1180 1313 1320 1368 Filio
1350 1323 1453 1379 est,
1487 1313 1541 1367 in
1572 1323 1835 1382 quantum
1871 1311 1980 1366 duo

400 1396 637 1470 discreta
685 1420 834 1477 sunt,
892 1410 1189 1465 secundum
1241 1407 1529 1463 relationes
1568 1420 1716 1468 suas.
1781 1405 1875 1459 sed
1931 1402 1988 1456 in

400 1514 667 1575 quantum
702 1517 867 1555 unum
897 1511 1046 1554 sunt.

477 1596 647 1650 Porro
672 1595 715 1648 si
755 1594 880 1662 quis
928 1589 1227 1646 secundum
1257 1590 1401 1658 quod
1435 1604 1603 1644 unum
1633 1596 1781 1646 sunt.
1809 1600 1974 1640 unum

403 1689 535 1743 illttd
572 1686 796 1756 Spiritui
856 1684 1087 1737 reddens
1110 1721 1125 1747 ,
1178 1681 1270 1751 qui
1301 1681 1541 1748 ejusdem
1566 1678 1839 1744 essentia,
1870 1678 1987 1732 vult

398 1779 564 1836 etiam
596 1778 861 1848 Spiritum
887 1790 953 1828 ex
983 1786 1045 1828 se
1074 1772 1190 1840 ipso
1216 1788 1376 1837 esse;
1403 1771 1497 1828 sed
1526 1768 1983 1840 quemadmodum

2093 586 2295 640 militer
2338 588 2551 654 utrique
2589 586 2812 657 aequalis
2851 588 2977 653 erit,
3048 587 3292 656 nihilque
3324 587 3535 640 distans
3591 596 3675 640 at-

2091 686 2200 742 que
2235 674 2534 730 dissimilis.

2169 764 2274 819 Sed
2300 766 2445 819 enim
2496 767 2954 839 quemadmodum
2981 767 3143 823 Pater
3182 784 3289 822 non
3338 768 3514 837 magis
3545 781 3674 836 per-

2091 853 2268 910 fectus
2316 868 2400 911 est
2443 874 2603 927 quam
2672 858 2862 924 Filius,
2906 858 3052 927 quod
3103 858 3194 912 ille
3236 873 3398 912 causa
3437 868 3539 923 est,
3574 859 3685 925 iste,

2093 946 2332 1002 causalis
2377 947 2471 1012 sit,
2510 964 2685 1017 neque
2711 949 2835 1003 ideo
2881 949 2950 1003 ab
2983 948 3074 1002 illo
3115 950 3299 1013 distat,
3326 949 3431 1004 etsi
3477 963 3674 1003 secun-

2093 1039 2196 1094 dus
2242 1041 2311 1095 ab
2355 1055 2420 1095 co
2448 1055 2625 1096 causa:
2658 1041 2867 1096 ratione
2899 1042 3102 1096 dicitur
3131 1041 3414 1111 (divinitas
3444 1042 3590 1095 enim
3620 1042 3672 1094 in

2096 1140 2328 1200 utroque
2383 1130 2512 1199 una)
2549 1148 2562 1185 :
2602 1133 2674 1187 ita
2711 1139 2768 1187 et
2809 1130 3045 1202 Spiritus
3094 1143 3319 1186 sanctus
3363 1131 3466 1186 etsi
3513 1131 3675 1200 juxta

2093 1223 2312 1278 unicum
2343 1223 2464 1293 ejus
2487 1225 2899 1296 simplicemque
2948 1240 3265 1295 processum
3294 1240 3360 1280 ex
3395 1226 3553 1280 Patre
3577 1241 3676 1294 per

2090 1312 2291 1370 Filium
2328 1323 2432 1379 est,
2458 1326 2514 1368 et
2544 1316 2611 1369 ad
2642 1317 2859 1371 Patrem
2883 1326 2938 1371 et
2966 1315 3163 1371 Filium
3199 1315 3365 1372 veluti
3395 1316 3462 1370 ad
3501 1332 3672 1371 unum

2093 1410 2475 1476 productorem
2540 1411 3008 1479 inspirantcmque
3049 1408 3307 1476 refertur,
3357 1424 3589 1478 quorum
3619 1417 3676 1463 et

2090 1495 2332 1567 Spiritus
2364 1508 2469 1563 est,
2506 1509 2561 1554 et
2606 1494 2936 1567 spiraculum
2969 1500 3199 1567 dicitur;
3230 1515 3336 1554 non
3361 1510 3540 1555 tamen
3572 1501 3676 1553 mi-

2096 1605 2196 1645 nor
2229 1590 2385 1655 Filio,
2424 1606 2598 1662 neque
2631 1593 2791 1647 Patre
2833 1592 3010 1646 minor
3037 1592 3163 1654 erit,
3208 1592 3332 1648 licet
3363 1607 3460 1660 per
3475 1591 3672 1647 Filium

2094 1681 2251 1740 Patri
2285 1684 2668 1753 conjuugatnr,
2696 1684 2937 1751 alioquin
2970 1693 3026 1738 et
3048 1682 3220 1738 Filius
3244 1682 3351 1737 erit
3389 1681 3674 1736 dissimilis

2093 1774 2235 1829 Patri
2260 1790 2327 1831 eo
2353 1777 2495 1844 quod
2518 1776 2757 1831 causalis
2786 1776 2892 1841 sit;
2918 1784 2971 1830 et
3001 1775 3046 1829 si
3078 1790 3182 1829 non
3222 1774 3299 1828 ita
3325 1775 3467 1830 sicut
3494 1773 3672 1843 Spiri-

400 1872 706 1926 secundnm
759 1868 1054 1924 essentiam
1104 1865 1444 1920 Filius‘cum
1500 1863 1664 1917 Patre
1709 1876 1851 1915 unus
1893 1868 1981 1916 est
2016 1848 2057 1905 Β
2088 1878 2194 1931 tus,
2225 1868 2377 1936 juxta
2407 1879 2586 1923 tamen
2620 1869 2991 1939 proportionis
3015 1868 3305 1922 rationem.

396 1974 456 2017 ct
480 1964 640 2018 Pater
657 1961 872 2030 quidem
906 1957 1073 2028 gignit
1106 1956 1326 2017 Filium.
1361 1953 1530 2010 Filius
1564 1962 1742 2007 autem
1775 1968 1878 2005 non
1922 1967 1981 2005 se

405 2057 581 2123 ipsum
631 2051 823 2123 gignit,
869 2067 979 2105 non
1014 2061 1191 2103 tamen
1238 2048 1442 2102 ideirco
1477 2047 1702 2101 alterius
1727 2045 1987 2100 essentia

388 2163 566 2216 quam
600 2148 760 2201 Pater
788 2155 872 2199 est
904 2162 919 2199 :
953 2146 1025 2197 ita
1062 2152 1116 2197 et
1176 2141 1413 2209 Spiritus
1465 2146 1690 2195 sanctus
1735 2138 1979 2206 ejusdem

400 2239 649 2293 essentia!
672 2251 796 2292 enm
842 2237 1005 2289 Patre
1056 2243 1109 2287 et
1151 2233 1293 2287 Filio
1319 2234 1612 2296 exsistens,
1661 2246 1729 2285 ex
1773 2243 1831 2285 se
1864 2229 1980 2298 ipso

399 2342 581 2385 tamen
614 2344 719 2382 non
744 2339 846 2383 est.
883 2326 1206 2381 Communis
1236 2325 1381 2401 enim
1416 2308 1608 2377 natura
1640 2322 1694 2374 in
1726 2335 1973 2388 unaqua-

391 2438 504 2492 que
529 2436 880 2490 personarum
915 2427 1023 2483 est,
1047 2416 1342 2471 secundum
1378 2416 1769 2483 proprietatem
1795 2425 1976 2466 suam.

400 2518 455 2571 lit
491 2516 649 2571 Patre
691 2514 911 2583 quidem
953 2520 1012 2565 ut
1062 2524 1094 2563 a
1147 2509 1363 2562 nomine
1417 2508 1673 2569 habente,
1706 2504 1801 2558 alii
1851 2518 1981 2557 vero

390 2610 569 2675 ipsam
602 2606 874 2675 gignendo
903 2602 1104 2663 dante;
1139 2599 1191 2652 iu
1228 2596 1366 2650 Fiiio
1392 2603 1575 2650 autem
1605 2594 1886 2649 nascendo
1906 2610 1978 2648 es

395 2697 561 2751 Patre
614 2693 946 2762 accipiente;
995 2689 1051 2744 in
1091 2699 1286 2745 sancto
1330 2695 1511 2740 autem
1549 2683 1754 2755 Spiritu
1806 2684 1977 2753 ipsam

398 2787 738 2859 procedendo
768 2784 1037 2854 capiente,
1080 2782 1182 2835 hoc
1212 2788 1319 2841 est,
1341 2793 1407 2833 ex
1439 2778 1602 2832 Patre
1631 2791 1726 2845 per
1752 2774 1975 2831 Filium.

367 2863 375 2869 ’
468 2875 529 2931 Si
562 2875 685 2943 quis
713 2889 843 2943 ergo
876 2873 1023 2927 illum
1048 2872 1212 2925 etiam
1242 2868 1542 2938 producere
1568 2868 1703 2931 vult,
1735 2875 1829 2919 aut
1872 2864 1976 2918 Pa-

386 2977 483 3024 ter
531 2969 674 3033 erit;
713 2974 768 3020 et
808 2964 1084 3033 quomodo
1124 2978 1151 3014 a
1194 2960 1394 3014 Patre?
1422 2968 1518 3013 aut
1559 2958 1878 3026 productor,
1919 2966 1977 3011 et

396 3059 679 3129 quomodo
697 3053 967 3125 Spiritus?
1001 3054 1269 3107 Processu
1298 3051 1502 3121 quippe
1530 3050 1977 3113 sublato,seeun-

395 3154 522 3207 tium
554 3164 714 3221 quem
767 3147 1125 3204 substantiam
1163 3144 1351 3209 habet,
1387 3145 1524 3198 ordo
1564 3152 1619 3197 et
1656 3140 1848 3197 relatio
1883 3154 1972 3194 se-

393 3246 633 3301 cundum
682 3255 928 3306 causam,
967 3238 1292 3301 etcausaie,
1350 3238 1634 3307 ipsumque
1686 3248 1972 3302 personam

395 3351 538 3398 esse.
595 3351 698 3389 una
747 3333 987 3387 tolletur.
1040 3330 1156 3386 Non
1191 3331 1360 3400 igitur
1399 3331 1702 3400 producere
1754 3327 1978 3382 habebit

395 3428 550 3499 quasi
592 3426 897 3495 oppositum
938 3422 1286 3478 substantia"
1342 3422 1692 3490 proprietatis
1725 3435 1858 3476 sum.

469 3521 668 3573 Putant
693 3524 951 3585 prater-ea
976 3517 1101 3569 inde
1127 3515 1288 3568 tiliam
1318 3512 1710 3568 absurditatcm
1742 3511 1898 3581 sequi
1917 3520 1981 3564 ct.

395 3612 585 3665 dicunt
616 3628 628 3663 :
663 3606 723 3662 Si
769 3606 1004 3677 Spiritus
1047 3614 1261 3659 sanctus
1299 3606 1463 3659 etiam
1490 3620 1556 3659 ex
1598 3602 1742 3658 Filio
1776 3617 1964 3670 procc-

394 3698 681 3767 dit,mnjor
705 3699 913 3768 quidem
941 3694 1147 3765 Spiritu
1182 3694 1356 3749 Filius
1382 3697 1504 3761 erit,
1530 3695 1820 3748 secundum
1842 3709 1970 3747 caii-

393 3802 530 3851 sam,
562 3790 760 3857 eritque
799 3785 987 3840 tertius
1019 3802 1053 3839 α
1104 3784 1287 3839 Patre.
1323 3786 1398 3837 Ac
1440 3783 1620 3837 Filius
1653 3783 1866 3853 quidem
1894 3783 1969 3834 si-

392 3881 573 3933 milior
623 3877 801 3939 Patri,
845 3887 1024 3947 inpete
1069 3892 1136 3930 ea:
1181 3880 1293 3944 ipso
1332 3880 1443 3933 sine
1488 3876 1658 3929 medio
1689 3874 1966 3937 exsistet»,

393 3970 622 4039 Spiritus
654 3984 773 4021 raro
808 3968 957 4020 Patri
997 3969 1327 4029 dissimilior,
1369 3982 1531 4033 neque
1565 3967 1643 4018 ita
1668 3967 1801 4018 idem
1831 3968 1967 4018 sicut

387 4074 442 4116 et
476 4060 670 4116 Filius.
708 4058 824 4111 Erit
847 4059 1005 4113 etiam
1039 4058 1184 4112 Filia
1229 4075 1418 4123 minor,
1444 4061 1630 4128 quippe
1652 4062 1741 4128 qui
1770 4077 1864 4129 per
1901 4062 1969 4113 ii-

394 4156 502 4205 iim
556 4154 804 4219 majorem
838 4151 1163 4202 connectitur
1221 4149 1393 4205 Patri.
1433 4150 1501 4203 Et
1547 4150 1578 4201 l'
1597 4151 1719 4203 ilius
1759 4150 1964 4218 quidem

395 4244 649 4297 minorem
691 4241 1000 4295 distantiam
1051 4241 1256 4295 habebit
1303 4245 1371 4294 ad
1424 4239 1689 4302 Patrem;
1734 4239 1965 4307 Spiritus

394 4342 592 4397 autent,
621 4331 901 4411 iitajoreiit,
925 4333 1150 4387 maxime
1183 4348 1299 4385 rimi
1326 4333 1524 4387 nullius
1553 4347 1718 4387 causa
1764 4336 1861 4387 sit.

400 4456 405 4462 ι
465 4427 625 4493 Atqui
666 4426 769 4479 ista
801 4438 1015 4492 quoque
1066 4423 1380 4480 doctoribus
1424 4426 1742 4490 imputanda
1786 4428 1965 4492 potius

2161 1958 2225 2012 Et
2284 1959 2445 2012 sicuti
2514 1957 2673 2012 Pater
2719 1972 2900 2013 causae
2953 1959 3165 2013 ratione
3217 1955 3354 2011 Filio
3413 1954 3587 2023 major
3642 1970 3670 2007 η

2084 2052 2359 2121 plerisque
2397 2050 2650 2104 Patrihus
2678 2049 2962 2113 asseritur,
2998 2062 3179 2118 neque
3256 2047 3464 2102 idcirco
3487 2057 3670 2099 tamen

2082 2141 2244 2195 Patre
2289 2140 2467 2193 minor
2501 2151 2586 2194 est
2639 2139 2809 2194 Filius
2865 2156 2880 2194 :
2915 2125 2986 2193 ita
3015 2149 3069 2193 et
3111 2138 3299 2199 Filius,
3342 2137 3446 2191 etsi
3497 2134 3674 2203 major

2083 2230 2290 2300 Spiritu
2321 2230 2540 2296 dicitur,
2580 2246 2682 2282 non
2712 2238 2894 2283 tamen
2949 2238 3235 2299 propterea
3281 2227 3522 2298 Spiritus
3548 2227 3669 2293 ipso

2081 2321 2186 2376 erit
2219 2321 2414 2374 minor.
2454 2320 2721 2386 QuOcirea
2775 2336 3003 2389 magnus
3045 2335 3265 2389 quoque
3311 2317 3541 2373 Basilius
3578 2317 3670 2371 di-

2082 2411 2237 2464 cebat
2273 2427 2288 2464 :
2329 2410 2446 2464 Etsi
2472 2410 2609 2465 Filio
2639 2411 2870 2465 succedit
2900 2413 3088 2465 ordine
3147 2422 3195 2463 et
3240 2410 3521 2480 dignitate,
3563 2422 3671 2461 non

2078 2515 2257 2558 tamen
2286 2505 2474 2559 aliena!
2508 2514 2718 2560 natura?
2743 2514 2842 2559 est.
2877 2503 2984 2559 Ista
3020 2506 3165 2560 enim
3204 2515 3424 2575 propter
3457 2519 3666 2568 causa,

2081 2607 2133 2650 et
2159 2596 2395 2650 causalis
2418 2597 2483 2650 ad
2510 2596 2742 2652 invicem
2771 2598 3018 2671 ordinem
3053 2604 3108 2650 et
3135 2597 3452 2652 relationem
3475 2595 3670 2651 dicun-

2088 2698 2197 2741 tur.
2242 2688 2387 2742 Ordo
2416 2698 2597 2742 autem
2632 2701 2686 2742 et
2725 2692 2791 2743 ad
2834 2674 3035 2761 aliquid
3092 2689 3500 2759 quomodolihet
3563 2690 3665 2744 ha-

2080 2781 2225 2846 bere,
2261 2791 2579 2838 naturarum
2620 2798 2726 2836 non
2760 2782 2892 2838 facit
2925 2782 3306 2840 ditiorentiain.

2150 2871 2306 2935 Nam,
2343 2872 2492 2927 verbi
2542 2876 2738 2939 gratia,
2771 2888 2837 2930 eo
2864 2876 3008 2946 quod
3043 2877 3254 2943 amicus
3272 2877 3367 2940 sit,
3420 2877 3504 2933 vel
3533 2879 3666 2932 vici-

2079 2970 2203 3021 nus,
2237 2956 2318 3010 vel
2360 2956 2640 3026 magister,
2680 2958 2814 3011 nihil
2846 2959 2897 3011 in
2935 2974 2996 3014 se
3025 2962 3201 3031 ipsum
3238 2960 3399 3015 alicui
3428 2964 3663 3026 accedit,

2076 3054 2139 3099 nt
2169 3055 2391 3116 propter
2414 3047 2659 3102 habitum
2695 3049 2992 3119 perfectior
3022 3052 3077 3107 in
3107 3067 3168 3109 se
3190 3053 3313 3122 ipso
3356 3055 3663 3110 secundum

2077 3140 2368 3193 essentiam
2403 3142 2489 3194 sit.
2527 3139 2713 3210 Neque
2733 3143 2780 3197 si
2805 3144 3074 3213 quispiam
3104 3145 3274 3200 tilium
3308 3162 3372 3201 ac
3402 3157 3655 3217 nepotem

2087 3232 2307 3293 haheat,
2346 3232 2543 3287 tertius
2592 3234 2831 3289 maxime
2849 3238 2978 3302 erit,
3014 3239 3098 3294 vel
3131 3237 3473 3303 similior,vei
3503 3226 3659 3296 dissie

2050 3306 2257 3374 \milior
2281 3335 2381 3374 avo
2408 3324 2709 3377 secundum
2731 3329 3053 3390 essentiam,
3082 3343 3248 3399 quam
3284 3330 3430 3384 tilius
3461 3349 3475 3386 :
3512 3334 3660 3401 quod

1978 3450 1981 3455 »
2072 3412 2117 3463 si
2170 3411 2220 3464 in
2257 3415 2421 3466 rebus
2463 3411 2719 3467 humanis
2762 3415 2837 3469 ita
2884 3418 3167 3488 contingit,
3197 3420 3568 3492 multomagis
3602 3423 3657 3477 in

2072 3502 2271 3557 divinis
2313 3504 2584 3572 personis,
2612 3504 2700 3559 tibi
2724 3523 2831 3561 una
2859 3510 3126 3564 asseritur
3155 3523 3372 3577 natura,
3417 3530 3480 3569 ac
3518 3527 3660 3584 pra)-

2075 3603 2156 3645 ter
2197 3591 2365 3646 solani
2400 3609 2546 3661 ,qme
2585 3597 2885 3651 secundum
2915 3613 3137 3655 causam
3188 3611 3242 3657 et
3271 3604 3496 3660 causale
3544 3615 3655 3670 est,

2068 3685 2451 3753 diﬂ‘erentiam,
2483 3688 2625 3742 nulla
2648 3692 2754 3743 alia
2779 3693 3041 3747 discretio
3078 3706 3184 3749 est.

2138 3777 2219 3829 Ad
2249 3774 2363 3831 huic
2388 3815 2407 3839 ,
2453 3778 2601 3830 aliud
2638 3794 2856 3849 quoque
2894 3784 3367 3855 subjunguut,’et
3401 3789 3595 3843 dicunt
3635 3806 3653 3844 :

2070 3868 2140 3921 Si
2176 3868 2440 3936 perfectus
2485 3879 2565 3922 est
2605 3871 2841 3939 Spiritus
2871 3878 3046 3927 sancti
3086 3893 3116 3928 ιι
3160 3876 3319 3930 Patre
3348 3895 3657 3947 processus,

2067 3964 2372 4033 superﬂuus
2400 3964 2468 4016 sit
2501 3978 2710 4017 necesse
2740 3977 2822 4018 est
2863 3982 3148 4034 processus
3175 3986 3242 4023 ex
3265 3968 3424 4026 Ειιιο.
3464 3972 3527 4026 Et
3564 3974 3656 4028 hic

2070 4053 2257 4118 igitur,
2308 4055 2351 4107 si
2404 4057 2621 4123 quidem
2678 4058 2991 4123 diceretur,
3048 4060 3187 4115 duos
3235 4076 3357 4115 esse
3410 4062 3654 4131 Spiritus

2067 4148 2243 4199 sancti
2270 4161 2580 4213 processus,
2606 4148 2784 4201 locum
2812 4150 3038 4204 haberet
3063 4151 3316 4206 fortassis
3348 4155 3462 4208 lucc
3486 4159 3653 4212 ratio.

2067 4236 2336 4289 (lentarum
2369 4236 2415 4291 si
2458 4240 2595 4292 duos
2625 4252 2748 4291 esse
2780 4249 2836 4292 et
2868 4240 2943 4294 illi
2992 4252 3230 4311 negant,
3263 4246 3356 4312 qui
3382 4247 3543 4300 etiam
3583 4264 3653 4303 ex

2066 4325 2205 4380 Filio
2245 4329 2540 4395 procedere
2573 4331 2870 4397 atiirmant,
2897 4348 3170 4402 unumque
3204 4351 3438 4392 numero
3470 4339 3652 4393 faten-

2070 4428 2190 4482 tur,
2236 4419 2527 4473 ridiculum
2575 4433 2659 4476 est
2711 4423 3115 4479 conclusionem
3168 4427 3373 4483 inferre
3419 4428 3503 4484 his
3553 4432 3646 4500 qui

394 4525 539 4578 sunt,
596 4515 640 4566 si
668 4514 883 4582 quidem
930 4516 1159 4569 absurda
1226 4515 1529 4573 videantur.
1596 4510 1703 4579 ipsi
1762 4516 1963 4584 quippe
1992 4531 2040 4591 ο
2067 4512 2490 4579 propositionem
2524 4524 2749 4583 negant.
2782 4514 2968 4568 Sancti
2996 4516 3143 4570 enim
3176 4516 3412 4586 Spiritus
3442 4537 3509 4576 ex
3540 4521 3648 4576 Pa-

395 4616 540 4667 sunt.
570 4607 661 4673 qui
690 4602 948 4671 Sptiituni
979 4619 1009 4656 a
1039 4601 1200 4657 Patre
1234 4605 1452 4657 tertium
1484 4608 1705 4666 docent,
1750 4615 1962 4671 sumpta

393 4696 599 4757 scilicet
627 4698 695 4749 ab
731 4697 846 4763 ipso
898 4694 1129 4749 Domino
1151 4694 1548 4757 occasimie,.in
1579 4695 1837 4749 salutaris
1856 4704 1967 4747 tra-

388 4790 594 4842 ditione
614 4786 967 4854 baptismatis,
1002 4802 1065 4837 ac
1092 4799 1185 4853 per
1202 4783 1399 4838 Filium
1428 4786 1721 4851 procedere
1741 4786 1953 4848 dicunt,

334 4865 341 4872 ’
392 4895 591 4946 perque
628 4880 802 4948 ipsum
828 4877 972 4931 Patri
1005 4874 1279 4943 conjungi.
1331 4872 1593 4942 Majorcm
1625 4891 1838 4945 quoque
1871 4877 1964 4933 Fi-

390 4969 520 5022 lium
549 4967 753 5036 Spiritu
801 4974 989 5020 sancto
1036 4979 1265 5032 magnus
1312 4965 1386 5016 ait
1420 4969 1766 5019 Athanasius.
1805 4968 1962 5034 Quod

393 5061 437 5115 si
462 5061 561 5113 ista
624 5075 651 5111 a
685 5068 893 5111 sanctis
927 5057 1083 5121 dicta
1109 5068 1258 5118 sunt,
1302 5057 1526 5126 tautnino
1555 5058 1695 5110 nulla
1728 5075 1822 5113 eos
1868 5063 1960 5128 qui

392 5154 495 5206 ista
525 5153 730 5212 dicunt,
781 5149 1089 5203 absurditus
1118 5147 1403 5214 sequitur;
1430 5147 1810 5219 I‘ttctereaque
1840 5154 1961 5219 Sp.-

394 5258 533 5303 ιοιιυε
571 5258 793 5301 “meum
846 5244 889 5297 si
942 5259 967 5290 ιι
1008 5240 1167 5292 l’att'c
1221 5242 1438 5307 quidem
1471 5244 1577 5295 alto
1624 5254 1897 5310 processu,
1929 5264 1957 5297 εδ

388 5340 527 5393 Filio
568 5351 750 5393 autem
784 5335 893 5387 alio
929 5332 1263 5401 procederet,
1303 5346 1551 5402 essetqui-
1584 5350 1867 5402 processus
1892 5354 1955 5391 ex

386 5431 645 5482 anthohus
694 5424 914 5487 duplex,
964 5420 1212 5476 fortassis
1256 5420 1479 5474 haberet
1519 5424 1784 5476 rationc'ttt
1839 5423 1952 5475 cnl-

385 5535 515 5587 pare
563 5512 926 5569 titiiercutiam
974 5526 1345 5579 processuum,
1400 5513 1540 5580 quod
1593 5518 1769 5567 cti’unt'
1806 5515 1959 5568 (Μίτυ-

386 5618 569 5663 rcutcr
614 5619 643 5654 a
672 5600 831 5658 i’ntre
875 5616 927 5657 et
957 5602 1087 5656 Filio
1117 5605 1340 5659 distaret
1381 5603 1638 5673 Spiritus,
1686 5620 1750 5659 ac
1796 5621 1954 5673 prop-

388 5711 532 5754 terea
559 5696 756 5764 gradus
783 5696 831 5753 in
862 5698 1109 5767 personis
1128 5697 1392 5766 quosdam
1412 5698 1686 5766 cogitare,
1721 5699 1800 5752 sin
1831 5712 1956 5752 vero

384 5808 524 5848 unus
571 5791 817 5856 idemque
849 5792 951 5849 sibi
980 5790 1049 5844 ab
1078 5801 1307 5860 utroque
1343 5806 1627 5860 processits
1655 5801 1761 5858 est,
1792 5793 1945 5845 siuti-

2070 4612 2153 4655 tre
2180 4600 2429 4669 Filioque
2456 4618 2748 4670 precessus
2791 4622 2928 4659 unus
2958 4617 3126 4676 atque
3170 4609 3312 4663 idem
3345 4622 3450 4675 est,
3486 4622 3537 4666 et
3574 4618 3647 4668 ab

2068 4704 2299 4760 utroque
2331 4693 2572 4762 perfecte
2607 4697 2872 4761 procedit,
2897 4698 3049 4765 juxta
3081 4715 3176 4753 eos
3197 4703 3287 4769 qui
3315 4702 3464 4757 illum
3492 4705 3646 4759 dixe-

2065 4794 2195 4837 runt
2239 4798 2305 4838 es
2362 4785 2516 4839 i’atrc
2568 4802 2664 4854 per
2693 4787 2889 4841 Filium
2924 4794 3239 4855 procedere.
3279 4793 3341 4846 Et
3376 4811 3638 4863 quoniam

2067 4877 2410 4944 procedentis
2441 4886 2527 4931 est
2560 4880 2698 4932 ratio
2729 4895 2795 4933 ex
2831 4881 2989 4935 Patre
3025 4898 3147 4937 esse
3199 4888 3321 4951 per'
3344 4900 3584 4954 genitum
3622 4905 3640 4942 :

2066 4986 2236 5038 neque
2265 4969 2425 5024 Pater
2452 4972 2602 5025 solus
2635 4972 2897 5040 producet
2929 4974 3192 5044 Spiritum
3228 4991 3479 5033 sanetum
3516 4984 3639 5052 (ue-

2061 5079 2168 5130 que
2196 5065 2337 5114 rniin
2381 5066 2681 5131 procedens
2713 5079 2878 5129 esset,
2914 5069 2957 5119 si
3007 5080 3153 5122 esset
3185 5071 3306 5125 sine
3356 5076 3533 5128 medio
3569 5092 3636 5130 ex

2063 5154 2285 5220 primo),
2322 5169 2501 5221 neque
2526 5154 2694 5210 Fiiius
2729 5157 2900 5223 solus,
2932 5174 3034 5213 non
3064 5161 3206 5216 enim
3241 5164 3515 5221 diceretur
3543 5185 3640 5238 per

2067 5246 2261 5298 it'iliuni
2308 5262 2373 5300 ex
2424 5246 2584 5301 Patre
2614 5256 2933 5317 procedere,
2978 5256 3073 5306 sed
3111 5266 3193 5308 est
3241 5273 3304 5310 cx
3351 5258 3511 5314 i’atr'e
3543 5277 3641 5331 per

2063 5337 2259 5391 Filium
2300 5350 2355 5393 et
2402 5355 2468 5393 ex
2518 5339 2679 5407 Filio,
2711 5347 2865 5411 quasi
2896 5361 2961 5399 ex
2998 5361 3103 5399 una
3134 5363 3214 5411 re,
3250 5362 3308 5405 ttt
3336 5336 3479 5420 saepe
3519 5355 3633 5423 jam

2061 5432 2265 5483 dittum
2294 5441 2377 5485 est
2404 5448 2421 5487 :
2452 5431 2596 5498 ideo,
2624 5449 2849 5503 magnus
2880 5453 3092 5507 quoque
3122 5441 3451 5499 Athanasius
3477 5447 3632 5500 dixit:

2062 5519 2272 5573 Idcirco
2309 5537 2372 5575 σε
2410 5522 2571 5578 Patre
2601 5528 2877 5595 procedere
2916 5530 3135 5599 dicitur,
3155 5537 3401 5602 quoniam
3431 5555 3464 5590 a
3490 5537 3633 5594 Filio

2061 5624 2172 5676 est,‘
2202 5615 2359 5669 aliter
2390 5630 2533 5669 enim
2572 5624 2873 5685 procedens
2900 5637 3005 5676 non
3039 5638 3178 5679 esset
3206 5666 3222 5691 ,
3266 5633 3363 5684 sed
3413 5644 3501 5685 aut
3536 5648 3636 5687 ne-

2061 5721 2164 5773 quc
2206 5714 2434 5771 persona
2484 5719 2650 5771 esset,
2703 5713 2748 5765 si
2797 5714 2976 5769 dicere
3014 5716 3094 5772 fas
3135 5721 3230 5780 sit,
3281 5734 3374 5776 aut
3411 5722 3631 5779 Filius:

2061 5797 2307 5866 quamvis
2342 5799 2453 5854 haec
2483 5800 2789 5859 absurdims
2826 5817 2879 5861 et
2927 5823 3020 5863 eos
3048 5811 3402 5870 nihilominus
3431 5830 3632 5886 seque-
