4106 6468
457 481 572 545 m.

1561 484 1970 544 ADVERSUS
2011 485 2328 546 GIL'ECOS
2371 488 2517 549 LIB.
2557 487 2672 546 lli.

3576 535 3586 541 .
3637 486 3737 549 178

451 605 538 647 tur
573 609 586 645 :
616 605 741 646 nam
771 593 817 647 si
848 592 1084 662 perfecte
1115 611 1143 648 a
1177 595 1337 649 Patre
1369 594 1606 649 mittitur
1645 595 1885 663 Spiritus
1912 610 2038 648 san-
2073 607 2114 662 Α
2145 612 2365 665 quoque
2395 598 2695 666 producere
2723 606 2947 668 cogn-nt,
2977 599 3058 651 vel
3091 613 3150 652 se
3179 599 3375 666 ipsum,
3400 595 3481 650 vel
3509 598 3737 651 alterum

451 695 594 748 etus,
635 685 971 752 superﬂuum
1024 689 1151 752 erit,
1179 697 1234 742 et.
1267 703 1295 741 a
1333 685 1468 740 Filio
1515 687 1699 750 mitti;
1739 687 1826 742 sin
1860 694 2042 740 autem

453 773 789 843 imperfecte,
858 793 966 832 non
1007 794 1136 846 ergo
1195 778 1464 846 perfectus
1509 789 1593 832 est
1642 779 1824 832 Pater.
1887 777 1951 830 Et
1995 776 2043 830 si

451 869 692 936 perfecte
724 871 906 924 omnia
943 887 972 925 a
1023 869 1185 926 Patre
1218 885 1402 926 m‘eata
1453 882 1577 926 sunt
1601 913 1616 936 ,
1651 872 1783 939 quid
1817 885 2045 924 necesse

450 961 554 1016 fuit
583 952 762 1017 dicere
793 981 806 1017 :
836 963 1026 1019 Omnia
1059 983 1153 1035 per
1177 967 1345 1036 ipsum
1373 967 1517 1036 facta
1548 976 1668 1018 sunt
1692 969 1718 1021 ?
1743 967 1828 1018 sin
1860 977 2040 1018 autent

451 1056 768 1124 imperfecte
793 1096 808 1120 ,
843 1068 1034 1112 contra
1071 1060 1284 1114 Patrem
1323 1060 1643 1129 blaspbema
1679 1059 2040 1113 nihilominus

447 1160 540 1200 ora
567 1147 844 1203 laxabant.
876 1148 1006 1216 Sed,
1032 1151 1269 1207 absurda
1305 1168 1402 1207 eus
1437 1152 1755 1207 necessario
1791 1166 2038 1219 sequun-

451 1249 562 1303 tur,
602 1243 693 1308 qui
734 1242 872 1296 duos
901 1258 1192 1310 processus
1220 1255 1454 1309 ponunt.

522 1331 710 1396 Porro,
741 1333 835 1401 qui
873 1348 1036 1388 unam
1071 1343 1284 1390 tantum
1321 1353 1504 1392 rerum
1551 1340 1798 1393 omnium
1831 1339 2041 1409 produ-

450 1422 685 1476 ctionem
719 1423 1056 1478 confitentur
1084 1440 1150 1479 ex
1177 1426 1339 1482 Patre
1371 1442 1469 1497 per
1503 1426 1700 1483 Filium
1739 1429 1792 1482 in
1828 1429 2038 1498 Spiritu

445 1528 654 1576 sancto,
687 1531 959 1584 unamque
989 1518 1330 1584 missionem,
1356 1530 1412 1574 et
1443 1521 1814 1591 largitionem,
1847 1531 1900 1576 et
1934 1523 2035 1575 da-

450 1611 646 1662 tionem
695 1611 870 1664 sancti
920 1611 1161 1682 Spiritus
1228 1629 1296 1668 ex
1344 1613 1526 1682 Patre,
1575 1625 1631 1670 et
1692 1615 1831 1670 Filio
1909 1616 2038 1686 (una

445 1702 642 1770 quippe
676 1701 933 1768 datione,
969 1711 1024 1758 et
1057 1704 1347 1775 largitione
1391 1707 1533 1761 mitti
1567 1725 1596 1761 a
1637 1708 1904 1776 theologis
1945 1723 2037 1762 as-

445 1793 689 1861 seritur);
720 1811 888 1849 unum
921 1813 1139 1866 quoque
1173 1799 1531 1866 inspirantetn
1560 1805 1910 1870 conﬁtentur,
1935 1801 2040 1858 dif-

449 1883 679 1939 ferentia
710 1886 778 1940 ad
817 1887 1048 1942 invicem
1092 1900 1308 1944 servata
1343 1908 1358 1944 :
1393 1906 1488 1947 eos
1533 1891 1670 1946 nihil
1702 1893 1898 1947 durum
1943 1903 2039 1948 aut

423 2069 586 2128 ritus
617 2070 945 2136 dicendum;
984 2071 1127 2126 sicut
1173 2074 1324 2129 enim
1358 2113 1373 2138 ,
1410 2074 1552 2143 quod
1587 2075 1813 2141 dicitur,
1849 2076 2034 2128 omnia

450 2162 591 2216 facta
622 2177 745 2216 esse
776 2177 873 2232 per
895 2163 1114 2230 Filium,
1139 2166 1434 2222 voluntatis
1463 2168 1726 2221 unitatem
1759 2183 2040 2224 commen-

448 2255 540 2307 dat
569 2270 584 2306 :
615 2255 685 2307 ita
711 2265 762 2306 et
786 2271 882 2325 per
911 2256 1104 2310 Filium
1137 2259 1435 2328 procedere
1460 2258 1727 2329 Spiritum
1759 2271 2037 2328 sanctum,

452 2345 708 2400 unitatem
741 2348 1123 2404 substantialis
1181 2365 1472 2421 processus
1503 2352 1645 2422 ejus,
1666 2355 2044 2424 productionis

453 2442 882 2509 processionisve
916 2444 1282 2516 demonstrat,

446 2548 452 2552 ·
525 2535 713 2587 Putant
743 2545 1005 2601 praeterea
1050 2552 1278 2593 necesse
1305 2555 1448 2602 esse,
1481 2542 1834 2610 compositum
1868 2539 2043 2611 Spiri-

470 2634 567 2678 ttnr.
596 2637 838 2680 sanctum
877 2629 1262 2696 conﬁteri,.his
1287 2634 1379 2694 qui
1401 2633 1552 2688 illum
1586 2644 1638 2688 et
1663 2651 1730 2689 ea:
1751 2635 1891 2689 Filio
1921 2645 2045 2703 pro”—

464 2721 626 2774 cedere
653 2722 928 2790 fatenmr:
955 2721 1219 2793 istudque,
1251 2727 1375 2796 quia
1421 2729 1488 2781 ab
1527 2729 1768 2800 utrisque
1805 2729 2046 2792 accipere

456 2829 658 2868 necesse
703 2825 817 2881 est;
863 2817 1122 2871 siautem
1167 2821 1276 2874 duo
1321 2833 1469 2888 sunt,
1520 2838 1554 2876 a
1605 2824 1798 2893 quibus
1827 2823 2040 2892 accipit,

455 2909 670 2965 munitio
699 2927 762 2963 ex
793 2910 1000 2966 duobus
1031 2915 1352 2982 compositus
1388 2917 1513 2969 erit.

530 3001 635 3056 Sed
668 3002 768 3058 hoc
798 3020 1018 3074 quoque
1039 3006 1278 3076 primum
1310 3009 1526 3075 quidem
1559 3009 1768 3063 sanctis
1792 3007 2046 3064 Patribtts

455 3093 816 3161 obiiciendum
855 3095 976 3150 fuit.
1010 3095 1074 3150 Hi
1123 3099 1272 3153 enim
1322 3109 1486 3164 sunt,
1517 3101 1608 3168 qui
1647 3100 1700 3155 id
1729 3100 1872 3169 quod
1911 3100 2048 3155 dici-

459 3173 546 3237 tur
578 3200 591 3236 :
627 3184 702 3238 De
747 3204 858 3240 mea
889 3189 1148 3256 accipiet,
1178 3204 1275 3257 pro
1306 3205 1392 3252 eo,
1426 3192 1571 3259 quod
1616 3201 1736 3258 est,
1772 3208 1838 3246 ex
1877 3189 2044 3255 Filio,

457 3291 868 3344 exposuerunt:
909 3280 1112 3349 quique
1163 3297 1191 3335 a
1239 3281 1424 3349 Patre,
1473 3296 1524 3339 et
1577 3283 1716 3340 Filio
1769 3286 2044 3355 accipere,

460 3377 626 3438 atque
652 3374 841 3423 audire
872 3373 1148 3429 dixerunt.
1182 3383 1241 3430 ut
1267 3391 1434 3445 supra
1469 3376 1776 3430 docuimus.

532 3462 754 3526 Deinde,
780 3481 947 3533 neque
965 3467 1081 3534 ipse
1095 3468 1331 3536 Spiritus
1352 3478 1574 3524 smtctus
1596 3468 1740 3524 aliud
1759 3470 2054 3540 exsistens,

458 3555 602 3609 aliud
626 3572 653 3608 a
675 3557 855 3621 Patre,
881 3569 934 3613 et
956 3559 1091 3613 Filio
1110 3561 1327 3630 accipit;
1347 3563 1460 3617 sive
1478 3563 1622 3618 aliud
1648 3564 1870 3633 quidem
1900 3579 1930 3616 a
1960 3563 2060 3617 Pa-

459 3656 564 3706 tre.
596 3649 738 3703 aliud
763 3661 937 3704 autem
964 3669 991 3706 a
1017 3651 1171 3719 Filio;
1201 3654 1316 3709 sive
1355 3656 1522 3724 igitur
1541 3671 1636 3725 per
1666 3670 1725 3710 se
1764 3657 1887 3724 quis
1913 3671 2057 3712 com-

457 3739 775 3805 positionem
796 3743 1083 3806 vult,nihil-
1105 3745 1249 3800 aliud
1275 3762 1437 3816 quam
1468 3748 1760 3802 essentiam
1786 3759 1836 3802 et
1863 3758 2058 3802 esseet

457 3831 724 3898 quodest,
762 3835 992 3904 accipit;
1023 3852 1146 3894 esse
1183 3853 1336 3904 vero,
1364 3851 1418 3895 et
1446 3842 1695 3896 essentia
1727 3840 1903 3896 sancti
1933 3841 2057 3910 Spi-

461 3922 618 3988 ritus,
640 3935 692 3977 et
711 3928 851 3992 quod
875 3937 980 3994 est,
1003 3945 1169 3984 unum
1190 3933 1446 4000 quiddam
1469 3945 1521 3987 et
1545 3933 1770 4001 simplex
1796 3943 1918 3988 est:
1943 3935 2057 3988 sive

461 4028 680 4085 praptcr
711 4034 804 4071 eos
837 4023 924 4089 qui
953 4024 1104 4088 dant,
1142 4034 1237 4079 aut
1265 4026 1594 4095 producunt,
1629 4043 1800 4082 unum
1828 4036 1912 4082 est
1947 4026 2054 4080 Pa-

463 4117 545 4163 ter
578 4121 624 4164 et
656 4109 846 4166 Filius.
890 4111 1008 4168 Nan
1040 4115 1186 4168 enim
1222 4116 1274 4170 in
1326 4127 1590 4186 quantum
1623 4119 1729 4171 duo
1760 4124 1924 4181 sunt,
1958 4117 2054 4171 sed

464 4203 518 4258 in
566 4214 825 4273 quantum
891 4222 1056 4261 unum
1103 4222 1167 4262 ex
1237 4209 1402 4262 Patre
1441 4217 1496 4262 et
1539 4207 1674 4264 Filio
1705 4220 1790 4262 est
1818 4209 2054 4277 Spiritus

463 4309 719 4364 sanctus;
765 4301 860 4354 sed
893 4303 1352 4370 quemadmodum
1385 4303 1556 4358 Filius
1599 4312 1745 4359 totus
1799 4319 1865 4358 ex
1916 4313 2050 4367 toto,

463 4391 539 4444 ita
573 4399 626 4443 et
656 4389 889 4460 Spiritus
923 4402 1068 4447 totus
1097 4409 1160 4448 ex
1193 4402 1304 4451 toto
1350 4395 1637 4451 asseritur.
1681 4394 1870 4464 Neque
1904 4395 2050 4451 aliud

461 4483 679 4550 quidem
705 4494 872 4539 tutum
905 4485 1088 4549 Pater,
1120 4487 1264 4541 aliud
1295 4499 1476 4544 autem
1499 4497 1672 4542 totum
1719 4487 1907 4550 Filius,
1954 4490 2049 4543 sed

465 4593 630 4632 unum
669 4587 835 4632 tomm
866 4591 948 4632 est
977 4580 1131 4651 juxta
1172 4581 1294 4635 lidei
1329 4582 1674 4650 positionem,
1703 4581 1958 4649 gignendi
1989 4595 2051 4635 ac

2150 691 2437 758 Spiritum,
2470 701 2562 744 aut
2584 689 2803 758 Filium;
2838 693 2882 746 si
2913 702 3093 746 autem
3118 708 3184 748 ex
3217 694 3517 747 substantia
3545 691 3733 762 [hypo-

2149 781 2304 855 stasi]
2332 785 2592 851 quoniant
2627 785 2744 838 dua:
2775 786 3094 840 substantia:
3127 797 3272 851 sunt,
3293 785 3488 849 Patris,
3519 795 3570 839 et
3594 785 3733 849 Filii,

2147 879 2193 931 si
2219 875 2440 942 quidem
2469 891 2534 930 ex
2565 877 2744 931 Patris
2777 878 3077 933 substantia
3108 889 3210 939 est,
3240 887 3448 932 constat
3478 877 3734 947 quoniam

2147 984 2212 1022 ex
2245 967 2408 1021 Patre
2442 969 2557 1022 solo
2599 986 2614 1022 :
2643 971 2918 1038 quomodo
2964 971 3130 1039 igitur
3168 984 3230 1022 cx
3265 970 3445 1024 Filio?
3476 971 3519 1024 si
3556 979 3736 1021 autem

2145 1077 2208 1114 ex
2240 1060 2357 1114 Filii
2385 1047 3298 1126 substantia,aut-substantialintn
3330 1063 3581 1114 cottfusio
3605 1063 3732 1123 erit,

2148 1167 2242 1207 aut
2282 1154 2390 1209 duo
2417 1154 2706 1223 principia,
2751 1155 2893 1210 sicut
2923 1165 2976 1209 et
3014 1156 3333 1210 substantizn
3362 1150 3734 1225 [hypostases]

2145 1244 2266 1298 dum
2298 1262 2312 1300 :
2359 1246 2454 1301 sed
2489 1248 2634 1302 enim
2677 1249 2770 1317 qui
2820 1249 2919 1302 ista
2950 1247 3162 1307 dicunt.
3193 1245 3447 1300 arbitrari
3487 1247 3739 1300 videntur

2146 1336 2292 1390 aliud
2329 1337 2553 1408 quidem
2587 1338 2886 1393 secundum
2919 1353 2978 1392 se
3010 1354 3133 1393 esse
3169 1337 3557 1400 substantiam,
3595 1336 3739 1388 aliud

2147 1446 2276 1486 vero
2309 1433 2611 1486 essentiam
2652 1447 2667 1487 :
2704 1432 2916 1500 istaque
2945 1432 3250 1486 secundum
3283 1445 3396 1484 rem
3428 1445 3457 1483 a
3505 1446 3562 1483 se
3593 1429 3738 1482 invi-

2145 1537 2264 1577 cem
2293 1523 2532 1577 diti‘erre.
2555 1521 2672 1577 Hoc
2694 1531 2876 1575 autem
2906 1531 2962 1576 et
2994 1520 3185 1575 falsum
3213 1520 3372 1575 simul
3397 1531 3452 1575 et
3484 1521 3740 1588 blasphe-

2146 1632 2294 1670 mum
2328 1631 2450 1670 esse
2475 1630 2540 1670 ex
2569 1615 2947 1684 superioribus
2978 1616 3266 1671 ostensum
3294 1621 3401 1678 est,
3437 1613 3742 1682 adjectum-

2143 1723 2252 1776 que
2300 1707 2598 1763 secundum
2638 1721 2802 1774 quam
2841 1706 3108 1759 rationem
3138 1745 3154 1769 ,
3198 1703 3344 1758 aliud
3398 1705 3697 1758 essentiam
3724 1745 3739 1765 ,

2143 1803 2290 1856 aliud
2321 1801 2712 1863 substantiam,
2749 1808 2844 1852 aut
2882 1814 2987 1854 non
3021 1798 3166 1853 idem
3202 1799 3260 1852 in
3297 1797 3405 1852 Deo
3435 1811 3556 1852 esse
3591 1797 3746 1851 theo-

2146 1895 2250 1965 logi
2275 1894 2578 1957 aﬂirmant;
2605 1893 2701 1947 sed
2728 1891 3019 1946 dicendum
3044 1901 3147 1952 est,
3175 1899 3490 1944 sanctorum
3515 1890 3740 1958 vestigia

363 2011 386 2052 έν
448 1990 697 2043 asperum
724 1978 996 2044 sequitur.
1029 1978 1179 2033 idem
1215 1990 1270 2035 et
1296 1979 1350 2034 in
1386 1995 1645 2051 processu
1689 1981 1868 2038 sancti
1908 1981 2033 2051 Spi-
2069 1995 2111 2053 Β
2144 1987 2584 2056 theologiamque
2613 1985 2914 2053 sequendo,
2943 1998 3008 2039 es
3043 1982 3224 2037 Patris
3255 1992 3310 2036 et
3340 1981 3461 2036 Filii
3493 1983 3737 2037 essentia

2143 2094 2269 2135 esse
2302 2076 2569 2145 Spiritum
2602 2084 2878 2140 sanctum,
2916 2083 2975 2128 ut
3027 2091 3092 2129 ex
3121 2073 3493 2144 superioribus
3537 2075 3744 2127 consti-

2147 2171 2233 2225 tit;
2271 2169 2444 2223 Porro
2476 2167 2655 2222 Patris
2685 2166 2925 2222 essentia
2963 2165 3146 2220 Patris
3178 2179 3408 2233 persona
3437 2175 3542 2227 est,
3579 2165 3741 2218 sicuti

2144 2265 2266 2319 Filii
2299 2262 2572 2327 essentia,
2600 2260 2721 2315 Filii
2755 2261 2938 2315 itidem
2973 2274 3206 2327 persona
3258 2268 3364 2322 est,
3419 2273 3518 2327 per
3565 2257 3747 2312 Patris

2146 2371 2343 2410 nomen
2367 2370 2432 2410 ac
2457 2352 2584 2409 Filii
2608 2351 2936 2408 substantiis
2959 2348 3405 2422 [Itypostasibus]
3430 2349 3744 2413 insinuatis;

2144 2448 2309 2502 Pater
2337 2450 2485 2504 enim
2529 2457 2585 2502 et
2625 2446 2796 2500 Filius
2829 2445 3264 2500 substantiarum
3318 2453 3445 2498 sunt
3479 2443 3745 2505 nomina;

2146 2557 2244 2610 per
2267 2557 2468 2598 nomen
2497 2549 2677 2596 autem
2705 2539 2987 2604 essentne,
3010 2537 3249 2592 essentia
3285 2537 3398 2604 ipsa
3427 2545 3746 2605 apparentv.

2147 2632 2337 2701 Neque
2381 2631 2823 2686 enim-essentia
2875 2639 2962 2685 est
3010 2629 3128 2683 sine
3181 2627 3512 2688 substantia,
3565 2641 3742 2692 neque

2146 2725 2459 2784 substantia
2491 2724 2614 2781 sine
2637 2724 2916 2788 essentia;
2961 2735 3086 2776 nam
3119 2729 3174 2774 et
3203 2721 3512 2775 substantia
3547 2719 3752 2772 dicitur

2147 2834 2442 2876 commune
2467 2833 2588 2874 cum
2622 2818 2876 2885 proprio;
2912 2832 3016 2870 non
3057 2825 3266 2878 tamen,
3303 2815 3430 2881 quia
3462 2813 3625 2867 unius
3665 2826 3750 2866 εει

2149 2913 2405 2969 essentia:
2439 2925 2563 2966 cum
2606 2909 2770 2966 Patre
2805 2919 2860 2964 et
2891 2908 3032 2963 Filio
3060 2899 3301 2978 Spiritus
3343 2915 3591 2969 sanctus,
3630 2904 3752 2958 ideo

2151 3022 2377 3062 necesse
2402 3014 2487 3060 est
2515 3005 2716 3074 ipsum,
2749 3002 2830 3057 vel
2874 3016 2936 3057 se
2985 3002 3187 3070 ipsum,
3236 2998 3321 3051 vel
3377 2997 3576 3052 Filium
3606 3039 3620 3060 ,
3667 3002 3749 3049 vel

2149 3102 2318 3156 alium
2349 3098 2617 3170 Spiritum
2651 3099 2976 3166 producere.
3002 3094 3220 3148 Dictum
3253 3091 3453 3161 quippe
3481 3101 3587 3152 est,
3617 3107 3753 3159 qun-

2153 3193 2297 3245 niam
2323 3199 2517 3244 natura
2541 3197 2805 3260 operatur
2827 3188 2978 3258 juxta
3005 3185 3396 3256 prOprictatem
3427 3199 3672 3254 persona:
3696 3186 3747 3236 in

2153 3300 2259 3355 qua
2284 3293 2389 3339 est.

2231 3378 2420 3446 itaque
2452 3375 2667 3430 Patrem
2709 3374 2933 3444 quidem
2970 3389 3032 3428 ac
3078 3373 3272 3429 Filium
3301 3413 3316 3438 ,
3365 3373 3478 3428 sive
3513 3373 3748 3427 Mentetn

2163 3486 2226 3526 ac
2261 3469 2542 3532 Verbum,
2576 3483 2698 3537 qua:
2739 3467 2968 3522 relative
2998 3467 3256 3521 dit-untur
3290 3468 3588 3522 scentulum
3621 3481 3753 3536 pro.

2162 3563 2453 3631 prietatem
2486 3576 2666 3627 suam,
2695 3575 2751 3615 et
2786 3559 3051 3629 Spiritum
3069 3561 3284 3615 habere
3310 3559 3580 3626 sequium
3619 3573 3752 3627 pro-

2163 3656 2338 3723 prium
2365 3654 2513 3710 enim
2561 3654 2706 3723 quod
2741 3653 2975 3710 Mentem
3007 3653 3285 3722 sequitur,
3315 3661 3400 3705 est
3433 3667 3496 3706 ex
3537 3666 3599 3704 se
3631 3654 3749 3720 ipsa

2162 3747 2409 3818 proferre
2427 3746 2664 3803 Verbum
2687 3748 2807 3802 sine
2829 3746 3029 3810 medio,
3054 3743 3352 3800 secundum
3381 3743 3750 3812 intelligentia:

2161 3855 2503 3909 processura.
2525 3839 2698 3894 Aliter
2719 3839 2864 3893 enim
2887 3851 3044 3892 mens
3072 3839 3194 3891 sine
3215 3833 3392 3889 Verbo
3431 3844 3600 3897 esset,
3621 3833 3749 3888 Ver-

2161 3931 2401 4000 bumque
2430 3930 2548 3985 sine
2577 3937 2757 3984 mente
2789 3943 2952 3998 porro
2986 3925 3306 3997 intelligibili
3339 3942 3404 3980 ac
3439 3926 3696 3980 rationali
3729 3967 3743 3989 ,

2160 4024 2468 4094 cujusmodi
2516 4024 2752 4093 primum
2793 4037 2858 4077 ac
2891 4037 3165 4078 sunnnum
3206 4023 3352 4077 Deus
3401 4031 3484 4076 est
3512 4062 3525 4084 ,
3579 4022 3749 4075 etiam

2162 4117 2424 4185 Spiritum
2461 4116 2663 4172 habere
2713 4117 2984 4184 sequitur,
3023 4132 3186 4185 quem
3239 4117 3572 4169 volttntatmn
3599 4153 3613 4175 ,
3652 4130 3750 4165 seu

2159 4210 2506 4275 citaritatem,
2535 4221 2628 4262 seu
2658 4203 3070 4276 quomodolibet
3102 4221 3222 4260 eam
3255 4206 3379 4273 quis
3412 4218 3610 4256 vocare
3655 4217 3748 4252 ve-

2161 4304 2242 4365 lit,
2273 4318 2302 4355 a
2336 4299 2604 4370 theologis
2631 4299 2860 4364 dictum,
2891 4313 3053 4367 supra
3089 4305 3450 4353 monstratum
3467 4303 3552 4348 est
3579 4309 3593 4345 :
3617 4307 3750 4362 quo~

2160 4393 2303 4449 niam
2338 4392 2576 4462 Spiritus
2609 4400 2839 4446 sanctus
2870 4404 2938 4444 ex
2967 4388 3148 4443 Mente
3188 4404 3284 4456 per
3330 4385 3567 4442 Verbum
3588 4425 3603 4446 .
3661 4400 3750 4438 se-

2158 4487 2396 4541 cundum
2444 4483 2731 4539 charitatis
2771 4497 3087 4553 processerit
3136 4483 3353 4552 prodit,
3403 4493 3563 4550 quem
3600 4478 3746 4532 enim

2159 4578 2312 4634 Mens
2342 4592 2440 4647 per
2462 4575 2703 4631 Verbum
2736 4573 3018 4644 intelligit,
3053 4573 3198 4628 hunc
3235 4584 3288 4627 et
3316 4571 3512 4640 diligit,
3533 4581 3582 4623 et
3612 4571 3746 4632 vult;

468 4671 721 4725 nascendi
747 4670 1077 4728 discretione
1105 4682 1342 4728 servata.
1366 4673 1522 4728 Nullo
1543 4688 1672 4744 ergo
1705 4675 1863 4728 modo
1896 4692 2043 4728 cotn-
2087 4696 2128 4750 ῃ
2163 4683 2325 4733 atque
2356 4668 2516 4723 aliter
2542 4675 2602 4721 ut
2631 4667 2724 4732 sit,
2756 4666 3018 4736 possibile
3051 4682 3158 4719 non
3198 4673 3302 4718 est.
3339 4664 3415 4716 ita
3451 4663 3616 4729 igitur
3649 4679 3749 4715 vu-

469 4764 790 4833 [){Sitimtelli
824 4768 1066 4836 cogitare
1115 4766 1278 4830 licet,
1312 4783 1621 4837 quanquam
1669 4768 1886 4821 etiamsi
1929 4768 2052 4838 plus

470 4873 630 4924 quam
680 4871 789 4913 tres
841 4876 1084 4929 persona:
1140 4873 1285 4916 esset
1331 4862 1474 4916 Dens
1503 4903 1518 4925 ,
1571 4861 1718 4914 nulla
1758 4865 2056 4916 necessitas

471 4953 892 5022 compositionis.
914 4962 1082 5018 esset,
1108 4965 1161 5009 et
1183 4955 1324 5024 quod
1351 4964 1652 5010 extremum
1687 4955 2055 5022 prurcssionis

472 5048 664 5102 ordine
696 5065 721 5100 a
756 5048 981 5118 singulis
1006 5047 1297 5114 acciperet.
1331 5046 1453 5101 Non
1475 5048 1889 5101 enimdantinm
1924 5047 2058 5101 mul-

480 5139 732 5203 titudine,
764 5139 859 5192 sed
906 5155 969 5192 ex
1013 5153 1203 5192 eorum
1239 5140 1347 5208 qui‘
1367 5139 1521 5202 dant,
1563 5153 1888 5206 eorumque,
1934 5156 2055 5204 qua:

477 5233 678 5297 insunt,
706 5231 1016 5286 .diii‘erentia
1047 5269 1061 5292 ,
1089 5232 1410 5298 compositio
1444 5230 1756 5299 judicatur;
1787 5231 1831 5284 si
1871 5241 2050 5284 autem

467 5340 594 5394 qum
616 5326 832 5388 dantur,
856 5324 1162 5378 diil'etentia
1199 5333 1349 5385 sunt,
1382 5334 1436 5380 et
1456 5337 1577 5388 qua:
1608 5324 1813 5388 insunt,
1837 5324 2056 5378 diil'erre

477 5432 700 5471 necesse
734 5427 818 5471 est
852 5431 866 5468 :
898 5430 1064 5484 atque
1097 5416 1168 5469 ita
1201 5414 1561 5483 compositum
1605 5415 1742 5480 erit,
1797 5418 1939 5484 quod
1988 5433 2053 5470 ex

480 5513 783 5579 huiusmodi
815 5509 1112 5572 ronstabit,
1151 5507 1385 5576 quod-in
1420 5519 1612 5562 sencto
1657 5507 1863 5577 Spiritu
1929 5527 2058 5566 nus-

478 5620 638 5672 quam
681 5605 832 5654 habet
878 5605 1076 5656 lucmn.

551 5694 619 5748 Et
653 5696 702 5747 id
744 5710 978 5760 quoque,
1025 5694 1179 5758 quasi
1231 5693 1540 5748 inevitabile
1571 5693 1882 5762 percontari
1936 5710 2058 5761 per-

482 5797 612 5854 gunt
641 5800 657 5838 ε
695 5784 875 5838 Ullum
912 5801 978 5837 ca;
1006 5786 1229 5839 essetaut
1269 5803 1336 5838 an
1363 5801 1428 5840 ex
1458 5787 1752 5841 substantia
1781 5805 1854 5840 est
1880 5785 2056 5856 Spiri-

485 5889 565 5930 tus
604 5877 854 5928 sanctus?
885 5876 937 5927 Si
971 5875 1113 5929 enim
1145 5892 1205 5928 rx
1244 5879 1503 5944 essentia,
1541 5879 1666 5943 quia
1693 5879 1934 5949 ejusdem
1968 5898 2057 5934 rs-

485 5970 673 6025 st'utia:
696 5978 905 6021 cstcnm
931 5967 1084 6020 l’att'c
1122 5980 1169 6021 ct
1203 5968 1335 6024 Filio
1358 5969 1594 6035 Spiritus
1614 5981 1852 6034 S'tIIClUS,
1877 5969 2053 6031 ipsum

2165 4764 2366 4825 luntas,
2407 4762 2522 4816 sive
2547 4775 2722 4822 amor,
2745 4770 2800 4813 et
2827 4759 3046 4813 dilectio
3079 4773 3144 4811 ex
3180 4755 3360 4811 Mente
3391 4771 3486 4825 per
3511 4755 3747 4810 Verbum

2158 4855 2371 4924 prodit;
2400 4853 2748 4924 prtecogitatn
2811 4849 3030 4919 quidem
3065 4865 3322 4916 processu
3351 4865 3418 4903 ex
3453 4848 3633 4902 Mente
3652 4864 3748 4917 per

2159 4943 2420 5007 Verbum,
2455 4942 2918 5013 quemadmodum
2957 4956 3179 4995 causam
3206 4951 3332 4996 ante
3363 4942 3579 4997 causale
3611 4959 3750 5010 prat.

2159 5039 2384 5109 cogitari
2437 5039 2710 5100 dicimus,
2766 5036 2868 5090 etsi
2924 5035 3087 5089 simul
3141 5038 3404 5089 asseritnr
3439 5052 3455 5090 :
3486 5036 3747 5103 quoaiant

2160 5133 2304 5182 aliud
2339 5130 2555 5197 quidem
2593 5129 2945 5184 continenter
2972 5142 3037 5180 ex
3072 5127 3268 5193 pritno,
3302 5127 3449 5181 aliud
3494 5143 3624 5182 vero
3653 5143 3749 5196 per

2162 5221 2211 5274 id
2248 5222 2389 5289 ttltM
2416 5229 2500 5274 est
2539 5219 2887 5274 continenter
2909 5232 2974 5271 ex
3007 5218 3209 5288 primo.

2231 5315 2552 5383 Quanquam
2580 5353 2596 5375 ,
2645 5313 2747 5367 etsi
2784 5312 3017 5380 primam
3064 5327 3286 5366 causam
3331 5314 3549 5368 Patrem
3591 5328 3749 5367 voca-

2162 5425 2304 5474 mus,
2333 5419 2389 5462 et
2414 5416 2809 5475 consequenter
2843 5403 3104 5465 Verbum.
3144 5404 3364 5468 Filium,
3398 5404 3594 5458 Filium
3622 5405 3747 5473 qui-

2160 5505 2280 5558 dem
2329 5503 2446 5557 sinc
2493 5500 2668 5555 medio
2703 5516 2765 5552 ex
2799 5497 2960 5553 Patre
3003 5500 3152 5552 nasci
3187 5499 3442 5562 dicimus,
3479 5496 3744 5565 Spiritum

2164 5613 2290 5651 vero
2315 5606 2567 5652 sanctum
2592 5609 2654 5646 ea
2679 5593 2837 5646 Patre
2872 5606 2967 5659 per
2991 5589 3184 5644 Filium
3211 5587 3528 5657 procedere.
3563 5586 3745 5655 itaque

2163 5690 2313 5745 Patri
2345 5699 2400 5742 ct
2424 5687 2581 5749 Filio,
2624 5684 3035 5755 quomodulibet
3069 5684 3191 5750 quis
3226 5680 3437 5732 divinas
3484 5694 3745 5748 personas

2165 5798 2364 5837 vocare
2407 5780 2557 5842 velit,
2609 5780 2905 5831 secundum
2955 5787 3309 5843 personarum
3358 5771 3742 5826 substantiales

2164 5872 2547 5944 proprietates,
2581 5869 2745 5922 etiam
2775 5867 3032 5933 Spiritum
3068 5862 3289 5923 habere.
3323 5861 3589 5928 sequitur.
3620 5863 3741 5916 ldco

2161 5981 2206 6021 (ιι
2243 5966 2475 6034 Spiritus
2513 5961 2687 6016 Patris
2723 5974 2785 6012 ac
2824 5957 2943 6010 Filii
2980 5953 3220 6024 Spiritus
3255 5955 3468 6016 dicitur,
3519 5966 3572 6007 et
3613 5955 3739 6024 Spi-
