4106 6454
441 447 544 511 179

1709 440 2108 513 MANUELIS
2143 447 2451 509 CALEC/E

3603 442 3700 512 180

437 559 681 612 raculum
729 557 908 616 Patris
945 571 1000 616 et
1050 556 1196 626 Filii,
1239 563 1364 629 quia
1411 572 1465 615 et
1514 563 1676 632 hujus
1728 575 2020 632 processus
2052 568 2093 622 Α
2128 559 2178 612 iu
2209 560 2566 622 Filioautem,
2594 556 2867 624 ﬁliariter,
2891 560 2996 614 hoc
3015 561 3425 626 estcausalitcr,
3445 563 3696 618 nascendi

437 652 714 716 spiracqu
737 654 1091 719 assitnilatur,
1118 655 1416 710 secundum
1441 655 1825 714 Athanasium,
1855 662 2022 721 atque

437 746 504 799 ad
531 743 750 799 Patrem
800 755 853 798 ct
874 744 1068 800 Filium
1096 746 1320 802 relative
1346 748 1567 811 dicitur,
1598 757 1655 802 ut
1683 747 2030 803 demonstras

440 850 552 891 tum
586 849 704 902 est;
734 838 896 892 veluti
931 841 1231 909 procedens
1259 849 1314 894 et
1347 839 1674 908 inspiratum
1713 839 1778 893 ad
1814 838 2022 908 produ-

438 938 650 983 centem
685 938 847 998 atque
882 930 1241 998 insitirantem
1288 948 1303 985 :
1351 931 1665 999 indicatque
1699 928 1921 997 etquod
1957 944 2021 981 ex

440 1019 600 1074 Patre
671 1022 915 1090 genitum
957 1032 1074 1086 est,
1142 1031 1202 1076 ut
1254 1023 1416 1077 etiam
1472 1025 1538 1076 ad
1607 1021 1822 1076 Patrem
1861 1029 2023 1088 atque

443 1110 638 1164 Filium
675 1112 894 1173 relatio.
924 1116 1078 1181 quasi
1101 1114 1163 1166 in
1201 1130 1366 1168 unum
1397 1115 1816 1184 producontem,
1849 1114 2022 1174 inspi-

439 1215 758 1272 rantenique
789 1205 1087 1258 reducatur
1112 1245 1129 1271 ,
1160 1221 1322 1276 quam
1359 1207 1428 1260 ob
1457 1219 1678 1259 causam
1705 1191 1738 1266 ,⁸
1755 1205 1920 1258 etiam
1955 1203 2021 1258 ad

437 1295 666 1350 invicem
700 1295 864 1350 simul
910 1297 1240 1364 cogitantur,
1273 1297 1574 1353 secundum
1605 1297 1890 1351 relationis
1917 1296 2022 1352 ha-

435 1389 605 1442 bitttm
643 1405 656 1443 :
692 1404 817 1443 nam
867 1389 960 1457 qui
1009 1389 1272 1458 Spiritum
1309 1391 1478 1452 dicit,
1519 1405 1641 1445 eum
1669 1390 1831 1445 simul
1865 1389 2022 1456 cuius

434 1489 520 1536 est
550 1481 794 1547 Spiritus
827 1483 1159 1552 cogitatione
1187 1483 1626 1551 comprehendit.
1659 1483 1734 1536 ita
1769 1498 1898 1553 ergo
1928 1497 2020 1536 ne-

433 1573 680 1628 cessario
729 1588 1073 1645 consequens
1117 1584 1226 1639 est,
1285 1581 1583 1628 secundum
1634 1572 2023 1627 substantiales

435 1681 623 1722 eorum
653 1669 1037 1737 proprietates,
1070 1667 1288 1721 Patrem
1330 1683 1392 1722 ac
1422 1666 1619 1721 Filium
1666 1667 1868 1722 habere
1890 1705 1905 1729 ,
1959 1680 2022 1720 ac

437 1759 675 1828 mittere,
701 1769 757 1816 et
785 1776 1044 1816 emanare
1078 1762 1345 1832 Spiritum
1370 1771 1638 1824 sanctum,
1664 1767 2024 1818 attestanttlr-

433 1865 542 1918 que
575 1851 661 1906 his
683 1852 940 1908 Ecclesiae
965 1854 1229 1923 magistri.
1259 1853 1556 1922 Gregorius
1585 1854 1805 1922 quidem
1839 1851 2020 1906 Theo-

2125 653 2454 720 proprietate
2481 652 2712 722 adjecta,
2743 650 2898 722 juxta
2943 652 3250 710 nativitatis
3285 654 3613 717 terminum;
3643 655 3694 708 ln

2125 753 2311 796 sancto
2346 751 2523 796 autem
2549 740 2756 810 Spiritu
2786 743 3119 812 proccssive,
3145 742 3249 797 hoc
3274 751 3357 799 est
3379 744 3689 805 causaliter,

2125 846 2336 889 servata
2376 836 2476 889 sibi
2515 836 2849 906 proprietate
2883 851 3199 906 processus.

2195 929 2670 992 Quemadmodum
2722 928 2886 998 igitur
2922 929 3082 983 Pater
3126 945 3231 984 non
3268 939 3413 986 esset
3442 930 3623 991 Pater,
3651 931 3693 984 si

2124 1019 2288 1070 etiam
2315 1017 2451 1072 Filio
2485 1017 2656 1072 Filius
2687 1029 2853 1080 esset.
2880 1019 2951 1072 ita
2978 1020 3124 1073 enim
3155 1030 3302 1075 esset
3326 1030 3378 1075 et
3407 1021 3576 1075 Filius
3604 1019 3700 1072 Pa-

2127 1121 2228 1175 ter,
2273 1125 2744 1180 personarumque
2774 1109 3028 1166 confusio
3056 1120 3412 1179 sequeretur;
3450 1122 3500 1167 et
3533 1123 3698 1172 certe,

2126 1217 2249 1258 cum
2285 1218 2389 1277 una
2423 1202 2495 1256 sit
2523 1203 2714 1267 Patri,
2769 1219 2834 1259 ac
2858 1202 2997 1258 Filio
3029 1207 3272 1259 essentia
3313 1222 3327 1260 :
3363 1216 3417 1259 et
3451 1205 3701 1274 quemad-

2127 1296 2342 1350 modum
2375 1295 2544 1351 Filius
2583 1312 2689 1350 non
2719 1306 2866 1352 esset
2899 1297 3068 1353 Filius
3107 1299 3212 1354 nisi
3259 1308 3402 1353 esset
3437 1313 3498 1352 ex
3547 1296 3699 1350 Patre

2115 1389 2244 1445 sine
2287 1391 2486 1455 medio,
2516 1391 2571 1444 id
2600 1402 2705 1456 est,
2747 1393 3051 1461 nascendo;
3087 1393 3160 1447 ita
3197 1401 3252 1448 et
3297 1392 3531 1462 Spiritus
3575 1405 3698 1444 san-

2125 1493 2246 1536 ctus
2295 1496 2400 1535 non
2445 1493 2590 1536 esset
2639 1482 2874 1550 Spiritus
2929 1484 3035 1537 nisi
3101 1495 3249 1539 esset
3293 1499 3358 1538 ex
3416 1483 3576 1536 Patre
3611 1495 3701 1548 per

2129 1571 2388 1629 Verbum.
2419 1573 2554 1628 Nam
2588 1577 2632 1628 si
2659 1591 2722 1630 ex
2763 1577 2926 1629 Patre
2959 1585 3102 1630 esset
3137 1577 3255 1629 sine
3292 1575 3456 1630 Verbi
3502 1575 3694 1638 medio,

2126 1668 2399 1721 nascendo
2437 1677 2582 1721 esset
2609 1709 2625 1734 ,
2663 1677 2715 1722 et
2746 1678 3165 1737 consequenter,
3222 1669 3414 1723 Filius.
3451 1666 3515 1720 Et
3565 1667 3702 1721 sit-ut

2124 1759 2295 1816 Filius
2331 1778 2394 1814 ex
2425 1760 2813 1815 communione
2850 1772 3056 1815 natura
3105 1765 3171 1814 ad
3225 1759 3443 1814 Patrem
3467 1798 3482 1823 ,
3535 1772 3703 1826 neque

2125 1852 2342 1909 Patrem
2377 1871 2478 1908 nec
2512 1857 2746 1924 seipsum
2781 1855 2976 1925 gignit,
3008 1854 3060 1909 id
3104 1855 3304 1925 quippe
3340 1864 3487 1908 esset
3517 1859 3704 1921 praeter

433 1943 594 2012 logus
631 1945 822 2000 dicens
855 1960 872 1998 :
909 1945 1027 2000 Non
1068 1949 1207 2002 enim
1239 1947 1455 2001 decebat
1492 1945 1572 2001 uel
1602 1945 1813 2000 Filium
1855 1944 2018 2000 Patri
2056 1923 2098 1982 Β
2127 1946 2250 2002 Filii
2279 1923 2605 2014 terminum,
2631 1963 2728 2018 per
2760 1923 2921 2018 quem
2957 1923 3189 2015 persona
3225 1923 3306 2002 est
3329 1990 3344 2012 ,
3379 1948 3450 2001 ita
3481 1954 3537 2000 et
3579 1944 3699 2012 Spi-
3743 1977 3760 1990 -

436 2035 518 2090 vel
554 2036 816 2104 Spiritum
850 2034 995 2092 Filio
1025 2054 1256 2108 unquam
1284 2039 1488 2092 deesse.

507 2129 744 2184 Sanctus
781 2131 1108 2186 Anastasius
1144 2132 1520 2186 Antiochenns
1558 2132 1610 2187 in
1647 2133 1764 2202 ipso
1793 2147 1894 2189 suo
1920 2131 2021 2188 do-

437 2224 684 2291 gmatico
720 2223 857 2280 libro
887 2241 902 2278 :
933 2226 1170 2294 Spiritus
1199 2234 1438 2289 sanctus,
1469 2225 1566 2290 ait,
1597 2243 1714 2280 cum
1757 2225 1941 2288 Patre.
1971 2235 2021 2280 et

433 2314 585 2369 Filio
631 2317 793 2371 simul
843 2327 1106 2388 apparet,
1148 2318 1308 2372 veluti
1341 2335 1460 2372 cum
1497 2327 1694 2383 mente,
1745 2327 1795 2372 et
1842 2319 2022 2373 verba.

438 2408 809 2464 Damascenus
851 2425 1074 2480 quoque
1115 2412 1194 2466 ait
1246 2428 1261 2466 :
1316 2409 1536 2478 Oportet
1577 2420 1758 2464 autem
1796 2409 2023 2464 Verbum

432 2502 597 2555 etiam
625 2499 884 2568 Spiritum
914 2503 1125 2559 habere.

509 2591 766 2662 Magnum
815 2594 945 2648 item
995 2594 1260 2650 Basilium
1307 2595 1650 2649 ostendimus
1697 2593 1752 2648 in
1790 2593 2023 2661 quodam

435 2683 700 2737 adversus
731 2684 1061 2740 Eunomium
1095 2687 1338 2756 capitulo
1367 2686 1637 2741 dicentem
1678 2704 1693 2741 :
1737 2683 1859 2739 Nisi
1900 2683 2026 2753 Spi-

435 2773 599 2840 ritum
625 2787 690 2826 επ
718 2771 824 2828 Deo
851 2773 980 2827 dicit
1004 2774 1292 2844 quispiam,
1325 2791 1390 2828 ne
1422 2772 1650 2829 Verbum
1681 2775 1914 2845 quidem.

511 2865 779 2931 Quoniam
815 2867 979 2936 igitur
1009 2867 1288 2936 proprium
1318 2876 1404 2923 est
1443 2882 1682 2936 sequens
1712 2868 2025 2924 necessario

438 2958 682 3014 Verbum
734 2969 788 3014 et
833 2959 1097 3028 Spiritum
1147 2959 1351 3016 habere
1393 2978 1408 3016 :
1450 2961 1636 3016 omnia
1686 2972 1867 3016 autem
1905 2977 2025 3029 qua:

435 3053 606 3106 Pater
636 3053 801 3107 habet
823 3091 841 3116 ,
891 3053 1055 3108 habet
1088 3062 1143 3108 et
1171 3052 1372 3120 Filius;
1404 3054 1510 3109 nisi
1543 3070 1678 3110 vero
1721 3055 1886 3110 Pater
1920 3056 2026 3110 ha-

437 3146 587 3211 beat,
619 3159 719 3198 nec
747 3144 914 3200 Filius
950 3144 1153 3212 habet;
1185 3147 1268 3200 sin
1300 3159 1483 3202 autem
1511 3162 1620 3202 non
1654 3148 1816 3202 habet
1849 3163 2026 3217 neque

2126 2043 2268 2096 ritus
2297 2052 2518 2105 sanctus
2545 2055 2642 2111 per
2665 2052 2876 2096 naturae
2907 2042 2973 2094 ad
2998 2040 3212 2096 Patrem
3247 2051 3303 2094 et
3327 2039 3523 2094 Filium
3557 2037 3704 2090 iden-

2128 2137 2359 2200 titatem,
2383 2143 2435 2188 et
2468 2135 2929 2199 communionem,
2967 2133 3383 2204 productionem
3416 2147 3522 2186 non
3555 2129 3705 2184 liabe-

2127 2229 2237 2294 bit;
2270 2228 2468 2297 quippe
2496 2227 2631 2280 alias
2653 2226 2866 2282 desinet
2897 2241 3019 2282 esse
3048 2226 3352 2296 procedens
3379 2223 3631 2293 Spiritus:
3652 2227 3707 2273 et

2127 2322 2242 2378 sive
2272 2320 2538 2392 gignendo
2571 2319 2734 2375 Pater
2761 2319 2887 2384 erit,
2923 2329 2978 2374 et
3011 2320 3280 2387 quomodo
3316 2334 3346 2374 a
3374 2315 3572 2371 Patre?
3597 2314 3704 2367 sive

2127 2416 2447 2486 productor,
2495 2425 2552 2470 et
2588 2414 2861 2485 quomodo
2908 2411 3186 2482 Spiritus?
3240 2425 3597 2482 prorsusquc,
3658 2407 3699 2461 si

2125 2505 2343 2576 quidem
2371 2521 2533 2561 causa
2559 2507 2631 2561 sit
2659 2505 2780 2560 Filii
2808 2546 2822 2572 ,
2854 2515 3253 2574 consequenter
3289 2507 3392 2558 erit
3443 2517 3508 2557 ex
3549 2503 3704 2555 Patre

2128 2597 2297 2653 Filius
2323 2612 2420 2667 per
2459 2597 2743 2667 Spiritum,
2779 2597 3080 2667 tertiusque
3109 2598 3217 2650 erit
3246 2612 3272 2648 a
3300 2595 3486 2658 Patre,
3527 2605 3706 2647 sccun.

2127 2693 2256 2748 dum
2297 2691 2638 2760 personalem
2685 2690 2968 2758 ordinem;
2999 2689 3140 2759 quod
3173 2689 3424 2758 preteeto
3453 2695 3536 2742 est
3570 2697 3702 2753 prte-

2129 2792 2211 2839 ter
2235 2782 2358 2838 Filii
2387 2797 2451 2837 ac
2479 2780 2719 2852 Spiritus
2751 2782 3070 2836 terminum.
3157 2792 3166 2798 ‘

2199 2874 2270 2928 At
2300 2887 2482 2942 neque
2507 2872 2590 2927 sui
2629 2871 2800 2941 ipsius
2841 2886 3006 2925 causa
3053 2883 3176 2925 esse
3211 2879 3412 2939 potest.
3446 2868 3528 2923 Nil
3563 2865 3702 2921 enim

2130 2969 2307 3039 ipsum
2341 2967 2425 3021 sui
2451 2957 2641 3034 ipsius
2675 2978 2839 3017 causa
2880 2973 2985 3018 est.
3018 2962 3530 3017 Contradictioneut
3562 2957 3701 3012 enim

2129 3063 2203 3118 ita
2234 3059 2551 3120 continebit.
2587 3057 2882 3114 secundum
2916 3057 3080 3111 idem.
3115 3054 3300 3123 Neque
3340 3053 3563 3108 alterius
3593 3047 3706 3117 Spi-

2129 3155 2268 3210 ritus
2327 3167 2490 3207 causa
2543 3165 2664 3204 esse
2717 3159 2916 3219 potest.
2963 3147 3079 3204 Hac
3128 3147 3274 3202 enim
3328 3147 3561 3207 ratione,
3603 3155 3704 3196 non

437 3237 678 3292 Verbum
703 3237 828 3300 erit,
857 3250 1036 3304 neque
1053 3250 1116 3289 ex
1137 3234 1335 3304 Patre;
1369 3249 1585 3306 oportet
1615 3239 1760 3293 enim
1784 3237 2020 3292 Verbum

2131 3256 2275 3302 esset
2295 3244 2535 3298 Trinitas
2573 3243 2713 3297 Deus
2747 3257 2761 3295 :
2795 3241 3084 3308 simulque,
3118 3253 3218 3294 nec
3251 3241 3414 3293 nobis
3441 3237 3573 3292 ﬁdes
3601 3241 3703 3288 tra~

435 3331 602 3384 etiam
641 3329 842 3384 habere
873 3328 1160 3399 Spiritum,
1189 3338 1251 3383 tit
1287 3316 1593 3384 rectissime
1621 3330 1879 3402 magister
1909 3328 2024 3400 (58)

437 3425 594 3479 dixit.
630 3421 685 3478 Si
715 3424 861 3479 enim
889 3421 1152 3493 Spiritum
1187 3438 1251 3478 ex
1278 3421 1412 3488 Deo,
1437 3433 1492 3479 et
1518 3424 1682 3480 Patre
1706 3425 1837 3480 dicit
1870 3426 2027 3494 quis-

438 3515 605 3586 piam,
631 3530 708 3584 ne
741 3513 980 3571 Verbum
1005 3515 1260 3586 quidem;
1291 3517 1550 3585 quoniam
1579 3532 1710 3571 vero
1738 3517 1899 3571 Pater
1932 3517 2027 3570 ha-

440 3607 532 3659 bet
557 3615 610 3660 et
644 3605 814 3660 Filius
843 3605 1027 3662 habet.
1063 3603 1299 3662 Sanctus
1326 3608 1470 3661 enim
1501 3607 1740 3678 Spiritus
1767 3623 1891 3662 cum
1921 3605 2027 3660 Pa-

441 3707 545 3764 tre,
595 3710 651 3754 et
697 3697 834 3753 Filio
865 3698 1028 3754 simul
1074 3707 1324 3770 apparet,
1361 3699 1531 3755 veluti
1582 3716 1708 3755 cum
1757 3710 1939 3754 mente
1967 3707 2026 3754 et
2087 3726 2089 3728 ·

436 3791 626 3855 verbo,
689 3804 752 3846 ac
801 3791 1100 3846 secundum
1144 3789 1396 3846 eumdem
1445 3790 1706 3857 modum,
1762 3790 1842 3844 sic
1878 3791 2023 3845 enim

438 3881 614 3935 sancti
659 3882 832 3936 aiunt.
886 3880 1094 3937 Deinde
1136 3879 1474 3937 concludens
1507 3878 1716 3934 infert:
1751 3875 2024 3942 Quomodo

424 3975 606 4044 igitur
635 3975 873 4042 separari
903 3981 1123 4042 possunt
1145 3973 1551 4042 inseparabilia,
1577 3971 1802 4026 Verbum
1825 3970 2025 4025 scilicet

439 4083 505 4121 ea:
539 4065 669 4129 Deo,
703 4074 753 4120 et
783 4063 1016 4132 Spiritus
1049 4079 1116 4119 ea:
1149 4065 1259 4120 Deo
1283 4077 1378 4133 per
1403 4065 1652 4123 Filium?

513 4155 744 4222 Magnus
773 4156 900 4210 item
951 4156 1287 4211 Athanasius
1315 4157 1394 4211 ait
1427 4174 1442 4212 :
1474 4154 1743 4220 Quoniam
1783 4156 2025 4224 Spiritus

436 4267 544 4306 non
577 4259 649 4305 est
674 4261 824 4305 extra
865 4247 1110 4305 Verbum.
1149 4249 1216 4304 Et
1247 4265 1462 4306 rursum
1491 4269 1504 4305 :
1553 4248 1700 4304 Ess‘et
1727 4251 1888 4304 etiam
1923 4250 2028 4302 im-

436 4342 691 4410 possibile
742 4341 800 4396 in
858 4340 1144 4396 Trinitatis
1184 4342 1360 4413 gloria
1407 4341 1671 4410 Spiritum
1711 4340 2022 4410 gloriﬁcari,

438 4437 542 4491 nisi
572 4451 847 4506 processus
887 4437 1096 4490 ratione
1135 4444 1268 4490 esset
1317 4451 1382 4490 eis
1432 4435 1540 4488 Deo
1575 4451 1669 4500 per
1697 4434 1911 4488 Filium.
1949 4431 2027 4487 De

438 4527 675 4583 naturali
714 4527 834 4596 ejus
873 4527 1330 4598 substantialique
1381 4540 1638 4597 processu
1683 4526 1905 4580 verbum
1937 4525 2027 4578 hic

437 4621 674 4676 faciebat
707 4629 954 4683 sanctus,
1004 4619 1306 4694 secundum
1333 4633 1496 4690 quem
1524 4627 1612 4673 est
1644 4627 1811 4688 atque
1842 4617 2024 4673 subsi-
2055 4655 2100 4712 υ

436 4715 533 4768 stit
573 4713 811 4783 Spiritus
838 4723 1084 4768 sanctus.
1121 4711 1248 4769 Non
1275 4721 1354 4767 est
1395 4711 1533 4765 enim
1563 4721 1714 4765 extra
1755 4709 2020 4776 Verbum;

439 4819 699 4878 tanquun
733 4808 777 4861 si
811 4807 1019 4862 diceret
1051 4823 1066 4860 :
1103 4805 1221 4860 Non
1251 4806 1505 4861 subsistit
1531 4803 1660 4860 sine
1679 4802 1862 4860 Verbo
1885 4820 1899 4870 ;
1926 4820 2025 4874 per

439 4903 616 4971 ipsum
645 4904 788 4954 enim
821 4902 1071 4971 procedit
1127 4913 1194 4953 ex
1240 4897 1425 4953 Patre.
1462 4897 1587 4954 Πεεο
1622 4898 1806 4968 itaque
1855 4898 1934 4951 sic
1967 4912 2027 4952 se

438 4995 664 5057 habent,
695 5005 748 5049 et
777 5011 899 5064 quae
932 4995 1037 5048 alia
1070 4995 1136 5048 de
1166 4993 1270 5047 hoc
1304 4993 1563 5060 praedicta
1597 5000 1729 5047 sunt
1769 5007 1783 5045 :
1833 5001 2027 5046 sancto

440 5099 621 5142 autem
659 5087 910 5158 Spiritui,
945 5087 1248 5141 secundum
1275 5101 1429 5140 suam
1459 5087 1872 5161 substantialem
1902 5101 2033 5157 pro-

441 5180 751 5248 prietatem,
776 5180 1023 5247 sequitur
1046 5194 1113 5231 ex
1147 5176 1333 5231 Mente
1369 5192 1464 5246 per
1483 5177 1726 5234 Verbum
1759 5197 1903 5237 esse.
1932 5180 2032 5235 llic

438 5273 587 5323 enim
615 5281 699 5325 est
734 5270 1104 5340 procedentis,
1137 5268 1224 5322 vel
1248 5267 1487 5337 Spiritus
1521 5273 1808 5336 terminus,
1836 5288 2033 5328 secun-

439 5364 568 5418 dum
603 5377 764 5431 quem
809 5362 972 5415 etiam
1020 5369 1078 5413 ut
1121 5360 1432 5416 subsistens
1474 5363 1586 5428 sit,
1636 5369 1934 5420 secundum
1974 5383 2032 5423 se

441 5471 678 5526 persona
727 5453 912 5508 habet.
964 5453 1078 5508 Una
1117 5453 1354 5524 denique
1405 5467 1458 5510 et
1507 5457 1700 5512 eadem
1748 5463 1986 5516 essentia
2015 5505 2030 5529 ,

444 5548 647 5611 Patris,
671 5558 726 5603 et
751 5545 895 5610 Filii,
925 5557 979 5600 et
999 5545 1238 5614 Spiritus
1272 5550 1446 5604 sancti
1482 5566 1495 5603 :
1522 5552 1574 5606 in
1600 5551 1760 5608 Patre
1786 5554 2027 5625 quidem,

444 5649 667 5706 paterae
708 5645 828 5699 est,
867 5635 973 5691 hoc
1005 5645 1111 5701 est,
1147 5638 1265 5695 sine
1296 5655 1460 5696 causa
1485 5681 1500 5708 ,
1536 5642 1747 5714 adjecta
1782 5648 2030 5715 pmprie-

446 5738 559 5784 tate
607 5725 860 5798 gignendi
893 5775 906 5793 ,
955 5729 1254 5786 secundum
1317 5731 1661 5803 paternitatis
1701 5735 2023 5802 terminum;

515 5911 628 5988 (58)
643 5999 648 6004 _
665 5911 917 5972 Basilius.

2127 3339 2261 3395 didit
2284 3337 2570 3407 Spiritum,
2597 3336 2680 3388 vel
2709 3333 2792 3388 sui
2824 3334 3013 3403 ipsius,
3043 3333 3126 3387 vel
3156 3331 3426 3401 Spiritum
3455 3329 3704 3400 Spiritus.

2126 3434 2334 3504 Nempe
2371 3431 2516 3487 enim
2551 3431 2596 3487 si
2628 3428 2953 3483 Trinitatem
2981 3426 3402 3490 excesseritnus,
3435 3423 3564 3479 nihil
3595 3435 3710 3491 pro-

2127 3525 2356 3590 hibebit,
2390 3533 2444 3578 et
2471 3525 2743 3593 quintam,
2773 3526 2831 3574 et
2855 3527 3064 3574 sextam
3097 3531 3390 3586 personam
3433 3517 3485 3572 in
3517 3510 3710 3568 divinis

2127 3629 2396 3681 quaerere.

2201 3706 2325 3762 Haec
2373 3705 2538 3778 igitur
2581 3704 2744 3767 velle,
2792 3701 3074 3758 hominum
3108 3709 3194 3757 est
3219 3741 3234 3767 ,
3267 3715 3398 3771 qua:
3427 3699 3493 3755 de
3523 3700 3707 3750 sancta

2127 3799 2398 3856 Trinitate
2426 3809 2550 3855 sunt
2587 3799 2806 3862 tradita,
2838 3797 3055 3852 auferre
3085 3795 3403 3858 nitentium,
3437 3795 3711 3864 ipsamque

2127 3907 2160 3947 e
2193 3893 2416 3963 regione
2461 3888 2981 3961 blasphemantium.
3019 3888 3204 3957 Neque
3246 3887 3397 3942 enim
3431 3881 3710 3941 multitudo

2128 3999 2486 4056 personarum
2515 3991 2633 4049 est,
2668 3981 2764 4036 sed
2796 3995 2969 4052 usque
2998 3982 3067 4035 ad
3098 3979 3432 4035 Trinitatem
3459 3985 3709 4050 progres-

2128 4092 2222 4132 sus
2251 4085 2337 4130 est.
2369 4089 2649 4130 numerus.

2207 4166 2474 4234 Quocirca
2524 4175 2606 4221 est
2638 4164 2856 4236 quidem
2907 4163 3144 4234 Spiritus
3184 4173 3412 4220 sanctus
3445 4177 3509 4217 ex
3540 4155 3712 4214 Patris

2131 4275 2194 4316 ac
2219 4260 2347 4314 Filii
2377 4259 2640 4321 essentia,
2675 4258 2792 4314 sive
2815 4273 2884 4314 ex
2917 4258 3229 4314 substantia
3257 4257 3442 4312 Patris
3474 4271 3536 4309 ac
3567 4249 3709 4314 Filii,

2130 4351 2432 4406 secundum
2473 4350 2728 4405 traditam
2753 4350 3045 4417 rationem,
3068 4364 3175 4402 non
3215 4349 3266 4402 in
3302 4355 3566 4420 quantum
3601 4343 3712 4395 dua!

2131 4444 2452 4500 substantia:
2492 4451 2650 4509 sunt,
2694 4443 2786 4497 sed
2839 4456 2901 4497 ea
2947 4442 3181 4506 ratione,
3221 4457 3327 4511 qua
3378 4455 3540 4494 unum
3591 4441 3714 4490 sunt

2129 4537 2293 4593 Pater
2319 4545 2374 4593 et
2409 4534 2603 4600 Filius,
2642 4535 2992 4603 producendo
3041 4533 3276 4598 scilicet,
3310 4533 3458 4603 quod
3501 4527 3713 4593 utrique

2129 4642 2420 4682 commune
2458 4636 2542 4681 est
2565 4665 2580 4688 ,
2616 4635 2675 4679 ut
2709 4639 2852 4694 saepe
2885 4623 2998 4692 jam
3030 4624 3312 4689 diximus;
3352 4634 3517 4693 atque
3551 4619 3673 4674 hinc
3695 4652 3711 4680 ,

2131 4731 2308 4786 neque
2337 4716 2730 4786 eouglutinatio
2761 4717 2867 4770 erit
2911 4717 3089 4772 Patris
3142 4727 3199 4771 et.
3235 4716 3400 4784 Filii;
3439 4729 3540 4770 nec
3569 4710 3711 4767 cuitu

2133 4795 2494 4866 sttbstantiale
2519 4819 2624 4874 est,
2657 4811 2992 4878 producere;
3025 4825 3203 4880 neque
3249 4826 3355 4865 una
3401 4803 3709 4865 substantia

2135 4912 2219 4958 est
2270 4901 2434 4958 Pater
2463 4915 2517 4958 et
2555 4902 2762 4970 Filius;
2797 4918 2973 4974 neque
3012 4903 3118 4958 duo
3170 4903 3435 4972 principia
3466 4941 3481 4966 ,
3514 4899 3712 4969 quippe

2138 5011 2280 5050 unus
2309 4995 2614 5065 produceus
2643 5007 2745 5052 est.
2772 4996 2875 5062 Qui
2899 4997 3048 5051 enim
3085 4995 3426 5066 producitur,
3461 5009 3524 5049 ex
3557 4991 3713 5045 Patre

2136 5103 2232 5155 per
2261 5085 2456 5141 Filium
2498 5088 2840 5158 producitur,
2875 5097 2929 5142 et
2979 5088 3226 5156 procedit
3284 5103 3393 5143 uno
3430 5095 3706 5157 processu.

2135 5179 2322 5248 Neque
2353 5179 2473 5234 Filii
2507 5196 2670 5236 causa
2708 5190 2826 5247 cst;
2862 5180 2965 5234 hoc
2993 5180 3137 5234 enim
3187 5191 3384 5249 praeter
3425 5175 3711 5232 terminum

2134 5273 2339 5343 proprii
2380 5286 2668 5340 processus
2693 5282 2798 5326 est.
2835 5271 2954 5342 Ipse
2997 5272 3196 5342 quippe
3242 5286 3340 5339 per
3380 5267 3575 5323 Filium
3606 5272 3706 5320 est.

2131 5365 2320 5435 Neque
2345 5365 2427 5419 sui
2456 5365 2650 5434 ipsius,
2684 5363 2822 5418 nihil
2854 5363 2998 5417 enim
3028 5363 3203 5432 ipsum
3237 5363 3319 5416 sui
3352 5361 3525 5432 ipsius
3550 5368 3709 5412 causa

2129 5469 2230 5514 est.
2261 5457 2450 5528 Neque
2477 5472 2722 5528 personae
2758 5458 3022 5520 alterius;
3063 5455 3308 5511 Trinitas
3343 5456 3489 5510 enim
3530 5464 3710 5522 perso-

2131 5568 2320 5606 narutn
2360 5552 2503 5606 Deus
2525 5561 2628 5605 cst.
2659 5549 2821 5620 Atqui
2853 5565 2954 5606 nec
2982 5549 3120 5604 Filio
3154 5559 3237 5603 est
3261 5550 3458 5603 minor.
3493 5545 3623 5600 Nam
3657 5547 3711 5596 et

2129 5644 2304 5700 Filius
2349 5643 2584 5699 causalis
2626 5644 2922 5705 exsistens,
2967 5657 3031 5697 ac
3065 5643 3341 5698 secundus
3374 5657 3404 5695 a
3435 5639 3596 5694 Patre
3625 5650 3711 5689 se-

2135 5737 2372 5792 cundum
2402 5736 2744 5806 personalem
2775 5736 3060 5805 ordinem;
3097 5752 3203 5793 non
3252 5736 3375 5792 ideo
3407 5745 3584 5788 tamen
3617 5728 3712 5782 Pa-
