4106 6456
340 471 442 540 πει

1445 481 1853 556 AUVERSUS
1882 478 2201 540 GRAECOS
2232 480 2363 541 LlB
2422 479 2542 543 IiI.

3535 476 3638 541 182

344 597 431 642 tre
458 587 638 643 minor
669 596 752 646 est
779 631 794 656 ,
831 604 898 646 ne
945 587 1104 645 Pater
1135 588 1353 662 quidem
1398 590 1697 663 profectlor
1727 589 1937 643 idcirco
1965 593 2012 651 Α
2041 589 2167 654 erit,
2200 588 2296 644 sed
2327 589 2520 654 Filius,
2557 597 2610 642 ut
2647 588 2852 643 dictum
2882 595 2966 644 cst
2998 605 3012 642 :
3045 589 3263 662 duoque
3295 588 3388 643 ﬁlii
3425 589 3476 643 iu
3507 590 3635 644 'l‘ri-

343 690 447 746 est,
484 682 742 752 quoniam
785 699 850 738 ex
903 682 1051 739 nullo
1103 694 1206 740 est.
1263 684 1375 739 Ista
1425 685 1572 739 enim
1630 682 1934 738 secundum

342 773 733 830 substantiales
766 775 1060 832 relationes
1108 787 1233 833 sunt
1257 818 1272 845 ,
1305 793 1430 850 qua:
1466 787 1786 834 naturarum
1823 792 1935 832 non

342 866 606 922 inducunt
639 865 1026 924 diﬂerentiam.

421 957 516 1015 His
563 959 729 1030 igitur
766 960 840 1016 ita
875 962 1199 1032 enucleatis,
1247 978 1312 1020 ac
1365 964 1530 1021 Patre
1587 966 1811 1036 quidem
1837 965 1935 1020 ἐι

347 1047 496 1104 nullo
521 1049 843 1116 exsistente,
874 1049 1012 1106 Filio
1040 1063 1220 1108 autem
1249 1069 1312 1109 ev
1359 1070 1467 1110 uno
1492 1063 1547 1109 et
1579 1055 1697 1108 solo
1743 1053 1932 1123 Patre,

346 1150 536 1194 sancto
558 1151 738 1195 autem
771 1141 979 1211 Spiritu
1011 1160 1076 1199 ex
1115 1147 1291 1215 primo
1323 1162 1423 1217 per
1447 1147 1706 1213 medium,
1738 1147 1932 1204 tertius

344 1245 442 1298 per
477 1230 712 1285 medium
763 1220 942 1302 primo
973 1237 1344 1307 coujttngitur.
1387 1238 1507 1293 Filii
1559 1239 1762 1308 quippe
1811 1254 1932 1294 me-

341 1322 509 1376 diatio
537 1331 592 1377 et
630 1322 731 1379 sibi
768 1325 871 1394 ipsi
901 1310 1162 1396 unigéniti
1207 1330 1466 1385 honorem
1499 1342 1702 1395 servat,
1732 1341 1788 1388 et
1813 1333 1934 1402 Spi-

343 1415 508 1468 ritum
539 1417 772 1478 uaturali
805 1419 872 1472 ad
907 1418 1122 1475 Patrem
1158 1421 1350 1477 habitu
1394 1424 1620 1480 minime
1649 1415 1929 1492 excludit,

346 1515 400 1560 ut
434 1507 510 1561 ait
539 1506 837 1579 Gregorius
863 1511 1165 1583 Nyssenus;
1197 1516 1392 1584 sicque
1418 1516 1572 1586 juxta
1608 1518 1790 1587 magni
1822 1519 1930 1572 Ba-
1977 1542 1979 1544 ·

343 1601 452 1655 silii
484 1603 838 1671 sententiam,
872 1613 923 1657 et
957 1607 1275 1663 substantia:
1313 1606 1690 1684 [hypostases]
1725 1625 1929 1667 conce-

343 1695 568 1762 duntur,
596 1704 645 1750 et
674 1697 825 1767 pium
853 1698 998 1754 ttnici
1032 1699 1377 1772 principatus
1407 1703 1604 1775 dogma
1637 1720 1746 1759 non
1781 1706 1934 1759 deci-

343 1783 438 1838 dit.
470 1785 648 1855 Atque
693 1788 765 1842 ita
813 1803 997 1844 sermo
1034 1790 1196 1846 nobis
1239 1793 1306 1846 ad
1354 1793 1684 1863 principium
1717 1795 1926 1860 rediit;

343 1879 547 1950 quippe
580 1896 703 1936 cum
753 1891 959 1938 sanctae
993 1883 1284 1940 Trinitatis
1332 1885 1528 1942 ordine
1573 1887 1928 1943 inchoaveri-

342 1990 491 2038 mus,
526 1975 592 2029 ad
624 1976 799 2045 ipsum
829 1975 1048 2033 rursum
1077 1978 1322 2034 ordinem
1354 1981 1728 2051 pervenimus.

412 2067 471 2122 Si
506 2069 665 2139 igitur
697 2069 783 2125 his
805 2069 880 2124 ita
915 2072 1220 2139 concessis,
1254 2073 1391 2128 nihil
1416 2074 1646 2145 quidem
1679 2089 1745 2130 ex
1767 2076 1928 2142 ratis,

343 2173 505 2234 atque
529 2167 800 2220 communi
842 2165 969 2223 ﬁdei
998 2169 1352 2225 confessione
1374 2151 1800 2240 comprehensis
1827 2171 1931 2228 tol-

345 2257 500 2324 litur,
549 2257 796 2328 ﬁdeique
828 2260 1115 2331 principiis
1165 2276 1230 2317 ac
1277 2271 1591 2319 sanctorum
1634 2265 1930 2321 sententiis

348 2352 523 2404 omnia
557 2362 890 2419 consonant;
920 2369 1222 2424 eorumque
1249 2357 1342 2426 qui
1384 2371 1449 2412 ex
1493 2357 1677 2422 Patre,
1707 2368 1762 2412 et
1789 2356 1930 2415 Filio

349 2442 604 2513 Spiritum
634 2454 886 2501 sanetum
928 2446 1278 2517 conﬁtentur,
1315 2451 1518 2505 veritas
1570 2451 1828 2522 utrinque
1868 2467 1930 2508 se

354 2537 547 2607 aperit,
573 2554 634 2594 ex
662 2539 909 2610 propriis
941 2541 1152 2597 scilicet
1194 2557 1259 2598 ac
1289 2544 1592 2600 secundum
1625 2559 1684 2600 se
1727 2547 1932 2616 produ-

361 2631 466 2684 ctis
494 2631 783 2690 rationibus
813 2647 830 2688 :
869 2634 1030 2690 nobis
1064 2636 1283 2706 quidem
1320 2638 1370 2692 id
1399 2639 1546 2708 quod
1577 2639 1740 2694 initio
1769 2639 1933 2695 insti-

357 2731 644 2790 tneramus,
674 2725 838 2781 ﬁnem
864 2727 1119 2798 accipiet.
1153 2729 1383 2785 Constat
1413 2745 1564 2797 vero,
1596 2746 1694 2788 eos
1722 2731 1821 2802 qui
1861 2745 1930 2788 ex

348 2815 507 2871 Patre
538 2817 652 2873 solo
682 2819 1018 2876 conﬁtentur
1065 2822 1331 2891 Spiritum
1367 2832 1619 2880 sanctum
1645 2866 1660 2892 ,
1694 2824 1932 2882 veritate

342 2908 636 2980 frustrari;
671 2913 852 2984 ipsum
879 2915 1025 2971 enim
1069 2914 1361 2973 Trinitatis
1389 2918 1646 2975 ordinem
1687 2919 1932 2987 tollunt,

342 3019 444 3075 per
471 3020 630 3073 quem
660 3007 799 3064 alius
829 3009 1052 3080 quidem
1094 3017 1197 3076 est,
1243 3024 1312 3066 ex
1356 3012 1538 3081 primo
1588 3022 1757 3084 atque
1802 3014 1933 3070 hinc

342 3097 596 3159 miscent,
621 3107 684 3160 et,
700 3099 1043 3156 confundunt
1075 3102 1404 3170 discretum,
1427 3115 1481 3158 et
1505 3107 1934 3175 supersubstan—

343 3186 472 3240 tiale
491 3202 712 3250 nomen,
733 3199 788 3244 et
817 3204 930 3245 rem
965 3189 1168 3257 Patris,
1192 3192 1336 3259 Filii,
1368 3206 1418 3249 et
1448 3194 1692 3264 Spiritus
1723 3198 1929 3263 sancti,

341 3276 720 3350 Spiritnmque
748 3292 997 3337 sanetum
1031 3299 1097 3339 ex
1124 3281 1296 3340 Patre
1320 3301 1443 3340 esse
1480 3287 1602 3341 sine
1635 3288 1814 3346 medio
1841 3289 1928 3344 di-
1954 3295 2000 3358 α

340 3382 550 3436 centes,
578 3372 754 3443 ipsum
780 3375 942 3430 etiam
977 3375 1216 3444 proprie,
1246 3391 1310 3432 ac
1333 3379 1780 3434 substantialiter
1805 3395 1932 3438 esse

343 3465 612 3537 Spiritum
644 3467 924 3534 auferunt;
951 3468 1170 3526 sublato
1195 3471 1396 3540 quippe
1423 3471 1776 3528 substantiali
1807 3474 1932 3545 ejus

341 3560 798 3632 processu,juxta
827 3561 1172 3630 procedentis
1205 3565 1498 3630 rationem,
1534 3565 1620 3619 vel
1662 3581 1771 3620 non
1801 3582 1931 3637 pro-

342 3653 546 3707 cedens
568 3652 670 3708 erit
694 3651 952 3724 Spiritus,
975 3653 1057 3708 vel
1082 3653 1237 3725 juxta
1263 3654 1564 3712 nativitatis
1585 3671 1930 3727 processum,

340 3743 515 3801 Filius
544 3748 685 3812 erit,
714 3747 1016 3803 secundum
1052 3762 1219 3820 quem
1267 3749 1442 3806 Filius
1483 3763 1550 3804 ex
1595 3745 1760 3806 Patre
1811 3752 1934 3809 sine

343 3839 525 3893 medio
555 3840 816 3897 nascitur.
1263 3841 1270 3847 ’

415 3929 586 3986 Porro
621 3929 855 3988 Verbum
902 3934 998 3990 Dei
1037 3935 1380 4004 unigenitum
1405 3975 1422 4004 ,
1467 3937 1937 4010 signaculumque

341 4025 620 4082 uniforme
664 4025 863 4094 Patris,
897 4037 1066 4100 atque
1115 4030 1455 4088 immobilem
1500 4033 1931 4089 incommutabi-

343 4118 560 4188 lemque
589 4121 840 4189 ﬁguram,
870 4131 925 4178 et
954 4137 1079 4178 eum
1115 4118 1209 4193 qui
1237 4139 1304 4180 ex
1337 4122 1501 4180 Patre
1540 4132 1690 4182 totus
1722 4140 1790 4181 ex
1821 4134 1934 4182 tcto

344 4211 583 4281 perfecte
600 4211 928 4282 resplendet,
955 4213 1579 4287 incommutabilemque
1607 4216 1932 4286 imaginem,

345 4313 400 4357 ct
419 4300 596 4358 Patris
617 4304 1012 4374 deﬁnitionem,
1043 4321 1106 4362 ac
1129 4306 1391 4375 Verbum,
1409 4309 1650 4365 maxime
1674 4320 1934 4380 paterno-

343 4411 463 4451 rum
479 4396 736 4452 bonorum
759 4398 1094 4464 fraudautes,
1139 4399 1444 4465 identitate,
1487 4416 1610 4471 qua:
1642 4403 1716 4457 illi
1732 4403 1800 4458 ad
1831 4401 1937 4458 Pa-

348 4498 482 4544 trem
516 4500 620 4554 cst,
651 4502 1025 4563 perpetuaque
1050 4493 1358 4548 constantia
1399 4494 1734 4562 excludunt;
1782 4499 1929 4568 quod

341 4580 556 4637 Arianae
578 4583 875 4654 impietatis
902 4595 1004 4642 est.
1042 4584 1110 4639 Et
1142 4587 1406 4658 quoniam
1438 4589 1533 4660 qtti
1560 4605 1670 4646 non
1692 4590 1930 4647 honorat

339 4675 558 4740 Filium,
596 4692 696 4732 nec
731 4676 945 4733 Patrem
989 4680 1246 4748 honorat,
1279 4691 1338 4736 ut
1376 4683 1493 4752 ipse
1520 4680 1785 4739 Dominus
1806 4685 1883 4739 ait
1914 4702 1930 4744 :

342 4768 448 4834 Qui
476 4770 608 4823 ridet
635 4787 734 4835 me,
769 4772 905 4826 videt
931 4782 980 4826 et
1012 4772 1232 4829 Patrem
1262 4777 1557 4846 :quoniam
1589 4778 1791 4834 omnia.
1816 4794 1936 4849 qua
1977 4833 1980 4836 .

338 4862 489 4914 habet
515 4862 693 4931 Pater,
717 4881 832 4919 mea
858 4865 1047 4929 sunt”;
1073 4881 1248 4937 neque
1275 4867 1493 4925 Patrem
1516 4881 1734 4937 natura,
1756 4871 1936 4927 etve-

339 4971 458 5010 rnm
485 4957 702 5011 Part-em
732 5000 746 5022 ,
783 4973 845 5011 ac
875 4957 1186 5029 perfectum
1213 4972 1480 5033 cogentur
1511 4963 1791 5030 conﬁteri,
1826 4964 1930 5020 nisi

337 5049 485 5105 Patri
526 5051 717 5106 similis
768 5052 942 5108 Filius
977 5052 1083 5118 sit,
1119 5065 1285 5123 atque
1317 5055 1370 5110 itt
1407 5071 1468 5110 se
1502 5056 1622 5126 ipso
1661 5056 1880 5112 Patrem
1911 5098 1928 5124 ,

337 5143 486 5196 unde
511 5143 802 5211 processit,
831 5144 1075 5214 perfecte
1107 5145 1312 5201 indicet
1339 5163 1352 5199 :
1377 5157 1580 5216 praeter
1603 5148 1777 5202 solum
1805 5165 1928 5203 esse

334 5234 579 5300 Patrem,
605 5236 758 5304 juxta
790 5252 1108 5293 sanetorum
1140 5240 1494 5296 sententiam.
1521 5240 1658 5295 Nam
1686 5242 1780 5311 qui
1807 5241 1934 5312 Spi-

338 5327 506 5381 ritum
548 5335 798 5382 sanctum
835 5329 887 5384 in
940 5329 1081 5386 Filio
1127 5347 1234 5388 non
1285 5332 1595 5403 conspicit‘,
1644 5349 1824 5403 neque
1877 5335 1932 5389 in

340 5415 502 5472 Patre
534 5420 854 5491 conspiciet.
884 5419 987 5488 Qui
1014 5423 1160 5477 enim
1196 5425 1343 5479 videt
1367 5423 1591 5484 Filium.
1619 5435 1673 5482 et
1711 5426 1932 5481 Patrem
1958 5429 1962 5433 ‘

335 5509 510 5565 videt.
543 5511 680 5578 lmo,
710 5513 864 5584 juxta
902 5533 1156 5586 magnum
1189 5518 1578 5586 Athanasium,
1614 5522 1874 5590 quoniam
1902 5535 1932 5575 a

342 5600 504 5658 Patre
533 5608 826 5674 procedere
861 5609 1062 5666 dicitur
1083 5651 1098 5676 ,
1143 5613 1267 5667 ideo
1307 5614 1568 5684 quoniam
1599 5630 1629 5668 a
1659 5615 1796 5670 Filio
1824 5625 1930 5676 est.

341 5696 430 5764 qui
475 5711 600 5750 cum
629 5713 752 5752 esse
795 5711 956 5770 negat
999 5717 1066 5757 ex
1117 5701 1278 5768 Filio,
1330 5719 1504 5776 neque
1541 5722 1573 5760 a
1604 5706 1766 5763 Patre
1812 5723 1935 5766 esse

344 5787 712 5846 conﬁtebitur.
759 5790 813 5846 ιιι
849 5793 894 5848 si
931 5795 1004 5849 ita
1051 5785 1191 5863 erit,
1223 5799 1449 5856 omnino
1484 5815 1592 5856 non
1628 5803 1934 5872 procedens

415 5969 437 6001 '
488 5968 644 6028 J’oan.
705 5974 919 6044 XIv,'9;
948 5974 1087 6042 XVI,
1131 5979 1211 6035 l5.
1293 5980 1311 6011 ⁵
1341 5978 1501 6037 Joan.
1539 5996 1620 6048 ιιι,
1657 5981 1748 6036 56.

2043 681 2217 735 nitate
2247 682 2599 750 erunthn'ihil
2632 681 2944 738 differentes
2980 698 3008 736 a
3056 698 3116 738 se
3148 684 3421 746 invicem,
3469 693 3636 751 atque

2040 774 2111 829 ita
2147 774 2369 829 habitus
2399 775 2463 828 ad
2501 775 2775 839 invicem,
2813 790 2877 829 ac
2912 774 3172 831 discretio
3206 775 3465 841 tolletur;
3510 776 3630 854 sola

2036 859 2186 921 enim
2218 869 2775 938 causaecausalisqne
2807 869 3018 923 ratione
3044 907 3060 932 ,
3114 867 3330 923 divinas
3377 868 3625 923 discerni

2038 974 2302 1028 personas
2343 973 2374 1013 a
2409 961 2617 1016 sanctis
2651 961 2989 1030 accepimus,
3037 971 3092 1016 et
3139 961 3318 1016 Verbo
3371 979 3399 1016 a
3461 978 3634 1016 causa

2037 1052 2336 1120 subdiviso,
2363 1063 2608 1109 sanctam
2638 1054 2959 1110 Trinitatem
2983 1055 3050 1109 ad
3085 1069 3145 1111 se
3175 1055 3350 1125 ipsam
3393 1056 3445 1108 in
3481 1055 3633 1109 nullo

2035 1143 2142 1198 nisi
2176 1145 2524 1201 concorditer
2551 1144 2775 1202 habere.
2825 1145 2900 1202 Ita
2945 1146 3113 1216 igitur
3145 1147 3481 1203 beatissime
3511 1146 3636 1202 Tri—

2037 1236 2223 1290 nitatis
2269 1237 2470 1292 seriem
2520 1247 2684 1307 atque
2735 1238 3028 1294 insolubile
3085 1241 3300 1296 ordinis
3346 1239 3630 1299 vinculum

2038 1328 2333 1392 auferunt,
2373 1329 2724 1400 singulasque
2773 1331 3084 1386 divinarum
3123 1348 3520 1400 personarum,
3575 1343 3631 1400 et

2035 1421 2300 1492 dignitate
2330 1437 2597 1494 congrua,
2621 1430 2676 1479 et
2709 1423 2934 1494 propria
2961 1423 3268 1478 substantia
3297 1439 3397 1494 per
3421 1441 3486 1479 ea
3511 1441 3634 1495 quae

2033 1515 2240 1580 dicunt,
2273 1511 2556 1587 deponunt'
2589 1534 2603 1571 :
2639 1518 2754 1572 sive
2790 1517 3011 1587 penitus
3062 1519 3348 1587 dejiciunt.
3398 1519 3632 1590 Oblique

2034 1618 2218 1664 autem
2256 1609 2570 1678 huiusmodi
2597 1609 2935 1680 blasphemia
2970 1609 3171 1664 Filium
3206 1611 3432 1681 respicit
3455 1651 3471 1675 ,
3508 1628 3632 1683 quae

2032 1711 2088 1756 et
2122 1701 2225 1756 alia
2263 1701 2499 1772 plurima
2535 1702 2774 1758 absurda
2809 1717 2998 1758 secum
3038 1704 3231 1758 trahit.
3272 1702 3395 1758 Uno
3431 1706 3580 1760 enim
3610 1745 3627 1769 ,

2033 1792 2234 1862 inquit,
2271 1807 2557 1860 concesso,
2610 1792 2848 1863 plurima
2898 1795 3081 1864 inepta
3123 1805 3447 1864 sequuntur.
3482 1796 3544 1849 Et
3584 1797 3632 1853 si
3707 1861 3716 1872 _

2033 1887 2180 1943 enim
2211 1901 2307 1943 ore
2337 1901 2445 1941 non
2486 1886 2592 1943 ista
2627 1886 2990 1954 confitentur,
3024 1903 3198 1958 neque
3225 1903 3285 1943 se
3317 1889 3390 1944 ita
3420 1892 3632 1945 sentire

2035 1986 2383 2043 asseverant,
2416 1979 2581 2033 etiam
2613 1978 2656 2033 si
2691 1979 2890 2045 nolint,
2923 1979 2978 2034 in
3009 1995 3075 2033 eo
3116 1981 3532 2049 pertrahuntur.
3568 1982 3634 2035 Et

2033 2071 2081 2127 si
2121 2070 2323 2126 Filium
2360 2072 2892 2128 consubstantialem
2929 2072 3291 2139 confitentur,
3325 2073 3415 2127 illa
3447 2084 3632 2130 tamen

2034 2163 2223 2218 dicunt
2261 2179 2329 2219 ex
2361 2165 2567 2234 quibus
2596 2165 2702 2219 hoc
2737 2165 2969 2219 tollitur.
3017 2165 3209 2235 Neque
3243 2167 3393 2220 enim
3431 2167 3634 2222 sufﬁcit

2033 2257 2271 2311 absurda
2305 2270 2508 2325 negare
2532 2297 2547 2322 ,
2582 2257 2663 2310 vel
2695 2257 2800 2328 ista
2835 2273 2933 2313 ore
2971 2273 3083 2312 non
3113 2258 3320 2326 dicere,
3355 2273 3526 2329 seque
3557 2259 3634 2313 ita

2034 2350 2265 2414 sentire,
2303 2349 2598 2421 denegare,
2633 2351 2739 2404 nisi
2773 2358 2828 2406 et
2865 2349 2957 2404 illa
3001 2351 3190 2404 dicere
3223 2363 3478 2413 caveant,
3511 2351 3632 2422 qui-

2032 2442 2137 2499 bus
2175 2443 2408 2515 positis,
2441 2442 2760 2497 necessario
2809 2441 3044 2497 absurda
3085 2449 3410 2512 sequantur.
3451 2443 3588 2497 Nam
3615 2485 3631 2509 ,

2030 2534 2187 2590 verbi
2221 2533 2397 2605 gratia
2423 2573 2438 2594 .
2478 2531 2753 2588 Sabellins
2787 2534 3005 2603 quidem
3041 2549 3102 2590 se
3145 2534 3434 2601 jndaizare
3463 2536 3638 2589 deno-

2033 2623 2220 2696 gabat,
2262 2625 2358 2679 sed
2405 2623 2714 2700 divinarum
2746 2638 3106 2692 personarum
3143 2622 3478 2680 Trinitatem
3525 2642 3635 2679 non

2034 2716 2356 2777 admittens.
2392 2715 2446 2770 iu
2475 2714 2530 2770 id
2553 2754 2568 2775 .
2599 2715 2684 2770 vel
2727 2714 2932 2770 invitus
2987 2715 3390 2786 impellebatur.
3426 2717 3492 2771 Et
3535 2715 3638 2771 Ju~

2033 2809 2136 2865 dtei
2181 2808 2399 2879 quidem
2445 2808 2720 2863 honorare
2764 2823 2824 2863 se
2875 2805 3046 2863 Deum
3085 2810 3449 2874 arbitrantur,
3486 2809 3635 2863 illius

2035 2916 2098 2958 se
2127 2903 2327 2972 legem,
2365 2910 2427 2955 ut
2473 2900 2582 2956 illis
2629 2901 2737 2955 iata
2787 2910 2895 2966 est,
2955 2901 3114 2972 sequi
3168 2911 3498 2966 asserentes,
3541 2903 3636 2958 sed

2034 2995 2109 3051 ita
2144 2995 2461 3065 Scripturas
2495 3003 2822 3065 exponunt,
2859 3005 2920 3051 ut
2953 2995 3033 3052 eis
3078 2998 3160 3051 lex
3198 2983 3373 3065 neque
3401 2997 3483 3051 vel
3519 3013 3638 3054 tuo-

2033 3088 2158 3144 dice
2192 3088 2387 3159 prosit.
2419 3087 2609 3158 Neque
2651 3088 2800 3143 enim
2849 3089 3066 3146 salvare
3115 3100 3326 3159 potest,
3379 3102 3429 3146 et
3467 3091 3638 3145 Deum

2033 3196 2135 3251 per
2171 3195 2236 3237 ea
2268 3195 2390 3251 qua;
2422 3181 2645 3247 dicunt,
2680 3182 3034 3238 ittltonoraut.
3067 3183 3171 3249 Qui
3204 3184 3349 3238 enim
3398 3200 3503 3239 non
3538 3185 3636 3239 ho-

2035 3281 2196 3326 norat
2241 3271 2468 3336 Filium,
2517 3287 2699 3340 neque
2726 3272 2944 3328 Patrem
2979 3274 3213 3330 honorat
3238 3293 3253 3340 ;
3277 3287 3331 3329 et
3361 3293 3374 3328 :
3406 3275 3509 3340 Qui
3533 3291 3640 3330 non

2037 3363 2209 3419 credit
2239 3364 2402 3434 Filio,
2441 3381 2546 3420 non
2579 3366 2774 3420 videbit
2816 3367 3006 3432 vitam,
3038 3368 3130 3422 sed
3181 3369 3264 3422 ira
3315 3368 3413 3424 Dei
3458 3378 3638 3424 manet

2034 3475 2195 3529 super
2224 3475 2367 3526 eum,
2401 3467 2462 3514 ut
2491 3461 2567 3515 ait
2597 3460 2715 3530 ipse
2741 3461 3009 3516 Dominus
3043 3461 3084 3515 ’.

2106 3549 2338 3606 Constat
2368 3565 2433 3605 ex
2465 3549 2552 3606 his
2604 3566 2734 3613 una,
2773 3567 2881 3605 non
2937 3567 3160 3620 parvam
3220 3551 3460 3622 aliquam
3517 3568 3642 3608 esse

2035 3643 2400 3701 differentiam
2425 3658 2614 3698 eorum
2651 3643 2745 3715 qui
2780 3657 2847 3699 ex
2876 3644 3036 3700 Patre
3066 3653 3122 3699 et
3156 3645 3318 3710 Filio,
3339 3647 3544 3717 quique
3570 3663 3640 3702 cz

2035 3737 2204 3795 Patre
2232 3738 2353 3794 solo
2383 3738 2647 3804 Spiritum
2696 3746 2948 3792 sanctum
3015 3739 3312 3806 procedere
3370 3740 3640 3794 sentiunt.

2036 3829 2098 3886 In
2128 3829 2244 3900 ipsa
2279 3845 2515 3900 namque
2542 3829 2664 3884 fidei
2696 3829 2869 3893 initia,
2890 3830 3638 3899 sanctorumquedoctrinam

2037 3923 2399 3987 intuentibus,
2437 3921 2578 3978 nihil
2612 3921 2720 3977 erit
2751 3920 3039 3976 differens.
3075 3921 3452 3979 Communiter
3487 3924 3632 3976 enim

2037 4019 2141 4074 hos
2170 4017 2283 4074 Deo
2316 4016 2705 4087 coujttngeutc,
2739 4017 2806 4070 de
2856 4014 2960 4070 hoc
3011 4018 3205 4071 omnes
3260 4018 3635 4074 consentiunt.

2037 4110 2119 4167 Illi
2148 4112 2371 4182 quidem
2419 4120 2476 4167 et
2520 4110 2728 4166 eisdem
2779 4118 3000 4166 utentes
3034 4109 3401 4178 dictionibus;
3437 4112 3490 4167 lti
3535 4129 3636 4167 au-

2039 4185 2148 4260 tem
2191 4217 2290 4273 per
2333 4201 2470 4258 alias
2517 4201 2919 4274 tequivalcntes
2971 4201 3039 4256 ad
3099 4203 3350 4258 eumdem
3389 4208 3638 4261 veritatis

2037 4299 2205 4353 ﬁnem
2245 4297 2664 4353 contendentes.
2703 4294 2909 4360 Veluti,
2935 4296 2980 4351 si
3011 4297 3135 4366 quis
3169 4298 3427 4367 patriam,
3461 4301 3640 4356 solum

2039 4391 2306 4462 patrium,
2361 4405 2458 4445 seu
2491 4405 2700 4446 rectam
2733 4390 2957 4455 lineam,
2991 4405 3227 4461 mquam,
3263 4391 3348 4447 vel
3377 4393 3639 4464 parilem,

2038 4485 2125 4540 vel
2159 4499 2377 4546 novem,
2400 4496 2484 4537 ter
2505 4482 2609 4538 tria
2632 4483 2778 4538 dicat
2807 4499 2826 4550 ;
2850 4483 3108 4553 nullaque
3130 4485 3271 4554 apud
3293 4483 3639 4555 Scripturam

2042 4589 2315 4640 sanctam,
2355 4586 2690 4641 sanctosque
2721 4576 2912 4632 Patres
2943 4577 3222 4632 invenitur
3245 4571 3554 4645 contentio,
3587 4581 3635 4634 si

2041 4671 2165 4742 quis
2217 4673 2285 4726 ad
2337 4671 2510 4726 solam
2559 4669 2638 4725 rei
2683 4669 2962 4725 intueatur
3008 4671 3350 4726 veritatem:
3402 4674 3540 4730 adeo
3580 4685 3641 4728 ιιι

2043 4781 2164 4837 qua:
2195 4780 2224 4818 a
2262 4765 2472 4820 sanctis
2497 4763 2777 4830 omnibus,
2807 4772 2971 4831 atque
3001 4763 3069 4816 ab
3091 4763 3340 4832 utrisque
3363 4766 3636 4832 partibus,

2042 4859 2129 4928 pie
2191 4856 2534 4924 ﬁdeliterque
2579 4854 2726 4907 dicta
2759 4862 2911 4919 sunt,
2946 4852 3051 4905 sibi
3087 4853 3321 4907 invicem
3349 4855 3470 4908 esse
3502 4869 3636 4908 con-

2040 4966 2200 5014 sona,
2245 4953 2535 5017 sacrisque
2588 4945 2787 5000 litteris
2815 4959 3060 5016 congrua
3113 4945 3276 5001 fateri
3325 4948 3641 5002 necessario

2039 5058 2326 5113 cogamur.

2112 5137 2336 5202 Verum,
2365 5152 2462 5206 pro
2499 5133 2766 5188 utentium
2811 5133 3180 5201 expositione,
3224 5148 3320 5190 seu
3368 5150 3642 5204 praesum-

2041 5232 2251 5302 ptione,
2281 5245 2382 5286 seu
2421 5227 2724 5293 voluntate;
2757 5243 2851 5283 seu
2879 5228 2986 5283 alia
3017 5228 3213 5298 quavis
3244 5227 3554 5286 intentione
3583 5229 3638 5283 iu

2045 5335 2242 5389 totum,
2278 5332 2333 5378 et
2363 5323 2610 5391 omnino,
2657 5322 2802 5392 quod
2859 5323 3079 5386 dicitur,
3135 5321 3340 5386 differt,
3386 5336 3638 5393 prorsus-

2042 5435 2151 5490 que
2221 5417 2572 5472 manifestam
2634 5415 3391 5487 contradictionis.pugnam
3446 5415 3633 5468 habet.

2046 5517 2245 5588 Liquet
2277 5523 2458 5568 autem
2489 5510 2542 5565 id
2572 5509 2716 5580 quod
2766 5509 2844 5563 illi
2888 5509 3110 5579 quidem
3146 5507 3371 5562 tertium
3409 5520 3437 5557 a
3476 5504 3639 5558 Patre

2046 5610 2313 5681 Spiritum
2366 5604 2699 5661 confitentur
2740 5602 2894 5673 juxta
2942 5600 3286 5680 personalem
3346 5595 3636 5660 ordinem;

2045 5716 2100 5764 et
2144 5701 2234 5773 qui
2267 5701 2430 5757 aliter
2470 5697 2734 5762 sentiunt,
2784 5712 2880 5754 eos
2915 5696 3101 5752 divino
3143 5689 3400 5749 relttctari
3450 5687 3637 5744 ordini

2044 5800 2360 5858 existimant
2393 5816 2407 5853 :
2441 5810 2557 5855 non.
2602 5807 2718 5849 eam
2767 5794 3142 5850 observantes.
3172 5797 3334 5856 quam
3416 5793 3643 5854 accepe-
