4052 6460
460 415 565 482 183

1674 398 2083 486 Misenus
2119 428 2423 489 eamea

3618 430 3721 499 184

457 541 578 585 rant
604 547 851 587 normam
875 532 1308 603 glorificationis,
1339 552 1527 590 verum
1562 532 1712 590 vocis
1740 546 2028 605 captantes
2065 545 2103 598 Δ
2164 550 2522 608 apertissunac
2578 540 3022 596 contradictionis
3071 551 3220 599 sunt.
3276 540 3343 598 Et
3387 542 3488 613 ipsi
3542 553 3723 599 autem

457 624 773 678 novitatem.

528 714 645 780 Isti,
675 719 974 773 scentulum
1002 736 1031 774 a
1063 719 1220 776 Patre
1249 737 1370 776 esse
1399 722 1577 778 aiunt.
1608 722 1785 792 Atque
1813 723 1888 777 illi
1917 722 2037 790 qni-

455 809 578 861 dem
603 808 799 864 Filium
829 826 892 864 ex
920 811 1081 867 Patre
1108 814 1225 867 sine
1272 814 1449 868 medio
1482 815 1627 889 nasci
1683 816 2040 877 confitentur,

456 910 624 968 atque
655 902 791 955 Filio
821 915 1145 973 pra'pontmt
1177 905 1463 974 Spiritum.
1494 904 1597 962 Eos
1618 907 1869 963 vitandos
1896 908 2041 973 arbi-

456 999 696 1057 trantur,
748 1005 806 1049 ut
842 1008 1028 1064 aperte
1063 998 1251 1068 pietati
1299 1000 1653 1065 relucmntes,
1690 1016 1851 1071 quam
1887 1003 2036 1057 scili-

454 1093 544 1138 cet
579 1085 736 1139 nobis
797 1084 1053 1141 Dominus
1092 1090 1313 1145 tradidit
1347 1090 1398 1145 in
1436 1092 1695 1148 salutaris
1745 1093 2041 1163 baptisma-

453 1175 528 1232 tis
581 1179 892 1235 traditione.
932 1181 1024 1234 Isti
1062 1198 1215 1245 vero,
1275 1187 1413 1240 nihil
1446 1186 1740 1257 prohibere
1771 1187 1957 1242 dicunt
1986 1198 2042 1240 et

450 1267 648 1324 Filium
683 1271 867 1326 dicere
907 1291 970 1328 ex
1000 1275 1329 1344 productore
1361 1293 1456 1347 per
1492 1278 1814 1348 productum
1851 1275 2034 1342 nasci;

450 1374 617 1434 atque
663 1365 741 1419 illi
775 1366 993 1435 quidem
1024 1366 1146 1422 Filii
1191 1368 1576 1426 mediationem
1613 1386 1734 1423 cum
1777 1369 2037 1423 Ecclesiae.

448 1456 729 1523 magistris
761 1458 1121 1527 confitentur;
1154 1461 1264 1528 isti,
1299 1462 1441 1515 hanc
1486 1461 1775 1516 manifeste
1815 1470 2034 1528 negant.

450 1546 522 1600 Et
552 1546 628 1601 illi
653 1549 872 1615 quidem
900 1565 964 1604 ex
992 1548 1265 1620 Patrepcr
1287 1550 1484 1606 Filium
1529 1553 1827 1623 procedere
1856 1565 1911 1606 et
1943 1565 2038 1618 per

452 1653 602 1704 eum,
635 1640 725 1707 qui
776 1649 884 1706 est,
934 1643 1283 1697 continenter
1324 1660 1388 1699 cx
1426 1644 1604 1713 primo
1652 1660 1776 1698 esse
1808 1643 2043 1705 credunt

455 1729 722 1799 Spiritum
755 1735 1027 1787 sanetum.
1084 1733 1149 1788 lli
1185 1743 1394 1802 autem,
1435 1750 1500 1789 ex
1557 1736 1677 1790 solo
1714 1734 1895 1800 Patre,
1933 1735 2043 1789 hoc

2144 647 2169 682 a
2181 643 2330 696 perte
2362 633 2622 699 indicant,
2660 650 2766 689 non
2799 650 3018 706 parvam
3038 649 3160 691 esse
3181 635 3570 703 differentiam,
3593 638 3726 693 dum

2143 722 2417 778 abstinent
2445 725 2514 780 ab
2541 726 2797 792 invicem,
2818 742 2986 795 seque
3004 727 3236 783 invicem
3264 728 3562 798 impietatis
3589 729 3728 784 insi-

2141 811 2349 866 mulant
2381 833 2397 867 :
2425 831 2661 883 suosque
2691 817 2886 886 singuli
2907 816 3133 871 aliormn
3166 817 3609 872 communionem
3640 820 3729 872 fu-

2142 925 2291 981 gere,
2327 918 2381 963 et
2416 909 2586 965 vitare
2617 909 2934 976 admonent,
2960 922 3022 966 ut
3061 911 3378 981 perniciem,
3407 921 3463 966 et
3495 923 3727 978 pestem.

2143 999 2277 1054 Utra
2304 1010 2483 1056 autem
2514 1018 2642 1069 pars
2671 1002 3054 1058 communibus
3086 1001 3395 1057 rationibus
3456 1001 3602 1069 fidei,
3630 1002 3735 1059 Par

2142 1101 2397 1162 trumque
2436 1092 2720 1162 theologia:
2760 1094 3031 1157 conciliat,
3080 1107 3147 1147 ex
3209 1078 3585 1161 superioribus
3613 1092 3728 1145 cla-

2138 1184 2249 1236 ruit
2277 1198 2579 1254 eorumque
2607 1185 2956 1239 conscientiae
2987 1184 3335 1253 relinquitur,
3361 1184 3452 1252 qui
3480 1184 3581 1238 ista
3621 1183 3734 1237 lec-

2143 1273 2249 1329 turi
2265 1285 2411 1338 sunt,
2436 1275 2536 1330 sub
2560 1274 2669 1331 Deo
2692 1283 2919 1341 teste,et
2943 1285 3135 1331 cuneta
3167 1276 3536 1344 inspectante:
3567 1275 3735 1328 modo

2140 1368 2406 1437 quispiam
2437 1369 2583 1423 omni
2606 1369 3014 1436 autieipatione,
3042 1380 3095 1423 et
3115 1368 3474 1423 irrationabili
3507 1367 3635 1421 odio
3657 1382 3735 1422 ex

2140 1461 2326 1516 animo
2348 1462 2597 1531 depulso,
2631 1478 2805 1531 neque
2830 1478 2936 1517 una
2957 1462 3135 1531 aliqua
3162 1462 3432 1532 particula
3461 1472 3515 1516 et
3536 1475 3599 1516 ea
3632 1477 3741 1513 ne-

2139 1552 2409 1619 gligenter
2440 1554 2698 1622 perlecta,
2725 1554 2820 1608 sed
2858 1553 3113 1609 omnibus
3160 1556 3456 1622 prudenter
3485 1562 3539 1606 et
3570 1563 3739 1607 caute
3772 1599 3781 1604 .

2140 1641 2412 1707 decursis,
2436 1643 2645 1698 medius
2695 1645 2982 1697 ambarum
3032 1645 3265 1711 partium
3302 1644 3467 1713 judex
3520 1646 3738 1706 sedeat,

2141 1740 2303 1798 atque
2368 1733 2438 1786 ita
2490 1734 2559 1789 de
2607 1734 2860 1789 omnibus
2915 1737 3241 1790 sententiam
3304 1736 3463 1790 ferat.
3525 1737 3741 1805 Aperta

451 1833 560 1888 est,
590 1825 709 1879 sine
754 1826 935 1882 medio
976 1828 1148 1896 ipsum
1184 1829 1483 1898 procedere
1521 1830 1814 1883 allirmant.
1864 1827 2040 1895 Atque
2072 1864 2117 1924 Β
2144 1826 2288 1878 enim
2310 1824 2432 1878 fidei
2481 1825 2617 1878 ratio
2642 1836 3071 1895 sanctorumque
3088 1827 3331 1883 doctrina
3351 1829 3596 1896 exposita
3621 1835 3741 1881 est.

451 1916 764 1986 illiquidem
800 1934 990 1985 unum,
1015 1930 1071 1972 et
1103 1920 1608 1989 intemporalem,et
1637 1931 1899 1973 :eternurn
1921 1918 2043 1988 Spi-

448 2012 587 2064 ritus
619 2027 955 2080 processum.
989 2015 1286 2069 S'Cttudttm
1335 2028 1494 2083 quem
1535 2028 1599 2066 ex
1629 2010 1790 2067 Patre
1842 2026 1939 2081 per
1959 2008 2048 2065 Fiv

448 2101 583 2154 limn
617 2104 948 2171 procedit,et
980 2106 1064 2160 his
1088 2105 1177 2175 qui
1213 2108 1513 2161 secundum
1552 2117 1761 2173 tempus
1792 2112 2045 2175 possunt,

449 2199 797 2265 agnoscitur,
844 2197 1116 2266 fatentur;
1180 2215 1284 2252 non
1340 2198 1483 2251 enim
1546 2198 1723 2267 prodit
1796 2196 1848 2251 in
1911 2206 2046 2250 tem-

450 2304 586 2357 pore
628 2290 774 2361 quod
831 2292 1081 2362 procedit
1149 2308 1214 2348 ex
1284 2290 1415 2356 Deo,
1449 2290 1667 2345 etiamsi
1704 2290 1758 2342 in
1801 2301 2045 2358 tempore

450 2384 704 2438 videatur
763 2385 999 2452 operari.
1062 2384 1127 2438 lli
1193 2394 1422 2450 autem,
1480 2385 1625 2452 quod
1688 2395 1782 2447 per
1845 2377 2042 2433 Filium

452 2475 658 2529 dicitur
705 2475 1029 2545 procedere,
1073 2475 1427 2546 temporalem
1482 2472 1772 2542 queuulaat
1819 2484 2043 2540 proces-

451 2584 573 2620 sum
604 2568 893 2636 designarc
926 2569 1115 2622 dicunt
1148 2584 1163 2621 :
1197 2584 1261 2622 ac
1296 2567 1591 2634 procedere
1614 2563 1874 2627 Verbum,
1899 2564 2042 2631 quod

451 2670 644 2709 omnes
677 2656 913 2725 Spiritus
946 2656 1119 2710 sancti
1142 2655 1469 2711 substantia:
1500 2653 1925 2722 significativum
1950 2669 2043 2707 ac-

453 2757 740 2816 ceperunt,
791 2758 851 2801 ut
887 2748 1115 2819 intelligi
1184 2751 1363 2811 datur,
1413 2746 1514 2816 ipsi
1567 2745 1883 2808 diiliteutur,
1915 2747 2040 2799 dum

458 2851 779 2905 processum
810 2837 961 2892 illum
984 2839 1340 2907 temporalem
1365 2838 1546 2893 dicere
1572 2846 1877 2904 coguntur:
1910 2834 2038 2905 quin

461 2926 597 2983 hinc
631 2943 848 2999 quoque
898 2929 1037 2984 Filio
1079 2940 1132 2984 et
1170 2929 1399 3000 Spiritui
1434 2927 1753 2999 temporalia
1788 2928 2035 2995 quardam

455 3018 716 3074 accedere
752 3037 765 3074 :
804 3020 877 3073 illi
907 3020 1161 3091 quidem,
1189 3024 1357 3083 dare;
1392 3020 1515 3074 huic
1569 3031 1769 3084 autem,
1811 3018 1935 3072 dari
1973 3020 2039 3071 ab

454 3108 549 3165 illo
578 3117 744 3178 atque
768 3113 931 3175 mitti,
970 3110 1157 3165 dicere
1186 3121 1471 3180 cogentur.

2153 1914 2420 1984 Atqueita
2446 1926 2623 1985 utquo
2663 1914 2853 1971 fierent
2872 1918 3162 1986 apertiora,
3189 1918 3378 1976 eadem
3410 1919 3493 1972 bis
3517 1928 3743 1987 terque,

2151 2022 2212 2062 ac
2230 2005 2445 2077 saepius,
2466 2010 2696 2078 repetita
2719 2019 2845 2064 sunt
2871 2026 2888 2064 :
2909 2010 3151 2080 nihilque
3172 2011 3468 2077 curiosum,
3500 2011 3583 2064 vel
3613 2027 3710 2063 am
3730 2042 3746 2051 -

2154 2095 2415 2149 bitionem
2447 2110 2511 2150 ac
2539 2097 2859 2166 jactanliam
2919 2099 3171 2154 redolens
3201 2100 3254 2153 in
3294 2100 3603 2165 huiusmodi
3635 2115 3746 2168 ap-
3790 2131 3807 2144 ο

2149 2197 2304 2255 paret
2355 2189 2697 2258 expositione
2740 2208 2753 2243 :
2808 2205 2985 2259 neque
3038 2191 3237 2267 aliquid
3290 2191 3742 2262 syllogismoruttt

2148 2278 2470 2349 adjunctum
2536 2291 2669 2337 est:
2710 2283 2811 2338 nisi
2849 2283 3051 2353 aliquid
3102 2292 3306 2353 aperte,
3364 2293 3420 2337 et
3463 2285 3609 2351 quod
3663 2284 3745 2336 ab

2149 2375 2402 2429 omnibus
2459 2390 2774 2431 concessum
2817 2385 2984 2441 esset,
3036 2381 3379 2446 sequeretur.
3424 2373 3625 2429 Verum
3665 2389 3743 2430 ex

2149 2464 2283 2533 ipsis
2334 2466 2637 2523 Salvatoris
2680 2469 2885 2535 verbis,
2927 2483 3228 2532 eorumque
3270 2468 3742 2539 expositionibus,

2149 2571 2260 2611 uta
2289 2561 2497 2615 sanctis
2532 2560 2785 2616 Patribus
2809 2560 3035 2632 digesta).
3069 2571 3217 2626 sunt,
3258 2566 3512 2615 constant
3545 2561 3738 2613 omnia

2148 2650 2400 2718 praedicta
2433 2671 2447 2707 :
2484 2668 2552 2706 ne
2582 2652 2705 2723 quis
2752 2668 2850 2708 nos
2904 2654 2955 2706 in
2985 2651 3335 2721 persuasione
3363 2652 3612 2705 humanae
3641 2665 3737 2703 sa-

2146 2740 2366 2809 pientia}
2394 2759 2610 2798 crucem
2636 2744 2839 2799 Christi
2892 2760 3154 2799 evacuare
3210 2745 3370 2809 dicat,
3406 2746 3743 2812 inanemque

2146 2834 2590 2901 praedicationem
2641 2835 2842 2898 facere,
2877 2836 2922 2890 si
2985 2837 3083 2890 has
3136 2837 3375 2904 argutias
3408 2850 3739 2904 persequar,

2146 2941 2265 2994 quae
2318 2928 2735 2985 adolescentulis
2783 2942 2999 2997 quoque
3048 2938 3191 2982 noue
3245 2937 3390 2994 sunt,
3448 2927 3573 2981 inde
3610 2927 3740 2997 glo-

2144 3019 2281 3074 riam
2307 3021 2605 3090 inanesque
2639 3019 2981 3075 rumusculos
3020 3034 3314 3087 aucupans.

2217 3111 2350 3177 Quis
2380 3112 2521 3165 enim
2551 3111 2767 3181 ignorat
2797 3112 2964 3167 Deum
3002 3125 3177 3180 neque
3208 3125 3376 3178 genus
3407 3125 3530 3165 esse
3552 3126 3741 3180 neque

529 3204 705 3273 Atque
730 3204 806 3258 illi
827 3204 1044 3273 quidem
1062 3204 1240 3260 Patris
1259 3204 1441 3258 omnia
1463 3203 1884 3274 propria,atque
1904 3218 2042 3275 prae-
2071 3199 2119 3260 C
2151 3204 2412 3274 speciem,
2457 3218 2634 3274 neque
2665 3204 2718 3256 in
2752 3204 2838 3258 his
2883 3203 3016 3272 ipsis
3039 3204 3328 3265 contineri,
3378 3202 3470 3257 sed
3505 3202 3736 3257 initium

452 3280 617 3364 ctpua
646 3293 843 3349 Filium
875 3295 1080 3351 habere
1109 3306 1383 3360 asserunt,
1408 3305 1603 3367 prmter
1620 3296 1795 3351 solum
1820 3296 2035 3352 Patrem

453 3403 615 3446 osse;
643 3402 769 3442 esse
798 3396 981 3441 autem
1028 3386 1222 3443 Filium
1252 3388 1371 3443 sine
1410 3389 1741 3458 patet-nitate
1777 3389 1916 3449 sola.
1948 3398 2034 3441 at-

454 3495 562 3548 que
588 3482 646 3558 in
670 3495 736 3535 eo
759 3479 877 3534 solo
900 3477 1160 3548 differre;
1191 3480 1297 3535 alia
1330 3490 1510 3536 autem
1537 3481 1745 3546 ouiuia,
1774 3481 1851 3534 illi
1885 3496 2035 3536 eom-

459 3574 720 3640 muniter,
751 3584 798 3627 et
837 3574 1043 3643 absque
1076 3573 1180 3627 ulla
1232 3573 1495 3627 varietate
1523 3575 1736 3627 adesse.
1762 3570 1826 3626 ili
1855 3585 2035 3627 autem

464 3666 566 3718 ista
602 3664 891 3719 manifeste
918 3676 1138 3736 negant.
1184 3664 1249 3719 Et
1282 3665 1594 3733 illiquidem
1629 3664 1892 3735 genitoris
1919 3662 2040 3733 Spio

453 3757 618 3813 ritum
646 3759 812 3813 etiam
843 3756 1037 3812 Filium
1072 3758 1272 3812 habere
1313 3759 1660 3826 confitentur,
1686 3753 1917 3825 propria:
1946 3771 2039 3808 na—

453 3858 592 3903 tura:
651 3849 876 3913 bonum,
910 3848 1367 3916 quemadmodum
1405 3858 1459 3900 et
1505 3844 1691 3901 Pater.
1741 3843 1804 3899 Hi
1852 3855 2035 3899 autem

406 3964 417 3978 -
456 3933 656 3991 habere
682 3936 901 4006 quidem
954 3937 1127 4001 illum,
1161 3938 1255 3992 sed
1307 3953 1412 3993 non
1451 3938 1642 3992 eodem
1680 3939 1859 4003 modo,
1899 3953 2036 3991 con-

454 4029 707 4084 tendunt.
741 4030 1014 4100 Atqueilli
1048 4031 1271 4100 quidem
1307 4029 1573 4101 Spiritum
1606 4047 1670 4085 ex
1697 4028 1820 4085 Filii
1847 4048 2037 4085 essvn-

454 4121 552 4186 tia,
580 4133 679 4189 pro
713 4133 778 4175 eo
808 4119 951 4189 quod
975 4127 1079 4187 est,
1104 4135 1169 4176 ex
1206 4118 1506 4175 substantia
1525 4119 2041 4193 [hypostasiLaflir-

454 4220 605 4264 maut
628 4225 748 4266 esse
773 4229 787 4264 :
818 4210 960 4264 sicut
988 4221 1039 4266 et
1063 4211 1206 4281 quod
1233 4227 1300 4267 ex
1331 4211 1510 4266 Patris
1536 4212 1772 4267 essentia
1788 4200 2039 4267 substan-

450 4305 583 4356 tiam
621 4310 905 4372 pouentes,
934 4313 987 4357 et
1016 4303 1371 4360 substantiam
1395 4304 1612 4373 quidem
1632 4305 1750 4359 sine
1772 4306 2032 4372 essentia,

450 4397 749 4448 essentiam
788 4409 915 4448 vero
942 4394 1062 4448 sine
1090 4394 1399 4450 substantia
1428 4396 1611 4449 dicere
1633 4404 1921 4466 coguntur.
1951 4395 2032 4451 illi

450 4490 593 4558 quod
612 4488 807 4544 dicitur
830 4503 893 4543 ex
917 4487 1037 4542 Filii
1063 4490 1321 4555 essentia,
1346 4503 1562 4544 causam
1587 4490 1804 4558 signare
1825 4494 2030 4557 dicunt,

450 4585 495 4636 si
522 4581 737 4651 etquod
765 4582 966 4637 dicitur
993 4596 1055 4637 ex
1079 4580 1259 4636 Patris
1286 4584 1550 4649 essentia,
1583 4583 1941 4654 similiterque
1965 4603 2029 4640 ex

450 4672 590 4728 Filio
612 4674 773 4728 sicuti
795 4674 959 4728 etiam
979 4688 1041 4728 ex
1064 4670 1245 4739 Patre,
1283 4672 1544 4741 Spiritum
1575 4677 1889 4743 procedere.
1916 4676 2029 4744 Isti,

449 4775 509 4820 et
541 4765 698 4821 \alde
755 4765 1113 4820 reluctantur.
1149 4762 1255 4829 illi,
1292 4766 1407 4819 sola
1456 4782 1634 4821 causze
1691 4751 2035 4840 c'ausalisque

453 4859 689 4922 ratiOne,
712 4857 941 4912 'divinas
971 4856 1211 4912 discerni
1244 4858 1310 4911 ab
1358 4857 1589 4912 invicem
1630 4875 1911 4930 personas.
1946 4864 2032 4927 lli,

454 4964 563 5003 non
610 4950 725 5003 sola
762 4950 973 5003 dicunt.
1025 4946 1104 5002 Illi
1160 4948 1569 5016 generationem
1625 4950 1818 5016 solam,
1854 4951 2033 5007 Patris

457 5041 819 5097 substantialc
844 5050 1073 5109 ponunt.
1114 5040 1176 5094 ili
1205 5052 1439 5110 quatuor
1477 5040 1622 5096 illius
1655 5042 2033 5101 substantialia

454 5149 578 5190 esse
611 5135 818 5197 volunt,
863 5150 927 5189 ex
954 5132 1152 5199 quibus
1210 5135 1302 5197 sit,
1340 5133 1625 5204 ingenitum
1660 5152 1790 5200 esse,
1834 5147 1883 5190 et
1922 5139 2033 5192 sine

458 5227 742 5297 principio.
778 5227 858 5279 illi
893 5228 1199 5294 producere
1239 5227 1602 5281 substantiale
1638 5229 1784 5283 nulla
1822 5232 2033 5284 ratione

455 5335 579 5376 esse
604 5320 824 5385 dicunt;
847 5326 1036 5372 contra
1066 5317 1144 5383 hi,
1163 5318 1523 5373 substantiale
1547 5334 1886 5390 asserentes;
1921 5326 2031 5379 bel-

459 5415 572 5467 lum
614 5413 760 5467 enim
807 5410 1246 5480 pertinacissime
1299 5414 1625 5481 suscipiunt.
1674 5415 1773 5481 llli,
1828 5432 1930 5471 non
1964 5436 2028 5473 ex

456 5507 573 5559 solo
607 5503 766 5555 Patre
798 5498 1092 5569 procedere
1132 5501 1411 5570 fatentur;
1451 5505 1536 5560 isti
1571 5522 1637 5561 ex
1677 5508 1793 5563 solo
1822 5521 1875 5564 et
1907 5526 2029 5566 seu.

456 5598 621 5660 tiunt,
641 5607 694 5650 et
713 5592 977 5649 scribunt.

529 5684 737 5739 (lmitto
767 5687 908 5741 enim
955 5703 1073 5756 qua:
1108 5688 1158 5743 in
1204 5693 1500 5760 prannissis
1539 5694 1944 5749 evidentissima
1971 5710 2028 5749 se

452 5775 683 5845 ingerit,
712 5779 914 5832 variam
942 5782 1224 5853 utriusque
1254 5785 1420 5851 partis
1441 5800 1697 5856 pugnam,
1732 5796 1896 5853 atque
1926 5786 2028 5839 dif-

452 5866 763 5934 ferentiam,
820 5882 874 5927 ct
907 5889 1023 5943 qua:
1075 5877 1250 5929 cxhis
1294 5887 1626 5946 sequuntur;
1688 5892 1803 5946 qua:
1842 5880 2026 5933 omnia

2145 3296 2257 3365 ipse
2282 3310 2407 3350 cum
2431 3297 2500 3350 sit
2524 3296 2788 3361 omnium,
2820 3304 2984 3364 atque
3007 3295 3260 3348 omnibus
3294 3311 3518 3366 prorsus
3542 3296 3733 3350 excel-

2142 3385 2442 3442 lentissime
2460 3389 2729 3450 eminens,
2756 3388 3092 3442 documentis
3108 3388 3363 3443 omnibus
3393 3389 3738 3457 superiOreur

2142 3477 2297 3531 esse?
2325 3475 2435 3531 Etsi
2471 3478 2612 3531 enim
2642 3476 2810 3532 Deum
2838 3493 2958 3531 esse
2991 3478 3265 3542 novimus,
3286 3478 3414 3548 quid
3442 3488 3623 3531 tamen
3658 3479 3738 3533 sit

2143 3569 2491 3638 ignoramus;
2523 3583 2628 3623 non
2664 3579 2867 3633 tamen,
2911 3569 3167 3635 quoniam
3211 3569 3340 3639 quid
3395 3571 3466 3625 sit
3506 3570 3737 3639 ignora-

2149 3678 2272 3717 mus
2299 3663 2420 3717 ideo
2445 3663 2863 3733 profundiss'ima
2894 3664 3213 3733 ignorantia:
3233 3674 3392 3720 nocte
3408 3664 3740 3734 caligantes,

2143 3754 2277 3809 nihil
2310 3756 2534 3810 onmiuo
2564 3756 2632 3810 de
2668 3756 2777 3809 Deo
2801 3767 2988 3810 nostro
3011 3756 3215 3810 scimus
3242 3745 3473 3825 {neque
3496 3772 3627 3824 ergo
3649 3768 3738 3810 te-

2145 3858 2283 3911 tum,
2318 3858 2380 3901 ut
2408 3856 2491 3901 est
2540 3845 2685 3901 scire
2714 3861 2889 3916 neque
2923 3846 3137 3916 penitus
3176 3846 3386 3902 nescire
3417 3863 3534 3910 nos,
3578 3850 3736 3918 inge-

2144 3955 2249 3994 nue
2276 3940 2545 4002 fatemur;
2582 3938 2628 3994 si
2666 3944 2811 3995 enim
2860 3939 2997 3993 nihil
3030 3941 3254 3995 omnino
3285 3939 3514 4002 scimus,
3545 3940 3733 3995 inanis

2142 4033 2249 4086 erit
2278 4031 2407 4086 fides
2434 4041 2658 4098 nostra;
2686 4041 2741 4087 et
2761 4031 2806 4087 si
2832 4031 3045 4087 divinos
3081 4031 3205 4086 illos
3236 4047 3575 4101 arcanosque
3599 4049 3729 4096 pro—

2143 4137 2331 4178 cessus
2384 4125 2732 4190 conlitemur,
2761 4124 3041 4194 quomodo
3084 4134 3267 4179 tamen
3301 4123 3353 4178 id
3403 4124 3499 4188 sit,
3551 4140 3734 4192 neque

2144 4216 2349 4279 dicere,
2402 4231 2577 4286 neque
2613 4216 2916 4287 intelligere
2953 4230 3266 4287 possumus,
3296 4226 3355 4271 ut
3392 4217 3504 4286 ipse
3536 4231 3597 4270 se
3647 4215 3733 4287 ip-

2141 4323 2260 4362 sum
2297 4306 2436 4364 Deus
2468 4308 2640 4363 novit.

2212 4399 2481 4455 Caeterum
2533 4401 2879 4456 nativitatem
2918 4402 3137 4471 quidem
3183 4401 3439 4465 alterum,
3485 4400 3725 4454 alterum

2142 4506 2274 4547 vero
2308 4494 2750 4560 processionem;
2782 4500 2838 4548 et
2867 4493 3017 4547 illum
3044 4494 3262 4563 quidem
3287 4491 3553 4563 genitum,
3579 4491 3731 4548 hunc

2141 4596 2320 4641 autem
2359 4588 2779 4654 procedentem;
2814 4596 2869 4642 et
2899 4585 3048 4639 illum
3083 4584 3309 4651 Filium,
3355 4585 3502 4639 hunc
3546 4583 3729 4650 Spiri-

2144 4688 2279 4743 tum,
2317 4676 2581 4743 illmnque
2620 4677 2741 4731 sine
2779 4676 2962 4732 medio
3000 4691 3065 4730 ex
3104 4676 3304 4747 primo,
3361 4678 3506 4729 hunc
3537 4686 3724 4729 autem

2139 4783 2237 4836 per
2278 4782 2400 4822 eum
2447 4769 2628 4836 ipsum
2661 4768 2752 4836 qui
2788 4775 2871 4822 est
2906 4768 3252 4822 conitinenter
3279 4782 3345 4823 ex
3384 4767 3560 4836 primo
3577 4780 3727 4831 esse,

2138 4876 2262 4914 cum
2291 4874 2320 4913 a
2371 4860 2477 4913 fide.
2502 4860 2618 4930 ipsa
2654 4870 2709 4915 et
2739 4874 2771 4913 a
2814 4860 3022 4914 sanctis
3052 4859 3305 4914 Patribus
3334 4861 3409 4915 ita
3444 4860 3729 4929 acceperi-

2141 4964 2282 5016 mus,
2310 4949 2607 5006 credimus.
2643 4949 2858 5013 Quibus
2890 4949 3169 5018 subjectis,
3211 4950 3538 5006 Trinitatem
3583 4966 3723 5004 con-

2138 5041 2374 5106 fitemur,
2421 5056 2597 5110 neque
2663 5051 2883 5110 propter
2936 5056 3201 5111 personas
3274 5041 3537 5095 unitatem
3584 5041 3728 5093 divi-

2138 5135 2345 5201 dentes,
2391 5148 2564 5203 neque
2609 5148 2872 5203 personas
2926 5145 3150 5203 propter
3181 5133 3441 5188 unitatem
3488 5133 3727 5188 confun-

2134 5228 2342 5283 dentes.

2205 5321 2323 5376 Non
2385 5322 2530 5375 enim
2588 5338 2710 5376 cum
2769 5321 2836 5375 de
2894 5321 3045 5374 hisce
3106 5320 3356 5374 doctores
3416 5318 3719 5383 disserunt,

2133 5412 2340 5467 Christi
2366 5428 2584 5467 crucem
2616 5421 2907 5475 evacuaut,
2956 5411 3228 5479 fidemque
3264 5412 3318 5464 in
3352 5409 3719 5479 persuasione

2135 5506 2389 5559 humana:
2422 5506 2703 5574 sapientia:
2743 5506 3074 5559 annuntiant
3102 5522 3116 5559 :
3148 5519 3480 5572 miniiquam,
3518 5504 3611 5573 qui
3640 5505 3716 5559 ita

2132 5599 2393 5668 loquitur,
2432 5599 2475 5653 si
2521 5599 2746 5652 omnino
2777 5598 3121 5669 syllogismos
3150 5608 3205 5651 et
3238 5596 3714 5651 ratiocinationem

2134 5693 2295 5758 tollit,
2344 5694 2581 5758 primum
2612 5692 2830 5759 quidem
2878 5691 3022 5760 quod
3056 5692 3306 5745 humana:
3350 5700 3555 5744 natura:
3586 5704 3718 5758 pro-

2132 5786 2315 5852 prium,
2343 5793 2449 5847 est,
2484 5783 2874 5852 hominumque
2912 5782 2978 5836 ad
3009 5782 3238 5836 invicem
3272 5788 3587 5835 consuetam
3619 5779 3707 5832 io-

2133 5874 2404 5929 cutioucm
2438 5882 2487 5927 et
2519 5875 2951 5929 communionem
2984 5888 3143 5929 unam
3170 5873 3345 5929 aufert
3380 5892 3391 5927 :
3432 5871 3711 5942 culpabit-5
