4052 6456
317 425 423 492 185

1399 434 1821 519 ΑΙΝΕΠΞΠΞ¹
1846 436 2165 501 (ΞΒΧΕΟΟΞ
2196 442 2350 502 LIB.
2390 442 2533 505 IlI.'

3490 452 3593 516 186

311 559 418 614 que
464 545 681 600 beatum
724 544 947 602 Paulum
999 560 1092 603 eos
1133 547 1531 618 increpantem,
1561 552 1654 622 qui
1697 568 1792 621 per
1822 568 1885 607 ea
1918 555 1970 614 A
1994 568 2117 624 quae
2148 557 2217 613 de
2246 557 2352 613 ﬁde
2383 575 2640 618 concessa
2677 569 2824 630 sunt,
2861 577 2982 634 qua:
3007 573 3197 643 aperte
3251 567 3454 638 scripta
3482 586 3589 623 non

310 652 433 709 quae
465 638 723 695 videntur
760 640 830 695 de
859 641 968 695 Deo
997 642 1253 712 colligere
1278 644 1658 700 ratiocinando
1694 645 1895 715 nequi-

312 735 528 793 verunt,
558 738 612 782 et
634 730 702 785 tle
722 732 986 786 creaturis
1007 733 1325 790 Creatorem
1347 748 1582 791 noscere
1606 739 1670 793 ¹⁰.
1701 739 1898 810 Cttlpa~

315 818 392 872 bit
414 829 468 874 et
497 821 778 890 theologos
794 824 910 879 sive
933 825 1003 880 de
1029 827 1509 891 substantialibus,
1531 829 1649 885 sive
1675 832 1740 884 de
1762 833 1897 887 divi-

317 913 401 967 nis
436 917 779 980 processibus
804 918 1168 986 disserentes;
1198 919 1496 977 Salvatoris
1540 924 1897 982 nihilominus

240 1008 247 1027 '
317 1009 637 1060 sententiam
664 1009 841 1074 tollet,
865 1011 1179 1081 Scripturas
1225 1013 1509 1084 jubeutem
1539 1019 1893 1085 paret-rotari.

387 1097 572 1167 Neque
604 1103 749 1156 enim
781 1105 1073 1160 obscurum
1115 1117 1218 1173 est,
1267 1122 1413 1174 eum,
1461 1112 1551 1180 qni
1579 1110 1897 1180 Scripturas

319 1201 716 1260 perscrutatur,
744 1195 1070 1266 colligendo,
1096 1210 1151 1254 et
1176 1200 1559 1256 ratiocinando
1581 1202 1848 1257 lecturum
1877 1222 1893 1261 :

302 1276 446 1353 'quin
473 1286 645 1355 ipsum
676 1304 894 1359 quoque
927 1293 1244 1358 Dominum,
1278 1296 1368 1363 qui
1404 1295 1891 1368 diligenterinspi-

321 1378 429 1433 ciat
452 1378 763 1436 ratiocinari
804 1382 1224 1447 animadvertet,
1285 1400 1408 1455 puta
1442 1404 1567 1441 cum
1600 1388 1788 1456 infert,
1818 1391 1897 1445 di-

321 1483 493 1526 cens:
526 1471 591 1526 Si
633 1483 807 1529 autem
862 1493 954 1545 ego
977 1479 1031 1531 in
1063 1477 1229 1548 digito
1293 1482 1387 1535 Dei
1429 1481 1585 1549 ejicio
1610 1484 1896 1550 daemonia,

320 1563 548 1632 profecto
575 1568 807 1629 pervenit
839 1569 887 1623 in
916 1586 1006 1625 vos
1035 1586 1252 1641 regnum
1278 1572 1378 1626 Dei
1430 1575 1470 1606 “
1496 1592 1512 1640 ;
1552 1584 1606 1629 et
1634 1594 1648 1631 :
1691 1577 1754 1631 Si
1791 1576 1895 1630 Sa-

325 1665 475 1708 tanas
503 1654 762 1712 Satanam
791 1661 958 1729 ejicil,
994 1678 1117 1733 ergo
1142 1664 1346 1719 diuisus
1377 1675 1492 1730 est;
1525 1684 1679 1722 autne
1717 1681 1894 1723 autem

323 1764 538 1818 regnum
561 1751 615 1805 in
637 1769 695 1806 se
717 1754 830 1822 ipso
853 1756 1105 1819 divisum,
1130 1757 1407 1812 desolatur
1434 1760 1476 1792 ¹¹
1500 1751 1523 1825 ;’
1547 1771 1603 1814 et
1640 1777 1855 1814 rursum
1881 1778 1895 1815 :

230 1914 235 1918 ἢ
322 1840 508 1913 Itaque
528 1860 630 1897 non
660 1855 738 1900 est
762 1858 1090 1902 mortuorum
1119 1849 1280 1913 Deus,
1303 1852 1396 1905 sed
1426 1853 1663 1906 vivorum
1696 1854 1761 1906 ”.
1789 1854 1853 1907 Et
1881 1871 1894 1909 :

323 1934 385 1991 Si
414 1937 516 2004 ﬁlii
540 1938 808 1993 Abraham
855 1945 1060 2008 essetis,
1103 1960 1266 2012 opera
1297 1944 1567 2000 Abraham
1595 1948 1842 2016 faceretis
1876 1963 1892 2006 ζ

321 2044 459 2082 nunc
499 2024 672 2083 autem
707 2033 946 2099 quaeritis
995 2052 1077 2090 me
1120 2036 1446 2105 interﬁcere:
1474 2039 1570 2092 hoc
1624 2038 1897 2093 Abraham

318 2135 421 2174 non
457 2121 577 2188 fecit
613 2121 689 2189 “;
723 2134 775 2179 et
807 2141 822 2177 :
849 2123 910 2180 Si
936 2142 1055 2196 ergo
1094 2144 1207 2194 vos,
1236 2146 1355 2182 cum
1389 2132 1505 2184 sitis
1546 2131 1699 2195 mali,
1729 2133 1897 2184 nostis

318 2213 452 2267 bona
472 2214 599 2280 data
620 2216 746 2270 dare
770 2219 898 2283 [iliis
919 2222 1102 2274 vestris
1136 2238 1155 2274 :
1177 2233 1376 2292 quanto
1405 2224 1572 2292 magis
1600 2222 1761 2277 Pater
1791 2240 1901 2278 ves-

322 2317 397 2360 ter
424 2306 661 2376 ctrlestis,
715 2326 838 2364 cum
868 2311 940 2365 sit
980 2310 1177 2379 bonus,
1219 2315 1357 2369 bona
1391 2316 1540 2369 dabit
1599 2308 1898 2385 petentibus

322 2411 439 2450 eum
470 2397 556 2452 "i
596 2410 650 2454 et
685 2416 806 2470 quae
841 2403 989 2457 talia.

399 2488 613 2557 Deinde,
647 2502 700 2547 et
732 2509 793 2550 se
835 2494 1008 2564 ipsum
1038 2497 1306 2551 destruet.
1369 2495 1508 2551 Nam
1565 2512 1686 2566 quae.
1708 2507 1900 2553 contra

340 2582 786 2640 ratiocinationem
834 2588 995 2652 dixit,
1054 2590 1170 2645 huic
1222 2590 1600 2644 ratiocinando
1649 2591 1766 2645 ait:
1795 2591 1898 2645 nisi

340 2673 455 2741 quis
483 2690 593 2730 eum
628 2694 732 2733 non
759 2680 1097 2744 ratiocinari,
1124 2683 1218 2735 sed
1252 2698 1280 2735 a
1312 2684 1525 2736 ratione
1556 2684 1779 2737 deviare
1800 2700 1899 2753 po-

333 2770 438 2823 tius
467 2771 567 2826 ista
601 2772 868 2828 dicentem
921 2777 1233 2842 pronuntiet
1262 2793 1275 2829 :
1307 2777 1451 2844 quod
1496 2776 1543 2832 si
1586 2777 1898 2846 hnjusmodi

328 2862 792 2920 ratiocinationem
824 2866 876 2920 in
918 2865 1027 2920 Deo
1064 2877 1274 2922 tantum
1320 2867 1597 2935 prohibet,
1642 2880 1900 2935 cunctam

323 2966 637 3013 sanctorum
681 2961 927 3016 destruet
958 2960 1290 3032 theologiam
1317 2976 1332 3015 :
1360 2970 1415 3016 et
1445 2977 1566 3015 eam
1598 2961 1654 3015 in
1700 2962 1900 3031 primis

325 3069 489 3121 quam
528 3055 713 3109 contra
747 3056 1126 3113 haereticorum
1159 3074 1382 3117 errores
1416 3057 1745 3115 dimicantes
1777 3060 1902 3114 dili-

329 3148 565 3216 gentius,
588 3149 948 3222 subtiliusque
1001 3153 1471 3223 conscripserunt,
1502 3150 1743 3221 solisque
1768 3167 1900 3207 sen—

2004 663 2153 717 sunt,
2186 657 2464 725 peribunt.

2071 745 2298 814 Verum,
2354 749 2400 804 si
2460 750 2583 817 quis
2640 750 2861 816 dixerit,
2921 750 2983 805 Si
3024 752 3278 819 possibile
3334 756 3403 806 sit
3442 754 3589 808 inve-

2000 839 2105 894 niri
2131 840 2499 909 syllogismum
2541 843 2941 897 concludentem
2978 843 3042 897 de
3081 843 3396 912 Srripluris,
3426 846 3590 899 etiam

1999 946 2064 987 ea:
2120 932 2265 987 Filio
2319 951 2430 989 esse
2491 935 2751 1004 Spiritum
2818 949 3083 1000 sanctum,
3137 948 3188 992 et
3246 945 3428 993 arabas
3491 941 3593 993 hn-

1999 1026 2199 1081 btmtem
2238 1029 2658 1095 propositiones,
2700 1029 2836 1082 hunc
2866 1045 2983 1100 ego,
3019 1038 3078 1082 ut
3107 1031 3320 1083 veritati
3355 1032 3591 1084 maxime

1999 1133 2394 1194 congruentem,
2459 1125 2803 1178 libentissime
2855 1124 3214 1192 susciperem;
3259 1124 3405 1177 hunc
3464 1140 3589 1192 pro-

2001 1216 2144 1272 iecto
2175 1219 2226 1271 in
2267 1217 2352 1272 his
2375 1232 2495 1285 qua:
2524 1217 2670 1272 dicta
2710 1226 2861 1284 sunt,
2894 1217 3099 1287 liquido
3128 1216 3397 1285 reperiet;
3420 1213 3592 1270 Filius

2000 1309 2203 1380 quippe
2237 1325 2303 1364 ex
2337 1311 2501 1365 Patre
2541 1310 2844 1377 accipiens,
2899 1318 2953 1363 et
2982 1309 3234 1372 audiens,
3269 1307 3339 1362 ab
3371 1325 3436 1362 eo
3465 1323 3590 1362 esse

2003 1401 2189 1456 habet.
2219 1398 2457 1455 Sanctus
2480 1384 2664 1456 anlem
2724 1401 2962 1470 Spiritus
2986 1416 3013 1454 a
3038 1398 3181 1456 Filio
3211 1402 3384 1464 audit,
3417 1411 3472 1455 et
3505 1416 3595 1453 ac-

2001 1493 2154 1561 cipit.
2189 1492 2428 1559 Spiritns
2475 1504 2701 1547 sanctus
2728 1504 2860 1558 ergo
2889 1508 2919 1546 a
2947 1491 3084 1546 Filio
3114 1507 3241 1548 esse
3277 1494 3464 1547 habet.
3495 1490 3594 1559 Hie

2003 1585 2180 1656 major
2217 1586 2436 1654 quidem
2473 1585 2780 1655 propositio
2812 1586 2935 1639 ﬁdei
2984 1584 3258 1639 sententia
3296 1593 3382 1638 est
3428 1599 3442 1633 :
3492 1586 3595 1637 mi-

2002 1694 2106 1732 nor
2138 1688 2319 1734 autem
2355 1695 2371 1730 :
2400 1678 2528 1749 quia
2557 1676 2800 1748 Spiritus
2840 1686 3058 1732 sanctus
3081 1693 3114 1729 a
3146 1674 3292 1730 Filio
3330 1676 3520 1743 accipit
3546 1684 3595 1727 et

2002 1773 2154 1827 audit
2189 1782 2292 1827 :et
2338 1771 2442 1826 ista
2501 1772 2571 1826 de
2630 1770 2917 1841 principiis
2974 1770 3123 1835 iidei,
3180 1767 3621 1836 Salvatorisquc.

2004 1862 2297 1915 sententiis
2349 1868 2456 1915 est.
2504 1859 2586 1916 lta
2618 1860 2784 1931 igitur
2814 1860 3016 1920 sancti.
3052 1867 3111 1914 ut
3166 1867 3447 1912 ostensum
3486 1864 3596 1919 est,

2007 1955 2147 2010 hanc
2193 1955 2520 2011 sententiam
2571 1962 2969 2024 exposuerunt.
3026 1952 3240 2008 Idcirco
3272 1959 3327 2005 et
3365 1951 3433 2003 ab
3478 1950 3598 2018 ipso

2008 2047 2161 2102 illum
2194 2062 2316 2102 esse
2349 2046 2550 2102 habere
2577 2045 2771 2101 dicunt
2801 2054 2857 2101 ut
2889 2046 2980 2116 qui
3014 2047 3083 2100 ab
3122 2045 3242 2111 ipso
3266 2041 3526 2111 accipiat,
3544 2051 3601 2094 et

2007 2139 2217 2203 audiat,
2255 2146 2421 2207 atque
2451 2140 2770 2204 annuntiat;
2802 2145 2857 2192 et
2887 2151 3012 2193 esse
3035 2151 3101 2191 ex
3140 2134 3301 2198 Filio,
3330 2142 3387 2188 et
3418 2150 3485 2188 ex
3527 2148 3598 2187 eo

2007 2230 2251 2301 prodire,
2282 2240 2336 2294 et
2375 2243 2473 2299 per
2505 2229 2711 2299 ipsum,
2744 2238 2799 2284 et
2840 2244 2908 2284 ex
2944 2229 3065 2299 ipso
3100 2228 3424 2298 procedere,
3452 2235 3506 2278 et
3550 2226 3599 2279 si
3652 2276 3655 2277 ,

2007 2322 2138 2393 quid
2171 2322 2481 2388 huiusmodi
2504 2321 2818 2392 pratdictum
2853 2330 2957 2377 est.
2981 2321 3149 2392 igitur
3173 2318 3600 2388 cumqumsilunt

2009 2415 2379 2486 syllogismum
2429 2416 2650 2481 habeat,
2687 2413 3043 2471 contentione
3096 2409 3637 2478 desislal,'reliqt:o-

2009 2509 2155 2564 enim
2189 2509 2314 2563 huic
2344 2507 2556 2562 similes
2576 2509 2816 2577 adjicere
2850 2507 3070 2563 omitto.

2084 2578 2497 2665 Enimveroﬁsi
2540 2601 2760 2669 quidem
2811 2614 3029 2653 onmem
3081 2597 3480 2667 syllogismum,
3509 2596 3603 2664 qui

2012 2711 2119 2748 non
2154 2694 2350 2748 ambas
2383 2692 2452 2747 tle
2480 2693 2779 2761 Scripturis
2803 2690 3213 2760 propositiones
3246 2688 3433 2753 habet,
3457 2687 3597 2741 falsa

2013 2799 2167 2857 putat
2219 2786 2590 2860 concludere;
2622 2794 2679 2838 et
2737 2783 2854 2850 ipse
2878 2783 3022 2839 falso
3050 2782 3384 2851 suspicatur.
3415 2788 3472 2834 et
3504 2779 3605 2833 Ec-

2011 2880 2193 2933 clcsiic
2245 2879 2561 2948 magistros,
2591 2875 2687 2945 qui
2719 2874 2922 2930 talibus
2969 2888 3068 2943 pro
3119 2873 3353 2927 veritate
3382 2869 3438 2925 in
3488 2869 3605 2924 Deo

2012 2966 2093 3017 nsi
2126 2974 2254 3018 sunt
2293 2963 2694 3029 calumniatur;
2735 2963 2836 3017 hoc
2864 2972 3046 3017 autem
3071 2970 3311 3029 constat,
3341 2960 3486 3029 quod
3514 2973 3603 3014 se-

2012 3056 2250 3112 cundum
2292 3055 2592 3111 essentiam
2628 3070 2692 3109 ex
2724 3055 2908 3124 aliquo
2945 3055 3212 3115 nascitur.
3244 3053 3490 3123 ejusdem
3512 3067 3603 3107 es-
3682 3072 3685 3075 ·

2010 3151 2205 3217 sentiae
2226 3166 2348 3204 cum
2379 3152 2636 3220 gignente
2667 3158 2751 3205 est
2788 3146 3187 3204 :Filiusautem
3212 3163 3277 3203 ex
3312 3147 3474 3201 Patre
3504 3161 3577 3200 na

321 3241 473 3295 sibus
500 3242 802 3297 divinarum
856 3260 1034 3299 rerum
1063 3260 1321 3311 examen,
1352 3256 1412 3300 ut
1461 3245 1685 3314 intelligi
1717 3244 1898 3301 datur.
1929 3268 1976 3326 α
2011 3246 2210 3309 scitur,
2251 3242 2421 3298 Filius
2462 3257 2593 3312 ergo
2625 3241 2872 3310 ejusdem
2906 3242 3160 3296 essentia
3191 3249 3300 3303 est,
3325 3240 3482 3309 cujus
3511 3239 3607 3294 illo
3638 3268 3643 3281 μ

321 3335 619 3402 permittit;
654 3335 922 3404 aliterque
974 3353 1082 3392 non
1117 3352 1182 3393 ex
1233 3337 1399 3394 Patre
1433 3338 1550 3394 solo
1602 3339 1901 3408 procedere

321 3438 514 3498 putare
569 3428 833 3498 Spiritum
887 3442 1140 3486 sanctum
1191 3432 1588 3489 documentum
1636 3433 1901 3495 admittit,

331 3519 475 3585 quod
513 3529 572 3571 ttt
606 3520 678 3573 ita
710 3534 832 3575 esse
876 3523 1129 3590 probent,
1163 3523 1312 3577 omni
1346 3524 1562 3589 studio,
1588 3532 1643 3577 et
1684 3523 1902 3593 ingenio

321 3610 611 3666 nituntur:
648 3629 769 3677 eum
826 3630 954 3670 vero
984 3616 1147 3669 etiam
1189 3631 1253 3669 ex
1305 3615 1443 3672 Filio
1484 3632 1749 3675 asserere.
1792 3633 1901 3669 non

322 3719 478 3773 aeque
518 3705 886 3772 probationem
923 3706 1172 3771 admitti;
1206 3709 1252 3764 si
1295 3710 1445 3765 enim
1482 3709 1617 3765 illud
1650 3711 1719 3765 de
1747 3710 1902 3765 Scri-

319 3796 517 3869 pturis,
554 3806 813 3868 utputat,
852 3798 988 3854 nihil
1030 3815 1322 3872 peragens,
1368 3802 1665 3857 ostendere
1689 3802 1903 3866 nititur,

329 3887 502 3943 multo
520 3890 710 3961 magis,
740 3891 832 3961 qui
866 3890 1014 3945 illum
1037 3893 1206 3946 etiam
1225 3908 1290 3949 ex
1322 3892 1464 3948 Filio
1485 3893 1640 3958 dicit,
1660 3909 1729 3948 ex
1755 3892 1905 3949 Scri-

324 3981 501 4051 ptnris
542 3996 607 4038 ac
633 3984 969 4049 doctoribus,
1002 3985 1362 4056 omnibusth
1394 4002 1579 4044 secum
1619 4003 1726 4043 una
1764 4004 1904 4060 pug-
1936 4028 1939 4033 .

327 4072 602 4136 nantibus,
651 4075 924 4142 copiosius
963 4075 1014 4130 id
1047 4087 1102 4132 et
1135 4078 1481 4133 manifestius
1506 4080 1748 4135 docebit.
1786 4081 1907 4137 Non

325 4163 493 4233 igitur
523 4167 716 4222 malum
739 4169 964 4225 omnino
1011 4181 1118 4235 est,
1151 4174 1405 4242 probare,
1433 4174 1528 4229 sed
1549 4190 1656 4228 nou
1688 4174 1757 4229 ad
1782 4190 1909 4245 pro-

325 4258 561 4327 positum
584 4260 814 4330 propriis
845 4261 917 4315 uti
951 4262 1256 4332 principiis,
1295 4279 1360 4320 ae
1402 4275 1594 4335 putare
1623 4266 1784 4322 iidem
1808 4283 1901 4322 na-

331 4350 595 4407 turalibus
629 4353 800 4408 initiis
829 4354 1074 4424 probari,
1116 4354 1170 4410 id
1200 4357 1403 4412 malum
1436 4370 1493 4413 et
1530 4359 1905 4429 perniciosum

327 4451 432 4497 est.

404 4534 589 4602 itaque
637 4536 684 4591 is
715 4535 933 4605 quidem
982 4537 1074 4607 qui
1120 4541 1293 4592 utitur
1338 4523 1724 4599 communist
1781 4545 1903 4600 ﬁdei

2005 3337 2095 3405 qui
2131 3336 2339 3400 genuit.
2372 3336 2435 3389 Et
2467 3336 2559 3390 hic
2595 3334 2761 3404 igitur
2785 3334 2962 3387 minor
2982 3349 3049 3388 ex
3087 3333 3293 3389 nostris
3320 3341 3601 3402 assumpta

2007 3446 2134 3483 κυνῆ
2160 3439 2275 3494 est;
2313 3429 2460 3497 quod
2487 3426 2633 3483 enim
2665 3425 3466 3498 gignitur,ejusdemesscntite
3494 3434 3606 3486 est,
3638 3456 3641 3461 -

2005 3521 2160 3585 cujus
2214 3519 2305 3574 ille
2352 3519 2443 3589 qui
2481 3519 2680 3589 gignit;
2728 3533 2834 3572 non
2879 3528 3060 3572 tamen
3096 3518 3223 3572 ideo
3254 3517 3643 3588 syllogismus}

2017 3615 2216 3667 falsum
2245 3613 2298 3666 in
2329 3612 2439 3668 Deo
2474 3611 2773 3675 concludit,
2807 3620 2864 3671 et
2891 3610 2934 3664 si
2985 3610 3079 3665 Dei
3109 3609 3281 3665 Filius
3305 3609 3607 3679 perfectius
3636 3634 3642 3657 τ

2004 3718 2060 3760 et
2083 3706 2442 3762 excellentius
2491 3704 2734 3774 ejusdem
2790 3704 3045 3759 essential
3092 3718 3216 3757 cum
3255 3701 3420 3757 Patre
3471 3708 3608 3756 cono
3636 3736 3668 3747 ι.

2007 3799 2264 3868 Spicitur;
2298 3797 2524 3851 materia
2567 3796 2787 3865 quippe,
2816 3806 2869 3851 et
2903 3795 3087 3847 omnia
3125 3809 3248 3863 qua:
3270 3781 3603 3860 sequuntur,
3637 3822 3647 3837 ο

2010 3892 2138 3946 inde
2155 3889 2470 3960 longissime
2496 3900 2710 3944 remota
2730 3901 2881 3942 sunt.
2904 3883 3043 3941 Nam
3062 3887 3166 3939 nisi
3198 3883 3604 3954 propositiones
3638 3912 3643 3919 ο

2008 4000 2129 4053 quae
2147 3984 2216 4037 de
2249 3983 2457 4039 nostris
2500 3991 2815 4046 sumuntur,
2854 3994 2962 4034 non
3020 3986 3275 4047 possunt,
3317 3975 3606 4044 quodcun-

2009 4093 2116 4147 que
2144 4086 2430 4147 quteratttr
2468 4076 2525 4130 in
2561 4074 2695 4141 Deo,
2724 4075 2876 4130 sicut
2906 4082 2994 4129 est
3018 4072 3335 4137 ostendere,
3363 4086 3431 4124 eo
3461 4073 3607 4137 quod

2008 4170 2242 4225 Creator
2264 4169 2535 4225 creaturis
2558 4165 2882 4238 longissime
2901 4164 3159 4228 excellat,
3183 4162 3465 4220 conclusio
3493 4164 3605 4232 jam

2011 4265 2143 4321 falsa
2179 4274 2286 4331 est,
2336 4277 2499 4332 atque
2545 4262 2821 4318 contraria
2853 4279 2869 4314 :
2904 4262 2985 4316 sic
3015 4259 3160 4316 enim
3207 4257 3424 4313 veritati
3459 4255 3608 4310 νει-ἰ-
3640 4294 3645 4297 -

2013 4371 2095 4416 tas
2130 4360 2521 4420 reluctaretnr,
2557 4366 2612 4410 et
2650 4356 2934 4412 veritatem
2962 4354 3107 4407 Dens
3143 4353 3344 4406 veritas
3378 4350 3605 4404 collide-

2013 4462 2115 4518 ret,
2146 4462 2202 4505 nt
2250 4466 2429 4522 neque
2478 4466 2544 4505 ex
2579 4448 2892 4504 visibilihus
2934 4445 3231 4502 invisibilia
3272 4444 3421 4498 illius
3472 4458 3605 4495 con-

2013 4543 2377 4611 spiccrcntur.
2415 4556 2591 4610 neque
2620 4539 2944 4595 Creatorem
2975 4553 3040 4592 ex
3070 4546 3340 4593 creaturae
3363 4534 3613 4603 pulchri-

329 4625 636 4695 principiis,
663 4627 807 4683 circa
839 4630 889 4682 id
921 4630 1062 4698 quod
1098 4632 1337 4697 qttotidie
1366 4634 1653 4701 (ptazritur,
1678 4652 1799 4690 cum
1839 4639 1905 4694 de
1938 4610 1985 4668 D
2015 4637 2203 4690 tudine
2248 4624 2680 4702 specularentur.
2718 4632 2826 4686 ista
2864 4630 3009 4686 enim
3059 4628 3233 4694 magis
3273 4634 3527 4680 arcerent
3577 4640 3610 4678 a

324 4715 439 4772 Deo
459 4721 793 4786 proponitur,
829 4725 1215 4795 conceSsis-qne
1242 4735 1557 4780 sanctorum
1590 4731 1902 4785 sententiis.

324 4811 524 4895 quibus
546 4813 823 4880 subjectis,
845 4816 992 4870 nullo
1015 4834 1080 4872 ex
1106 4819 1190 4875 his
1215 4833 1464 4886 qttzerata
1489 4833 1635 4887 sunt,
1667 4822 1903 4891 sublato,

325 4905 596 4958 concinne
621 4908 923 4974 concludit;
958 4910 1099 4964 sicut
1142 4913 1384 4982 antiquis
1409 4911 1665 4971 Pati-ibus
1686 4917 1751 4969 de
1771 4932 1907 4971 con-

326 4997 677 5052 sobstantiali
708 4999 1097 5057 disserentibns
1143 5004 1502 5075 plurimisque
1537 5006 1660 5062 aliis
1691 5009 1757 5064 de
1805 5009 1910 5064 (ide

327 5089 723 5158 quaestionibus
767 5094 1449 5161 contingit:nihilominus
1491 5111 1544 5153 ct
1590 5100 1739 5154 illam
1769 5118 1899 5156 con-

324 5180 626 5238 clusionem
661 5182 961 5254 Scriptura:
1015 5202 1137 5242 esse
1177 5191 1530 5252 sententiam,
1563 5207 1626 5245 et
1668 5193 1772 5247 illis
1803 5197 1910 5248 sci-

241 5261 246 5265 ’
324 5276 459 5332 licet
503 5279 785 5348 principiis
827 5283 1178 5348 pendentem.
1212 5284 1526 5353 causisque,
1572 5285 1718 5339 ttnde
1747 5287 1906 5342 tincta

325 5377 417 5424 est
456 5372 732 5440 propriam
772 5373 1071 5439 fatendum,
1107 5375 1371 5444 illamque
1409 5376 1775 5446 theologicam
1809 5394 1909 5433 v0-

323 5464 642 5528 candam,et
663 5481 729 5519 ex
752 5467 831 5521 eis
852 5466 973 5536 qua:
990 5479 1116 5523 sunt
1132 5484 1160 5522 a
1188 5469 1669 5536 revelatione,esse
1689 5487 1701 5522 :
1721 5486 1915 5540 qut-.m-

327 5556 624 5611 admodum
674 5560 1014 5626 geometrica:
1082 5562 1463 5616 conclusiones
1528 5577 1558 5616 a
1625 5563 1912 5635 principiis

327 5651 642 5716 geontetrire
686 5666 795 5703 non
829 5652 1143 5721 deviautcs;
1187 5655 1428 5725 alioquin
1486 5656 1800 5727 pluris-lactt
1831 5658 1914 5713 his

2014 4731 2266 4792 veritate,
2300 4728 2366 4779 ad
2408 4742 2594 4795 quam,
2645 4741 2742 4793 per
2770 4741 2832 4781 ea
2871 4722 3125 4777 homines
3159 4721 3432 4775 adducere
3461 4718 3608 4771 Vulc-

2017 4823 2128 4876 bat.
2163 4821 2344 4889 Atque
2375 4821 2475 4872 ista
2513 4818 2772 4877 dicimus,
2807 4831 2910 4869 non
2948 4815 3091 4883 quod
3136 4813 3189 4868 in
3230 4812 3612 4882 superioribus

2014 4913 2455 4985 syllogismorum
2510 4920 2631 4963 arte
2681 4909 2761 4965 usi
2823 4907 3020 4965 simus.
3066 4904 3242 4981 ’quasi
3303 4919 3404 4958 nos
3460 4918 3611 4957 nunc

2016 5018 2251 5075 purgare
2302 5004 2619 5072 cupientes;
2673 5001 3029 5070 prazdiximns
3078 4999 3228 5073 enim
3285 5008 3608 5052 sanctorum

2014 5099 2161 5153 dicta
2216 5112 2316 5152 nos
2379 5095 2707 5165 simpliciter
2764 5095 3122 5164 exposuisse;
3193 5096 3289 5148 sed
3351 5092 3613 5162 quoniam

2017 5190 2285 5261 plerique,
2321 5188 2486 5243 veluti
2517 5188 2560 5241 si
2592 5204 2620 5242 a
2647 5186 3048 5249 disserentibus
3083 5199 3409 5239 concessum
3444 5192 3612 5247 esset,

2021 5283 2187 5337 Deum
2247 5281 2590 5337 naturalibus
2641 5280 2924 5351 principiis
2964 5279 3294 5347 subjectum,
3354 5292 3452 5346 per
3501 5279 3614 5332 Iure

2020 5376 2204 5430 dicere
2244 5375 2448 5445 aliquid
2484 5384 2767 5443 putantur,
2802 5373 3279 5442 simpliciorcsqnc
3308 5370 3610 5437 decipiunt.

2022 5466 2130 5523 Sed
2167 5469 2328 5539 hujus
2372 5483 2592 5538 quoque
2636 5466 2930 5523 voluminis
2981 5467 3264 5538 prolixitas
3303 5459 3611 5517 cohibenda

2021 5573 2126 5619 est.
2175 5561 2414 5630 Cretera,
2462 5561 2575 5616 Deo
2620 5562 2941 5625 miserante,
3003 5557 3253 5631 sequenti
3311 5566 3509 5625 quarto
3558 5558 3613 5605 ct

2022 5656 2212 5711 ultimo
2244 5655 2383 5711 libro
2412 5655 2768 5711 disseremus.

403 5828 634 5883 "nom.
675 5845 716 5894 t,
770 5828 859 5886 26.
971 5832 1008 5862 “
1046 5829 1176 5886 an.
1215 5834 1408 5899 “,20.
1524 5836 1565 5866 ¹²
1598 5834 1731 5889 ibid.
1789 5834 1873 5888 l8.
1993 5831 2251 5890 "Matth.
2300 5848 2437 5900 xxtt,
2492 5834 2581 5890 39..
2708 5834 2750 5866 “
2776 5831 2937 5888 Joan.
3013 5826 3248 5896 vm,37.
3349 5825 3603 5880 "Matth.

326 5916 426 5956 vtt.
460 5901 542 5954 Il.

3285 6019 3305 6046 \
