4052 6450
436 435 537 503 187

1125 598 3278 623 -κῌ--ι--η--Ἢ

1703 439 2103 507 ΜΛΝΗΕΜΞ
2127 445 2434 508 CALEC/E

3591 447 3690 515 188‘

1505 729 1870 817 LIBER
1946 725 2543 834 QUARTUS.

508 963 778 1059 Quoniam
814 995 997 1065 igitur,
1046 996 1270 1066 iuvante
1297 995 1538 1062 Christo,
1584 1010 1650 1050 ac
1699 996 1838 1051 duce
1891 995 2008 1062 ipsa
2040 991 2297 1052 Amculi
2380 994 2683 1062 futurum‘.
2752 994 2810 1050 Si
2885 996 3051 1065 igitur
3130 998 3325 1069 primis
3373 1000 3696 1059 sufficienter

435 1085 661 1152 pietate,
716 1084 977 1151 Spiritum
1017 1095 1266 1140 sanctum
1319 1087 1484 1140 etiam
1526 1100 1594 1140 ex
1649 1085 1786 1140 Filio
1833 1101 2021 1157 procc-

436 1176 585 1239 dere,
614 1177 884 1230 Veraciter
917 1179 1204 1244 probatum
1247 1187 1350 1239 est,
1387 1179 1586 1232 mirum
1617 1178 1861 1248 profecto
1899 1193 2020 1233 esse

436 1283 542 1320 non
596 1269 774 1334 debet,
815 1270 860 1323 si
915 1270 969 1322 in
1021 1269 1282 1341 Symbolo
1313 1271 1621 1327 communis
1673 1272 1796 1325 fidei
1852 1271 2021 1324 dictio

438 1363 529 1415 iila
573 1361 784 1428 adjecta
824 1372 942 1428 est;
986 1365 1080 1418 sed
1124 1366 1174 1418 id
1211 1367 1392 1434 potius
1420 1357 1710 1434 diligenter
1739 1364 2024 1432 inquiren-

438 1454 566 1506 dum
605 1464 708 1517 est,
741 1468 943 1510 verane
978 1471 1049 1510 an
1082 1456 1217 1510 falsa
1251 1457 1326 1512 sit
1393 1458 1483 1513 illa
1515 1457 1768 1522 adiectio.
1800 1457 1935 1513 Nam
1967 1467 2023 1515 et

437 1549 528 1614 qui
587 1547 920 1602 additionem
990 1551 1359 1614 interdixere,
1450 1551 1813 1621 adiectionem
1874 1552 2020 1619 tidei,

437 1653 808 1709 corruptaque
870 1645 1120 1714 dogmata
1184 1646 1536 1702 conscribere
1599 1648 2020 1714 prohibuerunt.

441 1732 580 1789 Nam
624 1736 676 1788 in
717 1735 993 1804 Ephesina
1036 1737 1245 1807 synodo
1296 1737 1528 1803 :Lecto,
1573 1739 1777 1808 inquit,
1829 1737 2024 1794 Niceni

438 1833 657 1886 concilii
707 1830 980 1902 ngbolo,
1026 1835 1378 1888 communiter
1423 1835 1732 1899 decernunt,
1775 1836 1896 1904 jam
1931 1854 2023 1892 ne-

439 1927 570 1977 mini
623 1924 780 1978 licere
834 1925 991 1993 [idem
1038 1925 1206 1979 aliam
1251 1929 1603 1990 conscribere,
1637 1938 1730 1982 aut
1765 1929 2024 1998 proferre,

438 2024 533 2068 aut
564 2017 772 2071 tradere
804 2019 884 2071 Itis
925 2021 1016 2085 qui
1056 2035 1122 2073 ea:
1148 2018 1380 2083 ludatis,
1412 2022 1494 2074 vel
1525 2021 1791 2090 gentibus,
1822 2037 1934 2086 seu,
1962 2035 2028 2073 ea:

439 2107 552 2159 alia
585 2108 771 2173 quavis
805 2109 994 2163 ltmresi
1022 2111 1091 2163 ad
1143 2110 1442 2165 Ecclesium
1474 2113 1729 2178 veniunt;
1783 2113 1876 2183 qui
1906 2128 2026 2166 vero

436 2197 536 2250 hoc
572 2202 985 2265 prmsutnpserit,
1010 2204 1121 2256 Itan:
1149 2213 1198 2256 et
1236 2203 1331 2256 illa
1363 2205 1604 2271 patiatur
1634 2205 1773 2274 (39).

516 2289 703 2345 Fidem
742 2294 909 2348 aliam
954 2294 1230 2351 dixerunt.
1261 2295 1463 2351 Eadem
1500 2312 1632 2352 vero
1662 2297 1941 2367 liquidius,
1973 2298 2028 2352 et

441 2386 787 2442 manifestius
819 2388 957 2443 aiias
987 2389 1230 2457 qualibet
1278 2391 1610 2446 necessitate
1641 2392 2021 2460 pronuntiare,

441 2481 950 2536 contradicentibus
984 2482 1310 2551 quibusdam
1364 2484 1648 2540 catholicae
1705 2486 1851 2553 ﬁdei,
1894 2483 2028 2538 nihil

445 2556 618 2640 ipsam
657 2573 814 2627 tidem
847 2576 1065 2628 unicam
1100 2576 1290 2630 violat.
1337 2575 1456 2630 Non
1490 2577 1654 2638 igitur
1682 2593 2028 2633 communem

446 2665 605 2718 fidem
641 2664 944 2729 declarare,
994 2666 1347 2722 interdictum
1395 2678 1516 2734 est;
1555 2671 1676 2734 sed,
1724 2671 1806 2723 vel
1841 2671 2028 2736 aliam,

443 2755 529 2808 vel
569 2758 904 2810 contrariam
955 2758 1235 2824 inducere,
1287 2768 1347 2815 ιιι
1401 2761 1533 2826 ipsa:
1566 2776 1785 2831 quoque
1839 2763 2033 2818 littera:

444 2851 760 2913 testantur;
793 2849 910 2902 sive
942 2849 1280 2919 quibuslibet
1315 2852 1630 2910 hominibus
1681 2855 2030 2913 interdictum

447 2945 553 2998 est,
612 2952 680 2991 ne
741 2940 972 3008 quisque
1032 2941 1265 3009 horum,‘
1327 2945 1528 3033 passim
1594 2948 1871 3016 proprium
1931 2949 2034 3005 sibi

449 3026 766 3098 Symbolum
801 3033 1175 3108 cottscrihens,
1205 3046 1260 3090 et
1282 3026 1496 3108 aliquos
1529 3054 1560 3094 a
1597 3043 1873 3096 communi
1903 3058 2037 3098 con-

446 3121 683 3176 fessione
705 3138 987 3190 separatis,
1015 3142 1137 3180 cum
1163 3130 1264 3182 hoc
1299 3129 1552 3198 deceptos
1577 3132 1838 3203 baptizet,
1869 3137 2034 3191 fiant-
2057 3166 2060 3168 η

444 3227 552 3280 que
581 3216 976 3278 conventicula,
1003 3219 1306 3287 cuiusmodi
1351 3230 1480 3276 tunc
1540 3225 1776 3293 plurima
1813 3226 2035 3284 ﬁebant.

521 3305 688 3358 Porro
719 3308 835 3376 ipsa
876 3307 1113 3364 Ecclesia
1149 3312 1250 3366 sibi
1285 3313 1683 3385 ipsi,docendi,
1726 3327 1889 3390 atque
1917 3322 2040 3379 aliis

451 3396 714 3461 dictandi,
779 3415 902 3468 quae
966 3417 1092 3456 vera
1155 3406 1285 3470 sint,
1331 3415 1386 3460 et
1436 3409 1712 3474 salubria,
1764 3411 2041 3468 licentiam

451 3500 884 3562 potestatemque
916 3510 1022 3548 non
1056 3497 1304 3552 abstulit.
1331 3499 1446 3554 Non
1479 3502 1648 3568 enim,
1691 3509 2038 3573 postmodum

451 3584 608 3637 novis
663 3585 714 3638 in
769 3585 888 3642 dies
941 3588 1297 3654 hlaSpbemiis
1345 3596 1758 3661 exorientibus,
1811 3603 1864 3654 in
1918 3601 2040 3655 fidei

2121 1086 2496 1155 habentibus,
2559 1090 2626 1144 ad
2677 1092 3077 1147 occurrendum
3157 1095 3417 1164 periculis
3461 1097 3703 1152 omnibus

2124 1179 2344 1246 futuris,
2401 1181 2547 1236 nulla
2611 1191 2800 1253 postea
2861 1184 3166 1241 necessitas
3227 1186 3422 1241 luisset
3474 1189 3690 1242 concilia

2123 1259 2400 1342 cogendi:
2434 1276 2680 1330 eamdem
2750 1277 2831 1331 sic
2893 1293 3112 1348 quoque
3145 1288 3466 1348 potestatem
3499 1289 3696 1350 tempo-

2124 1367 2276 1423 ribus
2309 1370 2563 1425 omnibus
2603 1371 2903 1426 Ecclesium
2967 1373 3193 1439 habere,
3250 1374 3540 1442 putandum
3597 1383 3700 1435 est,

2126 1461 2394 1531 aliterque
2419 1463 2519 1519 hac
2549 1464 2802 1519 libertate
2829 1465 3066 1529 sublata,
3099 1481 3206 1519 non
3234 1481 3398 1535 parva
3419 1465 3702 1520 detrimen-

2127 1563 2202 1617 ta,
2227 1557 2322 1612 sed
2345 1571 2611 1610 summam
2635 1557 2927 1625 perniciem
2949 1560 3099 1627 sequi
3126 1559 3562 1624 necessario,nisl
3583 1559 3702 1612 lice-

2128 1658 2212 1704 ret
2233 1648 2492 1704 E'cclcsite
2516 1649 2584 1704 de
2601 1649 2703 1704 fide
2724 1659 2988 1716 statuere,
3011 1653 3272 1715 scribere,
3293 1661 3455 1720 atque
3470 1650 3704 1705 delinire.

2199 1739 2277 1795 Ex
2306 1739 2598 1808 praeteritis
2631 1742 2891 1810 cognitis,
2932 1743 3278 1809 perspicuum
3323 1752 3407 1797 est
3445 1757 3548 1794 non
3573 1739 3706 1804 adje-

2127 1835 2368 1890 ctionem
2393 1833 2675 1896 dictionis,
2707 1833 2798 1887 sed
2840 1834 3067 1886 alterius
3098 1835 3220 1888 fidei
3261 1834 3704 1902 eonscriplionem

2131 1925 2398 1988 interdici,
2427 1924 2838 1994 Ecelesiamque
2872 1942 2980 1980 non
3006 1927 3109 1980 sibi
3141 1928 3267 1995 ipsi,
3297 1927 3388 1980 sed
3413 1925 3709 1978 hominibus

2130 2019 2359 2090 singulis
2401 2021 2466 2073 de
2534 2019 2637 2073 fide
2692 2019 2970 2074 statuendi
3051 2022 3324 2075 ademisse
3377 2027 3705 2084 potestatem.

2129 2110 2318 2179 Neque
2346 2111 2491 2165 enim
2525 2111 2577 2164 in
2599 2111 2718 2165 lidei
2757 2111 3008 2167 terminis
3037 2112 3298 2181 deinceps
3329 2127 3361 2167 a
3395 2111 3563 2167 s'tcris
3592 2123 3712 2162 con-

2131 2202 2272 2258 ciliis
2328 2203 2740 2268 quomodolibet
2812 2203 3008 2258 fuisset
3073 2204 3393 2272 adjectum,
3436 2203 3481 2258 si
3546 2217 3606 2257 ea
3657 2215 3711 2256 se

2131 2304 2406 2365 potestate
2459 2295 2753 2363 privasset.
2800 2296 2974 2352 Aliter
3021 2299 3192 2359 enim,
3237 2299 3330 2368 qtti
3381 2298 3484 2352 ista
3517 2296 3710 2357 dicunt,

2131 2399 2228 2439 eos
2257 2384 2446 2448 etiam,
2501 2385 2592 2452 qui
2656 2386 2710 2440 in
2765 2384 2970 2442 Niceno
3025 2388 3263 2442 concilio
3323 2398 3710 2448 convenerunt,

2132 2473 2472 2528 anathemati
2503 2476 2860 2546 subiicerent,
2883 2477 2974 2548 qui
3005 2493 3112 2532 non
3147 2494 3324 2550 pauca
3357 2480 3709 2550 apostolorum

2133 2566 2381 2635 symbolo
2440 2566 2871 2633 addiderunt,et
2915 2584 3010 2627 eos
3055 2573 3147 2640 qui
3193 2574 3540 2642 postmodum
3580 2570 3711 2626 Cou-

2135 2660 2490 2730 stantinopoli
2573 2661 3001 2726 convenientes,
3058 2671 3114 2718 et
3185 2664 3289 2734 ipsi
3371 2665 3715 2721 nihilominus

2135 2747 2342 2804 Niceno
2387 2750 2646 2822 Symbolo
2688 2752 2954 2822 adiecisse
2989 2755 3423 2824 comprobantur
3451 2755 3713 2823 quaedam:

2136 2843 2386 2911 qurcdam
2423 2844 2552 2898 item
2593 2844 2905 2912 abstulisse,
2933 2847 3150 2901 nemine
3182 2847 3556 2912 insimulante,
3596 2847 3713 2916 quia

2137 2936 2217 2990 sic
2246 2935 2418 2988 visum
2469 2943 2573 2989 est.
2606 2934 2812 3006 Nempe
2857 2945 2912 2991 et
2954 2938 3160 3007 reliqua
3198 2939 3459 3006 deinceps
3501 2937 3714 2993 concilia

2139 3027 2276 3082 alias
2323 3027 2485 3082 aliter
2540 3027 2810 3098 adiecisse
2867 3027 3071 3098 aliqua,
3120 3031 3204 3085 vel
3244 3031 3568 3087 immutasse
3610 3030 3720 3099 quis

2143 3117 2373 3188 nesciat,
2449 3136 2578 3176 cum
2640 3120 2724 3176 hae
2771 3121 2860 3177 vel
2907 3121 3029 3180 illae.
3062 3125 3425 3182 necessitates
3475 3137 3722 3192 casusque

2140 3210 2523 3278 requirerent?

2213 3301 2387 3357 Porro
2446 3304 2808 3360 conciliorum
2847 3307 2913 3362 de
2960 3307 3066 3364 fide
3097 3309 3416 3366 sanctiones
3453 3324 3622 3380 asque,
3667 3320 3725 3360 ac

2145 3396 2462 3466 Symbolum
2501 3399 2848 3467 suscipimus.
2875 3415 2995 3469 quae
3029 3401 3080 3454 in
3125 3403 3242 3472 ipso
3271 3404 3573 3473 complexae
3602 3417 3725 3454 con-

2147 3491 2416 3546 tinentur.
2449 3491 2555 3547 Sed
2591 3502 2790 3546 etcum
2819 3493 3015 3549 beatus
3043 3493 3247 3550 Paulus
3282 3497 3432 3552 dicat
3469 3515 3482 3551 :
3516 3493 3728 3549 Etiamsi

2147 3584 2365 3655 angelus
2397 3584 2860 3654 euangelizaverit,
2885 3594 3080 3655 prater
3103 3585 3178 3650 id,
3211 3589 3358 3654 quod
3389 3585 3727 3660 euangelizavi

453 3677 704 3734 terminis
744 3680 857 3750 (40)
888 3679 1168 3748 adiiceret,
1224 3699 1345 3753 qua
1394 3687 1534 3756 pios,
1578 3690 1882 3762 impiosque
1932 3692 2046 3748 dis.
2073 3683 2116 3741 C
2148 3679 2313 3746 vobis,
2345 3681 2626 3734 anathema
2646 3681 2717 3735 sit
2750 3682 2795 3746 ',
2827 3680 3303 3737 consubstantiale
3332 3689 3516 3762 tamen
3551 3681 3727 3734 Patres

451 3780 778 3837 cernet-ent;
823 3781 915 3827 aut
945 3774 1088 3828 enim
1137 3779 1501 3833 necessarium
1534 3792 1618 3836 est
1642 3783 1892 3838 conﬁteri
1928 3798 2048 3838 om-

453 3862 564 3923 nia,
601 3873 729 3918 tunc
753 3866 1088 3922 confessioni
1122 3868 1244 3925 fidei
1282 3873 1601 3939 plenissime
1632 3876 1865 3944 adjecta,
1890 3885 1945 3931 et
1979 3876 2047 3931 ad

456 3957 669 4011 futuras
702 3960 968 4015 novitates
996 3977 1187 4017 verum
1213 3965 1468 4022 sufﬁcere
1485 3971 1752 4024 arcendas
1779 3989 1793 4036 ;
1819 3979 1874 4024 et
1903 3983 2050 4038 post-

454 4051 559 4105 hac
585 4052 786 4106 futuris
819 4056 1066 4110 conciliis
1097 4059 1322 4112 minime
1351 4061 1512 4116 licere
1531 4065 1597 4117 de
1623 4063 1725 4117 fide
1753 4072 1996 4119 statuere
2030 4085 2045 4120 :

458 4152 548 4194 aut
576 4142 877 4196 Each-siam
914 4130 1069 4199 initio
1097 4149 1318 4216 quidem
1353 4153 1598 4218 potuisse.
1619 4154 1683 4207 de
1706 4154 2048 4222 dogmatibus

456 4242 722 4299 statuere,
753 4246 804 4289 et
835 4237 938 4291 alia
961 4238 1178 4306 quidem
1211 4242 1435 4307 addere,
1465 4243 1568 4296 alia
1599 4243 1854 4312 auferre;
1892 4257 2048 4315 post-

459 4328 678 4379 modum
713 4343 864 4394 vero,
882 4329 1021 4384 hanc
1054 4331 1307 4388 amisisse
1341 4341 1692 4402 potestatem.
1719 4338 1787 4389 At
1813 4338 2046 4407 primum

459 4418 591 4474 illud
645 4423 860 4488 quidem
898 4439 1085 4478 verum
1115 4440 1220 4480 non
1249 4441 1405 4492 esse,
1439 4437 1564 4496 post
1599 4428 1714 4484 haec
1753 4443 1876 4485 acta
1910 4447 2048 4484 con-

459 4513 583 4568 cilia
638 4523 902 4571 tes'antur
934 4535 948 4572 :
996 4533 1118 4587 quae
1167 4519 1434 4589 profecto,
1464 4539 1739 4592 nunquam
1766 4527 2051 4581 convenis-

459 4617 605 4673 sent,
650 4609 694 4663 si
725 4611 896 4677 prima
935 4611 1023 4668 illa
1069 4615 1341 4670 scandalis
1408 4615 1609 4671 futuris
1655 4620 1788 4673 satis
1833 4619 2052 4676 obvias-

460 4711 617 4766 cent;
671 4701 760 4755 Dei
819 4703 966 4757 enim
1015 4716 1102 4760 est
1159 4707 1339 4762 futura
1390 4723 1758 4777 praenoscere.
1825 4710 2049 4784 Singula

459 4807 592 4846 vero
626 4797 875 4858 concilia,
900 4798 964 4851 ad
996 4813 1234 4866 praesens
1265 4800 1567 4869 periculum
1601 4802 1837 4866 intenta,
1860 4817 2051 4862 contra

461 4885 745 4943 haereticos
793 4899 1054 4957 pugnant,
1105 4907 1213 4945 non
1271 4891 1514 4947 futurum
1567 4894 1878 4963 propellunt
1938 4896 2053 4952 Hoc

459 4980 604 5032 enim
645 4979 911 5035 incertum
944 4995 1047 5036 est.
1081 4981 1216 5037 lllttd
1253 4999 1418 5048 vero,
1455 4985 1643 5046 instat,
1677 4996 1730 5040 et
1763 4997 1940 5056 urget.
1968 4987 2048 5043 Ex

460 5070 661 5138 quibus
692 5081 763 5127 et
821 5074 949 5129 illud
993 5085 1228 5138 constat,
1263 5086 1446 5144 postea
1496 5077 1726 5130 concilia
1761 5079 1968 5134 utiliter
1997 5090 2050 5135 et

462 5167 780 5223 necessario
831 5168 998 5224 fuisse
1032 5171 1286 5232 conﬂata,
1317 5171 1533 5240 quoties
1567 5169 1822 5226 Ecclesiae
1845 5159 2050 5229 /neees-

461 5258 597 5312 sitas
635 5273 874 5328 urgeret.
917 5260 1122 5327 Nempe
1169 5262 1311 5315 enim
1354 5263 1602 5316 eamdem
1647 5261 2050 5321 vim'Ecclesiae

464 5366 572 5406 non
610 5368 847 5422 semper,
891 5368 955 5406 ac
1001 5352 1251 5406 similiter
1285 5355 1477 5408 adesse
1509 5355 1860 5422 existimare;
1907 5371 2052 5427 mys-

468 5444 602 5498 teria
657 5445 780 5500 lidci
833 5445 1134 5498 tollentium
1183 5453 1288 5509 est,
1341 5446 1576 5499 maxime
1621 5460 1741 5499 cum
1803 5444 2056 5501 Salvator

464 5536 682 5600 dixerit,
739 5551 800 5592 se
867 5552 986 5589 cum
1032 5536 1131 5588 illa
1201 5553 1364 5604 usque
1422 5538 1491 5590 ad
1547 5539 2054 5594 consutttntalionem

542 5647 556 5676 ¹
599 5647 792 5702 Matth.
853 5663 1046 5714 xxvm,
1092 5649 1182 5706 20.
1263 5652 1282 5682 ³
1309 5650 1490 5706 Galat.
1522 5667 1583 5714 ιι,
1617 5650 1671 5706 8.

541 5761 656 5843 (59)
684 5762 757 5844 D_e
786 5765 1038 5844 ltoeloeo
1073 5768 1290 5844 conoyii
1321 5769 1623 5844 Aprcsini,
1682 5771 1796 5843 lege
1843 5771 2050 5828 Bellar-

473 5832 750 5904 ιιιὶιιιιηιηι.
784 5849 822 5890 ιι
859 5835 936 5890 De
965 5832 1283 5904 f1hristo,'e.
1315 5832 1407 5896 29L

547 5900 662 5973 (40)
689 5903 1108 5998 Deﬁnitionibtts
1131 5900 1194 5965 ct
1213 5913 1470 5969 decretis.

2081 5026 2130 5086 D

2150 3773 2505 3844 adjecerunt,
2563 3769 2686 3829 cum
2758 3788 2920 3830 nemo
2970 3784 3098 3831 ante
3155 3776 3276 3831 illos
3351 3758 3492 3833 ban'e
3549 3776 3728 3830 dictio—

2150 3883 2271 3923 nem
2321 3867 2608 3922 tradiderit
2657 3867 2795 3940 (41).
2830 3867 3042 3923 idcirco
3095 3869 3260 3923 etiam
3296 3885 3327 3922 a
3365 3869 3730 3926 contradicen-

2151 3961 2296 4017 tibus
2348 3960 2489 4016 banc
2521 3976 2627 4016 non
2662 3960 2898 4016 inveniri
2943 3961 2996 4015 in
3035 3961 3207 4016 sacris
3243 3960 3406 4019 libris
3437 3961 3732 4032 argueban-

2151 4061 2258 4107 tur.
2296 4051 2632 4106 Addiderunt
2657 4060 2858 4115 tamen,
2891 4051 3088 4106 littera:
3111 4066 3336 4107 sensum
3367 4053 3729 4110 conferentes,

2149 4153 2206 4198 et
2251 4153 2444 4198 contra
2495 4143 2844 4199 adversarios
2881 4151 3197 4198 constanter
3227 4144 3558 4200 dimicantes
3586 4141 3732 4210 iuxta

2152 4235 2461 4304 theologum
2501 4235 2846 4304 Gregorium,
2878 4238 2973 4305 qui
3004 4236 3079 4289 ait
3115 4253 3130 4290 :
3169 4233 3296 4289 Non
3354 4238 3419 4291 de
3465 4235 3649 4300 verbis,
3690 4237 3736 4284 et

2152 4329 2448 4383 nominibus
2477 4344 2797 4399 pugnamus,
2832 4328 3120 4382 dummodo
3149 4329 3375 4400 syllaba:
3408 4328 3478 4384 ad
3509 4327 3734 4384 eamdem

2151 4425 2555 4495 intelligentiam
2594 4425 2791 4493 (erant.
2826 4423 2893 4476 Et
2935 4430 3086 4478 certe
3123 4430 3233 4476 non
3290 4432 3516 4492 propter
3563 4418 3738 4515 hujus-

2155 4515 2300 4570 tnodi
2355 4514 2717 4584 adiectionem
2766 4512 2921 4568 Pauli
2976 4511 3356 4580 subjiciuntur
3391 4511 3738 4566 anathemati.

2153 4607 2385 4663 Prorsus
2437 4623 2568 4662 vero
2631 4607 2875 4677 synodus
2936 4606 3118 4661 omnis
3159 4620 3260 4675 pro
3318 4601 3740 4675 reprehensione

2152 4702 2592 4770 blaSpbemorum
2621 4711 2970 4770 congregata,
3007 4699 3132 4753 fidei
3170 4699 3466 4754 terminum
3503 4691 3739 4762 exponit,

2153 4808 2251 4864 per
2300 4791 2354 4847 id
2407 4794 2552 4863 quod
2603 4791 2888 4846 veteribus
2939 4791 3210 4845 dictiones
3267 4791 3565 4850 adduntur,
3608 4795 3738 4838 nova

2155 4885 2408 4951 dogmata
2440 4897 2718 4938 resecans.
2744 4881 2823 4937 Ita
2852 4882 2998 4936 enim
3031 4897 3090 4936 se
3109 4896 3197 4934 res
3225 4881 3414 4935 habet.
3451 4877 3507 4931 Si
3534 4875 3740 4944 quidem

2155 4985 2300 5032 esset
2344 4977 2628 5046 possibile,
2661 4975 2780 5029 sine
2829 4974 3010 5042 aliqua
3063 4971 3509 5027 contradictione
3560 4977 3738 5021 cortttn

2157 5070 2250 5140 qui
2309 5083 2648 5125 communem
2702 5069 2859 5122 fidem
2911 5081 3233 5136 Oppugttare
3275 5066 3489 5126 volunt,
3527 5068 3742 5114 manere

2160 5164 2458 5220 Ecclesium
2513 5163 2562 5216 itt
2616 5162 2854 5230 antiquis
2899 5162 3184 5230 principiis
3248 5162 3556 5220 immotam,
3602 5150 3739 5206 nulla

2157 5257 2350 5313 fuisset
2383 5256 2686 5310 necessitas
2737 5254 2943 5324 aliquid
3001 5253 3416 5323 quomodolibct
3471 5250 3741 5319 adiicere;

2159 5351 2254 5407 sed
2286 5350 2597 5406 sull'ecisset
2639 5348 2709 5404 ad
2746 5346 3149 5404 confessionem
3196 5346 3346 5413 lidei,
3380 5340 3740 5413 compositum

2161 5461 2190 5499 a
2225 5446 2429 5500 sanctis
2458 5443 2729 5514 apostolis
2763 5444 2830 5497 ab
2857 5441 3013 5496 initio
3041 5441 3361 5512 Symbolum
3397 5438 3564 5494 breve
3588 5425 3744 5491 simul

2162 5553 2226 5594 ac
2254 5538 2503 5609 simplex.

2234 5769 2348 5840 (bl)
2375 5768 2717 5824 Contrarium
2753 5778 3062 5837 apparctex
3086 5767 3191 5822 illis
3227 5779 3347 5836 qua:
3365 5752 3744 5821 docctBellar-

2169 5843 2348 5896 minus
2374 5855 2410 5894 ll
2448 5841 2524 5895 De
2553 5840 2788 5904 Christo,
2825 5857 2874 5896 c.
2905 5840 2958 5893 5.
