  <div class='ocr_page' id='page_1' title='image "/cluster/home/n/w/nwhite01/storage/ocr_20150623/152/coo.31924054870575/102.png"; bbox 0 0 4052 6422; ppageno 0'>
   <div class='ocr_carea' id='block_1_1' title="bbox 269 506 1786 594">
    <p class='ocr_par' dir='ltr' id='par_1_1' title="bbox 269 506 1786 594">
     <span class='ocr_line' id='line_1_1' title="bbox 269 506 1786 594; baseline 0.017 -26"><span class='ocrx_word' id='word_1_1' title='bbox 269 506 540 581; x_wconf 76' lang='lat' dir='ltr'><strong>Quoniam</strong></span> <span class='ocrx_word' id='word_1_2' title='bbox 590 530 722 573; x_wconf 81' lang='lat' dir='ltr'><strong>vero</strong></span> <span class='ocrx_word' id='word_1_3' title='bbox 771 519 983 590; x_wconf 89' lang='lat' dir='ltr'><strong>primus</strong></span> <span class='ocrx_word' id='word_1_4' title='bbox 1025 520 1192 581; x_wconf 82' lang='lat' dir='ltr'><strong>Arius</strong></span> <span class='ocrx_word' id='word_1_5' title='bbox 1228 527 1327 584; x_wconf 90' lang='lat' dir='ltr'><strong>Dei</strong></span> <span class='ocrx_word' id='word_1_6' title='bbox 1360 529 1558 589; x_wconf 82' lang='lat' dir='ltr'><strong>Filium</strong></span> <span class='ocrx_word' id='word_1_7' title='bbox 1608 534 1786 594; x_wconf 79' lang='lat' dir='ltr'><strong>Patris</strong></span> 
     </span>
    </p>
   </div>
   <div class='ocr_carea' id='block_1_2' title="bbox 196 607 1784 696">
    <p class='ocr_par' dir='ltr' id='par_1_2' title="bbox 196 607 1784 696">
     <span class='ocr_line' id='line_1_2' title="bbox 196 607 1784 696; baseline 0.018 -38"><span class='ocrx_word' id='word_1_8' title='bbox 196 607 436 661; x_wconf 84' lang='lat' dir='ltr'><strong>essentia</strong></span> <span class='ocrx_word' id='word_1_9' title='bbox 467 607 762 696; x_wconf 69' lang='lat' dir='ltr'><strong>detrudere</strong></span> <span class='ocrx_word' id='word_1_10' title='bbox 804 616 1174 685; x_wconf 79' lang='lat' dir='ltr'><strong>praesumpsit,</strong></span> <span class='ocrx_word' id='word_1_11' title='bbox 1221 623 1364 691; x_wconf 89' lang='lat' dir='ltr'><strong>quod</strong></span> <span class='ocrx_word' id='word_1_12' title='bbox 1413 624 1468 680; x_wconf 91' lang='lat' dir='ltr'><strong>in</strong></span> <span class='ocrx_word' id='word_1_13' title='bbox 1504 632 1784 696; x_wconf 87' lang='lat' dir='ltr'><strong>apostolo—</strong></span> 
     </span>
    </p>
   </div>
   <div class='ocr_carea' id='block_1_3' title="bbox 197 690 1784 787">
    <p class='ocr_par' dir='ltr' id='par_1_3' title="bbox 197 690 1784 787">
     <span class='ocr_line' id='line_1_3' title="bbox 197 690 1784 787; baseline 0.017 -34"><span class='ocrx_word' id='word_1_14' title='bbox 197 703 317 753; x_wconf 80' lang='lat' dir='ltr'><strong>r‘utn</strong></span> <span class='ocrx_word' id='word_1_15' title='bbox 381 702 626 772; x_wconf 82' lang='lat' dir='ltr'><strong>symbolo</strong></span> <span class='ocrx_word' id='word_1_16' title='bbox 666 690 935 775; x_wconf 71' lang='lat' dir='ltr'><strong>scriptum</strong></span> <span class='ocrx_word' id='word_1_17' title='bbox 981 717 1170 779; x_wconf 90' lang='lat' dir='ltr'><strong>aperte</strong></span> <span class='ocrx_word' id='word_1_18' title='bbox 1215 729 1326 772; x_wconf 91' lang='lat' dir='ltr'><strong>non</strong></span> <span class='ocrx_word' id='word_1_19' title='bbox 1358 690 1555 787; x_wconf 68' lang='lat' dir='ltr'><strong>fuerat,</strong></span> <span class='ocrx_word' id='word_1_20' title='bbox 1587 723 1784 780; x_wconf 79' lang='lat' dir='ltr'><strong>Filium</strong></span> 
     </span>
    </p>
   </div>
   <div class='ocr_carea' id='block_1_4' title="bbox 198 795 1785 881">
    <p class='ocr_par' dir='ltr' id='par_1_4' title="bbox 198 795 1785 881">
     <span class='ocr_line' id='line_1_4' title="bbox 198 795 1785 881; baseline 0.014 -34"><span class='ocrx_word' id='word_1_21' title='bbox 198 795 441 863; x_wconf 80' lang='lat' dir='ltr'><strong>ejusdem</strong></span> <span class='ocrx_word' id='word_1_22' title='bbox 473 797 725 851; x_wconf 64' lang='lat' dir='ltr'><strong>essentne</strong></span> <span class='ocrx_word' id='word_1_23' title='bbox 754 814 878 854; x_wconf 90' lang='lat' dir='ltr'><strong>cum</strong></span> <span class='ocrx_word' id='word_1_24' title='bbox 916 798 1079 860; x_wconf 84' lang='lat' dir='ltr'><strong>Patre</strong></span> <span class='ocrx_word' id='word_1_25' title='bbox 1115 818 1237 862; x_wconf 87' lang='lat' dir='ltr'><strong>esse</strong></span> <span class='ocrx_word' id='word_1_26' title='bbox 1270 825 1286 864; x_wconf 87' lang='lat'><strong>:</strong></span> <span class='ocrx_word' id='word_1_27' title='bbox 1321 823 1444 866; x_wconf 88' lang='lat' dir='ltr'><strong>cum</strong></span> <span class='ocrx_word' id='word_1_28' title='bbox 1472 812 1785 881; x_wconf 68' lang='lat' dir='ltr'><strong>huiusmodi</strong></span> 
     </span>
    </p>
   </div>
   <div class='ocr_carea' id='block_1_5' title="bbox 199 893 1790 976">
    <p class='ocr_par' dir='ltr' id='par_1_5' title="bbox 199 893 1790 976">
     <span class='ocr_line' id='line_1_5' title="bbox 199 893 1790 976; baseline 0.017 -40"><span class='ocrx_word' id='word_1_29' title='bbox 199 899 464 941; x_wconf 83' lang='lat' dir='ltr'><strong>venenum</strong></span> <span class='ocrx_word' id='word_1_30' title='bbox 493 903 588 954; x_wconf 88' lang='lat' dir='ltr'><strong>per</strong></span> <span class='ocrx_word' id='word_1_31' title='bbox 615 904 809 961; x_wconf 86' lang='lat' dir='ltr'><strong>corpus</strong></span> <span class='ocrx_word' id='word_1_32' title='bbox 834 893 1092 951; x_wconf 59' lang='lat' dir='ltr'><strong>Ecclesia:</strong></span> <span class='ocrx_word' id='word_1_33' title='bbox 1116 913 1386 971; x_wconf 78' lang='lat' dir='ltr'><strong>serperet.</strong></span> <span class='ocrx_word' id='word_1_34' title='bbox 1422 918 1597 973; x_wconf 87' lang='lat' dir='ltr'><strong>eaque</strong></span> <span class='ocrx_word' id='word_1_35' title='bbox 1618 907 1790 976; x_wconf 88' lang='lat' dir='ltr'><strong>pestis</strong></span> 
     </span>
    </p>
   </div>
   <div class='ocr_carea' id='block_1_6' title="bbox 204 978 1788 1060">
    <p class='ocr_par' dir='ltr' id='par_1_6' title="bbox 204 978 1788 1060">
     <span class='ocr_line' id='line_1_6' title="bbox 204 978 1788 1060; baseline 0.015 -27"><span class='ocrx_word' id='word_1_36' title='bbox 204 978 572 1037; x_wconf 77' lang='lat' dir='ltr'><strong>eliucderetur</strong></span> <span class='ocrx_word' id='word_1_37' title='bbox 628 983 683 1038; x_wconf 91' lang='lat' dir='ltr'><strong>in</strong></span> <span class='ocrx_word' id='word_1_38' title='bbox 730 987 932 1057; x_wconf 88' lang='lat' dir='ltr'><strong>plures,</strong></span> <span class='ocrx_word' id='word_1_39' title='bbox 990 992 1082 1060; x_wconf 87' lang='lat' dir='ltr'><strong>qui</strong></span> <span class='ocrx_word' id='word_1_40' title='bbox 1149 993 1201 1048; x_wconf 90' lang='lat' dir='ltr'><strong>in</strong></span> <span class='ocrx_word' id='word_1_41' title='bbox 1255 992 1418 1051; x_wconf 87' lang='lat' dir='ltr'><strong>Nicea</strong></span> <span class='ocrx_word' id='word_1_42' title='bbox 1477 1013 1788 1056; x_wconf 81' lang='lat' dir='ltr'><strong>convenere</strong></span> 
     </span>
    </p>
   </div>
   <div class='ocr_carea' id='block_1_7' title="bbox 201 1072 1786 1160">
    <p class='ocr_par' dir='ltr' id='par_1_7' title="bbox 201 1072 1786 1160">
     <span class='ocr_line' id='line_1_7' title="bbox 201 1072 1786 1160; baseline 0.013 -32"><span class='ocrx_word' id='word_1_43' title='bbox 201 1072 413 1137; x_wconf 84' lang='lat' dir='ltr'><strong>Patres,</strong></span> <span class='ocrx_word' id='word_1_44' title='bbox 465 1077 734 1142; x_wconf 84' lang='lat' dir='ltr'><strong>veritatis,</strong></span> <span class='ocrx_word' id='word_1_45' title='bbox 799 1095 865 1137; x_wconf 87' lang='lat' dir='ltr'><strong>ac</strong></span> <span class='ocrx_word' id='word_1_46' title='bbox 930 1082 1167 1138; x_wconf 86' lang='lat' dir='ltr'><strong>ﬁdelium</strong></span> <span class='ocrx_word' id='word_1_47' title='bbox 1225 1101 1413 1142; x_wconf 81' lang='lat' dir='ltr'><strong>curam</strong></span> <span class='ocrx_word' id='word_1_48' title='bbox 1478 1090 1786 1160; x_wconf 72' lang='lat' dir='ltr'><strong>habentes,</strong></span> 
     </span>
    </p>
   </div>
   <div class='ocr_carea' id='block_1_8' title="bbox 202 1165 1788 1242">
    <p class='ocr_par' dir='ltr' id='par_1_8' title="bbox 202 1165 1788 1242">
     <span class='ocr_line' id='line_1_8' title="bbox 202 1165 1788 1242; baseline 0.014 -21"><span class='ocrx_word' id='word_1_49' title='bbox 202 1165 461 1236; x_wconf 80' lang='lat' dir='ltr'><strong>Symbolo</strong></span> <span class='ocrx_word' id='word_1_50' title='bbox 492 1168 598 1223; x_wconf 88' lang='lat' dir='ltr'><strong>alio</strong></span> <span class='ocrx_word' id='word_1_51' title='bbox 623 1174 952 1242; x_wconf 85' lang='lat' dir='ltr'><strong>composito,</strong></span> <span class='ocrx_word' id='word_1_52' title='bbox 982 1176 1029 1230; x_wconf 88' lang='lat' dir='ltr'><strong>ei</strong></span> <span class='ocrx_word' id='word_1_53' title='bbox 1065 1179 1523 1238; x_wconf 85' lang='lat' dir='ltr'><strong>consubstantiate</strong></span> <span class='ocrx_word' id='word_1_54' title='bbox 1562 1187 1788 1242; x_wconf 84' lang='lat' dir='ltr'><strong>addide-</strong></span> 
     </span>
    </p>
   </div>
   <div class='ocr_carea' id='block_1_9' title="bbox 195 1269 1787 1334">
    <p class='ocr_par' dir='ltr' id='par_1_9' title="bbox 195 1269 1787 1334">
     <span class='ocr_line' id='line_1_9' title="bbox 195 1269 1787 1334; baseline 0.014 -23"><span class='ocrx_word' id='word_1_55' title='bbox 195 1269 357 1323; x_wconf 81' lang='lat' dir='ltr'><strong>runt;</strong></span> <span class='ocrx_word' id='word_1_56' title='bbox 411 1269 574 1330; x_wconf 86' lang='lat' dir='ltr'><strong>atque</strong></span> <span class='ocrx_word' id='word_1_57' title='bbox 622 1271 745 1318; x_wconf 92' lang='lat' dir='ltr'><strong>ante</strong></span> <span class='ocrx_word' id='word_1_58' title='bbox 791 1269 968 1321; x_wconf 85' lang='lat' dir='ltr'><strong>omnia</strong></span> <span class='ocrx_word' id='word_1_59' title='bbox 1027 1270 1222 1323; x_wconf 77' lang='lat' dir='ltr'><strong>smnia</strong></span> <span class='ocrx_word' id='word_1_60' title='bbox 1276 1271 1474 1328; x_wconf 83' lang='lat' dir='ltr'><strong>Filium</strong></span> <span class='ocrx_word' id='word_1_61' title='bbox 1527 1293 1592 1330; x_wconf 82' lang='lat' dir='ltr'><strong>ea:</strong></span> <span class='ocrx_word' id='word_1_62' title='bbox 1626 1277 1787 1334; x_wconf 83' lang='lat' dir='ltr'><strong>Patre</strong></span> 
     </span>
    </p>
   </div>
   <div class='ocr_carea' id='block_1_10' title="bbox 188 1352 1790 1428">
    <p class='ocr_par' dir='ltr' id='par_1_10' title="bbox 188 1352 1790 1428">
     <span class='ocr_line' id='line_1_10' title="bbox 188 1352 1790 1428; baseline 0.014 -26"><span class='ocrx_word' id='word_1_63' title='bbox 188 1352 449 1420; x_wconf 71' lang='lat' dir='ltr'><strong>genitum,</strong></span> <span class='ocrx_word' id='word_1_64' title='bbox 477 1372 580 1409; x_wconf 88' lang='lat' dir='ltr'><strong>non</strong></span> <span class='ocrx_word' id='word_1_65' title='bbox 634 1356 858 1425; x_wconf 79' lang='lat' dir='ltr'><strong>factum,</strong></span> <span class='ocrx_word' id='word_1_66' title='bbox 890 1369 937 1413; x_wconf 90' lang='lat' dir='ltr'><strong>et</strong></span> <span class='ocrx_word' id='word_1_67' title='bbox 995 1376 1063 1415; x_wconf 78' lang='lat' dir='ltr'><strong>ea:</strong></span> <span class='ocrx_word' id='word_1_68' title='bbox 1123 1362 1229 1417; x_wconf 83' lang='lat' dir='ltr'><strong>Deo</strong></span> <span class='ocrx_word' id='word_1_69' title='bbox 1278 1380 1421 1428; x_wconf 82' lang='lat' dir='ltr'><strong>vero,</strong></span> <span class='ocrx_word' id='word_1_70' title='bbox 1461 1366 1628 1422; x_wconf 86' lang='lat' dir='ltr'><strong>Deum</strong></span> <span class='ocrx_word' id='word_1_71' title='bbox 1670 1386 1790 1425; x_wconf 76' lang='lat' dir='ltr'><strong>esse</strong></span> 
     </span>
    </p>
   </div>
   <div class='ocr_carea' id='block_1_11' title="bbox 188 1453 1780 1528">
    <p class='ocr_par' dir='ltr' id='par_1_11' title="bbox 188 1453 1780 1528">
     <span class='ocr_line' id='line_1_11' title="bbox 188 1453 1780 1528; baseline 0.012 -29"><span class='ocrx_word' id='word_1_72' title='bbox 188 1461 391 1509; x_wconf 64' lang='lat' dir='ltr'><strong>rerum,</strong></span> <span class='ocrx_word' id='word_1_73' title='bbox 453 1457 506 1500; x_wconf 91' lang='lat' dir='ltr'><strong>et</strong></span> <span class='ocrx_word' id='word_1_74' title='bbox 560 1463 679 1518; x_wconf 65' lang='lat' dir='ltr'><strong>qua!</strong></span> <span class='ocrx_word' id='word_1_75' title='bbox 765 1457 891 1505; x_wconf 89' lang='lat' dir='ltr'><strong>tunc</strong></span> <span class='ocrx_word' id='word_1_76' title='bbox 952 1453 1309 1524; x_wconf 83' lang='lat' dir='ltr'><strong>adjecerunt,</strong></span> <span class='ocrx_word' id='word_1_77' title='bbox 1358 1473 1485 1513; x_wconf 87' lang='lat' dir='ltr'><strong>cum</strong></span> <span class='ocrx_word' id='word_1_78' title='bbox 1549 1462 1780 1528; x_wconf 79' lang='lat' dir='ltr'><strong>apostoli</strong></span> 
     </span>
    </p>
   </div>
   <div class='ocr_carea' id='block_1_12' title="bbox 193 1539 1414 1604">
    <p class='ocr_par' dir='ltr' id='par_1_12' title="bbox 193 1539 1414 1604">
     <span class='ocr_line' id='line_1_12' title="bbox 193 1539 1414 1604; baseline 0.01 -12"><span class='ocrx_word' id='word_1_79' title='bbox 193 1547 385 1592; x_wconf 82' lang='lat' dir='ltr'><strong>natum</strong></span> <span class='ocrx_word' id='word_1_80' title='bbox 414 1539 752 1597; x_wconf 80' lang='lat' dir='ltr'><strong>solummodo</strong></span> <span class='ocrx_word' id='word_1_81' title='bbox 779 1557 843 1598; x_wconf 81' lang='lat' dir='ltr'><strong>ex</strong></span> <span class='ocrx_word' id='word_1_82' title='bbox 875 1541 1036 1599; x_wconf 85' lang='lat' dir='ltr'><strong>Patre</strong></span> <span class='ocrx_word' id='word_1_83' title='bbox 1069 1547 1366 1604; x_wconf 77' lang='lat' dir='ltr'><strong>dixissent.</strong></span> <span class='ocrx_word' id='word_1_84' title='bbox 1403 1572 1414 1585; x_wconf 83' lang='lat'><strong><em>-</em></strong></span> 
     </span>
    </p>
   </div>
   <div class='ocr_carea' id='block_1_13' title="bbox 222 1629 1781 1710">
    <p class='ocr_par' dir='ltr' id='par_1_13' title="bbox 222 1629 1781 1710">
     <span class='ocr_line' id='line_1_13' title="bbox 222 1629 1781 1710; baseline 0.012 -27"><span class='ocrx_word' id='word_1_85' title='bbox 222 1629 436 1685; x_wconf 82' lang='lat' dir='ltr'><strong>-Erant</strong></span> <span class='ocrx_word' id='word_1_86' title='bbox 503 1633 604 1687; x_wconf 91' lang='lat' dir='ltr'><strong>ista</strong></span> <span class='ocrx_word' id='word_1_87' title='bbox 673 1634 792 1700; x_wconf 89' lang='lat' dir='ltr'><strong>sic;</strong></span> <span class='ocrx_word' id='word_1_88' title='bbox 873 1637 1274 1710; x_wconf 84' lang='lat' dir='ltr'><strong>videbaturque</strong></span> <span class='ocrx_word' id='word_1_89' title='bbox 1352 1651 1481 1698; x_wconf 89' lang='lat' dir='ltr'><strong>tunc</strong></span> <span class='ocrx_word' id='word_1_90' title='bbox 1560 1644 1781 1702; x_wconf 88' lang='lat' dir='ltr'><strong>abunde</strong></span> 
     </span>
    </p>
   </div>
   <div class='ocr_carea' id='block_1_14' title="bbox 190 1723 1777 1798">
    <p class='ocr_par' dir='ltr' id='par_1_14' title="bbox 190 1723 1777 1798">
     <span class='ocr_line' id='line_1_14' title="bbox 190 1723 1777 1798; baseline 0.009 -21"><span class='ocrx_word' id='word_1_91' title='bbox 190 1723 397 1778; x_wconf 75' lang='lat' dir='ltr'><strong>munita</strong></span> <span class='ocrx_word' id='word_1_92' title='bbox 432 1724 588 1788; x_wconf 82' lang='lat' dir='ltr'><strong>ﬁdes,</strong></span> <span class='ocrx_word' id='word_1_93' title='bbox 607 1740 726 1778; x_wconf 89' lang='lat' dir='ltr'><strong>cum</strong></span> <span class='ocrx_word' id='word_1_94' title='bbox 752 1741 922 1794; x_wconf 88' lang='lat' dir='ltr'><strong>parvo</strong></span> <span class='ocrx_word' id='word_1_95' title='bbox 947 1739 1068 1796; x_wconf 90' lang='lat' dir='ltr'><strong>post</strong></span> <span class='ocrx_word' id='word_1_96' title='bbox 1100 1741 1346 1798; x_wconf 87' lang='lat' dir='ltr'><strong>tempore</strong></span> <span class='ocrx_word' id='word_1_97' title='bbox 1372 1744 1568 1791; x_wconf 90' lang='lat' dir='ltr'><strong>contra</strong></span> <span class='ocrx_word' id='word_1_98' title='bbox 1602 1740 1777 1793; x_wconf 87' lang='lat' dir='ltr'><strong>sancti</strong></span> 
     </span>
    </p>
   </div>
   <div class='ocr_carea' id='block_1_15' title="bbox 190 1813 1774 1894">
    <p class='ocr_par' dir='ltr' id='par_1_15' title="bbox 190 1813 1774 1894">
     <span class='ocr_line' id='line_1_15' title="bbox 190 1813 1774 1894; baseline 0.008 -27"><span class='ocrx_word' id='word_1_99' title='bbox 190 1813 429 1880; x_wconf 86' lang='lat' dir='ltr'><strong>Spiritus</strong></span> <span class='ocrx_word' id='word_1_100' title='bbox 447 1817 790 1872; x_wconf 85' lang='lat' dir='ltr'><strong>divinitatem</strong></span> <span class='ocrx_word' id='word_1_101' title='bbox 819 1834 878 1873; x_wconf 89' lang='lat' dir='ltr'><strong>se</strong></span> <span class='ocrx_word' id='word_1_102' title='bbox 905 1823 1076 1877; x_wconf 86' lang='lat' dir='ltr'><strong>erein</strong></span> <span class='ocrx_word' id='word_1_103' title='bbox 1105 1824 1378 1893; x_wconf 87' lang='lat' dir='ltr'><strong>impietas.</strong></span> <span class='ocrx_word' id='word_1_104' title='bbox 1410 1828 1576 1882; x_wconf 85' lang='lat' dir='ltr'><strong>Erant</strong></span> <span class='ocrx_word' id='word_1_105' title='bbox 1605 1829 1774 1894; x_wconf 87' lang='lat' dir='ltr'><strong>enim,</strong></span> 
     </span>
    </p>
   </div>
   <div class='ocr_carea' id='block_1_16' title="bbox 187 1910 1854 1993">
    <p class='ocr_par' dir='ltr' id='par_1_16' title="bbox 187 1910 1854 1993">
     <span class='ocr_line' id='line_1_16' title="bbox 187 1910 1854 1993; baseline 0.01 -31"><span class='ocrx_word' id='word_1_106' title='bbox 187 1910 279 1977; x_wconf 88' lang='lat' dir='ltr'><strong>qui</strong></span> <span class='ocrx_word' id='word_1_107' title='bbox 326 1910 570 1965; x_wconf 84' lang='lat' dir='ltr'><strong>dicereut</strong></span> <span class='ocrx_word' id='word_1_108' title='bbox 624 1925 847 1967; x_wconf 84' lang='lat' dir='ltr'><strong>sanctos</strong></span> <span class='ocrx_word' id='word_1_109' title='bbox 883 1917 934 1969; x_wconf 89' lang='lat' dir='ltr'><strong>in</strong></span> <span class='ocrx_word' id='word_1_110' title='bbox 969 1917 1128 1971; x_wconf 85' lang='lat' dir='ltr'><strong>Nicea</strong></span> <span class='ocrx_word' id='word_1_111' title='bbox 1191 1918 1382 1974; x_wconf 84' lang='lat' dir='ltr'><strong>Patres</strong></span> <span class='ocrx_word' id='word_1_112' title='bbox 1452 1923 1658 1993; x_wconf 84' lang='lat' dir='ltr'><strong>optime</strong></span> <span class='ocrx_word' id='word_1_113' title='bbox 1712 1923 1779 1978; x_wconf 86' lang='lat' dir='ltr'><strong>de</strong></span> <span class='ocrx_word' id='word_1_114' title='bbox 1811 1914 1854 1969; x_wconf 83' lang='grc' dir='ltr'><strong><em>Β</em></strong></span> 
     </span>
    </p>
   </div>
   <div class='ocr_carea' id='block_1_17' title="bbox 187 1998 1774 2080">
    <p class='ocr_par' dir='ltr' id='par_1_17' title="bbox 187 1998 1774 2080">
     <span class='ocr_line' id='line_1_17' title="bbox 187 1998 1774 2080; baseline 0.011 -29"><span class='ocrx_word' id='word_1_115' title='bbox 187 1998 297 2052; x_wconf 86' lang='lat' dir='ltr'><strong>ﬁde</strong></span> <span class='ocrx_word' id='word_1_116' title='bbox 330 2000 606 2064; x_wconf 84' lang='lat' dir='ltr'><strong>statuisse,</strong></span> <span class='ocrx_word' id='word_1_117' title='bbox 633 2009 686 2054; x_wconf 90' lang='lat' dir='ltr'><strong>et</strong></span> <span class='ocrx_word' id='word_1_118' title='bbox 716 2001 926 2058; x_wconf 78' lang='lat' dir='ltr'><strong>Patrem</strong></span> <span class='ocrx_word' id='word_1_119' title='bbox 961 2006 1178 2076; x_wconf 89' lang='lat' dir='ltr'><strong>quidem</strong></span> <span class='ocrx_word' id='word_1_120' title='bbox 1215 2008 1384 2064; x_wconf 90' lang='lat' dir='ltr'><strong>Deum</strong></span> <span class='ocrx_word' id='word_1_121' title='bbox 1409 2013 1774 2080; x_wconf 74' lang='lat' dir='ltr'><strong>prtedicasse:</strong></span> 
     </span>
    </p>
   </div>
   <div class='ocr_carea' id='block_1_18' title="bbox 151 2089 1773 2171">
    <p class='ocr_par' dir='ltr' id='par_1_18' title="bbox 151 2089 1773 2171">
     <span class='ocr_line' id='line_1_18' title="bbox 151 2089 1773 2171; baseline 0.01 -28"><span class='ocrx_word' id='word_1_122' title='bbox 151 2089 386 2144; x_wconf 79' lang='lat' dir='ltr'><strong>-Filinm</strong></span> <span class='ocrx_word' id='word_1_123' title='bbox 443 2091 566 2146; x_wconf 82' lang='lat' dir='ltr'><strong>item</strong></span> <span class='ocrx_word' id='word_1_124' title='bbox 600 2095 713 2162; x_wconf 89' lang='lat' dir='ltr'><strong>pari</strong></span> <span class='ocrx_word' id='word_1_125' title='bbox 750 2094 908 2151; x_wconf 78' lang='lat' dir='ltr'><strong>laude</strong></span> <span class='ocrx_word' id='word_1_126' title='bbox 951 2099 1286 2167; x_wconf 82' lang='lat' dir='ltr'><strong>honorasse;</strong></span> <span class='ocrx_word' id='word_1_127' title='bbox 1324 2101 1584 2171; x_wconf 91' lang='lat' dir='ltr'><strong>Spiritum</strong></span> <span class='ocrx_word' id='word_1_128' title='bbox 1637 2120 1773 2160; x_wconf 81' lang='lat' dir='ltr'><strong>vero</strong></span> 
     </span>
    </p>
   </div>
   <div class='ocr_carea' id='block_1_19' title="bbox 188 2186 1772 2253">
    <p class='ocr_par' dir='ltr' id='par_1_19' title="bbox 188 2186 1772 2253">
     <span class='ocr_line' id='line_1_19' title="bbox 188 2186 1772 2253; baseline 0.011 -18"><span class='ocrx_word' id='word_1_129' title='bbox 188 2192 441 2236; x_wconf 80' lang='lat' dir='ltr'><strong>sanctum</strong></span> <span class='ocrx_word' id='word_1_130' title='bbox 482 2186 586 2237; x_wconf 79' lang='lat' dir='ltr'><strong>non</strong></span> <span class='ocrx_word' id='word_1_131' title='bbox 627 2186 930 2253; x_wconf 81' lang='lat' dir='ltr'><strong>appellasse</strong></span> <span class='ocrx_word' id='word_1_132' title='bbox 973 2189 1164 2244; x_wconf 83' lang='lat' dir='ltr'><strong>Deum.</strong></span> <span class='ocrx_word' id='word_1_133' title='bbox 1193 2189 1583 2249; x_wconf 85' lang='lat' dir='ltr'><strong>Convenerunt</strong></span> <span class='ocrx_word' id='word_1_134' title='bbox 1616 2195 1772 2252; x_wconf 86' lang='lat' dir='ltr'><strong>Con-</strong></span> 
     </span>
    </p>
   </div>
   <div class='ocr_carea' id='block_1_20' title="bbox 193 2275 1776 2357">
    <p class='ocr_par' dir='ltr' id='par_1_20' title="bbox 193 2275 1776 2357">
     <span class='ocr_line' id='line_1_20' title="bbox 193 2275 1776 2357; baseline 0.009 -29"><span class='ocrx_word' id='word_1_135' title='bbox 193 2275 548 2344; x_wconf 83' lang='lat' dir='ltr'><strong>stantinopoli</strong></span> <span class='ocrx_word' id='word_1_136' title='bbox 602 2278 813 2339; x_wconf 78' lang='lat' dir='ltr'><strong>Patres,</strong></span> <span class='ocrx_word' id='word_1_137' title='bbox 856 2288 910 2334; x_wconf 90' lang='lat' dir='ltr'><strong>et</strong></span> <span class='ocrx_word' id='word_1_138' title='bbox 963 2281 1094 2336; x_wconf 89' lang='lat' dir='ltr'><strong>illud</strong></span> <span class='ocrx_word' id='word_1_139' title='bbox 1150 2284 1292 2350; x_wconf 86' lang='lat' dir='ltr'><strong>quod</strong></span> <span class='ocrx_word' id='word_1_140' title='bbox 1349 2300 1500 2341; x_wconf 88' lang='lat' dir='ltr'><strong>nunc</strong></span> <span class='ocrx_word' id='word_1_141' title='bbox 1551 2286 1776 2357; x_wconf 80' lang='lat' dir='ltr'><strong>legitur,</strong></span> 
     </span>
    </p>
   </div>
   <div class='ocr_carea' id='block_1_21' title="bbox 188 2362 1774 2442">
    <p class='ocr_par' dir='ltr' id='par_1_21' title="bbox 188 2362 1774 2442">
     <span class='ocr_line' id='line_1_21' title="bbox 188 2362 1774 2442; baseline 0.009 -21"><span class='ocrx_word' id='word_1_142' title='bbox 188 2362 498 2437; x_wconf 81' lang='lat' dir='ltr'><strong>symbolum</strong></span> <span class='ocrx_word' id='word_1_143' title='bbox 538 2381 980 2438; x_wconf 86' lang='lat' dir='ltr'><strong>composuerunt.</strong></span> <span class='ocrx_word' id='word_1_144' title='bbox 1034 2374 1285 2442; x_wconf 81' lang='lat' dir='ltr'><strong>Cumque</strong></span> <span class='ocrx_word' id='word_1_145' title='bbox 1327 2375 1521 2433; x_wconf 88' lang='lat' dir='ltr'><strong>Niceni</strong></span> <span class='ocrx_word' id='word_1_146' title='bbox 1554 2381 1774 2435; x_wconf 83' lang='lat' dir='ltr'><strong>concilii</strong></span> 
     </span>
    </p>
   </div>
   <div class='ocr_carea' id='block_1_22' title="bbox 185 2456 1778 2534">
    <p class='ocr_par' dir='ltr' id='par_1_22' title="bbox 185 2456 1778 2534">
     <span class='ocr_line' id='line_1_22' title="bbox 185 2456 1778 2534; baseline 0.008 -20"><span class='ocrx_word' id='word_1_147' title='bbox 185 2456 391 2514; x_wconf 76' lang='lat' dir='ltr'><strong>Patres</strong></span> <span class='ocrx_word' id='word_1_148' title='bbox 414 2459 599 2527; x_wconf 86' lang='lat' dir='ltr'><strong>solum,</strong></span> <span class='ocrx_word' id='word_1_149' title='bbox 623 2469 672 2514; x_wconf 88' lang='lat' dir='ltr'><strong>et</strong></span> <span class='ocrx_word' id='word_1_150' title='bbox 697 2462 750 2514; x_wconf 87' lang='lat' dir='ltr'><strong>in</strong></span> <span class='ocrx_word' id='word_1_151' title='bbox 781 2461 1040 2526; x_wconf 81' lang='lat' dir='ltr'><strong>Spiritum</strong></span> <span class='ocrx_word' id='word_1_152' title='bbox 1060 2477 1329 2534; x_wconf 85' lang='lat' dir='ltr'><strong>sanctum,</strong></span> <span class='ocrx_word' id='word_1_153' title='bbox 1354 2470 1583 2525; x_wconf 86' lang='lat' dir='ltr'><strong>credere</strong></span> <span class='ocrx_word' id='word_1_154' title='bbox 1608 2472 1778 2527; x_wconf 75' lang='lat' dir='ltr'><strong>dixis-</strong></span> 
     </span>
    </p>
   </div>
   <div class='ocr_carea' id='block_1_23' title="bbox 197 2538 1772 2637">
    <p class='ocr_par' dir='ltr' id='par_1_23' title="bbox 197 2538 1772 2637">
     <span class='ocr_line' id='line_1_23' title="bbox 197 2538 1772 2637; baseline 0.007 -29"><span class='ocrx_word' id='word_1_155' title='bbox 197 2538 611 2637; x_wconf 50' lang='lat' dir='ltr'><strong>semumo</strong></span> <span class='ocrx_word' id='word_1_156' title='bbox 635 2554 969 2637; x_wconf 69' lang='lat' dir='ltr'><strong>adiecissent</strong></span> <span class='ocrx_word' id='word_1_157' title='bbox 997 2560 1269 2629; x_wconf 79' lang='lat' dir='ltr'><strong>amplius;</strong></span> <span class='ocrx_word' id='word_1_158' title='bbox 1302 2562 1415 2629; x_wconf 86' lang='lat' dir='ltr'><strong>isti,</strong></span> <span class='ocrx_word' id='word_1_159' title='bbox 1461 2580 1582 2633; x_wconf 70' lang='lat' dir='ltr'><strong>quat</strong></span> <span class='ocrx_word' id='word_1_160' title='bbox 1614 2564 1772 2635; x_wconf 85' lang='lat' dir='ltr'><strong>plura</strong></span> 
     </span>
    </p>
   </div>
   <div class='ocr_carea' id='block_1_24' title="bbox 197 2628 1772 2725">
    <p class='ocr_par' dir='ltr' id='par_1_24' title="bbox 197 2628 1772 2725">
     <span class='ocr_line' id='line_1_24' title="bbox 197 2628 1772 2725; baseline 0.011 -30"><span class='ocrx_word' id='word_1_161' title='bbox 197 2650 333 2698; x_wconf 82' lang='lat' dir='ltr'><strong>sunt</strong></span> <span class='ocrx_word' id='word_1_162' title='bbox 348 2628 955 2725; x_wconf 46' lang='grc' dir='ltr'><strong>ιιψξξέωειιρτηηῖ</strong></span> <span class='ocrx_word' id='word_1_163' title='bbox 995 2651 1062 2706; x_wconf 87' lang='lat' dir='ltr'><strong>de</strong></span> <span class='ocrx_word' id='word_1_164' title='bbox 1095 2655 1270 2707; x_wconf 83' lang='lat' dir='ltr'><strong>sancti</strong></span> <span class='ocrx_word' id='word_1_165' title='bbox 1307 2653 1545 2723; x_wconf 83' lang='lat' dir='ltr'><strong>Spiritus</strong></span> <span class='ocrx_word' id='word_1_166' title='bbox 1592 2658 1772 2712; x_wconf 78' lang='grc' dir='ltr'><strong>ιίοηιίο</strong></span> 
     </span>
    </p>
   </div>
   <div class='ocr_carea' id='block_1_25' title="bbox 193 2735 1774 2813">
    <p class='ocr_par' dir='ltr' id='par_1_25' title="bbox 193 2735 1774 2813">
     <span class='ocr_line' id='line_1_25' title="bbox 193 2735 1774 2813; baseline 0.008 -24"><span class='ocrx_word' id='word_1_167' title='bbox 193 2735 431 2813; x_wconf 60' lang='lat' dir='ltr'><strong>natione</strong></span> <span class='ocrx_word' id='word_1_168' title='bbox 465 2737 786 2807; x_wconf 31' lang='lat' dir='ltr'><strong>grieltale.</strong></span> <span class='ocrx_word' id='word_1_169' title='bbox 828 2740 1013 2810; x_wconf 82' lang='lat' dir='ltr'><strong>Neque</strong></span> <span class='ocrx_word' id='word_1_170' title='bbox 1053 2744 1229 2799; x_wconf 81' lang='lat' dir='ltr'><strong>solum</strong></span> <span class='ocrx_word' id='word_1_171' title='bbox 1284 2746 1639 2809; x_wconf 83' lang='lat' dir='ltr'><strong>addiderunt.</strong></span> <span class='ocrx_word' id='word_1_172' title='bbox 1677 2750 1774 2803; x_wconf 87' lang='lat' dir='ltr'><strong>sed</strong></span> 
     </span>
    </p>
   </div>
   <div class='ocr_carea' id='block_1_26' title="bbox 185 2829 1774 2904">
    <p class='ocr_par' dir='ltr' id='par_1_26' title="bbox 185 2829 1774 2904">
     <span class='ocr_line' id='line_1_26' title="bbox 185 2829 1774 2904; baseline 0.007 -21"><span class='ocrx_word' id='word_1_173' title='bbox 185 2829 543 2883; x_wconf 78' lang='lat' dir='ltr'><strong>detraxerunt</strong></span> <span class='ocrx_word' id='word_1_174' title='bbox 591 2831 774 2889; x_wconf 85' lang='lat' dir='ltr'><strong>etiam.</strong></span> <span class='ocrx_word' id='word_1_175' title='bbox 816 2831 974 2900; x_wconf 82' lang='lat' dir='ltr'><strong>Nam,</strong></span> <span class='ocrx_word' id='word_1_176' title='bbox 1009 2852 1131 2890; x_wconf 92' lang='lat' dir='ltr'><strong>cum</strong></span> <span class='ocrx_word' id='word_1_177' title='bbox 1178 2837 1449 2892; x_wconf 74' lang='lat' dir='ltr'><strong>dixi~sent</strong></span> <span class='ocrx_word' id='word_1_178' title='bbox 1480 2841 1580 2904; x_wconf 86' lang='lat' dir='ltr'><strong>illi,</strong></span> <span class='ocrx_word' id='word_1_179' title='bbox 1609 2841 1774 2896; x_wconf 77' lang='lat' dir='ltr'><strong>Geni-</strong></span> 
     </span>
    </p>
   </div>
   <div class='ocr_carea' id='block_1_27' title="bbox 186 2918 1774 2998">
    <p class='ocr_par' dir='ltr' id='par_1_27' title="bbox 186 2918 1774 2998">
     <span class='ocr_line' id='line_1_27' title="bbox 186 2918 1774 2998; baseline 0.008 -22"><span class='ocrx_word' id='word_1_180' title='bbox 186 2933 303 2976; x_wconf 85' lang='lat' dir='ltr'><strong>tum</strong></span> <span class='ocrx_word' id='word_1_181' title='bbox 348 2939 414 2974; x_wconf 79' lang='lat' dir='ltr'><strong>ea:</strong></span> <span class='ocrx_word' id='word_1_182' title='bbox 455 2921 629 2989; x_wconf 75' lang='lat' dir='ltr'><strong>Patre,</strong></span> <span class='ocrx_word' id='word_1_183' title='bbox 674 2924 951 2992; x_wconf 78' lang='lat' dir='ltr'><strong>videlicet,</strong></span> <span class='ocrx_word' id='word_1_184' title='bbox 1003 2943 1071 2982; x_wconf 76' lang='lat' dir='ltr'><strong>ex</strong></span> <span class='ocrx_word' id='word_1_185' title='bbox 1122 2927 1301 2986; x_wconf 83' lang='lat' dir='ltr'><strong>Patris</strong></span> <span class='ocrx_word' id='word_1_186' title='bbox 1361 2918 1633 2998; x_wconf 77' lang='lat' dir='ltr'><strong>essentia,</strong></span> <span class='ocrx_word' id='word_1_187' title='bbox 1682 2934 1774 2989; x_wconf 87' lang='lat' dir='ltr'><strong>isti</strong></span> 
     </span>
    </p>
   </div>
   <div class='ocr_carea' id='block_1_28' title="bbox 184 3013 1773 3093">
    <p class='ocr_par' dir='ltr' id='par_1_28' title="bbox 184 3013 1773 3093">
     <span class='ocr_line' id='line_1_28' title="bbox 184 3013 1773 3093; baseline 0.008 -27"><span class='ocrx_word' id='word_1_188' title='bbox 184 3013 363 3067; x_wconf 77' lang='lat' dir='ltr'><strong>solum</strong></span> <span class='ocrx_word' id='word_1_189' title='bbox 410 3028 476 3066; x_wconf 74' lang='lat' dir='ltr'><strong>ex</strong></span> <span class='ocrx_word' id='word_1_190' title='bbox 513 3013 672 3068; x_wconf 82' lang='lat' dir='ltr'><strong>Patre</strong></span> <span class='ocrx_word' id='word_1_191' title='bbox 709 3016 937 3084; x_wconf 84' lang='lat' dir='ltr'><strong>genitum</strong></span> <span class='ocrx_word' id='word_1_192' title='bbox 983 3018 1322 3075; x_wconf 86' lang='lat' dir='ltr'><strong>retinuerunt</strong></span> <span class='ocrx_word' id='word_1_193' title='bbox 1354 3040 1369 3078; x_wconf 87' lang='lat'><strong>:</strong></span> <span class='ocrx_word' id='word_1_194' title='bbox 1406 3038 1773 3093; x_wconf 76' lang='lat' dir='ltr'><strong>magnamque</strong></span> 
     </span>
    </p>
   </div>
   <div class='ocr_carea' id='block_1_29' title="bbox 185 3106 1777 3185">
    <p class='ocr_par' dir='ltr' id='par_1_29' title="bbox 185 3106 1777 3185">
     <span class='ocr_line' id='line_1_29' title="bbox 185 3106 1777 3185; baseline 0.008 -25"><span class='ocrx_word' id='word_1_195' title='bbox 185 3106 415 3160; x_wconf 86' lang='lat' dir='ltr'><strong>omnino</strong></span> <span class='ocrx_word' id='word_1_196' title='bbox 475 3106 832 3163; x_wconf 84' lang='lat' dir='ltr'><strong>dill&#39;ercntiam</strong></span> <span class='ocrx_word' id='word_1_197' title='bbox 894 3110 948 3164; x_wconf 89' lang='lat' dir='ltr'><strong>in</strong></span> <span class='ocrx_word' id='word_1_198' title='bbox 1017 3113 1193 3168; x_wconf 82' lang='lat' dir='ltr'><strong>trilms</strong></span> <span class='ocrx_word' id='word_1_199' title='bbox 1253 3114 1338 3168; x_wconf 82' lang='lat' dir='ltr'><strong>his</strong></span> <span class='ocrx_word' id='word_1_200' title='bbox 1401 3116 1698 3185; x_wconf 82' lang='lat' dir='ltr'><strong>Symlmlis,</strong></span> <span class='ocrx_word' id='word_1_201' title='bbox 1729 3120 1777 3173; x_wconf 89' lang='lat' dir='ltr'><strong>si</strong></span> 
     </span>
    </p>
   </div>
   <div class='ocr_carea' id='block_1_30' title="bbox 183 3200 1769 3265">
    <p class='ocr_par' dir='ltr' id='par_1_30' title="bbox 183 3200 1769 3265">
     <span class='ocr_line' id='line_1_30' title="bbox 183 3200 1769 3265; baseline 0.005 -12"><span class='ocrx_word' id='word_1_202' title='bbox 183 3200 352 3255; x_wconf 74' lang='lat' dir='ltr'><strong>verba</strong></span> <span class='ocrx_word' id='word_1_203' title='bbox 403 3210 459 3253; x_wconf 86' lang='lat' dir='ltr'><strong>et</strong></span> <span class='ocrx_word' id='word_1_204' title='bbox 516 3203 735 3254; x_wconf 88' lang='lat' dir='ltr'><strong>nomina</strong></span> <span class='ocrx_word' id='word_1_205' title='bbox 790 3204 1059 3263; x_wconf 70' lang='lat' dir='ltr'><strong>attctnlts.</strong></span> <span class='ocrx_word' id='word_1_206' title='bbox 1095 3204 1366 3261; x_wconf 72' lang='lat' dir='ltr'><strong>invenies.</strong></span> <span class='ocrx_word' id='word_1_207' title='bbox 1411 3206 1529 3262; x_wconf 84' lang='lat' dir='ltr'><strong>Non</strong></span> <span class='ocrx_word' id='word_1_208' title='bbox 1587 3219 1769 3265; x_wconf 86' lang='lat' dir='ltr'><strong>tamen</strong></span> 
     </span>
    </p>
   </div>
   <div class='ocr_carea' id='block_1_31' title="bbox 569 2598 580 2639">
    <p class='ocr_par' dir='ltr' id='par_1_31' title="bbox 569 2598 580 2615">
     <span class='ocr_line' id='line_1_31' title="bbox 569 2598 580 2615; baseline 0 0"><span class='ocrx_word' id='word_1_209' title='bbox 569 2598 580 2615; x_wconf 70' lang='grc' dir='ltr'><strong>Ι</strong></span> 
     </span>
    </p>
   </div>
   <div class='ocr_carea' id='block_1_32' title="bbox 1303 414 2371 513">
    <p class='ocr_par' dir='ltr' id='par_1_32' title="bbox 1303 414 2371 513">
     <span class='ocr_line' id='line_1_32' title="bbox 1303 414 2371 513; baseline 0.037 -40"><span class='ocrx_word' id='word_1_210' title='bbox 1303 414 1715 485; x_wconf 75' lang='lat' dir='ltr'><strong>ADVERSUS</strong></span> <span class='ocrx_word' id='word_1_211' title='bbox 1750 426 2066 498; x_wconf 70' lang='lat' dir='ltr'><strong>GR/ECOS</strong></span> <span class='ocrx_word' id='word_1_212' title='bbox 2096 439 2243 507; x_wconf 88' lang='lat' dir='ltr'><strong>LIB.</strong></span> <span class='ocrx_word' id='word_1_213' title='bbox 2266 445 2371 513; x_wconf 76' lang='lat' dir='ltr'><strong>IV.</strong></span> 
     </span>
    </p>
   </div>
   <div class='ocr_carea' id='block_1_33' title="bbox 3374 468 3481 539">
    <p class='ocr_par' dir='ltr' id='par_1_33' title="bbox 3374 468 3481 539">
     <span class='ocr_line' id='line_1_33' title="bbox 3374 468 3481 539; baseline -0.028 0"><span class='ocrx_word' id='word_1_214' title='bbox 3374 468 3481 539; x_wconf 76' lang='lat'><strong>1“0</strong></span> 
     </span>
    </p>
   </div>
   <div class='ocr_carea' id='block_1_34' title="bbox 1814 550 3475 648">
    <p class='ocr_par' dir='ltr' id='par_1_34' title="bbox 1814 550 3475 648">
     <span class='ocr_line' id='line_1_34' title="bbox 1814 550 3475 648; baseline 0.028 -47"><span class='ocrx_word' id='word_1_215' title='bbox 1814 552 1862 610; x_wconf 75' lang='grc' dir='ltr'><strong>Α</strong></span> <span class='ocrx_word' id='word_1_216' title='bbox 1962 550 2031 607; x_wconf 85' lang='lat' dir='ltr'><strong>Et</strong></span> <span class='ocrx_word' id='word_1_217' title='bbox 2059 555 2153 625; x_wconf 89' lang='lat' dir='ltr'><strong>qui</strong></span> <span class='ocrx_word' id='word_1_218' title='bbox 2199 556 2406 629; x_wconf 80' lang='lat' dir='ltr'><strong>Ephesi</strong></span> <span class='ocrx_word' id='word_1_219' title='bbox 2432 566 2669 635; x_wconf 82' lang='lat' dir='ltr'><strong>primum</strong></span> <span class='ocrx_word' id='word_1_220' title='bbox 2698 586 3094 647; x_wconf 87' lang='lat' dir='ltr'><strong>convenerunt,</strong></span> <span class='ocrx_word' id='word_1_221' title='bbox 3126 584 3250 643; x_wconf 89' lang='lat' dir='ltr'><strong>tldei</strong></span> <span class='ocrx_word' id='word_1_222' title='bbox 3287 596 3475 648; x_wconf 90' lang='lat' dir='ltr'><strong>termi-</strong></span> 
     </span>
    </p>
   </div>
   <div class='ocr_carea' id='block_1_35' title="bbox 1890 732 3475 842">
    <p class='ocr_par' dir='ltr' id='par_1_35' title="bbox 1890 732 3475 842">
     <span class='ocr_line' id='line_1_35' title="bbox 1890 732 3475 842; baseline 0.029 -59"><span class='ocrx_word' id='word_1_223' title='bbox 1890 732 2242 842; x_wconf 43' lang='lat' dir='ltr'><strong>prfedicatua.</strong></span> <span class='ocrx_word' id='word_1_224' title='bbox 2275 739 2443 842; x_wconf 68' lang='lat' dir='ltr'><strong>Virgo</strong></span> <span class='ocrx_word' id='word_1_225' title='bbox 2477 751 2622 807; x_wconf 85' lang='lat' dir='ltr'><strong>enim</strong></span> <span class='ocrx_word' id='word_1_226' title='bbox 2669 757 3012 819; x_wconf 87' lang='lat' dir='ltr'><strong>solummodo</strong></span> <span class='ocrx_word' id='word_1_227' title='bbox 3043 766 3194 822; x_wconf 86' lang='lat' dir='ltr'><strong>beata</strong></span> <span class='ocrx_word' id='word_1_228' title='bbox 3235 768 3287 824; x_wconf 91' lang='lat' dir='ltr'><strong>in</strong></span> <span class='ocrx_word' id='word_1_229' title='bbox 3322 732 3475 842; x_wconf 68' lang='lat' dir='ltr'><strong>syrii-</strong></span> 
     </span>
    </p>
   </div>
   <div class='ocr_carea' id='block_1_36' title="bbox 1888 818 3481 924">
    <p class='ocr_par' dir='ltr' id='par_1_36' title="bbox 1888 818 3481 924">
     <span class='ocr_line' id='line_1_36' title="bbox 1888 818 3481 924; baseline 0.029 -50"><span class='ocrx_word' id='word_1_230' title='bbox 1888 818 2015 924; x_wconf 69' lang='lat' dir='ltr'><strong>bolo</strong></span> <span class='ocrx_word' id='word_1_231' title='bbox 2053 829 2322 897; x_wconf 85' lang='lat' dir='ltr'><strong>appellata</strong></span> <span class='ocrx_word' id='word_1_232' title='bbox 2353 835 2554 896; x_wconf 82' lang='lat' dir='ltr'><strong>fuerat.</strong></span> <span class='ocrx_word' id='word_1_233' title='bbox 2591 843 2708 899; x_wconf 83' lang='lat' dir='ltr'><strong>Etsi</strong></span> <span class='ocrx_word' id='word_1_234' title='bbox 2767 850 2913 904; x_wconf 84' lang='lat' dir='ltr'><strong>enim</strong></span> <span class='ocrx_word' id='word_1_235' title='bbox 2969 818 3481 924; x_wconf 31' lang='lat' dir='ltr'><strong>Sytnholoaidﬂada</strong></span> 
     </span>
    </p>
   </div>
   <div class='ocr_carea' id='block_1_37' title="bbox 1881 915 3474 1029">
    <p class='ocr_par' dir='ltr' id='par_1_37' title="bbox 1881 915 3474 1029">
     <span class='ocr_line' id='line_1_37' title="bbox 1881 915 3474 1029; baseline 0.019 -54"><span class='ocrx_word' id='word_1_236' title='bbox 1881 915 2085 1029; x_wconf 50' lang='lat' dir='ltr'><strong>igctum</strong></span> <span class='ocrx_word' id='word_1_237' title='bbox 2117 939 2225 980; x_wconf 92' lang='lat' dir='ltr'><strong>non</strong></span> <span class='ocrx_word' id='word_1_238' title='bbox 2249 939 2353 993; x_wconf 87' lang='lat' dir='ltr'><strong>est,</strong></span> <span class='ocrx_word' id='word_1_239' title='bbox 2382 932 2738 995; x_wconf 81' lang='lat' dir='ltr'><strong>nihilominus</strong></span> <span class='ocrx_word' id='word_1_240' title='bbox 2767 915 3324 1014; x_wconf 48' lang='lat' dir='ltr'><strong>Symboli-terminmn</strong></span> 
     </span>
    </p>
   </div>
   <div class='ocr_carea' id='block_1_38' title="bbox 1887 1010 3475 1120">
    <p class='ocr_par' dir='ltr' id='par_1_38' title="bbox 1887 1010 3475 1120">
     <span class='ocr_line' id='line_1_38' title="bbox 1887 1010 3475 1120; baseline 0.026 -55"><span class='ocrx_word' id='word_1_241' title='bbox 1887 1010 2038 1067; x_wconf 89' lang='lat' dir='ltr'><strong>illum</strong></span> <span class='ocrx_word' id='word_1_242' title='bbox 2066 1031 2414 1088; x_wconf 75' lang='lat' dir='ltr'><strong>veneramur,</strong></span> <span class='ocrx_word' id='word_1_243' title='bbox 2449 1025 2762 1097; x_wconf 85' lang='lat' dir='ltr'><strong>hnjnsmodi</strong></span> <span class='ocrx_word' id='word_1_244' title='bbox 2817 1039 3158 1110; x_wconf 87' lang='lat' dir='ltr'><strong>vocabulum,</strong></span> <span class='ocrx_word' id='word_1_245' title='bbox 3215 1010 3475 1120; x_wconf 74' lang='lat' dir='ltr'><strong>illiusque</strong></span> 
     </span>
    </p>
   </div>
   <div class='ocr_carea' id='block_1_39' title="bbox 1886 1117 3474 1213">
    <p class='ocr_par' dir='ltr' id='par_1_39' title="bbox 1886 1117 3474 1213">
     <span class='ocr_line' id='line_1_39' title="bbox 1886 1117 3474 1213; baseline 0.026 -53"><span class='ocrx_word' id='word_1_246' title='bbox 1886 1119 2110 1213; x_wconf 67' lang='lat' dir='ltr'><strong>sensum</strong></span> <span class='ocrx_word' id='word_1_247' title='bbox 2170 1120 2230 1165; x_wconf 87' lang='lat' dir='ltr'><strong>ttt</strong></span> <span class='ocrx_word' id='word_1_248' title='bbox 2286 1117 2605 1205; x_wconf 35' lang='lat' dir='ltr'><strong>rectissime.</strong></span> <span class='ocrx_word' id='word_1_249' title='bbox 2624 1125 2865 1190; x_wconf 88' lang='lat' dir='ltr'><strong>positum</strong></span> <span class='ocrx_word' id='word_1_250' title='bbox 2896 1134 3278 1205; x_wconf 78' lang='lat' dir='ltr'><strong>suscipientes,</strong></span> <span class='ocrx_word' id='word_1_251' title='bbox 3309 1117 3474 1213; x_wconf 80' lang='lat' dir='ltr'><strong>atque</strong></span> 
     </span>
    </p>
   </div>
   <div class='ocr_carea' id='block_1_40' title="bbox 1885 1202 3471 1300">
    <p class='ocr_par' dir='ltr' id='par_1_40' title="bbox 1885 1202 3471 1300">
     <span class='ocr_line' id='line_1_40' title="bbox 1885 1202 3471 1300; baseline 0.023 -45"><span class='ocrx_word' id='word_1_252' title='bbox 1885 1202 2211 1261; x_wconf 83' lang='lat' dir='ltr'><strong>conﬁtentes</strong></span> <span class='ocrx_word' id='word_1_253' title='bbox 2257 1224 2272 1263; x_wconf 89' lang='lat'><strong>:</strong></span> <span class='ocrx_word' id='word_1_254' title='bbox 2326 1224 2526 1280; x_wconf 89' lang='lat' dir='ltr'><strong>eosque</strong></span> <span class='ocrx_word' id='word_1_255' title='bbox 2555 1202 2650 1284; x_wconf 83' lang='lat' dir='ltr'><strong>qui</strong></span> <span class='ocrx_word' id='word_1_256' title='bbox 2686 1217 2814 1273; x_wconf 91' lang='lat' dir='ltr'><strong>illud</strong></span> <span class='ocrx_word' id='word_1_257' title='bbox 2851 1202 3072 1293; x_wconf 77' lang='lat' dir='ltr'><strong>negant.</strong></span> <span class='ocrx_word' id='word_1_258' title='bbox 3100 1202 3471 1300; x_wconf 68' lang='lat' dir='ltr'><strong>exsecrantes,</strong></span> 
     </span>
    </p>
   </div>
   <div class='ocr_carea' id='block_1_41' title="bbox 1885 1296 3472 1386">
    <p class='ocr_par' dir='ltr' id='par_1_41' title="bbox 1885 1296 3472 1386">
     <span class='ocr_line' id='line_1_41' title="bbox 1885 1296 3472 1386; baseline 0.025 -40"><span class='ocrx_word' id='word_1_259' title='bbox 1885 1296 2085 1382; x_wconf 79' lang='lat' dir='ltr'><strong>quibus</strong></span> <span class='ocrx_word' id='word_1_260' title='bbox 2128 1301 2277 1357; x_wconf 87' lang='lat' dir='ltr'><strong>circa</strong></span> <span class='ocrx_word' id='word_1_261' title='bbox 2333 1305 2648 1376; x_wconf 69' lang='lat' dir='ltr'><strong>Symbolum</strong></span> <span class='ocrx_word' id='word_1_262' title='bbox 2691 1328 2797 1368; x_wconf 91' lang='lat' dir='ltr'><strong>non</strong></span> <span class='ocrx_word' id='word_1_263' title='bbox 2842 1331 3104 1386; x_wconf 71' lang='lat' dir='ltr'><strong>majorem</strong></span> <span class='ocrx_word' id='word_1_264' title='bbox 3129 1296 3472 1385; x_wconf 83' lang='lat' dir='ltr'><strong>ostendimus</strong></span> 
     </span>
    </p>
   </div>
   <div class='ocr_carea' id='block_1_42' title="bbox 1884 1393 3474 1485">
    <p class='ocr_par' dir='ltr' id='par_1_42' title="bbox 1884 1393 3474 1485">
     <span class='ocr_line' id='line_1_42' title="bbox 1884 1393 3474 1485; baseline 0.019 -39"><span class='ocrx_word' id='word_1_265' title='bbox 1884 1393 2142 1465; x_wconf 78' lang='lat' dir='ltr'><strong>rigorem,</strong></span> <span class='ocrx_word' id='word_1_266' title='bbox 2176 1414 2341 1469; x_wconf 90' lang='lat' dir='ltr'><strong>quam</strong></span> <span class='ocrx_word' id='word_1_267' title='bbox 2375 1403 2628 1463; x_wconf 85' lang='lat' dir='ltr'><strong>universa</strong></span> <span class='ocrx_word' id='word_1_268' title='bbox 2683 1412 2929 1481; x_wconf 85' lang='lat' dir='ltr'><strong>synodus</strong></span> <span class='ocrx_word' id='word_1_269' title='bbox 2976 1431 3076 1485; x_wconf 89' lang='lat' dir='ltr'><strong>pro</strong></span> <span class='ocrx_word' id='word_1_270' title='bbox 3124 1419 3474 1477; x_wconf 81' lang='lat' dir='ltr'><strong>revincendis</strong></span> 
     </span>
    </p>
   </div>
   <div class='ocr_carea' id='block_1_43' title="bbox 1884 1484 3473 1585">
    <p class='ocr_par' dir='ltr' id='par_1_43' title="bbox 1884 1484 3473 1585">
     <span class='ocr_line' id='line_1_43' title="bbox 1884 1484 3473 1585; baseline 0.02 -45"><span class='ocrx_word' id='word_1_271' title='bbox 1884 1484 2242 1556; x_wconf 83' lang='lat' dir='ltr'><strong>blasphemiis</strong></span> <span class='ocrx_word' id='word_1_272' title='bbox 2293 1509 2645 1568; x_wconf 70' lang='lat' dir='ltr'><strong>congregata,</strong></span> <span class='ocrx_word' id='word_1_273' title='bbox 2680 1501 2916 1575; x_wconf 84' lang='lat' dir='ltr'><strong>ﬁdeique</strong></span> <span class='ocrx_word' id='word_1_274' title='bbox 2953 1484 3247 1567; x_wconf 84' lang='lat' dir='ltr'><strong>terminum</strong></span> <span class='ocrx_word' id='word_1_275' title='bbox 3304 1528 3473 1585; x_wconf 81' lang='lat' dir='ltr'><strong>expo-</strong></span> 
     </span>
    </p>
   </div>
   <div class='ocr_carea' id='block_1_44' title="bbox 1886 1593 3472 1679">
    <p class='ocr_par' dir='ltr' id='par_1_44' title="bbox 1886 1593 3472 1679">
     <span class='ocr_line' id='line_1_44' title="bbox 1886 1593 3472 1679; baseline 0.02 -44"><span class='ocrx_word' id='word_1_276' title='bbox 1886 1597 2044 1647; x_wconf 90' lang='lat' dir='ltr'><strong>nens,</strong></span> <span class='ocrx_word' id='word_1_277' title='bbox 2078 1593 2134 1638; x_wconf 90' lang='lat' dir='ltr'><strong>et</strong></span> <span class='ocrx_word' id='word_1_278' title='bbox 2164 1601 2262 1656; x_wconf 89' lang='lat' dir='ltr'><strong>per</strong></span> <span class='ocrx_word' id='word_1_279' title='bbox 2312 1605 2407 1645; x_wconf 84' lang='lat' dir='ltr'><strong>eas</strong></span> <span class='ocrx_word' id='word_1_280' title='bbox 2458 1608 2594 1661; x_wconf 88' lang='lat' dir='ltr'><strong>quas</strong></span> <span class='ocrx_word' id='word_1_281' title='bbox 2652 1598 2898 1668; x_wconf 84' lang='lat' dir='ltr'><strong>antiquis</strong></span> <span class='ocrx_word' id='word_1_282' title='bbox 2953 1603 3142 1668; x_wconf 81' lang='lat' dir='ltr'><strong>addit,</strong></span> <span class='ocrx_word' id='word_1_283' title='bbox 3176 1607 3472 1679; x_wconf 86' lang='lat' dir='ltr'><strong>dictiones,</strong></span> 
     </span>
    </p>
   </div>
   <div class='ocr_carea' id='block_1_45' title="bbox 1884 1677 2664 1749">
    <p class='ocr_par' dir='ltr' id='par_1_45' title="bbox 1884 1677 2664 1749">
     <span class='ocr_line' id='line_1_45' title="bbox 1884 1677 2664 1749; baseline 0.022 -22"><span class='ocrx_word' id='word_1_284' title='bbox 1884 1689 2022 1730; x_wconf 87' lang='lat' dir='ltr'><strong>nova</strong></span> <span class='ocrx_word' id='word_1_285' title='bbox 2056 1677 2314 1749; x_wconf 77' lang='lat' dir='ltr'><strong>dogmata</strong></span> <span class='ocrx_word' id='word_1_286' title='bbox 2349 1683 2664 1743; x_wconf 88' lang='lat' dir='ltr'><strong>eliminans.</strong></span> 
     </span>
    </p>
   </div>
   <div class='ocr_carea' id='block_1_46' title="bbox 1956 1769 3475 1859">
    <p class='ocr_par' dir='ltr' id='par_1_46' title="bbox 1956 1769 3475 1859">
     <span class='ocr_line' id='line_1_46' title="bbox 1956 1769 3475 1859; baseline 0.019 -36"><span class='ocrx_word' id='word_1_287' title='bbox 1956 1769 2181 1840; x_wconf 73' lang='lat' dir='ltr'><strong>Magnus</strong></span> <span class='ocrx_word' id='word_1_288' title='bbox 2210 1784 2470 1842; x_wconf 75' lang='lat' dir='ltr'><strong>prteterea</strong></span> <span class='ocrx_word' id='word_1_289' title='bbox 2495 1782 2728 1839; x_wconf 86' lang='lat' dir='ltr'><strong>Basilius</strong></span> <span class='ocrx_word' id='word_1_290' title='bbox 2748 1785 2801 1840; x_wconf 89' lang='lat' dir='ltr'><strong>in</strong></span> <span class='ocrx_word' id='word_1_291' title='bbox 2834 1786 3040 1859; x_wconf 73' lang='lat' dir='ltr'><strong>Regula</strong></span> <span class='ocrx_word' id='word_1_292' title='bbox 3080 1792 3147 1845; x_wconf 90' lang='lat' dir='ltr'><strong>ad</strong></span> <span class='ocrx_word' id='word_1_293' title='bbox 3177 1796 3475 1852; x_wconf 83' lang='lat' dir='ltr'><strong>monachos</strong></span> 
     </span>
    </p>
   </div>
   <div class='ocr_carea' id='block_1_47' title="bbox 1883 1867 3475 1957">
    <p class='ocr_par' dir='ltr' id='par_1_47' title="bbox 1883 1867 3475 1957">
     <span class='ocr_line' id='line_1_47' title="bbox 1883 1867 3475 1957; baseline 0.018 -42"><span class='ocrx_word' id='word_1_294' title='bbox 1883 1875 2196 1919; x_wconf 69' lang='lat' dir='ltr'><strong>sanctorum</strong></span> <span class='ocrx_word' id='word_1_295' title='bbox 2244 1867 2467 1926; x_wconf 84' lang='lat' dir='ltr'><strong>Patrum</strong></span> <span class='ocrx_word' id='word_1_296' title='bbox 2517 1873 2700 1940; x_wconf 86' lang='lat' dir='ltr'><strong>ﬁdem,</strong></span> <span class='ocrx_word' id='word_1_297' title='bbox 2735 1894 2889 1949; x_wconf 69' lang='lat' dir='ltr'><strong>quae,</strong></span> <span class='ocrx_word' id='word_1_298' title='bbox 2934 1891 2995 1936; x_wconf 90' lang='lat' dir='ltr'><strong>ut</strong></span> <span class='ocrx_word' id='word_1_299' title='bbox 3026 1883 3141 1953; x_wconf 87' lang='lat' dir='ltr'><strong>ipse</strong></span> <span class='ocrx_word' id='word_1_300' title='bbox 3187 1888 3282 1953; x_wconf 85' lang='lat' dir='ltr'><strong>ait,</strong></span> <span class='ocrx_word' id='word_1_301' title='bbox 3318 1888 3475 1957; x_wconf 80' lang='lat' dir='ltr'><strong>fran-</strong></span> 
     </span>
    </p>
   </div>
   <div class='ocr_carea' id='block_1_48' title="bbox 1880 1958 3470 2037">
    <p class='ocr_par' dir='ltr' id='par_1_48' title="bbox 1880 1958 3470 2037">
     <span class='ocr_line' id='line_1_48' title="bbox 1880 1958 3470 2037; baseline 0.018 -28"><span class='ocrx_word' id='word_1_302' title='bbox 1880 1958 2026 2018; x_wconf 84' lang='lat' dir='ltr'><strong>dari.</strong></span> <span class='ocrx_word' id='word_1_303' title='bbox 2060 1959 2459 2033; x_wconf 74' lang='lat' dir='ltr'><strong>adulter-urique</strong></span> <span class='ocrx_word' id='word_1_304' title='bbox 2491 1982 2596 2021; x_wconf 83' lang='lat' dir='ltr'><strong>non</strong></span> <span class='ocrx_word' id='word_1_305' title='bbox 2642 1983 2838 2037; x_wconf 84' lang='lat' dir='ltr'><strong>posset,</strong></span> <span class='ocrx_word' id='word_1_306' title='bbox 2873 1990 2997 2029; x_wconf 90' lang='lat' dir='ltr'><strong>cttm</strong></span> <span class='ocrx_word' id='word_1_307' title='bbox 3039 1991 3101 2032; x_wconf 89' lang='lat' dir='ltr'><strong>se</strong></span> <span class='ocrx_word' id='word_1_308' title='bbox 3139 1980 3470 2037; x_wconf 86' lang='lat' dir='ltr'><strong>traditurum</strong></span> 
     </span>
    </p>
   </div>
   <div class='ocr_carea' id='block_1_49' title="bbox 1880 2050 3477 2144">
    <p class='ocr_par' dir='ltr' id='par_1_49' title="bbox 1880 2050 3477 2144">
     <span class='ocr_line' id='line_1_49' title="bbox 1880 2050 3477 2144; baseline 0.018 -42"><span class='ocrx_word' id='word_1_309' title='bbox 1880 2050 2252 2144; x_wconf 62' lang='lat' dir='ltr'><strong>polliceretur.</strong></span> <span class='ocrx_word' id='word_1_310' title='bbox 2288 2057 2548 2123; x_wconf 84' lang='lat' dir='ltr'><strong>plurima,</strong></span> <span class='ocrx_word' id='word_1_311' title='bbox 2581 2078 2703 2131; x_wconf 69' lang='lat' dir='ltr'><strong>quas</strong></span> <span class='ocrx_word' id='word_1_312' title='bbox 2750 2064 2803 2118; x_wconf 88' lang='lat' dir='ltr'><strong>in</strong></span> <span class='ocrx_word' id='word_1_313' title='bbox 2864 2069 2987 2123; x_wconf 89' lang='lat' dir='ltr'><strong>lldei</strong></span> <span class='ocrx_word' id='word_1_314' title='bbox 3038 2068 3299 2142; x_wconf 78' lang='lat' dir='ltr'><strong>Sytnholo</strong></span> <span class='ocrx_word' id='word_1_315' title='bbox 3349 2084 3477 2129; x_wconf 89' lang='lat' dir='ltr'><strong>sunt</strong></span> 
     </span>
    </p>
   </div>
   <div class='ocr_carea' id='block_1_50' title="bbox 1856 2148 3475 2238">
    <p class='ocr_par' dir='ltr' id='par_1_50' title="bbox 1856 2148 3475 2238">
     <span class='ocr_line' id='line_1_50' title="bbox 1856 2148 3475 2238; baseline 0.017 -41"><span class='ocrx_word' id='word_1_316' title='bbox 1856 2149 2095 2221; x_wconf 67' lang='lat' dir='ltr'><strong>~posita.</strong></span> <span class='ocrx_word' id='word_1_317' title='bbox 2144 2148 2354 2211; x_wconf 86' lang='lat' dir='ltr'><strong>omisit.</strong></span> <span class='ocrx_word' id='word_1_318' title='bbox 2411 2160 2464 2204; x_wconf 91' lang='lat' dir='ltr'><strong>et</strong></span> <span class='ocrx_word' id='word_1_319' title='bbox 2513 2154 2580 2208; x_wconf 89' lang='lat' dir='ltr'><strong>de</strong></span> <span class='ocrx_word' id='word_1_320' title='bbox 2608 2168 2803 2212; x_wconf 87' lang='lat' dir='ltr'><strong>sancto</strong></span> <span class='ocrx_word' id='word_1_321' title='bbox 2830 2158 3039 2227; x_wconf 85' lang='lat' dir='ltr'><strong>Spiritu</strong></span> <span class='ocrx_word' id='word_1_322' title='bbox 3088 2164 3248 2230; x_wconf 85' lang='lat' dir='ltr'><strong>nihil,</strong></span> <span class='ocrx_word' id='word_1_323' title='bbox 3297 2182 3475 2238; x_wconf 86' lang='lat' dir='ltr'><strong>neque</strong></span> 
     </span>
    </p>
   </div>
   <div class='ocr_carea' id='block_1_51' title="bbox 1878 2238 3471 2328">
    <p class='ocr_par' dir='ltr' id='par_1_51' title="bbox 1878 2238 3471 2328">
     <span class='ocr_line' id='line_1_51' title="bbox 1878 2238 3471 2328; baseline 0.018 -39"><span class='ocrx_word' id='word_1_324' title='bbox 1878 2239 2020 2306; x_wconf 92' lang='lat' dir='ltr'><strong>quod</strong></span> <span class='ocrx_word' id='word_1_325' title='bbox 2055 2255 2122 2295; x_wconf 83' lang='lat' dir='ltr'><strong>ex</strong></span> <span class='ocrx_word' id='word_1_326' title='bbox 2157 2238 2342 2303; x_wconf 87' lang='lat' dir='ltr'><strong>Patre,</strong></span> <span class='ocrx_word' id='word_1_327' title='bbox 2376 2260 2551 2316; x_wconf 88' lang='lat' dir='ltr'><strong>neque</strong></span> <span class='ocrx_word' id='word_1_328' title='bbox 2590 2253 2732 2316; x_wconf 89' lang='lat' dir='ltr'><strong>quod</strong></span> <span class='ocrx_word' id='word_1_329' title='bbox 2769 2268 2866 2321; x_wconf 86' lang='lat' dir='ltr'><strong>per</strong></span> <span class='ocrx_word' id='word_1_330' title='bbox 2888 2251 3085 2311; x_wconf 89' lang='lat' dir='ltr'><strong>Filium</strong></span> <span class='ocrx_word' id='word_1_331' title='bbox 3125 2263 3471 2328; x_wconf 82' lang='lat' dir='ltr'><strong>procederet,</strong></span> 
     </span>
    </p>
   </div>
   <div class='ocr_carea' id='block_1_52' title="bbox 1877 2330 3476 2412">
    <p class='ocr_par' dir='ltr' id='par_1_52' title="bbox 1877 2330 3476 2412">
     <span class='ocr_line' id='line_1_52' title="bbox 1877 2330 3476 2412; baseline 0.016 -27"><span class='ocrx_word' id='word_1_332' title='bbox 1877 2330 2050 2395; x_wconf 78' lang='lat' dir='ltr'><strong>dixit;</strong></span> <span class='ocrx_word' id='word_1_333' title='bbox 2081 2334 2175 2387; x_wconf 89' lang='lat' dir='ltr'><strong>sed</strong></span> <span class='ocrx_word' id='word_1_334' title='bbox 2223 2344 2433 2391; x_wconf 90' lang='lat' dir='ltr'><strong>tantum</strong></span> <span class='ocrx_word' id='word_1_335' title='bbox 2471 2348 2527 2394; x_wconf 89' lang='lat' dir='ltr'><strong>et</strong></span> <span class='ocrx_word' id='word_1_336' title='bbox 2564 2342 2616 2395; x_wconf 91' lang='lat' dir='ltr'><strong>in</strong></span> <span class='ocrx_word' id='word_1_337' title='bbox 2649 2342 2913 2412; x_wconf 89' lang='lat' dir='ltr'><strong>Spiritum</strong></span> <span class='ocrx_word' id='word_1_338' title='bbox 2961 2360 3217 2406; x_wconf 87' lang='lat' dir='ltr'><strong>sanctum</strong></span> <span class='ocrx_word' id='word_1_339' title='bbox 3267 2368 3326 2410; x_wconf 88' lang='lat' dir='ltr'><strong>se</strong></span> <span class='ocrx_word' id='word_1_340' title='bbox 3357 2368 3476 2410; x_wconf 88' lang='lat' dir='ltr'><strong>cre-</strong></span> 
     </span>
    </p>
   </div>
   <div class='ocr_carea' id='block_1_53' title="bbox 1878 2426 3473 2512">
    <p class='ocr_par' dir='ltr' id='par_1_53' title="bbox 1878 2426 3473 2512">
     <span class='ocr_line' id='line_1_53' title="bbox 1878 2426 3473 2512; baseline 0.015 -33"><span class='ocrx_word' id='word_1_341' title='bbox 1878 2426 2009 2483; x_wconf 86' lang='lat' dir='ltr'><strong>dere</strong></span> <span class='ocrx_word' id='word_1_342' title='bbox 2031 2428 2240 2495; x_wconf 89' lang='lat' dir='ltr'><strong>dicens,</strong></span> <span class='ocrx_word' id='word_1_343' title='bbox 2274 2430 2501 2495; x_wconf 79' lang='lat' dir='ltr'><strong>adiectis</strong></span> <span class='ocrx_word' id='word_1_344' title='bbox 2526 2437 2853 2503; x_wconf 83' lang='lat' dir='ltr'><strong>quihusdam</strong></span> <span class='ocrx_word' id='word_1_345' title='bbox 2885 2441 3187 2512; x_wconf 79' lang='lat' dir='ltr'><strong>Scriptura:</strong></span> <span class='ocrx_word' id='word_1_346' title='bbox 3217 2446 3473 2502; x_wconf 84' lang='lat' dir='ltr'><strong>testimo-</strong></span> 
     </span>
    </p>
   </div>
   <div class='ocr_carea' id='block_1_54' title="bbox 1880 2519 3474 2605">
    <p class='ocr_par' dir='ltr' id='par_1_54' title="bbox 1880 2519 3474 2605">
     <span class='ocr_line' id='line_1_54' title="bbox 1880 2519 3474 2605; baseline 0.015 -33"><span class='ocrx_word' id='word_1_347' title='bbox 1880 2519 1987 2574; x_wconf 83' lang='lat' dir='ltr'><strong>niis</strong></span> <span class='ocrx_word' id='word_1_348' title='bbox 2032 2519 2101 2575; x_wconf 90' lang='lat' dir='ltr'><strong>de</strong></span> <span class='ocrx_word' id='word_1_349' title='bbox 2144 2532 2337 2579; x_wconf 86' lang='lat' dir='ltr'><strong>sancto</strong></span> <span class='ocrx_word' id='word_1_350' title='bbox 2377 2525 2608 2595; x_wconf 83' lang='lat' dir='ltr'><strong>Spiritu,</strong></span> <span class='ocrx_word' id='word_1_351' title='bbox 2637 2545 2702 2584; x_wconf 82' lang='lat' dir='ltr'><strong>ex</strong></span> <span class='ocrx_word' id='word_1_352' title='bbox 2747 2530 2911 2588; x_wconf 85' lang='lat' dir='ltr'><strong>Patre</strong></span> <span class='ocrx_word' id='word_1_353' title='bbox 2965 2534 3138 2604; x_wconf 77' lang='lat' dir='ltr'><strong>ipsum</strong></span> <span class='ocrx_word' id='word_1_354' title='bbox 3175 2543 3474 2605; x_wconf 85' lang='lat' dir='ltr'><strong>procedere</strong></span> 
     </span>
    </p>
   </div>
   <div class='ocr_carea' id='block_1_55' title="bbox 1879 2612 3474 2698">
    <p class='ocr_par' dir='ltr' id='par_1_55' title="bbox 1879 2612 3474 2698">
     <span class='ocr_line' id='line_1_55' title="bbox 1879 2612 3474 2698; baseline 0.014 -34"><span class='ocrx_word' id='word_1_355' title='bbox 1879 2612 2103 2666; x_wconf 87' lang='lat' dir='ltr'><strong>omnino</strong></span> <span class='ocrx_word' id='word_1_356' title='bbox 2137 2616 2304 2670; x_wconf 90' lang='lat' dir='ltr'><strong>tacuit</strong></span> <span class='ocrx_word' id='word_1_357' title='bbox 2340 2634 2357 2671; x_wconf 91' lang='lat'><strong>:</strong></span> <span class='ocrx_word' id='word_1_358' title='bbox 2392 2633 2514 2672; x_wconf 92' lang='lat' dir='ltr'><strong>cum</strong></span> <span class='ocrx_word' id='word_1_359' title='bbox 2568 2620 2701 2677; x_wconf 90' lang='lat' dir='ltr'><strong>nihil</strong></span> <span class='ocrx_word' id='word_1_360' title='bbox 2747 2624 3014 2694; x_wconf 86' lang='lat' dir='ltr'><strong>adjicere,</strong></span> <span class='ocrx_word' id='word_1_361' title='bbox 3045 2642 3227 2698; x_wconf 82' lang='lat' dir='ltr'><strong>neque</strong></span> <span class='ocrx_word' id='word_1_362' title='bbox 3254 2631 3474 2686; x_wconf 87' lang='lat' dir='ltr'><strong>demere</strong></span> 
     </span>
    </p>
   </div>
   <div class='ocr_carea' id='block_1_56' title="bbox 1879 2711 3470 2788">
    <p class='ocr_par' dir='ltr' id='par_1_56' title="bbox 1879 2711 3470 2788">
     <span class='ocr_line' id='line_1_56' title="bbox 1879 2711 3470 2788; baseline 0.014 -31"><span class='ocrx_word' id='word_1_363' title='bbox 1879 2711 2273 2774; x_wconf 77' lang='lat' dir='ltr'><strong>propesuisset,</strong></span> <span class='ocrx_word' id='word_1_364' title='bbox 2329 2712 2653 2769; x_wconf 81' lang='lat' dir='ltr'><strong>existimans</strong></span> <span class='ocrx_word' id='word_1_365' title='bbox 2709 2716 2794 2772; x_wconf 89' lang='lat' dir='ltr'><strong>his</strong></span> <span class='ocrx_word' id='word_1_366' title='bbox 2851 2733 2972 2788; x_wconf 71' lang='lat' dir='ltr'><strong>qua:</strong></span> <span class='ocrx_word' id='word_1_367' title='bbox 3020 2720 3276 2787; x_wconf 75' lang='lat' dir='ltr'><strong>dixisset,</strong></span> <span class='ocrx_word' id='word_1_368' title='bbox 3305 2724 3470 2780; x_wconf 78' lang='lat' dir='ltr'><strong>etiam</strong></span> 
     </span>
    </p>
   </div>
   <div class='ocr_carea' id='block_1_57' title="bbox 1879 2803 2686 2880">
    <p class='ocr_par' dir='ltr' id='par_1_57' title="bbox 1879 2803 2686 2880">
     <span class='ocr_line' id='line_1_57' title="bbox 1879 2803 2686 2880; baseline 0.014 -29"><span class='ocrx_word' id='word_1_369' title='bbox 1879 2815 2001 2869; x_wconf 74' lang='lat' dir='ltr'><strong>qum</strong></span> <span class='ocrx_word' id='word_1_370' title='bbox 2034 2803 2247 2880; x_wconf 60' lang='lat' dir='ltr'><strong>tacebat</strong></span> <span class='ocrx_word' id='word_1_371' title='bbox 2277 2807 2686 2873; x_wconf 79' lang='lat' dir='ltr'><strong>comprehendi.</strong></span> 
     </span>
    </p>
   </div>
   <div class='ocr_carea' id='block_1_58' title="bbox 1953 2892 3469 2977">
    <p class='ocr_par' dir='ltr' id='par_1_58' title="bbox 1953 2892 3469 2977">
     <span class='ocr_line' id='line_1_58' title="bbox 1953 2892 3469 2977; baseline 0.011 -30"><span class='ocrx_word' id='word_1_372' title='bbox 1953 2892 2027 2947; x_wconf 79' lang='lat' dir='ltr'><strong>Ex</strong></span> <span class='ocrx_word' id='word_1_373' title='bbox 2068 2895 2151 2948; x_wconf 84' lang='lat' dir='ltr'><strong>his</strong></span> <span class='ocrx_word' id='word_1_374' title='bbox 2187 2899 2469 2963; x_wconf 80' lang='lat' dir='ltr'><strong>perspicue</strong></span> <span class='ocrx_word' id='word_1_375' title='bbox 2498 2910 2731 2965; x_wconf 85' lang='lat' dir='ltr'><strong>constat,</strong></span> <span class='ocrx_word' id='word_1_376' title='bbox 2764 2917 2859 2953; x_wconf 77' lang='lat' dir='ltr'><strong>eos</strong></span> <span class='ocrx_word' id='word_1_377' title='bbox 2893 2904 2984 2972; x_wconf 80' lang='lat' dir='ltr'><strong>qui</strong></span> <span class='ocrx_word' id='word_1_378' title='bbox 3016 2906 3238 2960; x_wconf 83' lang='lat' dir='ltr'><strong>auferre</strong></span> <span class='ocrx_word' id='word_1_379' title='bbox 3262 2907 3469 2977; x_wconf 86' lang='lat' dir='ltr'><strong>aliquid</strong></span> 
     </span>
    </p>
   </div>
   <div class='ocr_carea' id='block_1_59' title="bbox 1878 2980 3468 3068">
    <p class='ocr_par' dir='ltr' id='par_1_59' title="bbox 1878 2980 3468 3068">
     <span class='ocr_line' id='line_1_59' title="bbox 1878 2980 3468 3068; baseline 0.014 -37"><span class='ocrx_word' id='word_1_380' title='bbox 1878 2980 1965 3035; x_wconf 81' lang='lat' dir='ltr'><strong>vel</strong></span> <span class='ocrx_word' id='word_1_381' title='bbox 1996 2982 2195 3037; x_wconf 86' lang='lat' dir='ltr'><strong>addere</strong></span> <span class='ocrx_word' id='word_1_382' title='bbox 2227 2986 2643 3053; x_wconf 64' lang='lat' dir='ltr'><strong>prohibuerunt,</strong></span> <span class='ocrx_word' id='word_1_383' title='bbox 2665 3005 2773 3044; x_wconf 91' lang='lat' dir='ltr'><strong>non</strong></span> <span class='ocrx_word' id='word_1_384' title='bbox 2789 2992 3150 3061; x_wconf 70' lang='lat' dir='ltr'><strong>adiectionem</strong></span> <span class='ocrx_word' id='word_1_385' title='bbox 3183 2996 3468 3068; x_wconf 86' lang='lat' dir='ltr'><strong>dictionis,</strong></span> 
     </span>
    </p>
   </div>
   <div class='ocr_carea' id='block_1_60' title="bbox 1881 3075 3470 3160">
    <p class='ocr_par' dir='ltr' id='par_1_60' title="bbox 1881 3075 3470 3160">
     <span class='ocr_line' id='line_1_60' title="bbox 1881 3075 3470 3160; baseline 0.011 -31"><span class='ocrx_word' id='word_1_386' title='bbox 1881 3075 1978 3129; x_wconf 89' lang='lat' dir='ltr'><strong>sed</strong></span> <span class='ocrx_word' id='word_1_387' title='bbox 2012 3075 2135 3131; x_wconf 85' lang='lat' dir='ltr'><strong>ﬁdei</strong></span> <span class='ocrx_word' id='word_1_388' title='bbox 2164 3077 2390 3133; x_wconf 89' lang='lat' dir='ltr'><strong>alterius</strong></span> <span class='ocrx_word' id='word_1_389' title='bbox 2417 3081 2715 3137; x_wconf 85' lang='lat' dir='ltr'><strong>editionem</strong></span> <span class='ocrx_word' id='word_1_390' title='bbox 2747 3086 2983 3141; x_wconf 87' lang='lat' dir='ltr'><strong>vetuisse</strong></span> <span class='ocrx_word' id='word_1_391' title='bbox 3010 3105 3026 3152; x_wconf 90' lang='lat'><strong>;</strong></span> <span class='ocrx_word' id='word_1_392' title='bbox 3066 3088 3308 3160; x_wconf 82' lang='lat' dir='ltr'><strong>alioquin</strong></span> <span class='ocrx_word' id='word_1_393' title='bbox 3343 3094 3470 3147; x_wconf 88' lang='lat' dir='ltr'><strong>nul-</strong></span> 
     </span>
    </p>
   </div>
   <div class='ocr_carea' id='block_1_61' title="bbox 1879 3164 3472 3241">
    <p class='ocr_par' dir='ltr' id='par_1_61' title="bbox 1879 3164 3472 3241">
     <span class='ocr_line' id='line_1_61' title="bbox 1879 3164 3472 3241; baseline 0.013 -21"><span class='ocrx_word' id='word_1_394' title='bbox 1879 3164 1990 3220; x_wconf 90' lang='lat' dir='ltr'><strong>lum</strong></span> <span class='ocrx_word' id='word_1_395' title='bbox 2027 3179 2172 3234; x_wconf 81' lang='lat' dir='ltr'><strong>esset</strong></span> <span class='ocrx_word' id='word_1_396' title='bbox 2202 3173 2495 3228; x_wconf 90' lang='lat' dir='ltr'><strong>concilium</strong></span> <span class='ocrx_word' id='word_1_397' title='bbox 2528 3190 2555 3226; x_wconf 92' lang='lat' dir='ltr'><strong>a</strong></span> <span class='ocrx_word' id='word_1_398' title='bbox 2588 3176 2817 3232; x_wconf 91' lang='lat' dir='ltr'><strong>crimine</strong></span> <span class='ocrx_word' id='word_1_399' title='bbox 2850 3179 3114 3237; x_wconf 89' lang='lat' dir='ltr'><strong>immune.</strong></span> <span class='ocrx_word' id='word_1_400' title='bbox 3147 3182 3379 3240; x_wconf 87' lang='lat' dir='ltr'><strong>Constat</strong></span> <span class='ocrx_word' id='word_1_401' title='bbox 3416 3194 3472 3241; x_wconf 79' lang='lat' dir='ltr'><strong>et</strong></span> 
     </span>
    </p>
   </div>
   <div class='ocr_carea' id='block_1_62' title="bbox 182 3259 3473 3367">
    <p class='ocr_par' dir='ltr' id='par_1_62' title="bbox 182 3259 3473 3367">
     <span class='ocr_line' id='line_1_62' title="bbox 182 3259 3473 3367; baseline 0.009 -22"><span class='ocrx_word' id='word_1_402' title='bbox 182 3291 252 3345; x_wconf 88' lang='lat' dir='ltr'><strong>ob</strong></span> <span class='ocrx_word' id='word_1_403' title='bbox 289 3306 411 3345; x_wconf 85' lang='lat' dir='ltr'><strong>eam</strong></span> <span class='ocrx_word' id='word_1_404' title='bbox 453 3291 830 3357; x_wconf 74' lang='lat' dir='ltr'><strong>differentiam,</strong></span> <span class='ocrx_word' id='word_1_405' title='bbox 861 3296 944 3350; x_wconf 78' lang='lat' dir='ltr'><strong>vel</strong></span> <span class='ocrx_word' id='word_1_406' title='bbox 979 3259 1070 3364; x_wconf 82' lang='lat' dir='ltr'><strong>qui</strong></span> <span class='ocrx_word' id='word_1_407' title='bbox 1114 3298 1167 3351; x_wconf 91' lang='lat' dir='ltr'><strong>in</strong></span> <span class='ocrx_word' id='word_1_408' title='bbox 1199 3259 1387 3354; x_wconf 15' lang='lat' dir='ltr'><strong>‘Nicea</strong></span> <span class='ocrx_word' id='word_1_409' title='bbox 1442 3259 1768 3367; x_wconf 65' lang='lat' dir='ltr'><strong>convenere,</strong></span> <span class='ocrx_word' id='word_1_410' title='bbox 1799 3260 1847 3324; x_wconf 65' lang='grc' dir='ltr'>ο</span> <span class='ocrx_word' id='word_1_411' title='bbox 1878 3259 2009 3367; x_wconf 56' lang='grc' dir='ltr'><strong>ΨΜ</strong></span> <span class='ocrx_word' id='word_1_412' title='bbox 2048 3279 2193 3367; x_wconf 66' lang='lat' dir='ltr'><strong>um&#39;.</strong></span> <span class='ocrx_word' id='word_1_413' title='bbox 2232 3266 2376 3367; x_wconf 45' lang='lat' dir='ltr'><strong>(vim!</strong></span> <span class='ocrx_word' id='word_1_414' title='bbox 2419 3265 2655 3367; x_wconf 45' lang='lat' dir='ltr'><strong>ﬁdem.“</strong></span> <span class='ocrx_word' id='word_1_415' title='bbox 2694 3270 2912 3339; x_wconf 44' lang='lat' dir='ltr'><strong>quidem</strong></span> <span class='ocrx_word' id='word_1_416' title='bbox 2945 3275 3227 3367; x_wconf 56' lang='lat' dir='ltr'><strong>mpm“</strong></span> <span class='ocrx_word' id='word_1_417' title='bbox 3271 3277 3343 3333; x_wconf 59' lang='grc' dir='ltr'><strong>δὴ</strong></span> <span class='ocrx_word' id='word_1_418' title='bbox 3368 3279 3473 3333; x_wconf 59' lang='grc' dir='ltr'><strong>Μ’</strong></span> 
     </span>
    </p>
   </div>
   <div class='ocr_carea' id='block_1_63' title="bbox 176 3385 1769 3462">
    <p class='ocr_par' dir='ltr' id='par_1_63' title="bbox 176 3385 1769 3462">
     <span class='ocr_line' id='line_1_63' title="bbox 176 3385 1769 3462; baseline 0.007 -23"><span class='ocrx_word' id='word_1_419' title='bbox 176 3385 343 3439; x_wconf 77' lang='lat' dir='ltr'><strong>aliam</strong></span> <span class='ocrx_word' id='word_1_420' title='bbox 384 3386 565 3449; x_wconf 84' lang='lat' dir='ltr'><strong>ﬁdem,</strong></span> <span class='ocrx_word' id='word_1_421' title='bbox 616 3402 774 3456; x_wconf 87' lang='lat' dir='ltr'><strong>quam</strong></span> <span class='ocrx_word' id='word_1_422' title='bbox 810 3389 876 3443; x_wconf 87' lang='lat' dir='ltr'><strong>ab</strong></span> <span class='ocrx_word' id='word_1_423' title='bbox 924 3390 1202 3458; x_wconf 83' lang='lat' dir='ltr'><strong>Apostolis</strong></span> <span class='ocrx_word' id='word_1_424' title='bbox 1236 3394 1571 3462; x_wconf 81' lang='lat' dir='ltr'><strong>acceperint,</strong></span> <span class='ocrx_word' id='word_1_425' title='bbox 1618 3410 1769 3449; x_wconf 62' lang='lat' dir='ltr'><strong>como</strong></span> 
     </span>
    </p>
   </div>
   <div class='ocr_carea' id='block_1_64' title="bbox 175 3479 1768 3554">
    <p class='ocr_par' dir='ltr' id='par_1_64' title="bbox 175 3479 1768 3554">
     <span class='ocr_line' id='line_1_64' title="bbox 175 3479 1768 3554; baseline 0.008 -25"><span class='ocrx_word' id='word_1_426' title='bbox 175 3479 429 3547; x_wconf 79' lang='lat' dir='ltr'><strong>posuisse</strong></span> <span class='ocrx_word' id='word_1_427' title='bbox 460 3479 866 3545; x_wconf 76' lang='lat' dir='ltr'><strong>exiSIimantur,</strong></span> <span class='ocrx_word' id='word_1_428' title='bbox 916 3484 996 3538; x_wconf 90' lang='lat' dir='ltr'><strong>vel</strong></span> <span class='ocrx_word' id='word_1_429' title='bbox 1025 3486 1117 3554; x_wconf 87' lang='lat' dir='ltr'><strong>qui</strong></span> <span class='ocrx_word' id='word_1_430' title='bbox 1153 3494 1341 3551; x_wconf 86' lang='lat' dir='ltr'><strong>postea</strong></span> <span class='ocrx_word' id='word_1_431' title='bbox 1370 3485 1768 3541; x_wconf 82' lang='lat' dir='ltr'><strong>Constantino-</strong></span> 
     </span>
    </p>
   </div>
   <div class='ocr_carea' id='block_1_65' title="bbox 174 3570 1765 3648">
    <p class='ocr_par' dir='ltr' id='par_1_65' title="bbox 174 3570 1765 3648">
     <span class='ocr_line' id='line_1_65' title="bbox 174 3570 1765 3648; baseline 0.008 -27"><span class='ocrx_word' id='word_1_432' title='bbox 174 3571 286 3641; x_wconf 80' lang='lat' dir='ltr'><strong>poli</strong></span> <span class='ocrx_word' id='word_1_433' title='bbox 338 3570 581 3637; x_wconf 77' lang='lat' dir='ltr'><strong>fuerunt,</strong></span> <span class='ocrx_word' id='word_1_434' title='bbox 614 3583 807 3639; x_wconf 76' lang='lat' dir='ltr'><strong>prrelcr</strong></span> <span class='ocrx_word' id='word_1_435' title='bbox 854 3573 1075 3630; x_wconf 82' lang='lat' dir='ltr'><strong>Patrum</strong></span> <span class='ocrx_word' id='word_1_436' title='bbox 1146 3577 1328 3641; x_wconf 84' lang='lat' dir='ltr'><strong>iidem,</strong></span> <span class='ocrx_word' id='word_1_437' title='bbox 1371 3580 1462 3648; x_wconf 92' lang='lat' dir='ltr'><strong>qui</strong></span> <span class='ocrx_word' id='word_1_438' title='bbox 1504 3579 1558 3632; x_wconf 90' lang='lat' dir='ltr'><strong>in</strong></span> <span class='ocrx_word' id='word_1_439' title='bbox 1602 3578 1765 3634; x_wconf 77' lang='lat' dir='ltr'><strong>Nicca</strong></span> 
     </span>
    </p>
   </div>
   <div class='ocr_carea' id='block_1_66' title="bbox 174 3664 1767 3738">
    <p class='ocr_par' dir='ltr' id='par_1_66' title="bbox 174 3664 1767 3738">
     <span class='ocr_line' id='line_1_66' title="bbox 174 3664 1767 3738; baseline 0.002 -19"><span class='ocrx_word' id='word_1_440' title='bbox 174 3664 421 3729; x_wconf 68' lang='lat' dir='ltr'><strong>fuerant,</strong></span> <span class='ocrx_word' id='word_1_441' title='bbox 455 3675 763 3720; x_wconf 83' lang='lat' dir='ltr'><strong>senserunt.</strong></span> <span class='ocrx_word' id='word_1_442' title='bbox 799 3666 1056 3722; x_wconf 74' lang='lat' dir='ltr'><strong>Testatur</strong></span> <span class='ocrx_word' id='word_1_443' title='bbox 1099 3668 1400 3736; x_wconf 67' lang='lat' dir='ltr'><strong>Gregorius</strong></span> <span class='ocrx_word' id='word_1_444' title='bbox 1432 3670 1767 3738; x_wconf 79' lang='lat' dir='ltr'><strong>Theologus,</strong></span> 
     </span>
    </p>
   </div>
   <div class='ocr_carea' id='block_1_67' title="bbox 179 3758 1766 3830">
    <p class='ocr_par' dir='ltr' id='par_1_67' title="bbox 179 3758 1766 3830">
     <span class='ocr_line' id='line_1_67' title="bbox 179 3758 1766 3830; baseline 0.002 -19"><span class='ocrx_word' id='word_1_445' title='bbox 179 3758 269 3824; x_wconf 88' lang='lat' dir='ltr'><strong>qui</strong></span> <span class='ocrx_word' id='word_1_446' title='bbox 313 3758 443 3811; x_wconf 87' lang='lat' dir='ltr'><strong>huic.</strong></span> <span class='ocrx_word' id='word_1_447' title='bbox 490 3759 696 3827; x_wconf 81' lang='lat' dir='ltr'><strong>synodo</strong></span> <span class='ocrx_word' id='word_1_448' title='bbox 748 3758 1020 3820; x_wconf 81' lang='lat' dir='ltr'><strong>interfuit.</strong></span> <span class='ocrx_word' id='word_1_449' title='bbox 1056 3760 1110 3815; x_wconf 88' lang='lat' dir='ltr'><strong>itt</strong></span> <span class='ocrx_word' id='word_1_450' title='bbox 1141 3762 1308 3830; x_wconf 85' lang='lat' dir='ltr'><strong>epist.</strong></span> <span class='ocrx_word' id='word_1_451' title='bbox 1344 3765 1408 3814; x_wconf 89' lang='lat' dir='ltr'><strong>ad</strong></span> <span class='ocrx_word' id='word_1_452' title='bbox 1446 3762 1766 3817; x_wconf 78' lang='lat' dir='ltr'><strong>Gledonium</strong></span> 
     </span>
    </p>
   </div>
   <div class='ocr_carea' id='block_1_68' title="bbox 176 3848 1770 3923">
    <p class='ocr_par' dir='ltr' id='par_1_68' title="bbox 176 3848 1770 3923">
     <span class='ocr_line' id='line_1_68' title="bbox 176 3848 1770 3923; baseline 0.004 -19"><span class='ocrx_word' id='word_1_453' title='bbox 176 3850 257 3904; x_wconf 75' lang='lat' dir='ltr'><strong>sic</strong></span> <span class='ocrx_word' id='word_1_454' title='bbox 314 3850 565 3904; x_wconf 78' lang='lat' dir='ltr'><strong>serihens</strong></span> <span class='ocrx_word' id='word_1_455' title='bbox 598 3863 611 3902; x_wconf 87' lang='lat'><strong>:</strong></span> <span class='ocrx_word' id='word_1_456' title='bbox 646 3848 761 3904; x_wconf 82' lang='lat' dir='ltr'><strong>Nos</strong></span> <span class='ocrx_word' id='word_1_457' title='bbox 810 3850 942 3904; x_wconf 82' lang='lat' dir='ltr'><strong>nihil</strong></span> <span class='ocrx_word' id='word_1_458' title='bbox 985 3868 1218 3921; x_wconf 84' lang='lat' dir='ltr'><strong>unquam</strong></span> <span class='ocrx_word' id='word_1_459' title='bbox 1276 3853 1401 3923; x_wconf 85' lang='lat' dir='ltr'><strong>[idei</strong></span> <span class='ocrx_word' id='word_1_460' title='bbox 1468 3872 1501 3908; x_wconf 88' lang='lat' dir='ltr'><strong>tt</strong></span> <span class='ocrx_word' id='word_1_461' title='bbox 1566 3856 1770 3911; x_wconf 75' lang='lat' dir='ltr'><strong>sanctis</strong></span> 
     </span>
    </p>
   </div>
   <div class='ocr_carea' id='block_1_69' title="bbox 185 3939 1770 4013">
    <p class='ocr_par' dir='ltr' id='par_1_69' title="bbox 185 3939 1770 4013">
     <span class='ocr_line' id='line_1_69' title="bbox 185 3939 1770 4013; baseline 0.005 -20"><span class='ocrx_word' id='word_1_462' title='bbox 185 3939 437 3995; x_wconf 73' lang='lat' dir='ltr'><strong>Panibus</strong></span> <span class='ocrx_word' id='word_1_463' title='bbox 460 3944 548 4013; x_wconf 88' lang='lat' dir='ltr'><strong>qui</strong></span> <span class='ocrx_word' id='word_1_464' title='bbox 576 3943 631 3996; x_wconf 87' lang='lat' dir='ltr'><strong>in</strong></span> <span class='ocrx_word' id='word_1_465' title='bbox 660 3942 823 3997; x_wconf 83' lang='lat' dir='ltr'><strong>Nirea</strong></span> <span class='ocrx_word' id='word_1_466' title='bbox 856 3960 1138 3998; x_wconf 69' lang='lat' dir='ltr'><strong>rottvenere</strong></span> <span class='ocrx_word' id='word_1_467' title='bbox 1169 3959 1264 4013; x_wconf 84' lang='lat' dir='ltr'><strong>pro</strong></span> <span class='ocrx_word' id='word_1_468' title='bbox 1311 3947 1535 4001; x_wconf 80' lang='lat' dir='ltr'><strong>delenda</strong></span> <span class='ocrx_word' id='word_1_469' title='bbox 1563 3949 1770 4001; x_wconf 75' lang='lat' dir='ltr'><strong>Ariana</strong></span> 
     </span>
    </p>
   </div>
   <div class='ocr_carea' id='block_1_70' title="bbox 181 4035 1764 4111">
    <p class='ocr_par' dir='ltr' id='par_1_70' title="bbox 181 4035 1764 4111">
     <span class='ocr_line' id='line_1_70' title="bbox 181 4035 1764 4111; baseline 0.006 -24"><span class='ocrx_word' id='word_1_470' title='bbox 181 4035 367 4089; x_wconf 63' lang='lat' dir='ltr'><strong>heresi</strong></span> <span class='ocrx_word' id='word_1_471' title='bbox 394 4039 709 4102; x_wconf 71' lang='lat' dir='ltr'><strong>composita‘,</strong></span> <span class='ocrx_word' id='word_1_472' title='bbox 732 4040 784 4091; x_wconf 87' lang='lat' dir='ltr'><strong>in</strong></span> <span class='ocrx_word' id='word_1_473' title='bbox 818 4039 1015 4092; x_wconf 82' lang='lat' dir='ltr'><strong>honore</strong></span> <span class='ocrx_word' id='word_1_474' title='bbox 1040 4040 1117 4093; x_wconf 79' lang='lat' dir='ltr'><strong>rel</strong></span> <span class='ocrx_word' id='word_1_475' title='bbox 1142 4039 1497 4106; x_wconf 67' lang='lat' dir='ltr'><strong>pratulimus,</strong></span> <span class='ocrx_word' id='word_1_476' title='bbox 1520 4041 1599 4097; x_wconf 78' lang='lat' dir='ltr'><strong>rei</strong></span> <span class='ocrx_word' id='word_1_477' title='bbox 1620 4058 1764 4111; x_wconf 78' lang='lat' dir='ltr'><strong>prte-</strong></span> 
     </span>
    </p>
   </div>
   <div class='ocr_carea' id='block_1_71' title="bbox 176 4130 1767 4199">
    <p class='ocr_par' dir='ltr' id='par_1_71' title="bbox 176 4130 1767 4199">
     <span class='ocr_line' id='line_1_71' title="bbox 176 4130 1767 4199; baseline 0.004 -18"><span class='ocrx_word' id='word_1_478' title='bbox 176 4133 312 4198; x_wconf 69' lang='grc' dir='ltr'><strong>[στι</strong></span> <span class='ocrx_word' id='word_1_479' title='bbox 364 4144 677 4195; x_wconf 82' lang='lat' dir='ltr'><strong>possumus;</strong></span> <span class='ocrx_word' id='word_1_480' title='bbox 723 4131 813 4183; x_wconf 83' lang='lat' dir='ltr'><strong>sed</strong></span> <span class='ocrx_word' id='word_1_481' title='bbox 871 4130 1022 4185; x_wconf 82' lang='lat' dir='ltr'><strong>illius</strong></span> <span class='ocrx_word' id='word_1_482' title='bbox 1068 4131 1217 4199; x_wconf 78' lang='lat' dir='ltr'><strong>ﬁdei,</strong></span> <span class='ocrx_word' id='word_1_483' title='bbox 1278 4133 1567 4188; x_wconf 81' lang='lat' dir='ltr'><strong>miserante</strong></span> <span class='ocrx_word' id='word_1_484' title='bbox 1623 4134 1767 4198; x_wconf 88' lang='lat' dir='ltr'><strong>Deo,</strong></span> 
     </span>
    </p>
   </div>
   <div class='ocr_carea' id='block_1_72' title="bbox 171 4222 1766 4291">
    <p class='ocr_par' dir='ltr' id='par_1_72' title="bbox 171 4222 1766 4291">
     <span class='ocr_line' id='line_1_72' title="bbox 171 4222 1766 4291; baseline 0.003 -16"><span class='ocrx_word' id='word_1_485' title='bbox 171 4238 386 4286; x_wconf 67' lang='lat' dir='ltr'><strong>sumus,</strong></span> <span class='ocrx_word' id='word_1_486' title='bbox 410 4230 566 4291; x_wconf 84' lang='lat' dir='ltr'><strong>atque</strong></span> <span class='ocrx_word' id='word_1_487' title='bbox 603 4224 817 4277; x_wconf 77' lang='lat' dir='ltr'><strong>erimus.</strong></span> <span class='ocrx_word' id='word_1_488' title='bbox 856 4222 918 4277; x_wconf 80' lang='lat' dir='ltr'><strong>Id</strong></span> <span class='ocrx_word' id='word_1_489' title='bbox 942 4233 1117 4278; x_wconf 79' lang='lat' dir='ltr'><strong>autem</strong></span> <span class='ocrx_word' id='word_1_490' title='bbox 1145 4225 1478 4278; x_wconf 71' lang='lat' dir='ltr'><strong>solummodo</strong></span> <span class='ocrx_word' id='word_1_491' title='bbox 1515 4226 1766 4280; x_wconf 83' lang='lat' dir='ltr'><strong>elucida-</strong></span> 
     </span>
    </p>
   </div>
   <div class='ocr_carea' id='block_1_73' title="bbox 171 4312 1770 4391">
    <p class='ocr_par' dir='ltr' id='par_1_73' title="bbox 171 4312 1770 4391">
     <span class='ocr_line' id='line_1_73' title="bbox 171 4312 1770 4391; baseline 0.003 -23"><span class='ocrx_word' id='word_1_492' title='bbox 171 4314 371 4375; x_wconf 77' lang='lat' dir='ltr'><strong>rimus,</strong></span> <span class='ocrx_word' id='word_1_493' title='bbox 412 4312 547 4379; x_wconf 81' lang='lat' dir='ltr'><strong>quod</strong></span> <span class='ocrx_word' id='word_1_494' title='bbox 586 4314 649 4367; x_wconf 80' lang='lat' dir='ltr'><strong>de</strong></span> <span class='ocrx_word' id='word_1_495' title='bbox 685 4326 867 4369; x_wconf 82' lang='lat' dir='ltr'><strong>sancto</strong></span> <span class='ocrx_word' id='word_1_496' title='bbox 901 4314 1107 4385; x_wconf 85' lang='lat' dir='ltr'><strong>Spiritu</strong></span> <span class='ocrx_word' id='word_1_497' title='bbox 1140 4319 1314 4371; x_wconf 85' lang='lat' dir='ltr'><strong>minus</strong></span> <span class='ocrx_word' id='word_1_498' title='bbox 1348 4318 1551 4391; x_wconf 78' lang='lat' dir='ltr'><strong>dictum</strong></span> <span class='ocrx_word' id='word_1_499' title='bbox 1572 4320 1770 4390; x_wconf 74' lang='lat' dir='ltr'><strong>fuerat,</strong></span> 
     </span>
    </p>
   </div>
   <div class='ocr_carea' id='block_1_74' title="bbox 175 4405 1767 4479">
    <p class='ocr_par' dir='ltr' id='par_1_74' title="bbox 175 4405 1767 4479">
     <span class='ocr_line' id='line_1_74' title="bbox 175 4405 1767 4479; baseline 0.003 -19"><span class='ocrx_word' id='word_1_500' title='bbox 175 4421 241 4460; x_wconf 77' lang='lat' dir='ltr'><strong>ea</strong></span> <span class='ocrx_word' id='word_1_501' title='bbox 280 4405 416 4471; x_wconf 81' lang='lat' dir='ltr'><strong>quod</strong></span> <span class='ocrx_word' id='word_1_502' title='bbox 449 4419 568 4458; x_wconf 84' lang='lat' dir='ltr'><strong>tunc</strong></span> <span class='ocrx_word' id='word_1_503' title='bbox 621 4406 919 4475; x_wconf 81' lang='lat' dir='ltr'><strong>Imjttsutodi</strong></span> <span class='ocrx_word' id='word_1_504' title='bbox 976 4410 1200 4479; x_wconf 73' lang='lat' dir='ltr'><strong>qnwstio</strong></span> <span class='ocrx_word' id='word_1_505' title='bbox 1241 4419 1386 4463; x_wconf 84' lang='lat' dir='ltr'><strong>mota</strong></span> <span class='ocrx_word' id='word_1_506' title='bbox 1433 4428 1538 4463; x_wconf 87' lang='lat' dir='ltr'><strong>non</strong></span> <span class='ocrx_word' id='word_1_507' title='bbox 1572 4410 1767 4479; x_wconf 82' lang='lat' dir='ltr'><strong>fuerit,</strong></span> 
     </span>
    </p>
   </div>
   <div class='ocr_carea' id='block_1_75' title="bbox 172 4498 1761 4570">
    <p class='ocr_par' dir='ltr' id='par_1_75' title="bbox 172 4498 1761 4570">
     <span class='ocr_line' id='line_1_75' title="bbox 172 4498 1761 4570; baseline 0.003 -19"><span class='ocrx_word' id='word_1_508' title='bbox 172 4498 299 4563; x_wconf 56' lang='lat' dir='ltr'><strong>qui:</strong></span> <span class='ocrx_word' id='word_1_509' title='bbox 326 4499 479 4552; x_wconf 79' lang='lat' dir='ltr'><strong>unius</strong></span> <span class='ocrx_word' id='word_1_510' title='bbox 517 4501 805 4554; x_wconf 82' lang='lat' dir='ltr'><strong>divinitatis</strong></span> <span class='ocrx_word' id='word_1_511' title='bbox 832 4502 965 4555; x_wconf 84' lang='lat' dir='ltr'><strong>scire</strong></span> <span class='ocrx_word' id='word_1_512' title='bbox 993 4510 1191 4570; x_wconf 75' lang='lat' dir='ltr'><strong>oportet</strong></span> <span class='ocrx_word' id='word_1_513' title='bbox 1217 4500 1427 4555; x_wconf 86' lang='lat' dir='ltr'><strong>Patrem</strong></span> <span class='ocrx_word' id='word_1_514' title='bbox 1451 4513 1498 4555; x_wconf 89' lang='lat' dir='ltr'><strong>ct</strong></span> <span class='ocrx_word' id='word_1_515' title='bbox 1529 4501 1761 4567; x_wconf 82' lang='lat' dir='ltr'><strong>Filium,</strong></span> 
     </span>
    </p>
   </div>
   <div class='ocr_carea' id='block_1_76' title="bbox 170 4590 1773 4667">
    <p class='ocr_par' dir='ltr' id='par_1_76' title="bbox 170 4590 1773 4667">
     <span class='ocr_line' id='line_1_76' title="bbox 170 4590 1773 4667; baseline 0.001 -22"><span class='ocrx_word' id='word_1_516' title='bbox 170 4602 225 4645; x_wconf 80' lang='lat' dir='ltr'><strong>et</strong></span> <span class='ocrx_word' id='word_1_517' title='bbox 256 4590 514 4660; x_wconf 61' lang='lat' dir='ltr'><strong>Sviritma</strong></span> <span class='ocrx_word' id='word_1_518' title='bbox 549 4599 784 4646; x_wconf 85' lang='lat' dir='ltr'><strong>sanctum</strong></span> <span class='ocrx_word' id='word_1_519' title='bbox 807 4633 823 4660; x_wconf 90' lang='lat'><strong>,</strong></span> <span class='ocrx_word' id='word_1_520' title='bbox 857 4592 1022 4647; x_wconf 85' lang='lat' dir='ltr'><strong>Deum</strong></span> <span class='ocrx_word' id='word_1_521' title='bbox 1053 4595 1209 4648; x_wconf 81' lang='lat' dir='ltr'><strong>etiam</strong></span> <span class='ocrx_word' id='word_1_522' title='bbox 1238 4593 1498 4664; x_wconf 83' lang='lat' dir='ltr'><strong>Spiritum</strong></span> <span class='ocrx_word' id='word_1_523' title='bbox 1529 4596 1773 4667; x_wconf 54' lang='lat' dir='ltr'><strong>fatendo.</strong></span> 
     </span>
    </p>
   </div>
   <div class='ocr_carea' id='block_1_77' title="bbox 258 4682 1764 4755">
    <p class='ocr_par' dir='ltr' id='par_1_77' title="bbox 258 4682 1764 4755">
     <span class='ocr_line' id='line_1_77' title="bbox 258 4682 1764 4755; baseline -0.001 -18"><span class='ocrx_word' id='word_1_524' title='bbox 258 4682 312 4737; x_wconf 78' lang='grc' dir='ltr'><strong>Ιτι</strong></span> <span class='ocrx_word' id='word_1_525' title='bbox 370 4682 802 4739; x_wconf 83' lang='lat' dir='ltr'><strong>Chalcedonensi</strong></span> <span class='ocrx_word' id='word_1_526' title='bbox 858 4699 1075 4754; x_wconf 86' lang='lat' dir='ltr'><strong>quoque</strong></span> <span class='ocrx_word' id='word_1_527' title='bbox 1131 4684 1367 4739; x_wconf 87' lang='lat' dir='ltr'><strong>concilio</strong></span> <span class='ocrx_word' id='word_1_528' title='bbox 1420 4686 1764 4755; x_wconf 79' lang='lat' dir='ltr'><strong>congregati,</strong></span> 
     </span>
    </p>
   </div>
   <div class='ocr_carea' id='block_1_78' title="bbox 177 4775 1770 4844">
    <p class='ocr_par' dir='ltr' id='par_1_78' title="bbox 177 4775 1770 4844">
     <span class='ocr_line' id='line_1_78' title="bbox 177 4775 1770 4844; baseline 0.001 -16"><span class='ocrx_word' id='word_1_529' title='bbox 177 4790 277 4843; x_wconf 86' lang='lat' dir='ltr'><strong>pro</strong></span> <span class='ocrx_word' id='word_1_530' title='bbox 308 4777 396 4828; x_wconf 86' lang='lat' dir='ltr'><strong>his</strong></span> <span class='ocrx_word' id='word_1_531' title='bbox 427 4777 589 4829; x_wconf 79' lang='lat' dir='ltr'><strong>veluti</strong></span> <span class='ocrx_word' id='word_1_532' title='bbox 631 4777 898 4829; x_wconf 85' lang='lat' dir='ltr'><strong>rationem</strong></span> <span class='ocrx_word' id='word_1_533' title='bbox 925 4775 1236 4839; x_wconf 69' lang='lat' dir='ltr'><strong>recidentes,</strong></span> <span class='ocrx_word' id='word_1_534' title='bbox 1269 4775 1371 4829; x_wconf 87' lang='lat' dir='ltr'><strong>hos</strong></span> <span class='ocrx_word' id='word_1_535' title='bbox 1410 4790 1584 4844; x_wconf 83' lang='lat' dir='ltr'><strong>neque</strong></span> <span class='ocrx_word' id='word_1_536' title='bbox 1617 4776 1770 4842; x_wconf 78' lang='lat' dir='ltr'><strong>adje-</strong></span> 
     </span>
    </p>
   </div>
   <div class='ocr_carea' id='block_1_79' title="bbox 176 4864 1764 4937">
    <p class='ocr_par' dir='ltr' id='par_1_79' title="bbox 176 4864 1764 4937">
     <span class='ocr_line' id='line_1_79' title="bbox 176 4864 1764 4937; baseline 0.001 -18"><span class='ocrx_word' id='word_1_537' title='bbox 176 4867 319 4919; x_wconf 77' lang='lat' dir='ltr'><strong>cisse</strong></span> <span class='ocrx_word' id='word_1_538' title='bbox 354 4865 505 4919; x_wconf 89' lang='lat' dir='ltr'><strong>aiunt</strong></span> <span class='ocrx_word' id='word_1_539' title='bbox 560 4867 681 4920; x_wconf 86' lang='lat' dir='ltr'><strong>ﬁdei</strong></span> <span class='ocrx_word' id='word_1_540' title='bbox 726 4864 1051 4920; x_wconf 84' lang='lat' dir='ltr'><strong>Nicenorum</strong></span> <span class='ocrx_word' id='word_1_541' title='bbox 1105 4865 1529 4937; x_wconf 84' lang='lat' dir='ltr'><strong>Patrum,quasi</strong></span> <span class='ocrx_word' id='word_1_542' title='bbox 1562 4882 1764 4920; x_wconf 83' lang='lat' dir='ltr'><strong>novum</strong></span> 
     </span>
    </p>
   </div>
   <div class='ocr_carea' id='block_1_80' title="bbox 178 4944 1763 5028">
    <p class='ocr_par' dir='ltr' id='par_1_80' title="bbox 178 4944 1763 5028">
     <span class='ocr_line' id='line_1_80' title="bbox 178 4944 1763 5028; baseline 0.002 -18"><span class='ocrx_word' id='word_1_543' title='bbox 178 4944 565 5028; x_wconf 33' lang='lat' dir='ltr'><strong>quiclpiam,‘et</strong></span> <span class='ocrx_word' id='word_1_544' title='bbox 596 4958 803 5012; x_wconf 87' lang='lat' dir='ltr'><strong>varium</strong></span> <span class='ocrx_word' id='word_1_545' title='bbox 852 4958 1121 5022; x_wconf 83' lang='lat' dir='ltr'><strong>dicentes;</strong></span> <span class='ocrx_word' id='word_1_546' title='bbox 1155 4973 1351 5026; x_wconf 84' lang='lat' dir='ltr'><strong>neque,</strong></span> <span class='ocrx_word' id='word_1_547' title='bbox 1382 4959 1527 5028; x_wconf 80' lang='lat' dir='ltr'><strong>quod</strong></span> <span class='ocrx_word' id='word_1_548' title='bbox 1555 4959 1624 5013; x_wconf 87' lang='lat' dir='ltr'><strong>ah</strong></span> <span class='ocrx_word' id='word_1_549' title='bbox 1657 4958 1763 5013; x_wconf 84' lang='lat' dir='ltr'><strong>illis</strong></span> 
     </span>
    </p>
   </div>
   <div class='ocr_carea' id='block_1_81' title="bbox 177 5049 1763 5120">
    <p class='ocr_par' dir='ltr' id='par_1_81' title="bbox 177 5049 1763 5120">
     <span class='ocr_line' id='line_1_81' title="bbox 177 5049 1763 5120; baseline 0 -16"><span class='ocrx_word' id='word_1_550' title='bbox 177 5049 353 5104; x_wconf 74' lang='lat' dir='ltr'><strong>fuerat</strong></span> <span class='ocrx_word' id='word_1_551' title='bbox 408 5050 691 5118; x_wconf 77' lang='lat' dir='ltr'><strong>relictum,</strong></span> <span class='ocrx_word' id='word_1_552' title='bbox 726 5051 826 5105; x_wconf 89' lang='lat' dir='ltr'><strong>hos</strong></span> <span class='ocrx_word' id='word_1_553' title='bbox 876 5050 1210 5120; x_wconf 83' lang='lat' dir='ltr'><strong>implevisse.</strong></span> <span class='ocrx_word' id='word_1_554' title='bbox 1242 5053 1338 5106; x_wconf 86' lang='lat' dir='ltr'><strong>sed</strong></span> <span class='ocrx_word' id='word_1_555' title='bbox 1402 5051 1644 5114; x_wconf 90' lang='lat' dir='ltr'><strong>illorum,</strong></span> <span class='ocrx_word' id='word_1_556' title='bbox 1695 5050 1763 5104; x_wconf 89' lang='lat' dir='ltr'><strong>de</strong></span> 
     </span>
    </p>
   </div>
   <div class='ocr_carea' id='block_1_82' title="bbox 173 5142 1763 5215">
    <p class='ocr_par' dir='ltr' id='par_1_82' title="bbox 173 5142 1763 5215">
     <span class='ocr_line' id='line_1_82' title="bbox 173 5142 1763 5215; baseline -0.001 -15"><span class='ocrx_word' id='word_1_557' title='bbox 173 5155 369 5200; x_wconf 78' lang='lat' dir='ltr'><strong>sancto</strong></span> <span class='ocrx_word' id='word_1_558' title='bbox 396 5142 606 5212; x_wconf 88' lang='lat' dir='ltr'><strong>Spiritu</strong></span> <span class='ocrx_word' id='word_1_559' title='bbox 636 5143 1071 5215; x_wconf 78' lang='lat' dir='ltr'><strong>intelligentiam,</strong></span> <span class='ocrx_word' id='word_1_560' title='bbox 1101 5155 1292 5199; x_wconf 89' lang='lat' dir='ltr'><strong>contra</strong></span> <span class='ocrx_word' id='word_1_561' title='bbox 1333 5159 1428 5199; x_wconf 89' lang='lat' dir='ltr'><strong>eos</strong></span> <span class='ocrx_word' id='word_1_562' title='bbox 1464 5144 1556 5213; x_wconf 86' lang='lat' dir='ltr'><strong>qui</strong></span> <span class='ocrx_word' id='word_1_563' title='bbox 1612 5144 1763 5198; x_wconf 84' lang='lat' dir='ltr'><strong>illius</strong></span> 
     </span>
    </p>
   </div>
   <div class='ocr_carea' id='block_1_83' title="bbox 174 5235 1765 5305">
    <p class='ocr_par' dir='ltr' id='par_1_83' title="bbox 174 5235 1765 5305">
     <span class='ocr_line' id='line_1_83' title="bbox 174 5235 1765 5305; baseline -0.002 -15"><span class='ocrx_word' id='word_1_564' title='bbox 174 5237 607 5293; x_wconf 82' lang='lat' dir='ltr'><strong>dominatiOnem</strong></span> <span class='ocrx_word' id='word_1_565' title='bbox 641 5236 861 5291; x_wconf 79' lang='lat' dir='ltr'><strong>auferre</strong></span> <span class='ocrx_word' id='word_1_566' title='bbox 891 5237 1230 5298; x_wconf 86' lang='lat' dir='ltr'><strong>nitebantur,</strong></span> <span class='ocrx_word' id='word_1_567' title='bbox 1265 5235 1564 5305; x_wconf 71' lang='lat' dir='ltr'><strong>Scriptura:</strong></span> <span class='ocrx_word' id='word_1_568' title='bbox 1609 5235 1765 5290; x_wconf 83' lang='lat' dir='ltr'><strong>testi-</strong></span> 
     </span>
    </p>
   </div>
   <div class='ocr_carea' id='block_1_84' title="bbox 173 5325 1766 5396">
    <p class='ocr_par' dir='ltr' id='par_1_84' title="bbox 173 5325 1766 5396">
     <span class='ocr_line' id='line_1_84' title="bbox 173 5325 1766 5396; baseline -0.001 -14"><span class='ocrx_word' id='word_1_569' title='bbox 173 5329 382 5382; x_wconf 83' lang='lat' dir='ltr'><strong>moniis</strong></span> <span class='ocrx_word' id='word_1_570' title='bbox 418 5325 610 5381; x_wconf 80' lang='lat' dir='ltr'><strong>fecisse</strong></span> <span class='ocrx_word' id='word_1_571' title='bbox 647 5327 968 5396; x_wconf 87' lang='lat' dir='ltr'><strong>planiorem.</strong></span> <span class='ocrx_word' id='word_1_572' title='bbox 1003 5328 1261 5381; x_wconf 75' lang='lat' dir='ltr'><strong>Vitletnns</strong></span> <span class='ocrx_word' id='word_1_573' title='bbox 1294 5334 1476 5382; x_wconf 85' lang='lat' dir='ltr'><strong>autem</strong></span> <span class='ocrx_word' id='word_1_574' title='bbox 1505 5336 1562 5381; x_wconf 90' lang='lat' dir='ltr'><strong>et</strong></span> <span class='ocrx_word' id='word_1_575' title='bbox 1592 5327 1766 5395; x_wconf 86' lang='lat' dir='ltr'><strong>ipsos,</strong></span> 
     </span>
    </p>
   </div>
   <div class='ocr_carea' id='block_1_85' title="bbox 176 5417 1765 5491">
    <p class='ocr_par' dir='ltr' id='par_1_85' title="bbox 176 5417 1765 5491">
     <span class='ocr_line' id='line_1_85' title="bbox 176 5417 1765 5491; baseline -0.002 -15"><span class='ocrx_word' id='word_1_576' title='bbox 176 5423 271 5491; x_wconf 88' lang='lat' dir='ltr'><strong>qui</strong></span> <span class='ocrx_word' id='word_1_577' title='bbox 306 5422 420 5477; x_wconf 89' lang='lat' dir='ltr'><strong>illic</strong></span> <span class='ocrx_word' id='word_1_578' title='bbox 470 5429 862 5483; x_wconf 75' lang='lat' dir='ltr'><strong>eotiveuerunt,</strong></span> <span class='ocrx_word' id='word_1_579' title='bbox 892 5418 1148 5490; x_wconf 82' lang='lat' dir='ltr'><strong>Sytnbolo</strong></span> <span class='ocrx_word' id='word_1_580' title='bbox 1180 5420 1411 5475; x_wconf 72' lang='lat' dir='ltr'><strong>‘Niceno</strong></span> <span class='ocrx_word' id='word_1_581' title='bbox 1458 5417 1765 5473; x_wconf 86' lang='lat' dir='ltr'><strong>addidisse.</strong></span> 
     </span>
    </p>
   </div>
   <div class='ocr_carea' id='block_1_86' title="bbox 176 5509 1766 5572">
    <p class='ocr_par' dir='ltr' id='par_1_86' title="bbox 176 5509 1766 5572">
     <span class='ocr_line' id='line_1_86' title="bbox 176 5509 1766 5572; baseline -0.002 -6"><span class='ocrx_word' id='word_1_582' title='bbox 176 5510 315 5566; x_wconf 75' lang='lat' dir='ltr'><strong>Nam</strong></span> <span class='ocrx_word' id='word_1_583' title='bbox 367 5528 489 5566; x_wconf 87' lang='lat' dir='ltr'><strong>cum</strong></span> <span class='ocrx_word' id='word_1_584' title='bbox 538 5510 637 5572; x_wconf 86' lang='lat' dir='ltr'><strong>illi,</strong></span> <span class='ocrx_word' id='word_1_585' title='bbox 668 5509 812 5564; x_wconf 81' lang='lat' dir='ltr'><strong>Patri</strong></span> <span class='ocrx_word' id='word_1_586' title='bbox 856 5509 1054 5564; x_wconf 84' lang='lat' dir='ltr'><strong>Filium</strong></span> <span class='ocrx_word' id='word_1_587' title='bbox 1088 5509 1615 5566; x_wconf 73' lang='lat' dir='ltr'><strong>consubstantialem</strong></span> <span class='ocrx_word' id='word_1_588' title='bbox 1645 5517 1766 5564; x_wconf 84' lang='lat' dir='ltr'><strong>tan-</strong></span> 
     </span>
    </p>
   </div>
   <div class='ocr_carea' id='block_1_87' title="bbox 180 5599 1766 5666">
    <p class='ocr_par' dir='ltr' id='par_1_87' title="bbox 180 5599 1766 5666">
     <span class='ocr_line' id='line_1_87' title="bbox 180 5599 1766 5666; baseline -0.002 -8"><span class='ocrx_word' id='word_1_589' title='bbox 180 5605 462 5659; x_wconf 86' lang='lat' dir='ltr'><strong>tummodo</strong></span> <span class='ocrx_word' id='word_1_590' title='bbox 509 5603 776 5666; x_wconf 76' lang='lat' dir='ltr'><strong>dixerint,</strong></span> <span class='ocrx_word' id='word_1_591' title='bbox 825 5602 919 5659; x_wconf 84' lang='lat' dir='ltr'><strong>isti</strong></span> <span class='ocrx_word' id='word_1_592' title='bbox 975 5602 1304 5658; x_wconf 88' lang='lat' dir='ltr'><strong>addidcrttnt</strong></span> <span class='ocrx_word' id='word_1_593' title='bbox 1339 5617 1355 5656; x_wconf 89' lang='lat'><strong>:</strong></span> <span class='ocrx_word' id='word_1_594' title='bbox 1395 5599 1766 5655; x_wconf 60' lang='lat' dir='ltr'><strong>Consttbstanv</strong></span> 
     </span>
    </p>
   </div>
   <div class='ocr_carea' id='block_1_88' title="bbox 186 5692 1764 5762">
    <p class='ocr_par' dir='ltr' id='par_1_88' title="bbox 186 5692 1764 5762">
     <span class='ocr_line' id='line_1_88' title="bbox 186 5692 1764 5762; baseline -0.001 -13"><span class='ocrx_word' id='word_1_595' title='bbox 186 5696 356 5751; x_wconf 85' lang='lat' dir='ltr'><strong>tialent</strong></span> <span class='ocrx_word' id='word_1_596' title='bbox 399 5694 555 5750; x_wconf 83' lang='lat' dir='ltr'><strong>Patri</strong></span> <span class='ocrx_word' id='word_1_597' title='bbox 604 5695 888 5750; x_wconf 81' lang='lat' dir='ltr'><strong>secundum</strong></span> <span class='ocrx_word' id='word_1_598' title='bbox 931 5697 1205 5762; x_wconf 86' lang='lat' dir='ltr'><strong>deitatem,</strong></span> <span class='ocrx_word' id='word_1_599' title='bbox 1245 5692 1764 5749; x_wconf 83' lang='lat' dir='ltr'><strong>consubstantialem</strong></span> 
     </span>
    </p>
   </div>
   <div class='ocr_carea' id='block_1_89' title="bbox 190 5784 1769 5858">
    <p class='ocr_par' dir='ltr' id='par_1_89' title="bbox 190 5784 1769 5858">
     <span class='ocr_line' id='line_1_89' title="bbox 190 5784 1769 5858; baseline -0.001 -17"><span class='ocrx_word' id='word_1_600' title='bbox 190 5791 362 5846; x_wconf 81' lang='lat' dir='ltr'><strong>nobis.</strong></span> <span class='ocrx_word' id='word_1_601' title='bbox 411 5784 697 5841; x_wconf 83' lang='lat' dir='ltr'><strong>secundum</strong></span> <span class='ocrx_word' id='word_1_602' title='bbox 742 5788 1164 5853; x_wconf 80' lang='lat' dir='ltr'><strong>humanitatem,</strong></span> <span class='ocrx_word' id='word_1_603' title='bbox 1231 5786 1497 5858; x_wconf 82' lang='lat' dir='ltr'><strong>Eutychis</strong></span> <span class='ocrx_word' id='word_1_604' title='bbox 1547 5787 1600 5841; x_wconf 88' lang='lat' dir='ltr'><strong>in</strong></span> <span class='ocrx_word' id='word_1_605' title='bbox 1665 5787 1769 5841; x_wconf 87' lang='lat' dir='ltr'><strong>hoc</strong></span> 
     </span>
    </p>
   </div>
   <div class='ocr_carea' id='block_1_90' title="bbox 194 5878 891 5949">
    <p class='ocr_par' dir='ltr' id='par_1_90' title="bbox 194 5878 891 5949">
     <span class='ocr_line' id='line_1_90' title="bbox 194 5878 891 5949; baseline 0 -15"><span class='ocrx_word' id='word_1_606' title='bbox 194 5882 490 5949; x_wconf 80' lang='lat' dir='ltr'><strong>opinionem</strong></span> <span class='ocrx_word' id='word_1_607' title='bbox 520 5878 891 5948; x_wconf 83' lang='lat' dir='ltr'><strong>corrigentes.</strong></span> 
     </span>
    </p>
   </div>
   <div class='ocr_carea' id='block_1_91' title="bbox 1879 3355 3472 3440">
    <p class='ocr_par' dir='ltr' id='par_1_91' title="bbox 1879 3355 3472 3440">
     <span class='ocr_line' id='line_1_91' title="bbox 1879 3355 3472 3440; baseline 0.011 -31"><span class='ocrx_word' id='word_1_608' title='bbox 1879 3355 2032 3417; x_wconf 87' lang='lat' dir='ltr'><strong>dere.</strong></span> <span class='ocrx_word' id='word_1_609' title='bbox 2071 3359 2328 3414; x_wconf 84' lang='lat' dir='ltr'><strong>novitatis</strong></span> <span class='ocrx_word' id='word_1_610' title='bbox 2351 3371 2530 3415; x_wconf 88' lang='lat' dir='ltr'><strong>autem</strong></span> <span class='ocrx_word' id='word_1_611' title='bbox 2562 3362 2907 3419; x_wconf 86' lang='lat' dir='ltr'><strong>inventorum</strong></span> <span class='ocrx_word' id='word_1_612' title='bbox 2943 3366 3009 3421; x_wconf 90' lang='lat' dir='ltr'><strong>ad</strong></span> <span class='ocrx_word' id='word_1_613' title='bbox 3040 3382 3148 3421; x_wconf 91' lang='lat' dir='ltr'><strong>non</strong></span> <span class='ocrx_word' id='word_1_614' title='bbox 3181 3370 3472 3440; x_wconf 86' lang='lat' dir='ltr'><strong>scriptum,</strong></span> 
     </span>
    </p>
   </div>
   <div class='ocr_carea' id='block_1_92' title="bbox 1877 3451 3470 3534">
    <p class='ocr_par' dir='ltr' id='par_1_92' title="bbox 1877 3451 3470 3534">
     <span class='ocr_line' id='line_1_92' title="bbox 1877 3451 3470 3534; baseline 0.011 -29"><span class='ocrx_word' id='word_1_615' title='bbox 1877 3451 2053 3521; x_wconf 88' lang='lat' dir='ltr'><strong>adque</strong></span> <span class='ocrx_word' id='word_1_616' title='bbox 2102 3455 2282 3523; x_wconf 85' lang='lat' dir='ltr'><strong>priora</strong></span> <span class='ocrx_word' id='word_1_617' title='bbox 2330 3471 2638 3525; x_wconf 88' lang='lat' dir='ltr'><strong>recurrere,</strong></span> <span class='ocrx_word' id='word_1_618' title='bbox 2671 3460 2951 3529; x_wconf 78' lang='lat' dir='ltr'><strong>religionis</strong></span> <span class='ocrx_word' id='word_1_619' title='bbox 2980 3463 3191 3521; x_wconf 86' lang='lat' dir='ltr'><strong>scilicet</strong></span> <span class='ocrx_word' id='word_1_620' title='bbox 3217 3467 3470 3534; x_wconf 86' lang='lat' dir='ltr'><strong>obtentu,</strong></span> 
     </span>
    </p>
   </div>
   <div class='ocr_carea' id='block_1_93' title="bbox 1877 3545 3472 3625">
    <p class='ocr_par' dir='ltr' id='par_1_93' title="bbox 1877 3545 3472 3625">
     <span class='ocr_line' id='line_1_93' title="bbox 1877 3545 3472 3625; baseline 0.011 -25"><span class='ocrx_word' id='word_1_621' title='bbox 1877 3545 2219 3617; x_wconf 88' lang='lat' dir='ltr'><strong>iniquitatem</strong></span> <span class='ocrx_word' id='word_1_622' title='bbox 2252 3550 2414 3605; x_wconf 90' lang='lat' dir='ltr'><strong>simul</strong></span> <span class='ocrx_word' id='word_1_623' title='bbox 2443 3554 2680 3620; x_wconf 87' lang='lat' dir='ltr'><strong>operire,</strong></span> <span class='ocrx_word' id='word_1_624' title='bbox 2712 3562 2876 3625; x_wconf 89' lang='lat' dir='ltr'><strong>atque</strong></span> <span class='ocrx_word' id='word_1_625' title='bbox 2906 3557 3258 3617; x_wconf 89' lang='lat' dir='ltr'><strong>introducere</strong></span> <span class='ocrx_word' id='word_1_626' title='bbox 3290 3563 3472 3617; x_wconf 82' lang='lat' dir='ltr'><strong>niten-</strong></span> 
     </span>
    </p>
   </div>
   <div class='ocr_carea' id='block_1_94' title="bbox 1879 3638 3470 3720">
    <p class='ocr_par' dir='ltr' id='par_1_94' title="bbox 1879 3638 3470 3720">
     <span class='ocr_line' id='line_1_94' title="bbox 1879 3638 3470 3720; baseline 0.015 -34"><span class='ocrx_word' id='word_1_627' title='bbox 1879 3638 2050 3704; x_wconf 80' lang='lat' dir='ltr'><strong>tium;</strong></span> <span class='ocrx_word' id='word_1_628' title='bbox 2080 3640 2276 3709; x_wconf 84' lang='lat' dir='ltr'><strong>quippe</strong></span> <span class='ocrx_word' id='word_1_629' title='bbox 2307 3640 2691 3699; x_wconf 79' lang='lat' dir='ltr'><strong>Inereticorum</strong></span> <span class='ocrx_word' id='word_1_630' title='bbox 2741 3646 2964 3716; x_wconf 76' lang='lat' dir='ltr'><strong>singuli,</strong></span> <span class='ocrx_word' id='word_1_631' title='bbox 2999 3651 3092 3720; x_wconf 82' lang='lat' dir='ltr'><strong>qui</strong></span> <span class='ocrx_word' id='word_1_632' title='bbox 3141 3652 3278 3708; x_wconf 89' lang='lat' dir='ltr'><strong>alias</strong></span> <span class='ocrx_word' id='word_1_633' title='bbox 3309 3653 3470 3710; x_wconf 88' lang='lat' dir='ltr'><strong>aliam</strong></span> 
     </span>
    </p>
   </div>
   <div class='ocr_carea' id='block_1_95' title="bbox 1881 3729 3471 3807">
    <p class='ocr_par' dir='ltr' id='par_1_95' title="bbox 1881 3729 3471 3807">
     <span class='ocr_line' id='line_1_95' title="bbox 1881 3729 3471 3807; baseline 0.009 -24"><span class='ocrx_word' id='word_1_634' title='bbox 1881 3729 2003 3784; x_wconf 84' lang='lat' dir='ltr'><strong>ﬁdei</strong></span> <span class='ocrx_word' id='word_1_635' title='bbox 2059 3734 2468 3798; x_wconf 86' lang='lat' dir='ltr'><strong>corruptionem</strong></span> <span class='ocrx_word' id='word_1_636' title='bbox 2515 3735 2805 3801; x_wconf 79' lang='lat' dir='ltr'><strong>invexere,</strong></span> <span class='ocrx_word' id='word_1_637' title='bbox 2856 3740 3056 3793; x_wconf 89' lang='lat' dir='ltr'><strong>merito</strong></span> <span class='ocrx_word' id='word_1_638' title='bbox 3111 3741 3471 3807; x_wconf 75' lang='lat' dir='ltr'><strong>adiectionem</strong></span> 
     </span>
    </p>
   </div>
   <div class='ocr_carea' id='block_1_96' title="bbox 1878 3831 3469 3903">
    <p class='ocr_par' dir='ltr' id='par_1_96' title="bbox 1878 3831 3469 3903">
     <span class='ocr_line' id='line_1_96' title="bbox 1878 3831 3469 3903; baseline 0.009 -26"><span class='ocrx_word' id='word_1_639' title='bbox 1878 3832 2203 3888; x_wconf 79' lang='lat' dir='ltr'><strong>vetuerunt,</strong></span> <span class='ocrx_word' id='word_1_640' title='bbox 2232 3841 2303 3882; x_wconf 88' lang='lat' dir='ltr'><strong>ne</strong></span> <span class='ocrx_word' id='word_1_641' title='bbox 2352 3841 2451 3896; x_wconf 87' lang='lat' dir='ltr'><strong>per</strong></span> <span class='ocrx_word' id='word_1_642' title='bbox 2479 3843 2600 3882; x_wconf 88' lang='lat' dir='ltr'><strong>eam</strong></span> <span class='ocrx_word' id='word_1_643' title='bbox 2640 3842 2738 3883; x_wconf 88' lang='lat' dir='ltr'><strong>sua</strong></span> <span class='ocrx_word' id='word_1_644' title='bbox 2783 3831 3028 3885; x_wconf 86' lang='lat' dir='ltr'><strong>versutia</strong></span> <span class='ocrx_word' id='word_1_645' title='bbox 3079 3843 3405 3903; x_wconf 77' lang='lat' dir='ltr'><strong>argueretur</strong></span> <span class='ocrx_word' id='word_1_646' title='bbox 3452 3853 3469 3892; x_wconf 90' lang='lat'><strong>:</strong></span> 
     </span>
    </p>
   </div>
   <div class='ocr_carea' id='block_1_97' title="bbox 1878 3919 3469 3993">
    <p class='ocr_par' dir='ltr' id='par_1_97' title="bbox 1878 3919 3469 3993">
     <span class='ocr_line' id='line_1_97' title="bbox 1878 3919 3469 3993; baseline 0.007 -22"><span class='ocrx_word' id='word_1_647' title='bbox 1878 3933 2040 3988; x_wconf 89' lang='lat' dir='ltr'><strong>quam</strong></span> <span class='ocrx_word' id='word_1_648' title='bbox 2061 3919 2275 3975; x_wconf 90' lang='lat' dir='ltr'><strong>scilicet</strong></span> <span class='ocrx_word' id='word_1_649' title='bbox 2294 3919 2676 3976; x_wconf 84' lang='lat' dir='ltr'><strong>saneti’Patres</strong></span> <span class='ocrx_word' id='word_1_650' title='bbox 2700 3929 2893 3978; x_wconf 86' lang='lat' dir='ltr'><strong>contra</strong></span> <span class='ocrx_word' id='word_1_651' title='bbox 2912 3923 3131 3979; x_wconf 90' lang='lat' dir='ltr'><strong>illorum</strong></span> <span class='ocrx_word' id='word_1_652' title='bbox 3150 3925 3469 3993; x_wconf 87' lang='lat' dir='ltr'><strong>perniciem,</strong></span> 
     </span>
    </p>
   </div>
   <div class='ocr_carea' id='block_1_98' title="bbox 1878 4013 3468 4088">
    <p class='ocr_par' dir='ltr' id='par_1_98' title="bbox 1878 4013 3468 4088">
     <span class='ocr_line' id='line_1_98' title="bbox 1878 4013 3468 4088; baseline 0.005 -22"><span class='ocrx_word' id='word_1_653' title='bbox 1878 4022 1938 4067; x_wconf 87' lang='lat' dir='ltr'><strong>ut</strong></span> <span class='ocrx_word' id='word_1_654' title='bbox 1983 4013 2425 4081; x_wconf 87' lang='lat' dir='ltr'><strong>potentissimum</strong></span> <span class='ocrx_word' id='word_1_655' title='bbox 2474 4015 2935 4071; x_wconf 86' lang='lat' dir='ltr'><strong>medicamentum</strong></span> <span class='ocrx_word' id='word_1_656' title='bbox 2963 4017 3416 4088; x_wconf 76' lang='lat' dir='ltr'><strong>excogitaverunt</strong></span> <span class='ocrx_word' id='word_1_657' title='bbox 3453 4037 3468 4074; x_wconf 90' lang='lat'><strong>:</strong></span> 
     </span>
    </p>
   </div>
   <div class='ocr_carea' id='block_1_99' title="bbox 1877 4105 3475 4182">
    <p class='ocr_par' dir='ltr' id='par_1_99' title="bbox 1877 4105 3475 4182">
     <span class='ocr_line' id='line_1_99' title="bbox 1877 4105 3475 4182; baseline 0.006 -22"><span class='ocrx_word' id='word_1_658' title='bbox 1877 4113 1933 4160; x_wconf 91' lang='lat' dir='ltr'><strong>et</strong></span> <span class='ocrx_word' id='word_1_659' title='bbox 1982 4121 2089 4175; x_wconf 86' lang='lat' dir='ltr'><strong>qua</strong></span> <span class='ocrx_word' id='word_1_660' title='bbox 2141 4105 2391 4163; x_wconf 88' lang='lat' dir='ltr'><strong>inﬁdeles</strong></span> <span class='ocrx_word' id='word_1_661' title='bbox 2436 4118 2601 4178; x_wconf 88' lang='lat' dir='ltr'><strong>atque</strong></span> <span class='ocrx_word' id='word_1_662' title='bbox 2653 4109 2851 4178; x_wconf 88' lang='lat' dir='ltr'><strong>impios</strong></span> <span class='ocrx_word' id='word_1_663' title='bbox 2897 4125 2929 4165; x_wconf 89' lang='lat' dir='ltr'><strong>a</strong></span> <span class='ocrx_word' id='word_1_664' title='bbox 2975 4111 3079 4180; x_wconf 91' lang='lat' dir='ltr'><strong>piis</strong></span> <span class='ocrx_word' id='word_1_665' title='bbox 3115 4110 3475 4182; x_wconf 75' lang='lat' dir='ltr'><strong>fidelibusque</strong></span> 
     </span>
    </p>
   </div>
   <div class='ocr_carea' id='block_1_100' title="bbox 1878 4199 3475 4273">
    <p class='ocr_par' dir='ltr' id='par_1_100' title="bbox 1878 4199 3475 4273">
     <span class='ocr_line' id='line_1_100' title="bbox 1878 4199 3475 4273; baseline 0.004 -18"><span class='ocrx_word' id='word_1_666' title='bbox 1878 4199 2277 4265; x_wconf 81' lang='lat' dir='ltr'><strong>discernerent,</strong></span> <span class='ocrx_word' id='word_1_667' title='bbox 2312 4216 2376 4256; x_wconf 91' lang='lat' dir='ltr'><strong>ac</strong></span> <span class='ocrx_word' id='word_1_668' title='bbox 2427 4217 2527 4272; x_wconf 90' lang='lat' dir='ltr'><strong>per</strong></span> <span class='ocrx_word' id='word_1_669' title='bbox 2555 4215 2679 4256; x_wconf 90' lang='lat' dir='ltr'><strong>eam</strong></span> <span class='ocrx_word' id='word_1_670' title='bbox 2727 4201 2990 4259; x_wconf 69' lang='lat' dir='ltr'><strong>Ecclesia:</strong></span> <span class='ocrx_word' id='word_1_671' title='bbox 3019 4219 3153 4273; x_wconf 86' lang='lat' dir='ltr'><strong>pura</strong></span> <span class='ocrx_word' id='word_1_672' title='bbox 3188 4213 3244 4260; x_wconf 88' lang='lat' dir='ltr'><strong>et</strong></span> <span class='ocrx_word' id='word_1_673' title='bbox 3278 4205 3475 4262; x_wconf 86' lang='lat' dir='ltr'><strong>imma-</strong></span> 
     </span>
    </p>
   </div>
   <div class='ocr_carea' id='block_1_101' title="bbox 1879 4291 2592 4350">
    <p class='ocr_par' dir='ltr' id='par_1_101' title="bbox 1879 4291 2592 4350">
     <span class='ocr_line' id='line_1_101' title="bbox 1879 4291 2592 4350; baseline 0 -1"><span class='ocrx_word' id='word_1_674' title='bbox 1879 4292 2057 4349; x_wconf 89' lang='lat' dir='ltr'><strong>culata</strong></span> <span class='ocrx_word' id='word_1_675' title='bbox 2095 4291 2229 4348; x_wconf 86' lang='lat' dir='ltr'><strong>ﬁdes</strong></span> <span class='ocrx_word' id='word_1_676' title='bbox 2255 4308 2592 4350; x_wconf 86' lang='lat' dir='ltr'><strong>servaretur.</strong></span> 
     </span>
    </p>
   </div>
   <div class='ocr_carea' id='block_1_102' title="bbox 1951 4384 3471 4459">
    <p class='ocr_par' dir='ltr' id='par_1_102' title="bbox 1951 4384 3471 4459">
     <span class='ocr_line' id='line_1_102' title="bbox 1951 4384 3471 4459; baseline 0.003 -20"><span class='ocrx_word' id='word_1_677' title='bbox 1951 4385 2128 4453; x_wconf 85' lang='lat' dir='ltr'><strong>Atque</strong></span> <span class='ocrx_word' id='word_1_678' title='bbox 2174 4384 2439 4441; x_wconf 83' lang='lat' dir='ltr'><strong>adversus</strong></span> <span class='ocrx_word' id='word_1_679' title='bbox 2482 4400 2580 4441; x_wconf 88' lang='lat' dir='ltr'><strong>eos</strong></span> <span class='ocrx_word' id='word_1_680' title='bbox 2612 4386 2703 4451; x_wconf 91' lang='lat' dir='ltr'><strong>qui</strong></span> <span class='ocrx_word' id='word_1_681' title='bbox 2737 4388 2929 4443; x_wconf 90' lang='lat' dir='ltr'><strong>dicunt</strong></span> <span class='ocrx_word' id='word_1_682' title='bbox 2960 4403 3076 4456; x_wconf 89' lang='lat' dir='ltr'><strong>eos,</strong></span> <span class='ocrx_word' id='word_1_683' title='bbox 3107 4390 3200 4459; x_wconf 89' lang='lat' dir='ltr'><strong>qui</strong></span> <span class='ocrx_word' id='word_1_684' title='bbox 3236 4390 3471 4458; x_wconf 89' lang='lat' dir='ltr'><strong>primum</strong></span> 
     </span>
    </p>
   </div>
   <div class='ocr_carea' id='block_1_103' title="bbox 1878 4476 3472 4546">
    <p class='ocr_par' dir='ltr' id='par_1_103' title="bbox 1878 4476 3472 4546">
     <span class='ocr_line' id='line_1_103' title="bbox 1878 4476 3472 4546; baseline 0.003 -14"><span class='ocrx_word' id='word_1_685' title='bbox 1878 4476 1947 4532; x_wconf 83' lang='lat' dir='ltr'><strong>de</strong></span> <span class='ocrx_word' id='word_1_686' title='bbox 1991 4478 2093 4533; x_wconf 89' lang='lat' dir='ltr'><strong>ﬁde</strong></span> <span class='ocrx_word' id='word_1_687' title='bbox 2136 4487 2447 4533; x_wconf 83' lang='lat' dir='ltr'><strong>statuerunt</strong></span> <span class='ocrx_word' id='word_1_688' title='bbox 2475 4486 2529 4534; x_wconf 89' lang='lat' dir='ltr'><strong>et</strong></span> <span class='ocrx_word' id='word_1_689' title='bbox 2558 4480 2909 4546; x_wconf 89' lang='lat' dir='ltr'><strong>deﬁnierunt,</strong></span> <span class='ocrx_word' id='word_1_690' title='bbox 2960 4481 3131 4535; x_wconf 78' lang='lat' dir='ltr'><strong>fuisse</strong></span> <span class='ocrx_word' id='word_1_691' title='bbox 3160 4482 3472 4537; x_wconf 84' lang='lat' dir='ltr'><strong>sanctiores</strong></span> 
     </span>
    </p>
   </div>
   <div class='ocr_carea' id='block_1_104' title="bbox 1882 4570 3469 4641">
    <p class='ocr_par' dir='ltr' id='par_1_104' title="bbox 1882 4570 3469 4641">
     <span class='ocr_line' id='line_1_104' title="bbox 1882 4570 3469 4641; baseline 0.002 -17"><span class='ocrx_word' id='word_1_692' title='bbox 1882 4580 1937 4625; x_wconf 91' lang='lat' dir='ltr'><strong>et</strong></span> <span class='ocrx_word' id='word_1_693' title='bbox 1968 4570 2313 4627; x_wconf 76' lang='lat' dir='ltr'><strong>honcStiores</strong></span> <span class='ocrx_word' id='word_1_694' title='bbox 2335 4570 2421 4627; x_wconf 91' lang='lat' dir='ltr'><strong>his</strong></span> <span class='ocrx_word' id='word_1_695' title='bbox 2437 4572 2526 4641; x_wconf 89' lang='lat' dir='ltr'><strong>qui</strong></span> <span class='ocrx_word' id='word_1_696' title='bbox 2560 4587 2775 4641; x_wconf 84' lang='lat' dir='ltr'><strong>semper</strong></span> <span class='ocrx_word' id='word_1_697' title='bbox 2804 4572 3010 4641; x_wconf 87' lang='lat' dir='ltr'><strong>aliquid</strong></span> <span class='ocrx_word' id='word_1_698' title='bbox 3040 4572 3328 4640; x_wconf 85' lang='lat' dir='ltr'><strong>adjiciunt,</strong></span> <span class='ocrx_word' id='word_1_699' title='bbox 3365 4587 3469 4641; x_wconf 86' lang='lat' dir='ltr'><strong>pro</strong></span> 
     </span>
    </p>
   </div>
   <div class='ocr_carea' id='block_1_105' title="bbox 1885 4663 3466 4734">
    <p class='ocr_par' dir='ltr' id='par_1_105' title="bbox 1885 4663 3466 4734">
     <span class='ocr_line' id='line_1_105' title="bbox 1885 4663 3466 4734; baseline -0.001 -16"><span class='ocrx_word' id='word_1_700' title='bbox 1885 4679 1944 4719; x_wconf 84' lang='lat' dir='ltr'><strong>se</strong></span> <span class='ocrx_word' id='word_1_701' title='bbox 1975 4664 2129 4734; x_wconf 85' lang='lat' dir='ltr'><strong>ipsis.</strong></span> <span class='ocrx_word' id='word_1_702' title='bbox 2164 4674 2218 4719; x_wconf 93' lang='lat' dir='ltr'><strong>et</strong></span> <span class='ocrx_word' id='word_1_703' title='bbox 2248 4679 2349 4734; x_wconf 89' lang='lat' dir='ltr'><strong>pro</strong></span> <span class='ocrx_word' id='word_1_704' title='bbox 2382 4664 2616 4719; x_wconf 88' lang='lat' dir='ltr'><strong>veritate</strong></span> <span class='ocrx_word' id='word_1_705' title='bbox 2671 4664 2936 4719; x_wconf 90' lang='lat' dir='ltr'><strong>rationem</strong></span> <span class='ocrx_word' id='word_1_706' title='bbox 2966 4663 3204 4718; x_wconf 87' lang='lat' dir='ltr'><strong>reddunt</strong></span> <span class='ocrx_word' id='word_1_707' title='bbox 3238 4665 3466 4727; x_wconf 85' lang='lat' dir='ltr'><strong>silentii,</strong></span> 
     </span>
    </p>
   </div>
   <div class='ocr_carea' id='block_1_106' title="bbox 1870 4753 3474 4826">
    <p class='ocr_par' dir='ltr' id='par_1_106' title="bbox 1870 4753 3474 4826">
     <span class='ocr_line' id='line_1_106' title="bbox 1870 4753 3474 4826; baseline 0.001 -16"><span class='ocrx_word' id='word_1_708' title='bbox 1870 4758 2111 4826; x_wconf 89' lang='lat' dir='ltr'><strong>priormn</strong></span> <span class='ocrx_word' id='word_1_709' title='bbox 2138 4755 2356 4810; x_wconf 88' lang='lat' dir='ltr'><strong>Patrum</strong></span> <span class='ocrx_word' id='word_1_710' title='bbox 2375 4771 2596 4811; x_wconf 84' lang='lat' dir='ltr'><strong>causam</strong></span> <span class='ocrx_word' id='word_1_711' title='bbox 2618 4753 2937 4819; x_wconf 80' lang='lat' dir='ltr'><strong>inferentes,</strong></span> <span class='ocrx_word' id='word_1_712' title='bbox 2960 4756 3082 4809; x_wconf 89' lang='lat' dir='ltr'><strong>illos</strong></span> <span class='ocrx_word' id='word_1_713' title='bbox 3116 4755 3325 4810; x_wconf 88' lang='lat' dir='ltr'><strong>scilicet</strong></span> <span class='ocrx_word' id='word_1_714' title='bbox 3348 4756 3474 4811; x_wconf 91' lang='lat' dir='ltr'><strong>ideo</strong></span> 
     </span>
    </p>
   </div>
   <div class='ocr_carea' id='block_1_107' title="bbox 1872 4842 3472 4925">
    <p class='ocr_par' dir='ltr' id='par_1_107' title="bbox 1872 4842 3472 4925">
     <span class='ocr_line' id='line_1_107' title="bbox 1872 4842 3472 4925; baseline -0.002 -22"><span class='ocrx_word' id='word_1_715' title='bbox 1872 4848 2005 4903; x_wconf 86' lang='lat' dir='ltr'><strong>nihil</strong></span> <span class='ocrx_word' id='word_1_716' title='bbox 2037 4847 2241 4903; x_wconf 82' lang='lat' dir='ltr'><strong>dixisse</strong></span> <span class='ocrx_word' id='word_1_717' title='bbox 2292 4847 2421 4916; x_wconf 87' lang='lat' dir='ltr'><strong>quia</strong></span> <span class='ocrx_word' id='word_1_718' title='bbox 2465 4847 2706 4900; x_wconf 84' lang='lat' dir='ltr'><strong>nomium</strong></span> <span class='ocrx_word' id='word_1_719' title='bbox 2767 4854 2918 4898; x_wconf 88' lang='lat' dir='ltr'><strong>tanta</strong></span> <span class='ocrx_word' id='word_1_720' title='bbox 2966 4846 3223 4925; x_wconf 74' lang='lat' dir='ltr'><strong>nequitia:</strong></span> <span class='ocrx_word' id='word_1_721' title='bbox 3259 4842 3472 4900; x_wconf 78' lang='lat' dir='ltr'><strong>zizania</strong></span> 
     </span>
    </p>
   </div>
   <div class='ocr_carea' id='block_1_108' title="bbox 1868 4937 3465 5023">
    <p class='ocr_par' dir='ltr' id='par_1_108' title="bbox 1868 4937 3465 5023">
     <span class='ocr_line' id='line_1_108' title="bbox 1868 4937 3465 5023; baseline -0.002 -27"><span class='ocrx_word' id='word_1_722' title='bbox 1868 4953 2055 4998; x_wconf 86' lang='lat' dir='ltr'><strong>essent</strong></span> <span class='ocrx_word' id='word_1_723' title='bbox 2081 4948 2271 4994; x_wconf 80' lang='lat' dir='ltr'><strong>exorta</strong></span> <span class='ocrx_word' id='word_1_724' title='bbox 2303 4959 2317 4995; x_wconf 93' lang='lat'><strong>:</strong></span> <span class='ocrx_word' id='word_1_725' title='bbox 2344 4940 2485 5009; x_wconf 85' lang='lat' dir='ltr'><strong>quod</strong></span> <span class='ocrx_word' id='word_1_726' title='bbox 2523 4940 2568 4996; x_wconf 87' lang='lat' dir='ltr'><strong>si</strong></span> <span class='ocrx_word' id='word_1_727' title='bbox 2603 4939 2764 4994; x_wconf 87' lang='lat' dir='ltr'><strong>modo</strong></span> <span class='ocrx_word' id='word_1_728' title='bbox 2798 4938 2878 4995; x_wconf 88' lang='lat' dir='ltr'><strong>illi</strong></span> <span class='ocrx_word' id='word_1_729' title='bbox 2915 4937 3196 5004; x_wconf 86' lang='lat' dir='ltr'><strong>adessent,</strong></span> <span class='ocrx_word' id='word_1_730' title='bbox 3222 4938 3465 5023; x_wconf 59' lang='lat' dir='ltr'><strong>veltunc</strong></span> 
     </span>
    </p>
   </div>
   <div class='ocr_carea' id='block_1_109' title="bbox 1869 5031 3473 5102">
    <p class='ocr_par' dir='ltr' id='par_1_109' title="bbox 1869 5031 3473 5102">
     <span class='ocr_line' id='line_1_109' title="bbox 1869 5031 3473 5102; baseline -0.002 -13"><span class='ocrx_word' id='word_1_731' title='bbox 1869 5033 2183 5101; x_wconf 88' lang='lat' dir='ltr'><strong>hujusmodi</strong></span> <span class='ocrx_word' id='word_1_732' title='bbox 2213 5032 2575 5102; x_wconf 89' lang='lat' dir='ltr'><strong>pullulassent</strong></span> <span class='ocrx_word' id='word_1_733' title='bbox 2624 5031 2908 5094; x_wconf 71' lang='lat' dir='ltr'><strong>scandala,</strong></span> <span class='ocrx_word' id='word_1_734' title='bbox 2939 5031 3056 5085; x_wconf 76' lang='lat' dir='ltr'><strong>htec</strong></span> <span class='ocrx_word' id='word_1_735' title='bbox 3097 5031 3201 5098; x_wconf 80' lang='lat' dir='ltr'><strong>ipsi</strong></span> <span class='ocrx_word' id='word_1_736' title='bbox 3252 5045 3473 5102; x_wconf 84' lang='lat' dir='ltr'><strong>quoque</strong></span> 
     </span>
    </p>
   </div>
   <div class='ocr_carea' id='block_1_110' title="bbox 1861 5121 3472 5195">
    <p class='ocr_par' dir='ltr' id='par_1_110' title="bbox 1861 5121 3472 5195">
     <span class='ocr_line' id='line_1_110' title="bbox 1861 5121 3472 5195; baseline -0.002 -15"><span class='ocrx_word' id='word_1_737' title='bbox 1861 5124 2213 5195; x_wconf 70' lang='lat' dir='ltr'><strong>adiecissent,</strong></span> <span class='ocrx_word' id='word_1_738' title='bbox 2240 5124 2400 5178; x_wconf 91' lang='lat' dir='ltr'><strong>sicuti</strong></span> <span class='ocrx_word' id='word_1_739' title='bbox 2423 5122 2583 5178; x_wconf 89' lang='lat' dir='ltr'><strong>modo</strong></span> <span class='ocrx_word' id='word_1_740' title='bbox 2603 5138 2705 5177; x_wconf 90' lang='lat' dir='ltr'><strong>nos</strong></span> <span class='ocrx_word' id='word_1_741' title='bbox 2720 5121 2972 5185; x_wconf 79' lang='lat' dir='ltr'><strong>facimus,</strong></span> <span class='ocrx_word' id='word_1_742' title='bbox 2996 5137 3058 5176; x_wconf 89' lang='lat' dir='ltr'><strong>ac</strong></span> <span class='ocrx_word' id='word_1_743' title='bbox 3083 5122 3231 5175; x_wconf 92' lang='lat' dir='ltr'><strong>nullo</strong></span> <span class='ocrx_word' id='word_1_744' title='bbox 3248 5123 3472 5177; x_wconf 77' lang='lat' dir='ltr'><strong>Omnino</strong></span> 
     </span>
    </p>
   </div>
   <div class='ocr_carea' id='block_1_111' title="bbox 1870 5212 3472 5283">
    <p class='ocr_par' dir='ltr' id='par_1_111' title="bbox 1870 5212 3472 5283">
     <span class='ocr_line' id='line_1_111' title="bbox 1870 5212 3472 5283; baseline -0.002 -12"><span class='ocrx_word' id='word_1_745' title='bbox 1870 5217 2095 5272; x_wconf 90' lang='lat' dir='ltr'><strong>nomine</strong></span> <span class='ocrx_word' id='word_1_746' title='bbox 2160 5215 2596 5277; x_wconf 84' lang='lat' dir='ltr'><strong>abstinuissent,</strong></span> <span class='ocrx_word' id='word_1_747' title='bbox 2633 5227 2731 5283; x_wconf 86' lang='lat' dir='ltr'><strong>per</strong></span> <span class='ocrx_word' id='word_1_748' title='bbox 2787 5212 2934 5282; x_wconf 89' lang='lat' dir='ltr'><strong>quod</strong></span> <span class='ocrx_word' id='word_1_749' title='bbox 2993 5213 3207 5283; x_wconf 80' lang='lat' dir='ltr'><strong>linguas</strong></span> <span class='ocrx_word' id='word_1_750' title='bbox 3258 5222 3472 5269; x_wconf 88' lang='lat' dir='ltr'><strong>vestras</strong></span> 
     </span>
    </p>
   </div>
   <div class='ocr_carea' id='block_1_112' title="bbox 1866 5304 3471 5379">
    <p class='ocr_par' dir='ltr' id='par_1_112' title="bbox 1866 5304 3471 5379">
     <span class='ocr_line' id='line_1_112' title="bbox 1866 5304 3471 5379; baseline -0.005 -14"><span class='ocrx_word' id='word_1_751' title='bbox 1866 5323 2123 5365; x_wconf 78' lang='lat' dir='ltr'><strong>coercere</strong></span> <span class='ocrx_word' id='word_1_752' title='bbox 2172 5309 2500 5379; x_wconf 87' lang='lat' dir='ltr'><strong>potuissent.</strong></span> <span class='ocrx_word' id='word_1_753' title='bbox 2540 5305 2617 5362; x_wconf 82' lang='lat' dir='ltr'><strong>Ita</strong></span> <span class='ocrx_word' id='word_1_754' title='bbox 2655 5305 2887 5375; x_wconf 87' lang='lat' dir='ltr'><strong>denique</strong></span> <span class='ocrx_word' id='word_1_755' title='bbox 2921 5304 3124 5361; x_wconf 67' lang='lat' dir='ltr'><strong>Nicaeui</strong></span> <span class='ocrx_word' id='word_1_756' title='bbox 3160 5305 3349 5361; x_wconf 85' lang='lat' dir='ltr'><strong>Patres</strong></span> <span class='ocrx_word' id='word_1_757' title='bbox 3373 5308 3471 5358; x_wconf 82' lang='lat' dir='ltr'><strong>ad-</strong></span> 
     </span>
    </p>
   </div>
   <div class='ocr_carea' id='block_1_113' title="bbox 1865 5396 3555 5472">
    <p class='ocr_par' dir='ltr' id='par_1_113' title="bbox 1865 5396 3555 5472">
     <span class='ocr_line' id='line_1_113' title="bbox 1865 5396 3555 5472; baseline -0.006 -17"><span class='ocrx_word' id='word_1_758' title='bbox 1865 5401 2018 5472; x_wconf 80' lang='lat' dir='ltr'><strong>jecto</strong></span> <span class='ocrx_word' id='word_1_759' title='bbox 2047 5398 2496 5454; x_wconf 84' lang='lat' dir='ltr'><strong>consubstantiali</strong></span> <span class='ocrx_word' id='word_1_760' title='bbox 2528 5398 2798 5453; x_wconf 82' lang='lat' dir='ltr'><strong>adversus</strong></span> <span class='ocrx_word' id='word_1_761' title='bbox 2823 5396 3017 5451; x_wconf 84' lang='lat' dir='ltr'><strong>Arium</strong></span> <span class='ocrx_word' id='word_1_762' title='bbox 3062 5397 3294 5469; x_wconf 84' lang='lat' dir='ltr'><strong>ejusque</strong></span> <span class='ocrx_word' id='word_1_763' title='bbox 3318 5410 3474 5450; x_wconf 83' lang='lat' dir='ltr'><strong>com-</strong></span> <span class='ocrx_word' id='word_1_764' title='bbox 3551 5454 3555 5459; x_wconf 24' lang='lat'><em>.</em></span> 
     </span>
    </p>
   </div>
   <div class='ocr_carea' id='block_1_114' title="bbox 1871 5491 3473 5566">
    <p class='ocr_par' dir='ltr' id='par_1_114' title="bbox 1871 5491 3473 5566">
     <span class='ocr_line' id='line_1_114' title="bbox 1871 5491 3473 5566; baseline -0.003 -21"><span class='ocrx_word' id='word_1_765' title='bbox 1871 5492 2042 5566; x_wconf 82' lang='lat' dir='ltr'><strong>plices</strong></span> <span class='ocrx_word' id='word_1_766' title='bbox 2077 5501 2347 5549; x_wconf 87' lang='lat' dir='ltr'><strong>steterunt</strong></span> <span class='ocrx_word' id='word_1_767' title='bbox 2382 5508 2396 5546; x_wconf 92' lang='lat'><strong>:</strong></span> <span class='ocrx_word' id='word_1_768' title='bbox 2432 5492 2522 5546; x_wconf 90' lang='lat' dir='ltr'><strong>illo</strong></span> <span class='ocrx_word' id='word_1_769' title='bbox 2550 5491 2771 5562; x_wconf 85' lang='lat' dir='ltr'><strong>quidem</strong></span> <span class='ocrx_word' id='word_1_770' title='bbox 2804 5492 2872 5544; x_wconf 85' lang='lat' dir='ltr'><strong>ad</strong></span> <span class='ocrx_word' id='word_1_771' title='bbox 2908 5507 3014 5546; x_wconf 91' lang='lat' dir='ltr'><strong>non</strong></span> <span class='ocrx_word' id='word_1_772' title='bbox 3051 5493 3308 5560; x_wconf 87' lang='lat' dir='ltr'><strong>scriptam</strong></span> <span class='ocrx_word' id='word_1_773' title='bbox 3339 5503 3473 5542; x_wconf 85' lang='lat' dir='ltr'><strong>coo-</strong></span> 
     </span>
    </p>
   </div>
   <div class='ocr_carea' id='block_1_115' title="bbox 1876 5580 3470 5660">
    <p class='ocr_par' dir='ltr' id='par_1_115' title="bbox 1876 5580 3470 5660">
     <span class='ocr_line' id='line_1_115' title="bbox 1876 5580 3470 5660; baseline -0.006 -18"><span class='ocrx_word' id='word_1_774' title='bbox 1876 5586 2157 5660; x_wconf 75' lang='lat' dir='ltr'><strong>fugiente,</strong></span> <span class='ocrx_word' id='word_1_775' title='bbox 2210 5585 2696 5655; x_wconf 87' lang='lat' dir='ltr'><strong>apostolorumque</strong></span> <span class='ocrx_word' id='word_1_776' title='bbox 2751 5585 3097 5639; x_wconf 82' lang='lat' dir='ltr'><strong>sanctitatem</strong></span> <span class='ocrx_word' id='word_1_777' title='bbox 3153 5580 3470 5650; x_wconf 74' lang='lat' dir='ltr'><strong>obiiciente,</strong></span> 
     </span>
    </p>
   </div>
   <div class='ocr_carea' id='block_1_116' title="bbox 1875 5674 3469 5754">
    <p class='ocr_par' dir='ltr' id='par_1_116' title="bbox 1875 5674 3469 5754">
     <span class='ocr_line' id='line_1_116' title="bbox 1875 5674 3469 5754; baseline -0.008 -17"><span class='ocrx_word' id='word_1_778' title='bbox 1875 5683 1986 5754; x_wconf 77' lang='lat' dir='ltr'><strong>qui</strong></span> <span class='ocrx_word' id='word_1_779' title='bbox 2017 5681 2073 5737; x_wconf 91' lang='lat' dir='ltr'><strong>in</strong></span> <span class='ocrx_word' id='word_1_780' title='bbox 2119 5696 2219 5735; x_wconf 89' lang='lat' dir='ltr'><strong>suo</strong></span> <span class='ocrx_word' id='word_1_781' title='bbox 2261 5679 2521 5752; x_wconf 84' lang='lat' dir='ltr'><strong>Symbolo</strong></span> <span class='ocrx_word' id='word_1_782' title='bbox 2548 5680 2616 5734; x_wconf 87' lang='lat' dir='ltr'><strong>de</strong></span> <span class='ocrx_word' id='word_1_783' title='bbox 2654 5679 2757 5733; x_wconf 89' lang='lat' dir='ltr'><strong>hoc</strong></span> <span class='ocrx_word' id='word_1_784' title='bbox 2798 5678 2930 5731; x_wconf 90' lang='lat' dir='ltr'><strong>nihil</strong></span> <span class='ocrx_word' id='word_1_785' title='bbox 2964 5674 3414 5743; x_wconf 87' lang='lat' dir='ltr'><strong>conscripserunt</strong></span> <span class='ocrx_word' id='word_1_786' title='bbox 3452 5686 3469 5725; x_wconf 90' lang='lat'><strong>:</strong></span> 
     </span>
    </p>
   </div>
   <div class='ocr_carea' id='block_1_117' title="bbox 1877 5765 3469 5841">
    <p class='ocr_par' dir='ltr' id='par_1_117' title="bbox 1877 5765 3469 5841">
     <span class='ocr_line' id='line_1_117' title="bbox 1877 5765 3469 5841; baseline -0.011 -7"><span class='ocrx_word' id='word_1_787' title='bbox 1877 5778 1986 5836; x_wconf 87' lang='lat' dir='ltr'><strong>illis</strong></span> <span class='ocrx_word' id='word_1_788' title='bbox 2014 5790 2141 5831; x_wconf 75' lang='lat' dir='ltr'><strong>vero</strong></span> <span class='ocrx_word' id='word_1_789' title='bbox 2171 5774 2429 5830; x_wconf 89' lang='lat' dir='ltr'><strong>dictionis</strong></span> <span class='ocrx_word' id='word_1_790' title='bbox 2460 5773 2823 5841; x_wconf 78' lang='lat' dir='ltr'><strong>adiectionem</strong></span> <span class='ocrx_word' id='word_1_791' title='bbox 2849 5770 2983 5824; x_wconf 88' lang='lat' dir='ltr'><strong>nihil</strong></span> <span class='ocrx_word' id='word_1_792' title='bbox 3010 5782 3132 5824; x_wconf 74' lang='lat' dir='ltr'><strong>esse</strong></span> <span class='ocrx_word' id='word_1_793' title='bbox 3157 5767 3225 5822; x_wconf 91' lang='lat' dir='ltr'><strong>ab</strong></span> <span class='ocrx_word' id='word_1_794' title='bbox 3252 5765 3469 5820; x_wconf 91' lang='lat' dir='ltr'><strong>illorum</strong></span> 
     </span>
    </p>
   </div>
   <div class='ocr_carea' id='block_1_118' title="bbox 1878 5857 3466 5927">
    <p class='ocr_par' dir='ltr' id='par_1_118' title="bbox 1878 5857 3466 5927">
     <span class='ocr_line' id='line_1_118' title="bbox 1878 5857 3466 5927; baseline -0.009 -3"><span class='ocrx_word' id='word_1_795' title='bbox 1878 5869 2185 5927; x_wconf 77' lang='lat' dir='ltr'><strong>intentione</strong></span> <span class='ocrx_word' id='word_1_796' title='bbox 2239 5868 2476 5924; x_wconf 89' lang='lat' dir='ltr'><strong>alienum</strong></span> <span class='ocrx_word' id='word_1_797' title='bbox 2535 5874 2723 5922; x_wconf 87' lang='lat' dir='ltr'><strong>contra</strong></span> <span class='ocrx_word' id='word_1_798' title='bbox 2776 5862 3162 5925; x_wconf 65' lang='lat' dir='ltr'><strong>inferentibus.</strong></span> <span class='ocrx_word' id='word_1_799' title='bbox 3195 5857 3466 5916; x_wconf 65' lang='lat' dir='ltr'><strong>Cancrum</strong></span> 
     </span>
    </p>
   </div>
   <div class='ocr_carea' id='block_1_119' title="bbox 258 5960 3415 6068">
    <p class='ocr_par' dir='ltr' id='par_1_119' title="bbox 258 5960 3415 6068">
     <span class='ocr_line' id='line_1_119' title="bbox 258 5960 3415 6068; baseline -0.006 -22"><span class='ocrx_word' id='word_1_800' title='bbox 258 5992 370 6068; x_wconf 66' lang='lat' dir='ltr'><strong>(ﬂ)</strong></span> <span class='ocrx_word' id='word_1_801' title='bbox 411 5993 609 6065; x_wconf 69' lang='lat' dir='ltr'><strong>&quot;090v,</strong></span> <span class='ocrx_word' id='word_1_802' title='bbox 663 5998 948 6062; x_wconf 84' lang='lat' dir='ltr'><strong>statutum,</strong></span> <span class='ocrx_word' id='word_1_803' title='bbox 1002 5993 1393 6057; x_wconf 85' lang='lat' dir='ltr'><strong>deﬁnitionem,</strong></span> <span class='ocrx_word' id='word_1_804' title='bbox 1459 5991 1664 6049; x_wconf 81' lang='lat' dir='ltr'><strong>elatius</strong></span> <span class='ocrx_word' id='word_1_805' title='bbox 1716 5960 1821 6048; x_wconf 83' lang='lat' dir='ltr'><strong>hoc</strong></span> <span class='ocrx_word' id='word_1_806' title='bbox 1855 6003 2021 6059; x_wconf 87' lang='lat' dir='ltr'><strong>quam</strong></span> <span class='ocrx_word' id='word_1_807' title='bbox 2053 5983 2635 6065; x_wconf 50' lang='lat' dir='ltr'><strong>vocabitLgnLtermtni,</strong></span> <span class='ocrx_word' id='word_1_808' title='bbox 2669 5974 2777 6053; x_wconf 75' lang='lat' dir='ltr'><strong>quo</strong></span> <span class='ocrx_word' id='word_1_809' title='bbox 2823 5962 3095 6051; x_wconf 72' lang='lat' dir='ltr'><strong>interpres</strong></span> <span class='ocrx_word' id='word_1_810' title='bbox 3121 5984 3205 6035; x_wconf 89' lang='lat' dir='ltr'><strong>cst</strong></span> <span class='ocrx_word' id='word_1_811' title='bbox 3231 5986 3415 6031; x_wconf 80' lang='lat' dir='ltr'><strong>usus.‘</strong></span> 
     </span>
    </p>
   </div>
   <div class='ocr_carea' id='block_1_120' title="bbox 0 6260 527 6409">
    <p class='ocr_par' dir='ltr' id='par_1_120' title="bbox 236 6260 517 6295">
     <span class='ocr_line' id='line_1_120' title="bbox 236 6260 517 6295; baseline 0.014 -4"><span class='ocrx_word' id='word_1_812' title='bbox 236 6264 325 6291; x_wconf 45' lang='lat' dir='ltr'><strong>,w‘</strong></span> <span class='ocrx_word' id='word_1_813' title='bbox 358 6260 407 6279; x_wconf 34' lang='lat'><strong>2&quot;&quot;</strong></span> <span class='ocrx_word' id='word_1_814' title='bbox 472 6276 517 6295; x_wconf 57' lang='grc' dir='ltr'><strong>ίμ-</strong></span> 
     </span>
    </p>
   </div>
  </div>
