4052 6438
532 433 633 501 191

523 644 633 699 stio
674 645 882 719 fuisset,
920 656 1038 713 sive
1075 675 1222 717 nunc
1250 664 1407 722 nobis
1433 669 1706 741 adessent,
1737 692 2010 747 nunquam
2039 683 2118 738 illi

524 740 685 795 aliter
743 743 1032 810 dixissent,
1067 764 1163 805 seu
1200 757 1696 828 conscripsissent,
1747 783 1906 836 quam
1960 776 2121 831 modo

525 844 624 883 nos
657 830 909 898 facimus,
939 843 1385 901 constantissime
1425 861 1867 915 asseverantilms
1909 864 2023 935 (45)

597 922 673 974 Ita
707 936 763 979 et
783 926 1256 1004 Constantinopoli
1282 940 1548 1000 adversus
1569 961 1665 1003 eos
1686 953 1778 1019 qui
1802 952 1971 1010 Deum
1998 976 2120 1018 esse

522 1012 789 1081 Spiritmn
840 1032 1089 1078 sanctum
1140 1026 1526 1101 denegabant,
1579 1012 1827 1111 nihilque
1877 1046 1946 1103 de
1999 1049 2117 1120 ejus

518 1105 724 1163 deitate
754 1109 805 1163 in
841 1111 1101 1183 Symbolo
1158 1119 1381 1181 Niceno
1426 1130 1693 1200 scriptum
1737 1105 2113 1209 obiectantes,

519 1200 664 1265 quod
726 1203 901 1259 solum
948 1215 1285 1278 sequendum
1325 1225 1689 1284 asserebant:
1718 1230 1784 1286 de
1809 1235 2114 1306 adiectione

520 1295 940 1364 responderunt,
973 1302 1378 1379 haereticisth,
1411 1316 1457 1370 si
1498 1318 1839 1387 adjectiones
1871 1295 2113 1402 Symboli

518 1383 820 1454 auferrent,
851 1406 912 1446 se
938 1395 1224 1463 quieturos
1266 1405 1670 1477 pollicentibus,
1707 1420 1952 1478 veritatis
1988 1427 2114 1481 doc-

523 1484 672 1532 tores
700 1481 766 1533 ad
790 1496 884 1537 eos
921 1491 1316 1557 responderunt
1349 1514 1364 1551 :
1388 1498 1546 1557 Esset
1572 1506 1791 1574 quidem
1820 1515 2107 1588 optimum,

517 1564 562 1617 si
599 1575 657 1621 ut
704 1570 878 1638 prius,
907 1574 1034 1632 fidei
1082 1596 1219 1650 pura
1268 1588 1622 1661 simplicitas,
1656 1564 2111 1665 neminerobstre:

516 1667 697 1725 peotc,
726 1679 1061 1737 servaretur,
1089 1676 1236 1732 nulla
1268 1683 1414 1737 enim
1433 1688 1739 1758 adiectione
1759 1713 1893 1767 Opus
1924 1718 2106 1776 esset;

1504 1752 1516 1758 -
1795 1752 1807 1767 ι
1838 1752 1890 1757 νη
1929 1752 2068 1761 ’νην
2090 1752 2106 1776 r

514 1752 773 1817 quoniam
814 1772 943 1815 vero
989 1767 1207 1831 quidam
1261 1786 1644 1851 surrexerunt,
1702 1796 2107 1864 corruptionem

514 1852 570 1895 et
628 1848 925 1907 novitatem
970 1856 1091 1913 fidei
1137 1866 1419 1933 docentes,
1453 1882 1510 1927 et
1568 1848 1927 1948 adjectionem
1990 1892 2107 1948 fieri

516 1950 741 1992 necesse
780 1953 885 2010 est,
924 1947 1234 2024 factamque
1275 1970 1336 2013 ut
1379 1966 1587 2036 scripta
1617 1947 1720 2036 est,
1761 1990 2104 2053 permanere,
2140 1956 2185 2013 Β

511 2039 570 2080 ut
596 2046 693 2098 per
725 2033 869 2092 hanc
918 2041 1412 2122 deprehendantur,
1460 2033 1551 2128 qui
1603 2033 1890 2137 mal-ignari
1923 2033 2107 2147 elcgc:

1480 2125 1489 2128 _
1734 2125 1765 2137 υ
1929 2125 2074 2147 ---0-

510 2133 658 2183 runt,
691 2125 986 2200 infectique
1032 2139 1102 2193 ab
1141 2141 1373 2215 integris
1403 2151 1563 2222 hujus
1595 2159 1922 2231 adjectiouis
1943 2169 2104 2242 signo

510 2213 762 2242 .H......--_
780 2241 799 2242 ρ
818 2234 829 2242 .
952 2229 1007 2242 η.
1112 2234 1124 2242 .

1271 2213 1281 2215 ἡ
1471 2213 1488 2222 _
1662 2213 1681 2231 θ
1733 2213 1921 2223 ων..-
1943 2213 2101 2242 -.,,....

509 2213 923 2285 dignoscantur.
950 2229 1240 2303 Simulque
1279 2256 1349 2295 ne
1392 2245 1673 2307 videamur
1700 2270 1798 2324 per
1822 2260 2101 2322 silentium

507 2307 832 2399 adjectionis
873 2318 1371 2390 blasphemantium
1417 2343 1701 2400 erroribus
1733 2353 2097 2420 acquievissc.

1520 2392 1699 2400 ,,.___.,
1733 2392 1795 2400 ..-.
1844 2392 2097 2414 -ιιυιιδθυο

507 2392 787 2470 Siquidem
845 2410 1013 2482 igitur
1066 2418 1156 2487 pie
1217 2428 1471 2494 sentitis,
1525 2392 1832 2496 dictioneu‘:
1885 2461 2102 2521 quoque

507 2496 837 2521 ηιιιιΙΙιΑη-εμε
962 2506 974 2519 ⁹
1283 2518 1293 2521 Α

1891 2496 2102 2521 Ἰηνηην

504 2496 875 2569 confitemini;
928 2506 1012 2562 sin
1067 2526 1198 2567 vero
1244 2518 1406 2585 alias,
1459 2541 1558 2583 nos
1585 2535 1808 2600 quidem
1846 2540 2008 2609 hanc,
2044 2559 2102 2600 ut

1596 2584 1808 2600 την--
1847 2584 2008 2609 nunc,

503 2584 650 2649 piam
687 2600 743 2646 et
772 2606 1089 2655 sanctorum
1123 2602 1348 2665 Patrum
1374 2622 1659 2677 sententiae
1694 2631 1933 2688 maxime
1969 2652 2099 2692 con-

503 2689 697 2742 gruam
740 2687 1108 2759 suscipimus;
1145 2712 1244 2757 vos
1288 2714 1509 2776 autem,
1540 2714 1608 2767 ab
1649 2716 1904 2780 Ecclesiae
1955 2728 2098 2786 inte-

501 2769 699 2836 gritate
729 2776 1078 2842 scindemini.

575 2860 670 2917 Sic
711 2864 1002 2932 Nestorius
1050 2879 1320 2952 Θεοτόκος
1381 2891 1434 2947 id
1486 2907 1593 2965 est,
1663 2901 1759 2957 Dei
1806 2905 2091 2981 Genitrix,

500 2966 693 3012 Vocem
740 2960 1041 3037 (1⁸³³⁸8³1³5,
1074 2971 1285 3034 Nicaeui
1331 2986 1549 3044 concilii
1584 2999 1815 3064 statuta,
1844 2999 2092 3074 ‘Symtm.

502 3046 721 3074 Ι.......---
762 3066 832 3074 ._,_
1034 3066 1066 3074 .-
1098 3066 1108 3074 .

500 3046 726 3120 lumque
761 3066 1066 3131 transgredi
1098 3066 1217 3125 ’non
1241 3084 1498 3142 oportere
1530 3090 1817 3146 asserebat
1846 3109 1863 3148 :
1894 3046 2093 3164 quibus

500 3141 670 3164 “LM
709 3161 721 3164 Α
776 3149 819 3164 ,,,,
881 3153 895 3164 ,
1058 3159 1090 3164 _-

1640 3141 1643 3142 ν
1729 3141 1750 3145 -
1784 3141 1816 3146 ν,
1847 3141 1862 3148 ,
1896 3141 2092 3164 -,....,....

498 3141 675 3199 solum
701 3149 1015 3213 suffecisset
1038 3159 1243 3232 dicere,
1268 3165 1541 3229 Christum
1567 3194 1632 3232 ex
1666 3180 1844 3238 Maria
1880 3185 2092 3259 Virgine

497 3247 708 3293 natum.
743 3242 851 3300 Sed
894 3253 1137 3307 occurrit
1182 3256 1433 3330 Cyrillus‘
1470 3282 1724 3337 arguens,

499 3328 700 3386 frustra
741 3335 890 3392 illum
917 3344 985 3397 ad
1016 3344 1206 3406 Patres
1232 3328 1291 3407 et
1314 3358 1381 3411 ad
1414 3357 1734 3432 Symbolum
1766 3372 2087 3447 confugere,

1455 3424 1472 3432 _
1856 3424 1861 3425 ’
1902 3424 1923 3426 "
1972 3424 2087 3447 ""’

496 3424 655 3484 quasi
695 3426 777 3482 fas
807 3446 914 3485 non
937 3434 1012 3490 sit
1033 3441 1176 3505 quod
1208 3442 1284 3499 illi
1321 3448 1604 3510 siluissenl
1626 3458 1848 3530 addere,
1869 3424 2091 3527 causam

493 3527 595 3568 cur
639 3517 715 3572 illi
766 3520 991 3581 Mariam
1028 3528 1118 3586 Dei
1145 3533 1478 3598 Genitricem
1511 3562 1620 3603 non
1655 3552 1896 3613 dixerint
1935 3577 2094 3629 aper-

496 3606 605 3661 tius
627 3610 698 3665 ob
723 3612 894 3671 futuri
921 3618 1284 3692 ignorantiam
1306 3647 1322 3700 ;
1343 3646 1398 3690 et
1414 3641 1560 3707 quod
1581 3646 1809 3703 necdum
1830 3652 1936 3706 orti
1960 3606 2091 3709 fuis-

493 3709 638 3763 ⁸ε¹⁸¹ν
674 3706 764 3771 (Ιηὶ
812 3709 952 3767 hanc
995 3716 1390 3780 absurditatem
1427 3734 1764 3799 peperissent
1795 3756 2088 3829 asserens:

496 3789 559 3829 Et
591 3792 772 3829 nni-u-
800 3804 932 3829 -..ἕω
986 3808 1017 3829 ε.
1050 3825 1073 3829 μ
1119 3813 1153 3829 ι-
1263 3818 1296 3829 ..
1364 3820 1374 3829 .

491 3789 559 3846 Et
587 3792 772 3853 Patres
793 3804 954 3873 enim,
985 3808 1181 3879 inquit,
1203 3818 1541 3891 adfecissent,
1563 3829 1612 3880 si
1639 3831 1846 3903 aliquos
1872 3841 1941 3892 ad
1972 3809 2090 3897 (11:1-

492 3891 601 3939 tam
638 3897 907 3950 vesaniam
945 3918 1298 3974 proruptnros
1324 3918 1566 3976 scissent.

562 3979 958 4060 Compellitque
1014 3995 1323 4058 Nestorium
1375 4011 1543 4066 etiam
1615 4018 1686 4073 ab
1758 4036 1825 4077 ro
1885 4026 2084 4096 scripta

489 4077 727 4145 capitula
763 4089 1066 4158 suscipere,
1090 4108 1145 4151 et
1186 4103 1434 4160 confiteri
1473 4124 1533 4161 se
1570 4114 1664 4180 ita,
1702 4127 1759 4171 ut
1789 4119 1876 4173 illa
1900 4127 2081 4177 COIlll-

490 4182 707 4236 ruerent,
736 4190 1026 4236 sensurum
1063 4202 1081 4242 :
1111 4190 1265 4255 quasi
1290 4210 1393 4249 non
1420 4200 1522 4254 sibi
1550 4203 1792 4275 Symboli
1814 4213 2087 4273 confessio

490 4261 785 4332 sufficeret,
813 4272 1069 4346 minatus,
1094 4282 1197 4338 nisi
1222 4284 1273 4340 in
1299 4287 1382 4342 his
1419 4305 1683 4360 maneret,
1708 4317 1829 4367 quae
1856 4305 1928 4361 ibi
1947 4313 2085 4364 scri-

487 4362 578 4422 pta
597 4370 778 4428 erant,
802 4371 1110 4427 sacerdotio
1135 4373 1284 4432 illum
1314 4390 1369 4436 et
1389 4382 1457 4437 ab
1493 4385 1732 4445 Ecclesia
1759 4379 2089 4464 eiecturum.

557 4463 737 4527 Atque
785 4464 968 4518 munia
1013 4463 1269 4538 deinceps
1320 4478 1559 4534 concilia
1596 4463 1877 4553 usquead
1907 4496 2081 4562 septi-

485 4575 633 4612 mum
685 4562 1102 4631 pervenientes,
1161 4565 1232 4620 ita
1290 4575 1645 4639 respondisse
1712 4579 2075 4643 inveniemus.

481 4649 639 4717 Quod
696 4652 740 4706 si
794 4653 993 4722 ubique
1048 4659 1229 4714 omnis
1282 4659 1527 4734 Symboii
1584 4670 1821 4740 adjectio
1856 4677 2077 4737 ltmrcsis
2110 4664 2160 4725 ί)

485 4747 718 4811 putanda
784 4758 871 4802 est
904 4765 918 4799 :
951 4746 1207 4805 laudandi
1264 4768 1426 4811 erunt
1472 4762 1656 4822 Arius,
1700 4763 2074 4842 Macedonius,

482 4834 789 4894 Nestorius.
830 4848 884 4894 et
942 4843 1149 4908 caueri,
1183 4847 1277 4913 qui
1321 4861 1512 4905 contra
1562 4858 1847 4917 veritatem
1891 4867 2076 4924 rabide

483 4929 753 4989 Intrarunt
807 4951 821 4986 :
882 4949 988 4988 non
1033 4939 1401 5008 suscipientes
1450 4945 1807 5020 adiectiones,
1848 4972 2075 5027 propter

481 5023 662 5077 fictam
691 5033 746 5078 et
778 5024 1015 5083 fucatam
1051 5033 1394 5103 antiquitatis
1447 5049 1834 5105 reverentiam.
1867 5054 2068 5116 Contra

480 5112 762 5179 culpabilis
790 5116 986 5187 (hisce)
1020 5123 1201 5177 omnis
1233 5124 1497 5187 Ecclesia.

552 5206 751 5261 Verum
796 5209 1024 5277 plurima
1080 5232 1300 5287 quoque
1384 5230 1696 5285 necessario
1763 5243 2065 5299 secundum

480 5295 638 5350 fidem
683 5300 1013 5366 confitenda,
1050 5303 1314 5376 Symbolo
1344 5328 1450 5367 non
1482 5320 1852 5384 continentur.
1882 5329 2070 5403 Neque

478 5387 624 5441 enim
655 5388 726 5443 ibi
759 5389 919 5444 beata
970 5392 1140 5448 Maria
1186 5396 1352 5469 Virgo
1399 5402 1489 5459 Dei
1555 5406 1801 5467 Cenitrix
1845 5387 2065 5488 dicitur,

478 5477 573 5531 sed
617 5475 782 5545 Virgo
830 5480 1031 5536 solum.
1059 5483 1247 5556 Neque
1283 5493 1426 5557 quod
1479 5495 1571 5551 Dei
1607 5499 1838 5559 Verbum
1872 5475 2068 5567 Sl'CllH:

478 5571 606 5623 dum
641 5588 803 5627 unam
853 5576 1216 5648 substantiam
1248 5596 1406 5653 quem
1437 5597 1733 5663 assumpsit
1789 5598 2063 5673 hominem

478 5664 656 5718 univit
704 5666 806 5720 sibi
856 5667 994 5739 ipsi;
1031 5687 1229 5741 neque,
1275 5681 1418 5746 quod
1460 5682 1708 5743 Christus
1750 5693 1818 5745 ad
1866 5696 2069 5759 inferos

477 5758 845 5825 descenderit,
871 5763 1012 5826 quod
1067 5763 1119 5817 in
1179 5772 1548 5837 apostolorum
1602 5777 1861 5850 Symbolo
1895 5787 2066 5847 fuerat

479 5855 767 5909 scriptum.
814 5852 999 5924 Neque
1030 5858 1267 5925 Spiritus
1310 5878 1531 5927 sanctus
1587 5879 1853 5933 assa-ritur
1890 5883 2047 5941 licus.

553 5969 663 6037 (45)
695 5970 915 6029 Videtur
941 5975 1142 6045 aliquid
1183 5982 1389 6039 deesse.

1808 466 2208 532 MANUELIS
2250 475 2558 543 CALECE

525 552 571 606 si
605 555 846 624 quidem,
877 560 1008 616 dum
1049 565 1121 620 illi
1148 582 1522 640 superessent,
1555 576 1621 633 de
1656 578 1758 636 hoc
1797 593 1941 640 tanta
1974 603 2124 656 qum-

3701 510 3819 580 192“

2154 592 2197 649 Δ
2229 596 2367 663 Quid
2416 606 2750 675 ergo?Num
2801 613 2884 667 his
2930 614 3055 674 ideo
3101 637 3206 679 non
3243 628 3719 703 credemtts?qu:e
3758 651 3829 692 ex

2234 692 2319 746 his
2368 710 2489 763 qua:
2539 701 2745 770 scripta
2791 720 2942 772 sunt.
2999 714 3335 788 colliguntur
3386 730 3725 796 necessario,
3756 746 3826 783 an

2230 783 2569 853 sitnplicibus
2618 798 2823 863 verbis,
2851 813 2909 857 ut
2958 821 2988 860 a
3032 811 3284 868 conciliis
3309 826 3436 871 sunt
3458 822 3683 885 tradita,
3715 833 3831 875 sta-

2230 878 2555 953 bituus?At,
2590 889 2719 946 illud
2755 896 2977 964 quidem
3028 917 3219 958 eorum
3269 920 3379 974 est,
3411 913 3504 980 qui
3540 917 3604 967 de
3645 920 3825 970 nomi-

2229 974 2393 1031 nibus
2442 983 2819 1052 contendunt;
2855 1000 2909 1053 et
2960 1007 3123 1050 omne
3153 1001 3299 1068 quod
3353 1014 3551 1068 prarter
3584 1007 3827 1063 litteram

2225 1072 2519 1142 accipitur,
2544 1081 2866 1137 scandalum
2901 1094 3095 1153 putant
3126 1106 3141 1144 :
3175 1091 3339 1160 juxta
3363 1097 3575 1152 scilicet
3602 1098 3829 1153 balteo-

2227 1177 2348 1218 rum
2387 1166 2683 1236 vilitatem,
2738 1176 2830 1243 qui
2884 1193 3105 1245 semper
3145 1183 3279 1254 legis
3326 1189 3575 1243 assident
3602 1191 3824 1249 litterae.

2225 1257 2382 1325 Quod
2430 1265 2598 1320 etiam
2645 1267 2806 1324 divus
2844 1270 3160 1344 Dionysius.
3191 1278 3571 1339 irrationabile
3604 1301 3667 1340 ac
3695 1302 3830 1356 pur-

2226 1369 2443 1411 versum
2477 1374 2599 1414 esse
2622 1365 2721 1425 ait,
2744 1380 2850 1420 non
2878 1368 3089 1426 scilicet
3129 1373 3454 1432 intentionis
3481 1380 3696 1446 virtuti,
3722 1384 3827 1438 sed

2223 1449 2506 1505 vocabulis
2532 1453 2836 1513 intendere.

2296 1542 2467 1600 Porro
2537 1551 2763 1619 proprie
2845 1557 3125 1623 expositos
3180 1576 3208 1614 a
3262 1562 3525 1632 synoditL
3555 1567 3829 1623 terminos

2220 1633 2390 1690 veluti
2431 1654 2723 1697 commune
2780 1644 3098 1716 Symbolum
3157 1653 3384 1709 minime
3446 1657 3730 1726 amplecti,
3753 1673 3828 1715 ac

2219 1730 2526 1799 suscipere.
2581 1750 2772 1790 eorum
2815 1750 2921 1805 est,
2984 1744 3076 1811 qui
3119 1747 3351 1800 concilia
3412 1748 3565 1802 irrita
3613 1754 3825 1812 volunt.

2219 1819 2399 1891 Eque
2430 1824 2594 1896 igitur
2624 1844 2688 1883 ac
2721 1828 3043 1900 Symbolum
3072 1853 3416 1910 qumcunque
3465 1843 3559 1898 illa
3578 1857 3831 1903 ‘SIatue-

2221 1914 2358 1981 rint,
2394 1921 2743 1990 suscipienda
2776 1934 2925 1982 sunt.
2959 1928 3148 1998 Neque
3178 1933 3325 1986 enim
3369 1936 3642 2002 profecto,
3668 1944 3824 2008 quod

2216 2007 2271 2062 in
2300 2007 2559 2079 Symbolo
2580 2015 2802 2081 quidem
2831 2021 3167 2087 continetur,
3195 2029 3587 2084 lmnorabimus
3624 2050 3637 2086 :
3666 2040 3824 2100 quod

2214 2112 2398 2157 autem
2458 2120 2526 2160 ex
2588 2107 2732 2165 illius
2796 2112 2998 2180 pendet
3058 2115 3187 2182 fine,
3221 2121 3307 2173 vel
3353 2123 3496 2188 quod
3536 2137 3656 2192 post
3689 2126 3823 2188 eius
3876 2129 3887 2141 '

2212 2190 2503 2249 lcetionem
2552 2198 2773 2266 dicitur,
2809 2203 2893 2257 vel
2925 2220 2979 2259 ιη
3030 2210 3144 2264 suis
3177 2213 3431 2266 terminis
3491 2220 3818 2281 exponitur.

2212 2297 2320 2339 non
2374 2286 2805 2348 honorabimns?
2861 2292 2973 2350 Hoc
3030 2299 3174 2353 enim
3253 2303 3515 2358 stolidum
3566 2306 3726 2359 simul
3758 2319 3863 2383 et_

2212 2376 2592 2436 irrationabile
2616 2394 2726 2438 est.

2283 2471 2440 2537 Quod
2462 2475 2511 2531 si
2536 2480 2769 2534 concilia
2796 2494 2948 2536 sacra
2968 2500 3324 2551 veneramur,
3349 2488 3566 2545 illorum
3588 2508 3819 2563 quoque

2210 2566 2521 2622 sententias
2572 2572 2822 2625 venerari
2883 2577 3161 2644 convenit,
3194 2587 3360 2649 atque
3391 2580 3489 2645 ita,
3521 2593 3582 2637 ut
3616 2585 3683 2641 de
3720 2586 3815 2642 his

2211 2671 2315 2715 nos
2365 2673 2492 2716 esse
2535 2663 2901 2728 certissimos.
2929 2681 3053 2722 cum
3093 2670 3246 2724 omni
3307 2670 3506 2729 fiducia
3537 2677 3811 2733 confitea-

2208 2764 2353 2815 mur,
2386 2767 2591 2822 eosque
2618 2756 2711 2824 qui
2744 2767 2966 2827 negant,
3004 2774 3384 2820 exsecrentur.
3421 2764 3557 2821 Nam
3606 2770 3700 2839 qui
3751 2772 3810 2829 in

2204 2842 2435 2912 synodis
2463 2846 2744 2916 expositas
2784 2851 3091 2904 sententias
3121 2864 3304 2923 negat,
3380 2859 3561 2925 ptenis
3596 2878 3810 2929 negau-

2204 2935 2342 2990 tium
2378 2936 2696 3008 Symbolum
2747 2942 2854 2995 erit
2902 2945 3194 3002 obnoxius.
3236 2945 3471 3005 Prorsus
3499 2961 3554 3005 et
3586 2968 3649 3006 ea
3681 2970 3808 3023 quae

2205 3027 2465 3097 Symbolo
2518 3031 2781 3102 inscripta
2839 3051 2945 3090 non
3007 3048 3155 3102 sunt,
3203 3056 3363 3112 mque
3418 3058 3482 3096 ac
3519 3060 3564 3100 sx
3595 3046 3806 3115 scripta

2202 3132 2411 3188 essent,
2447 3124 2855 3184 honorabimus.
2890 3132 3064 3201 Atque
3113 3135 3241 3188 hinc
3280 3135 3327 3189 si
3362 3136 3506 3191 ratio
3553 3141 3806 3196 veritatis

2200 3216 2464 3285 exegerit,
2496 3218 2543 3273 si
2572 3234 2736 3275 casus
2769 3226 3086 3281 necessario
3118 3226 3415 3296 impulerit,
3439 3232 3799 3305 nihilditicrt,

1779 3293 1845 3331 ³ο
1896 3279 2091 3339 dicens
2119 3318 2163 3376 ο
2197 3279 2359 3359 etiam
2373 3322 2493 3375 quae
2507 3325 2610 3365 non
2626 3315 3285 3388 snntscripta,confitcri,
3306 3338 3428 3377 cum
3455 3324 3509 3380 in
3543 3326 3802 3401 Symbolo
3896 3315 3907 3328 ⁸

1779 3372 2061 3401 ιΑ..6“.-..-...-
2366 3400 2373 3401 κ

2197 3400 2507 3468 complexa,
2538 3408 2938 3474 comprehensa
2968 3412 3101 3469 sint.

2268 3494 2562 3561 Quocirca,
2591 3514 2771 3568 neque
2797 3502 2907 3558 illis
2936 3506 3175 3576 adjectio
3220 3512 3533 3579 obiicienda
3566 3525 3673 3582 est,
3702 3519 3796 3587 qui

2194 3584 2359 3638 etiam
2396 3604 2461 3642 ex
2515 3587 2658 3647 Filio
2706 3591 2968 3661 Spiritum
3015 3610 3266 3658 sanctum
3289 3608 3589 3675 procedere
3623 3608 3797 3664 faten-

2196 3687 2306 3735 tur.
2354 3679 2484 3746 Sed,
2523 3692 2582 3739 ut
2627 3686 2836 3743 dictum
2901 3701 3005 3757 est,
3048 3708 3315 3751 verumne
3351 3697 3455 3752 hoc
3490 3699 3582 3764 sit,
3618 3702 3795 3771 inspi-

2193 3769 2444 3827 ciendum
2473 3784 2577 3833 est.
2615 3777 2758 3833 Nam
2784 3791 3149 3854 praeterquam
3184 3791 3330 3858 quod
3362 3791 3628 3859 subjectis
3666 3769 3791 3852 fidei

2193 3866 2478 3937 principiis
2506 3885 2736 3929 necesse
2770 3885 2877 3936 est.
2919 3879 2962 3932 si
3011 3881 3244 3937 velimus
3290 3899 3353 3940 ea
3392 3899 3513 3955 quae
3546 3904 3794 3943 commu-

2193 3959 2333 4012 niter
2360 3974 2391 4012 a
2425 3960 2694 4034 theologis
2724 3967 2790 4022 de
2812 3965 3086 4026 Triuitale
3110 3974 3426 4044 traduntur,
3457 3978 3789 4048 observare;

2189 4051 2354 4105 etiam
2392 4069 2456 4109 ex
2483 4054 2623 4112 Filio
2662 4060 2981 4128 procedere,
3015 4063 3215 4135 fateri;
3246 4068 3383 4124 alios
3411 4070 3631 4139 quidem
3664 4088 3789 4127 sau-

2190 4151 2307 4197 ctos
2339 4145 2625 4212 habemus,
2661 4163 2728 4204 ex
2768 4149 2915 4208 Filio
2972 4154 3124 4210 illum
3180 4174 3305 4215 esse
3331 4163 3600 4229 dicentes,
3624 4174 3683 4220 et
3722 4164 3791 4219 ab

2191 4235 2308 4297 ipso
2341 4235 2541 4293 habere
2571 4254 2714 4306 esse,
2746 4251 2799 4296 et
2820 4258 2886 4299 ex
2920 4245 3039 4316 ipso
3068 4251 3391 4307 naturaliter
3413 4262 3578 4324 atque
3613 4273 3809 4313 esse».

2187 4326 2406 4392 tialiter,
2440 4339 2502 4385 ut
2535 4330 2710 4401 ipsius
2739 4339 3113 4404 operationem
3145 4345 3448 4400 naturalem
3500 4356 3557 4402 et
3601 4364 3788 4404 esseu-

2191 4418 2375 4472 tialem
2439 4423 2681 4488 prodire.
2723 4422 2792 4480 Et
2849 4426 3012 4484 sicuti
3063 4445 3132 4486 ex
3172 4429 3367 4500 Patre,
3403 4435 3475 4489 ita
3519 4438 3686 4491 etiam
3715 4453 3789 4495 ex

2187 4503 2325 4566 Filio
2361 4529 2509 4580 esse,
2542 4522 2845 4574 secundum
2887 4524 3139 4579 eumdem
3179 4527 3420 4582 modum.
3460 4529 3613 4587 Alios
3649 4548 3785 4589 vero

2186 4621 2281 4672 per
2337 4605 2531 4679 Filium
2581 4612 2906 4668 naturaliter
2945 4618 3186 4685 prodire.
3217 4628 3275 4673 et
3314 4636 3412 4690 per
3456 4638 3579 4677 eum
3615 4636 3786 4695 atque

2187 4712 2253 4751 ex
2300 4688 2367 4753 eo
2412 4701 2684 4770 accipere,
2711 4714 2767 4758 et
2794 4721 2862 4760 ex
2904 4706 3071 4764 Patre
3102 4725 3196 4774 per
3223 4711 3420 4769 Filium
3453 4721 3782 4786 procedere,

2184 4790 2296 4844 imo
2332 4792 2496 4846 etiam
2528 4809 2593 4848 ex
2640 4794 2775 4851 Filio
2797 4804 3112 4870 procedere,
3138 4814 3191 4858 et
3222 4821 3343 4874 qure
3374 4808 3477 4861 alia
3519 4811 3782 4881 praedicta

2179 4894 2327 4938 sunt.
2372 4885 2448 4940 ita
2478 4889 2622 4943 enim
2678 4889 2781 4958 ipsi
2818 4893 3020 4949 dictum
3064 4896 3191 4951 illud
3224 4903 3593 4969 evangelicum
3624 4921 3639 4960 :
3676 4906 3784 4972 Qui

2178 4994 2212 5029 a
2280 4975 2445 5033 Patre
2522 4984 2797 5052 procedit,
2855 4976 3260 5059 exposuerunt;
3326 4997 3782 5066 complexumque

2178 5072 2497 5137 procedendi
2528 5076 2821 5130 terminum
2854 5080 3135 5150 addentes,
3162 5097 3228 5137 ex
3258 5082 3420 5140 Patre
3445 5103 3540 5157 per
3579 5089 3777 5148 Filium

2178 5164 2477 5231 procedere
2507 5166 2950 5225 declaraveram:
2986 5172 3136 5241 Quos
3172 5175 3444 5246 profecto,
3480 5197 3640 5237 nemo
3673 5186 3780 5241 erit

2173 5252 2246 5305 ita
2280 5260 2605 5328 amens,qui
2650 5261 2850 5316 audeat
2891 5278 3157 5321 accusare
3195 5267 3445 5326 fallaciae.
3488 5271 3597 5341 ipsi
3629 5277 3774 5329 enim

2171 5357 2319 5411 Sunt,
2348 5349 2442 5418 qui
2465 5352 2696 5408 concilia
2722 5354 3080 5412 instituerunt
3114 5378 3127 5415 :
3165 5375 3262 5427 per
3290 5376 3428 5430 quos
3459 5364 3547 5419 illa
3583 5367 3772 5432 robur,

2177 5453 2238 5490 ac
2300 5440 2574 5496 munimen
2625 5457 2978 5514 acceperunt,
3033 5460 3198 5521 atque
3257 5454 3327 5508 ab
3365 5456 3468 5521 eis,
3506 5473 3628 5511 cum
3665 5461 3775 5515 ulla

2176 5528 2341 5586 fuerit
2380 5533 2444 5588 de
2485 5535 2589 5590 fide
2626 5539 2857 5607 quaestio
2884 5540 3166 5608 solvenda,
3202 5547 3269 5600 ad
3297 5546 3523 5603 istorum
3550 5550 3771 5609 “doctri-

2177 5639 2299 5675 nam
2356 5640 2422 5680 ac
2483 5630 2855 5697 magisterium
2915 5633 3203 5705 mittimur,
3263 5637 3381 5695 hmc
3432 5648 3488 5695 ct
3528 5641 3615 5697 illa
3670 5660 3771 5701 nos

2181 5714 2289 5782 ριιί
2319 5716 2664 5786 addentibus,
2698 5718 2801 5775 nisi
2839 5722 2972 5778 istos
3003 5727 3386 5795 suscipiamus.
3431 5731 3543 5786 Cur
3603 5736 3766 5789 etiam

2181 5805 2265 5857 hic
2299 5806 2656 5876 adjectioncm
2703 5828 2806 5867 non
2850 5815 3158 5886 culpamus,
3189 5837 3249 5875 ac
3281 5836 3376 5890 per
3410 5818 3608 5879 Filium
3642 5844 3770 5897 pro-

2166 5898 2358 5953 celcrc
2388 5917 2669 5971 negamus,
2696 5908 2952 5976 quoniam
2989 5912 3039 5966 in
3078 5912 3375 5984 Erangelio
3412 5915 3462 5970 id
3495 5919 3763 5990 scriptum

2486 6109 2532 6131 δ
