4052 6424
268 293 372 358 ιω

1378 291 1786 353 ADVERSUS
1824 289 2139 351 GRAECOS
2176 292 2324 354 LIB.
2373 291 2473 356 IV.

3441 298 3549 364 194

263 423 368 460 non
414 404 545 461 est?
588 408 656 460 At
698 420 922 474 magnus
959 404 1032 459 ait
1073 403 1422 469 Athanasim,
1459 407 1703 473 possibile
1755 421 1856 459 non
1887 412 1932 469 Λ
1966 405 2092 459 hinc
2137 407 2287 460 solus
2340 408 2407 461 dc
2447 409 2565 461 sola
2626 409 2899 474 creditur,
2952 411 3157 466 idcirco
3185 421 3241 466 et
3281 410 3548 481 Spiritum

266 516 374 553 esse
419 501 471 552 in
510 497 787 552 Trinitatis
824 497 1018 569 gloria,
1053 496 1314 568 Spiritum
1362 508 1603 551 sanctum
1654 498 1856 569 gloriﬁ-

265 593 403 655 cari,
441 591 542 645 nisi
591 592 921 661 procedendo
955 594 1020 645 sit
1062 606 1126 645 ea:
1159 590 1325 645 Patre
1368 608 1458 659 per
1493 589 1541 643 F
1546 591 1693 644 ilium
1717 608 1736 656 ;
1760 590 1854 644 sed

265 698 321 741 ct
347 685 571 756 septima
600 687 861 757 synodus,
898 692 952 740 et
983 684 1241 739 Tarasius
1275 684 1584 753 patriarcha
1620 684 1856 738 sanctis-

268 779 461 844 simus,
508 788 563 832 ct
610 787 925 833 sanctorum
987 778 1203 848 plurimi
1248 778 1301 830 in
1340 776 1462 831 iidci
1491 793 1601 831 sua:
1634 776 1854 831 centes-

267 871 421 926 sione
474 887 540 926 cx
613 869 777 925 Patre
837 888 931 940 per
980 868 1175 925 Filium
1233 870 1529 940 procedere
1588 869 1853 940 Spiritum

270 973 514 1018 Sanctum
564 961 996 1017 insinuaverunt.

341 1054 636 1118 Cancrum,
693 1055 738 1109 si
796 1053 920 1124 quis
971 1054 1103 1108 illud
1153 1054 1527 1121 evangelicum
1576 1072 1589 1110 ς
1649 1052 1754 1119 Qui
1792 1068 1857 1106 ea:

281 1148 441 1203 Patre
477 1148 733 1215 procedit,
784 1147 866 1201 his
892 1148 983 1215 qui
1029 1148 1192 1199 etiam
1245 1156 1311 1201 ex
1366 1144 1505 1200 Filio
1560 1145 1858 1216 procedere

273 1239 530 1310 Spiritum
592 1238 820 1302 dicunt,
870 1238 1132 1306 obiiciat,
1185 1251 1289 1291 non
1356 1236 1464 1291 illis
1522 1238 1854 1291 contrariam

270 1333 492 1397 Opponit
528 1344 738 1384 vocent.
791 1328 972 1399 Neque
1034 1329 1208 1396 enim,
1241 1328 1285 1384 si
1338 1345 1402 1384 ex
1455 1327 1595 1383 Filio
1641 1338 1745 1394 est,
1789 1328 1854 1384 ex

272 1423 435 1479 Patre
492 1438 612 1478 esse
671 1423 918 1490 desinet;
952 1437 1127 1493 neque
1170 1422 1276 1479 ista
1331 1423 1564 1479 invicem
1618 1423 1855 1493 objecta,

271 1517 505 1571 invicem
545 1524 883 1584 pervertunt.
907 1516 1046 1582 imo,
1074 1526 1134 1569 ut
1172 1514 1413 1584 pluribus
1457 1516 1766 1579 docuimus,
1791 1531 1857 1571 ex

268 1607 430 1663 Patre
455 1623 575 1662 esse
601 1606 743 1676 quod
792 1606 1014 1672 dicitur,
1042 1618 1167 1663 esse
1200 1606 1365 1662 etiam
1394 1622 1460 1661 ex
1495 1606 1639 1663 Filio
1669 1606 1861 1663 subin-

270 1703 431 1772 gerit.
468 1700 572 1756 Sed
607 1716 783 1769 neque
827 1716 893 1756 ex
923 1698 1089 1755 Patre
1125 1714 1223 1769 per
1249 1698 1445 1754 Filium
1491 1701 1792 1769 procedere
1827 1715 1859 1755 a

1960 506 2239 564 sanctum,
2268 501 2527 568 quoniam
2573 514 2639 555 ex
2666 501 2827 557 Patre
2862 504 3158 572 procedere
3198 502 3402 556 dictum
3443 511 3549 568 est,

1956 607 2021 644 ex
2046 592 2182 657 sola,
2218 593 2322 662 ipsi
2385 593 2702 662 adjiciunt:
2758 596 2993 666 primum
3048 595 3293 664 quidem,
3354 601 3411 647 et
3446 596 3549 663 ipsi

1958 684 2283 751 adiicientes
2335 697 2674 757 arguuntur,
2736 704 2914 759 neque
2950 689 3094 760 digni
3138 697 3267 742 sunt
3304 689 3395 758 qui
3452 703 3549 739 au~

1957 776 2196 842 diautur,
2229 794 2351 833 cum
2394 780 2716 835 insimulant
2738 796 2833 835 eos
2871 781 2962 850 qui
3003 798 3067 836 ea:
3098 780 3234 835 Filio
3269 776 3433 836 titiam
3462 781 3548 833 di-

1957 879 2090 923 cunt
2116 870 2440 940 adiectionis
2464 886 2651 927 causa.
2680 870 2898 927 Eisdem
2947 874 3093 926 enim
3125 881 3180 927 et
3213 873 3314 938 ipsi
3348 883 3548 926 tenen-

1956 971 2046 1017 tur
2081 961 2552 1018 obnoxii.Deiude
2591 968 2881 1033 cogentur,
2916 963 2963 1019 si
2995 964 3332 1034 unigenitum
3354 962 3548 1016 Filium

1960 1064 2017 1108 ut
2049 1055 2225 1109 Solum
2265 1071 2332 1110 ex
2370 1057 2488 1112 solo
2517 1056 2874 1123 conﬁtentur,
2910 1058 3211 1112 sectuidutn
3247 1056 3550 1109 nativitatis

1964 1150 2282 1212 terminum,
2341 1151 2415 1204 ita
2464 1157 2520 1203 et
2576 1148 2841 1218 Spiritum
2899 1147 3432 1211 sanctum,sublata
3484 1162 3552 1200 ex

1962 1237 2127 1292 Patre
2187 1238 2540 1308 processio‘ue
2580 1253 2678 1307 per
2707 1238 2947 1301 Filium,
2992 1238 3333 1308 unigenitum
3391 1236 3552 1289 fateri

1936 1330 2157 1385 'Filium
2185 1340 2243 1383 ut
2271 1331 2446 1385 solum
2472 1347 2537 1387 ex
2571 1331 2710 1396 solo,
2745 1331 3202 1400 quemadmodum
3248 1328 3420 1384 Filius
3462 1342 3553 1381 so-

1937 1425 2047 1479 'lus
2080 1438 2146 1478 ex
2171 1424 2290 1479 solo
2315 1432 2393 1479 est
2412 1438 2430 1489 ;
2452 1439 2628 1494 neque
2649 1425 2795 1479 enim
2826 1440 2893 1479 ex
2918 1424 3036 1479 solo
3067 1432 3274 1478 tantum
3295 1420 3553 1486 dicimus,

1962 1519 2058 1572 sed
2087 1517 2423 1587 unigenitum
2455 1529 2674 1586 quoque
2700 1515 2920 1571 Filium.
2950 1513 3157 1585 Nempe
3182 1517 3325 1569 enim
3366 1526 3557 1583 quem-

1934 1600 2253 1665 admodum
2306 1610 2358 1663 iu
2398 1611 2575 1664 sacris
2602 1610 2800 1664 litteris
2831 1609 2978 1663 solus
3032 1624 3185 1663 uerus
3227 1606 3389 1661 Pater
3414 1607 3548 1659 dici-

1932 1706 2085 1767 'tur,
2109 1714 2163 1757 et
2186 1702 2311 1771 quia
2347 1697 2517 1756 Nemo
2546 1704 2686 1757 nevit
2728 1698 2931 1757 Filium
2952 1742 2968 1767 ,
3019 1700 3125 1757 nisi
3166 1700 3356 1764 Pater,
3389 1714 3554 1766 neque

273 1792 472 1847 sanctis
495 1791 768 1845 diceretur
806 1808 821 1845 :
855 1791 898 1846 si
924 1790 1145 1861 quidem
1179 1790 1283 1845 ista
1320 1792 1594 1846 contraria
1626 1791 1857 1846 invicem
1894 1773 1939 1829 Β
1970 1793 2208 1857 Patrem,
2240 1793 2347 1848 nisi
2380 1791 2549 1848 Filius
2572 1794 2653 1857 ";
2682 1801 2737 1847 et
2766 1811 2781 1848 :
2816 1792 2922 1859 Qui
2953 1792 3122 1846 credit
3152 1792 3209 1845 in
3233 1807 3331 1852 me.
3365 1804 3468 1843 non
3496 1788 3552 1842 in

275 1891 478 1937 essent.
501 1881 638 1936 Nam
666 1884 710 1936 si
743 1896 807 1936 ex
832 1880 993 1938 Patre
1023 1882 1138 1938 solo
1170 1883 1375 1938 dictum
1399 1882 1613 1945 fuisset,
1635 1881 1864 1939 haberet

281 1975 550 2031 rationem
601 1975 913 2044 huiusmodi
985 1974 1245 2046 obiectio.
1284 1973 1550 2042 Quoniam
1608 1991 1735 2032 vero
1788 1988 1860 2031 ex

212 2116 215 2119 .
279 2067 440 2122 Patre
474 2079 679 2122 tantum
720 2068 927 2123 dictum
966 2077 1071 2134 cst,
1107 2068 1210 2124 hoc
1233 2080 1413 2124 autem
1445 2077 1502 2124 et
1527 2068 1596 2123 ab
1615 2069 1860 2139 utrisque

276 2176 377 2234 pro
422 2160 669 2218 confesso
727 2163 984 2225 habetur,
1030 2175 1494 2231 supervacaneum
1546 2171 1631 2217 est
1696 2171 1860 2230 atque

285 2254 657 2320 vanissimum,
681 2255 885 2310 omisso
914 2268 1003 2321 eo,
1021 2255 1164 2325 quod
1189 2254 1360 2323 prius,
1392 2264 1452 2310 ut
1481 2252 1860 2323 ostenderent,

188 2366 189 2369 ‘
283 2362 476 2402 curare
510 2347 833 2415 debuerant,
865 2361 932 2402 ex
961 2347 1080 2401 solo
1113 2345 1326 2400 scilicet
1348 2345 1513 2401 Patre
1542 2348 1860 2414 procedere,

282 2442 430 2511 quod
479 2442 805 2496 contrarium
854 2449 940 2495 est
969 2439 1041 2506 ei,
1078 2438 1222 2510 quod
1274 2449 1381 2504 est,
1421 2454 1487 2494 ex
1521 2437 1662 2493 Filio
1688 2451 1814 2494 esse
1845 2457 1861 2496 :

290 2547 360 2586 ex
389 2530 547 2588 Patre
593 2531 885 2602 procedere
915 2533 1060 2603 quod
1087 2532 1312 2595 dicitur,
1341 2532 1497 2600 quasi
1556 2548 1873 2603 repugnans

293 2622 493 2679 ducere
523 2624 600 2679 bis
631 2625 722 2694 qui
751 2624 860 2681 hoc
896 2622 1210 2679 nullatenus
1243 2639 1464 2694 negant.

355 2712 623 2770 Concesso
648 2730 777 2786 ergo
820 2719 889 2768 ab
935 2714 1222 2784 utriusque
1256 2713 1523 2785 Spiritum
1572 2730 1638 2769 ex
1698 2715 1864 2771 Patre

282 2810 593 2879 procedere,
621 2806 979 2878 reliquasiam
1003 2808 1302 2862 sententias
1327 2808 1729 2877 inspiciendum
1757 2820 1864 2875 est,

282 2900 485 2971 quibus
514 2901 685 2971 magis
735 2900 1101 2956 conveniant:
1130 2900 1310 2966 hisne,
1338 2902 1429 2971 qui
1464 2916 1530 2955 ex
1559 2901 1676 2957 solo
1702 2900 1865 2957 Patre

281 2991 579 3060 procedere
630 2989 819 3046 dicunt
853 2990 1118 3061 Spiritum
1165 3001 1415 3046 sanctum
1446 3031 1462 3057 ,
1498 3005 1565 3046 au
1596 3009 1722 3048 vero
1780 2994 1866 3049 bis

1964 1900 2047 1941 me
2077 1887 2269 1951 credit,
2301 1885 2393 1940 sed
2424 1886 2479 1940 in
2498 1902 2638 1951 eum,
2669 1886 2761 1957 qui
2797 1886 2942 1940 misit
2982 1884 3152 1952 me“;
3183 1890 3236 1938 et.
3260 1900 3274 1939 :
3302 1880 3424 1937 Mea
3451 1881 3554 1934 do-

1964 1977 2107 2031 trina
2135 1992 2240 2031 non
2275 1984 2352 2030 est
2378 1992 2494 2031 mea
2520 1977 2599 2039 ¹³;
2634 1990 2809 2045 neque
2844 1976 3225 2045 compellimur
3262 1974 3394 2027 solis
3425 1987 3554 2041 pcr-

1965 2071 2121 2124 sonis
2163 2069 2222 2125 in
2273 2069 2471 2138 quibus
2510 2069 2820 2138 huiusmodi
2860 2068 3086 2123 detinite
3132 2066 3421 2128 dicuntur,
3450 2066 3557 2117 ista

1965 2159 2322 2228 distribuere;
2376 2162 2470 2216 sed
2513 2160 2662 2215 solus
2688 2160 2900 2231 quidem
2931 2173 3124 2220 verus,
3164 2166 3220 2212 ct
3258 2156 3447 2220 Patri,
3500 2166 3556 2209 et

1967 2248 2109 2307 Filio
2178 2260 2548 2322 congruenter
2600 2260 2851 2321 aptatur;
2898 2249 3053 2320 quasi
3111 2263 3216 2303 non
3281 2245 3556 2315 obiectum

1964 2347 2183 2401 illorum
2213 2343 2666 2400 substantialibus
2694 2343 3118 2414 preprietatibus
3138 2340 3292 2413 (44);
3318 2354 3557 2409 cognos-
3590 2404 3595 2413 ι

1963 2457 2092 2498 cere
2111 2453 2298 2496 autem
2329 2437 2551 2493 Patrem
2572 2475 2588 2502 ,
2639 2447 2695 2493 et
2725 2435 2947 2501 Filium,
2983 2444 3039 2491 et
3068 2434 3136 2490 ab
3171 2433 3255 2489 eis
3310 2430 3554 2501 agnosci,

1965 2534 2132 2588 etiam
2167 2529 2399 2602 Spiritui
2422 2535 2616 2585 sancto
2643 2528 3039 2594 distribuitur;
3089 2541 3154 2581 eo
3184 2526 3329 2595 quod
3377 2521 3559 2591 obiec—

1967 2636 2080 2682 tum
2114 2642 2221 2682 non
2255 2628 2330 2681 sit
2362 2629 2508 2680 scire
2538 2625 2683 2679 illius
2724 2620 3072 2678 subslantiali
3104 2619 3457 2693 proprietati,
3492 2632 3558 2671 ac

1968 2722 2036 2775 de
2075 2720 2203 2774 aliis
2234 2719 2512 2773 similiter.
2544 2716 2647 2774 Ubi
2679 2717 2824 2772 enim
2878 2731 2988 2771 non
3040 2717 3222 2770 obstat
3277 2713 3561 2769 relationis

1969 2812 2246 2880 oppositio
2269 2851 2285 2876 ,
2342 2809 2475 2863 nihil
2526 2807 2788 2876 prohibet
2819 2808 2963 2877 quod
2998 2806 3201 2860 dicitur
3231 2819 3558 2874 congruere.

1969 2903 2049 2958 ita
2087 2917 2269 2971 neque
2300 2902 2345 2957 si
2378 2917 2407 2955 a
2443 2899 2605 2955 Patre
2644 2900 2927 2955 diceretur
2978 2900 3276 2968 procedere
3323 2896 3561 2966 Spiritus

1969 3007 2196 3051 sanctus
2230 3004 2284 3049 et
2314 2994 2606 3048 adderetur
2638 2992 2779 3056 toto,
2802 2990 2978 3046 valide
3000 3002 3182 3061 posset
3203 2991 3305 3044 hoc
3336 2999 3385 3043 ct
3419 2986 3561 3041 Filio

280 3083 374 3152 qui
399 3084 542 3138 hunc
564 3097 631 3138 ex
664 3081 826 3141 Patre
855 3082 1221 3148 conﬁtentur,
1285 3098 1349 3139 ac
1388 3082 1564 3138 Filio?
1592 3083 1656 3139 lli
1695 3085 1869 3155 siqui-
1894 3124 1940 3181 ο
1973 3091 2184 3160 negari.
2231 3087 2385 3143 Nttnc
2439 3097 2617 3141 autem
2668 3086 2888 3156 quando
2942 3084 3269 3153 simpliciter
3310 3099 3340 3139 a
3395 3080 3563 3135 Patre

280 3179 406 3234 dom
452 3176 614 3247 illud”
670 3177 813 3247 quod
841 3177 1083 3234 dicitur:
1125 3174 1200 3231 De
1238 3194 1350 3231 meo
1390 3179 1609 3246 accipiet
1648 3181 1703 3244 ες
1759 3190 1813 3235 et
1852 3197 1867 3237 :

281 3268 446 3337 Quem
481 3286 574 3341 ego
609 3271 812 3324 mittam
838 3269 902 3337 ‘;
949 3284 1004 3325 et
1035 3287 1051 3324 :
1097 3268 1361 3341 Spiritum
1405 3275 1640 3326 veritatis
1667 3274 1731 3339 ';
1777 3286 1868 3328 et:

282 3362 459 3419 Mittet
494 3363 655 3418 Pater
690 3363 745 3417 in
776 3365 984 3418 nomine
1030 3380 1144 3419 meo
1169 3365 1190 3396 ‘
1220 3381 1237 3432 ;
1288 3376 1343 3421 et
1375 3383 1389 3419 :
1434 3365 1566 3435 Ego,
1609 3375 1660 3420 et
1708 3366 1875 3421 Pater

284 3474 449 3511 unum
481 3474 663 3512 sumus
687 3456 742 3524 ";
801 3466 897 3513 et:
930 3457 1148 3524 Omnia,
1198 3474 1317 3530 qua:
1357 3458 1718 3513 Itabctol’ater
1756 3476 1873 3514 mea

285 3548 480 3616 sunt';
504 3559 556 3604 et
587 3565 602 3603 :
630 3546 692 3604 Si
728 3549 784 3602 in
810 3547 973 3618 digito
1008 3545 1107 3603 Dei
1139 3551 1255 3604 sive
1280 3551 1331 3604 in
1363 3550 1567 3620 Spiritu
1602 3551 1692 3604 Dei
1720 3552 1871 3619 ejicio

1977 3183 2179 3238 dictum
2229 3191 2313 3235 est
2345 3221 2360 3248 ,
2396 3194 2571 3250 neque
2612 3180 2884 3247 adiectum
2921 3186 3007 3232 est
3045 3177 3158 3231 solo
3182 3217 3199 3242 ,
3239 3191 3359 3229 etim
3393 3177 3559 3227 etiam

1947 3274 2302 3345 producere,
2336 3283 2395 3326 ut
2429 3270 2696 3326 nativitati
2742 3283 2851 3325 non
2895 3269 3187 3324 adversum
3222 3267 3385 3320 etiam
3423 3264 3564 3319 Filio

1974 3367 2290 3429 emtveniat,
2342 3379 2407 3419 ac
2448 3375 2736 3435 proittcrea
2793 3375 3083 3417 commune
3129 3375 3251 3414 esse
3289 3356 3436 3411 Patri
3497 3372 3563 3413 ac

1974 3453 2117 3512 Filio
2149 3458 2471 3526 iuspiciatur
2494 3497 2510 3522 ,
2538 3457 2924 3511 stultissimum
2958 3451 3292 3508 omnimodis
3324 3462 3407 3507 est
3437 3467 3564 3504 vcr—

1975 3553 2103 3606 bum
2145 3554 2369 3619 rapere,
2400 3563 2467 3605 ac
2496 3564 2593 3618 per
2643 3550 2745 3603 hoc
2785 3545 2985 3601 Filium
3025 3560 3054 3599 a
3091 3542 3272 3599 Patris
3315 3558 3564 3599 commu-

284 3642 545 3696 darmouia
567 3643 612 3697 ’.
674 3640 985 3712 lnsufﬂavit
1044 3652 1092 3695 et
1137 3642 1312 3709 dixit,
1341 3643 1578 3710 Accipite
1606 3642 1871 3708 Spiritum
1918 3672 1937 3699 ο
1976 3644 2141 3696 nione
2181 3641 2486 3695 secludere.

284 3735 616 3800 sanctum“,
646 3742 992 3791 et'sexcenta
1029 3734 1193 3802 talia,
1244 3751 1358 3790 sua:
1409 3736 1611 3789 habent
1656 3736 1867 3790 confes-

282 3828 429 3883 sioni
473 3843 729 3884 consona.
768 3828 863 3885 llis
893 3829 1077 3891 enim.
1112 3837 1170 3882 ut
1222 3830 1478 3893 superius
1523 3829 1727 3884 dictum
1762 3839 1869 3897 est,

286 3922 531 3991 magistri
574 3921 834 3977 Ecclesia:
889 3923 1141 3984 inducti,
1194 3924 1486 3990 praedictas
1543 3921 1611 3975 de
1657 3920 1866 3991 Spirittt

287 4022 477 4069 sancto
517 4014 690 4070 tulere
715 4013 1039 4079 sententias,
1075 4026 1129 4067 et
1175 4026 1267 4081 per
1296 4012 1494 4066 Filium
1529 4022 1581 4067 ct
1611 4027 1677 4066 ea:
1724 4011 1870 4068 Filio

286 4109 583 4176 procedere
623 4108 918 4171 dixerunt;
975 4105 1068 4184 qui
1125 4115 1304 4160 autem
1340 4120 1404 4159 ex
1436 4105 1551 4160 solo
1584 4106 1742 4161 Patre
1775 4121 1871 4162 vo-

287 4201 408 4257 lunt
442 4200 641 4263 dicere,
668 4199 874 4254 nullum
905 4198 1131 4253 omnino
1160 4208 1261 4266 pro
1299 4212 1359 4252 se
1395 4196 1600 4253 habent
1630 4200 1871 4255 testimo-

290 4297 472 4358 nium;
506 4293 635 4356 imo,
691 4301 747 4347 et
786 4291 1039 4362 pru'dicta
1094 4291 1276 4344 omnia
1323 4290 1425 4360 sibi
1488 4292 1869 4359 adversantur,

288 4389 576 4455 hostesque
606 4366 807 4440 habent
836 4394 1056 4438 sanctos
1090 4382 1301 4448 Patres,
1333 4381 1428 4451 qui
1468 4382 1557 4437 illa
1594 4386 1673 4440 sic
1705 4401 1871 4457 expo-

288 4489 536 4536 Suerunt.

362 4572 510 4639 Quod
537 4573 583 4628 si
620 4572 674 4626 id
706 4570 996 4641 obiiciunt,
1026 4569 1288 4637 scriptum
1326 4583 1430 4622 non
1457 4584 1596 4634 esse,
1625 4585 1689 4623 ex
1713 4556 1870 4637 Filio,

287 4665 517 4733 primum
550 4663 789 4732 quidem,
840 4660 914 4713 De
958 4674 1071 4712 meo
1122 4658 1377 4723 accipiet,
1416 4669 1472 4710 et
1506 4660 1691 4710 omnia
1749 4673 1873 4727 qua:

290 4763 433 4814 dicta
464 4768 610 4820 sunt,
644 4754 711 4809 ad
748 4754 892 4809 istud
926 4754 1177 4817 tendunt,
1214 4766 1316 4806 msr
1363 4754 1587 4805 vocibus
1619 4751 1872 4804 maximis

290 4852 653 4907 clamantibus
685 4849 924 4912 sanctis,
962 4846 1179 4900 illorum
1219 4860 1382 4901 aures
1414 4844 1630 4916 penitus
1669 4847 1871 4901 obsur-

293 4947 522 5000 duerunt
547 4961 563 5010 ;
591 4943 809 5006 deinde,
828 4956 1002 5010 neque
1032 4954 1097 4993 ex
1130 4937 1246 4992 solo
1276 4936 1435 4992 Patre
1467 4935 1732 5007 sci'iptuut
1764 4946 1873 4992 eat.

293 5037 478 5106 itaque
505 5051 608 5088 non
632 5036 803 5103 magis
831 5046 931 5100 pro
963 5046 1046 5096 se,
1076 5046 1239 5098 quam
1267 5038 1457 5083 contra
1483 5042 1565 5094 se,
1598 5041 1707 5081 non
1749 5043 1872 5084 esse

292 5132 552 5217 scriptum
586 5129 866 5197 ObiiCiUlll.

363 5213 439 5276 Si.
472 5232 675 5279 autem,
733 5219 986 5287 quoniam
1030 5215 1198 5270 Filius
1243 5229 1308 5268 ex
1358 5213 1517 5268 Patre
1565 5214 1790 5280 dicitur,
1821 5224 1876 5272 et

2045 3735 2233 3804 Atqui,
2267 3733 2351 3787 vel
2384 3728 3064 3799 dispensationisimplens
3094 3737 3459 3790 sacramenta,
3479 3728 3564 3780 vel

1975 3824 2258 3894 discipulis
2320 3836 2587 3891 parcens,
2633 3819 2717 3875 sui
2778 3834 2887 3874 non
2925 3819 3173 3874 meminit
3204 3855 3218 3882 ,
3250 3818 3393 3886 quod
3425 3817 3567 3873 forte

1975 3919 2178 3987 maiora
2216 3917 2285 3971 de
2314 3916 2408 3969 illo
2439 3929 2545 3967 non
2577 3922 2873 3984 caperent:
2901 3931 2922 3966 ι
2962 3911 3140 3966 Multa
3170 3914 3330 3976 enim,
3365 3909 3564 3979 inquit,

1974 4012 2139 4064 habeo
2170 4008 2313 4063 vobis
2336 4007 2529 4072 dicere,
2559 4011 2649 4061 sed
2679 4021 2781 4059 non
2809 4007 3021 4074 potestis
3049 4013 3264 4073 portare
3280 4004 3517 4066 modo";
3539 4022 3559 4050 ι

1973 4108 2081 4161 sive
2109 4107 2180 4159 ad
2214 4101 2535 4173 principium
2569 4115 2724 4155 suum
2777 4101 2956 4153 omnia
2997 4100 3261 4167 referens,
3295 4112 3326 4153 a
3373 4114 3474 4169 quo
3514 4109 3566 4152 et

1972 4202 2081 4269 ipse
2119 4208 2217 4265 est,
2247 4206 2296 4252 et
2330 4210 2429 4252 sua
2455 4194 2655 4257 omnia,
2704 4204 2764 4248 ιιι
2786 4194 2865 4248 ait
2909 4193 3198 4262 theologus
3223 4192 3559 4259 Gregorius;

1976 4297 2091 4351 sive
2121 4294 2311 4354 etiam,
2345 4292 2489 4360 quod
2523 4300 2578 4341 et
2619 4286 2933 4341 necessario
2972 4287 3024 4340 id
3053 4285 3391 4340 erodentlum
3418 4297 3565 4339 esset

1980 4393 2206 4457 propter
2260 4395 2531 4437 summam
2579 4379 2646 4433 ad
2707 4377 2924 4432 Patrem
2973 4378 3377 4446 :equaJitatem,
3417 4376 3564 4429 isnnl

1833 4475 1847 4488 ’
1905 4464 1951 4518 Ῑ)
1979 4478 2165 4534 dicere
2203 4475 2410 4531 emisit.
2470 4471 2645 4527 Filius
2670 4472 2869 4541 quippe
2911 4468 3091 4524 Patris
3139 4479 3242 4534 est,
3281 4467 3570 4537 Patrisque

1983 4568 2228 4627 deﬁnitio
2264 4576 2316 4622 et
2353 4565 2618 4620 Verbum.

2051 4662 2377 4730 Quanquam
2407 4672 2473 4712 ex
2511 4655 2889 4726 superioribus
2920 4650 3207 4707 sententiis
3228 4649 3563 4701 tantumdem

1978 4754 2311 4814 valentibus,
2340 4764 2516 4818 neque
2549 4750 2652 4801 hoc
2677 4745 2902 4800 omnino
2939 4743 3176 4797 tacuisse
3206 4740 3568 4808 deprehendi-

1983 4857 2069 4901 tttr
2098 4860 2115 4900 :
2150 4857 2340 4900 verum
2391 4841 2537 4913 quod
2583 4838 2675 4894 isti
2708 4840 2975 4893 instanter
3007 4845 3228 4901 negant,
3286 4833 3562 4901 praedicat.

1978 4938 2115 4994 Nam
2182 4935 2482 5004 Scriptura:
2529 4932 2731 5000 duplex
2779 4930 2974 4983 modus
3038 4934 3123 4981 est
3177 4924 3396 4979 dicendi
3442 4940 3568 4994 quae

1981 5031 2134 5084 velit.
2191 5032 2301 5083 Aut
2358 5026 2505 5079 enim
2550 5024 2704 5092 puris
2748 5021 3095 5091 propriisque
3147 5016 3569 5080 nominibus,ut

1985 5136 2106 5178 cmn
2140 5121 2383 5184 Patrem,
2406 5128 2469 5173 'et
2510 5116 2741 5180 Filium,
2788 5125 2843 5170 et
2879 5113 3145 5184 Spiritum
3182 5120 3429 5166 sanctum
3468 5126 3568 5163 uo-

1984 5217 2196 5282 minat;
2233 5216 2346 5268 sive
2395 5229 2517 5267 cum
2550 5227 2616 5268 ex
2665 5221 2853 5281 aperte
2890 5208 3077 5271 dictis,
3133 5206 3218 5260 his
3260 5207 3427 5260 etiam
3477 5219 3568 5259 se-

370 5359 564 5413 ‘Joan.
595 5372 707 5421 xw,
742 5357 823 5410 Η.
902 5354 922 5384 ⁸
942 5354 1099 5408 Joau.
1133 5368 1222 5419 xv,
1245 5352 1337 5417 ‘26,
1413 5350 1589 5421 fibitl.
1667 5349 1687 5379 ‘
1714 5348 1872 5408 Joan.
1898 5320 2117 5416 x'tv,26.
2194 5352 2213 5382 "
2236 5350 2395 5406 Joan.
2424 5363 2476 5416 Χ,
2497 5348 2607 5421 5οκ
2664 5344 2863 5402 ηοω».
2890 5361 3004 5421 ξιξι,
3146 5415 3164 5421 _
3202 5344 3221 5375 ’
3246 5341 3436 5395 Matth.
3466 5355 3567 5421 ξιξ,

296 5432 397 5499 Ξ8;
429 5432 558 5485 an.
587 5446 660 5495 at,
680 5428 770 5481 20.

361 5573 473 5641 (it)
506 5572 619 5626 Iloe
652 5571 762 5623 vult
793 5570 971 5624 dicere
1007 5585 1115 5641 esse
1159 5569 1328 5621 solum
1360 5581 1536 5620 verum
1563 5576 1693 5641 non
1753 5579 1877 5641 esse

296 5637 631 5712 persoitaietn
671 5643 1056 5709 proprietatem
1100 5638 1298 5703 Patris,
1340 5652 1405 5690 ac
1442 5637 1685 5712 proinde
1711 5638 1875 5712 etiam

299 5706 429 5768 Ftlto
476 5706 809 5781 competere,
866 5726 971 5763 non
1008 5712 1258 5763 obstante
1305 5709 1774 5781 vocabulutvertts.
1810 5706 1875 5758 Et

310 5785 557 5840 Similiter
608 5777 887 5856 Spiritum
929 5790 1171 5835 santtum
1207 5793 1505 5849 agnoscere
1558 5777 1774 5831 Patrem
1817 5788 1872 5829 ct

851 5427 892 5456 ¹⁰
926 5424 1081 5479 Jontt.
1108 5417 1351 5488 χκέὲιη
1392 5417 1433 5452 ¹¹
1460 5421 1651 5475 Matth.
1684 5436 1762 5487 XI,
1789 5421 1879 5476 ‘27.
1963 5423 2003 5453 ¹³
2025 5421 2186 5497 Joan.
2219 5438 2315 5482 xu,
2349 5422 2436 5476 Ην.

2522 5417 2734 5473 "Juan.
2770 5432 2869 5486 vti,
2898 5418 2986 5471 16.
3069 5416 3109 5447 ’⁸
3137 5415 3294 5471 Juan.
3325 5422 3436 5474 χιι,
3475 5412 3561 5461 i=2.

1979 5564 2175 5618 Filium
2212 5564 2359 5618 etab
2398 5563 2506 5619 illis
2540 5561 2762 5633 agnosci
2795 5560 3089 5616 convenir'e
3134 5561 3297 5633 etiam
3332 5553 3563 5633 Spiritui

1978 5649 2170 5689 sancto
2203 5654 2270 5689 eu
2290 5636 2433 5704 quod
2480 5629 2614 5687 δαιτὶ
2640 5636 2720 5688 vel
2772 5635 2993 5701 agnosci
3036 5648 3142 5687 non
3169 5629 3565 5696 sitpersonatts

1981 5718 2282 5777 proprietas
2309 5707 2548 5776 Spiritus
2571 5705 2768 5768 sancti,
