4052 6442
611 336 716 404 195

1873 342 1928 402 Μ
1939 346 1978 400 Α
1991 342 2037 402 N
2051 338 2284 402 UELIS
2323 337 2633 399 CALEC£

3773 351 3858 416 196

607 454 831 524 quentia
867 452 1013 510 elicit
1038 473 1052 522 ;
1082 455 1539 526 quemadmodum
1587 456 2063 511 consubstantialis
2097 469 2192 510 no-
2225 463 2272 518 Α
2375 451 2440 505 Ει
2479 469 2626 508 nunc
2653 466 2876 522 quoque
2922 451 3052 508 licet
3101 452 3154 507 in
3192 452 3450 526 Symbolo
3484 457 3730 529 scriptum
3764 479 3854 518 non

611 561 766 611 men,
809 555 865 600 ut
902 547 1200 618 Scriptura:
1246 563 1548 618 congruum
1603 550 1970 618 inteliigentia:
2023 547 2201 602 credi-

613 647 724 690 tum
783 648 885 702 est,
947 641 1091 708 quod
1150 640 1398 708 plurimis
1449 652 1638 710 aperte
1689 642 1884 710 positis
1919 640 2199 694 videretur

604 731 757 800 juxta
799 730 1210 796 intelligentiam
1267 733 1584 786 necessario
1615 747 1945 800 congruere.
1979 730 2195 785 Dictum

609 823 757 876 cnim
799 833 883 876 est
912 840 924 874 :
961 822 1071 891 Ego
1099 833 1144 875 et
1175 821 1336 876 Pater
1359 840 1518 876 unum
1540 841 1724 878 sumus
1745 823 1790 854 ¹⁵
1813 843 1826 886 ,
1850 834 1902 876 et
1935 841 1947 876 :
1980 821 2194 886 Omnia,

607 931 725 981 (μίαν
758 915 922 967 Pater
962 915 1112 983 facit,
1132 916 1244 971 [nec
1285 926 1333 970 et
1367 914 1541 970 Filius
1587 915 1715 986 facit
1763 914 2006 969 similiter
2031 915 2072 944 “
2099 957 2111 976 ,
2144 924 2198 969 et

606 1023 728 1073 qua:
758 1007 807 1059 in
845 1006 987 1062 hanc
1011 1007 1242 1061 fortnam
1281 1009 1487 1076 scripta
1514 1022 1661 1062 sunt.
1699 1008 1767 1062 Et
1794 1019 1941 1062 certe
1973 1007 2079 1069 his,
2107 1007 2194 1074 qui

605 1100 775 1154 solam
809 1101 1090 1155 intuentur
1129 1101 1389 1166 litteram,
1425 1103 1704 1155 contraria
1741 1101 2058 1154 viderentur
2093 1100 2192 1163 illi,

606 1193 753 1261 quod
791 1203 977 1260 aperte
1001 1193 1202 1246 dictum
1237 1201 1321 1246 est
1351 1210 1364 1246 :
1396 1191 1562 1247 Pater
1592 1193 1770 1261 major
1793 1208 1873 1246 me
1893 1201 1970 1246 est
1992 1193 2056 1246 ".
2086 1193 2194 1246 Sed

610 1294 814 1349 tamen,
869 1283 1128 1350 quoniam
1183 1299 1248 1337 ex
1285 1284 1369 1338 bis
1430 1299 1551 1352 qua:
1597 1295 1786 1353 aperte
1833 1285 1978 1339 dicta
2010 1297 2190 1349 erant,

607 1378 920 1430 necessario
967 1375 1424 1430 consubstantiale
1475 1377 1838 1445 Sequebatur,
1882 1388 1938 1432 et
1977 1393 2190 1444 verum,

605 1477 661 1520 et
687 1467 982 1534 Scriptura:
1018 1484 1321 1522 consoaum
1349 1484 1470 1524 esse
1492 1511 1507 1534 ,
1536 1469 1836 1524 indicatum
1870 1481 1976 1525 est.

679 1559 861 1614 Simili
889 1578 1020 1630 ergo
1053 1563 1266 1617 ratione
1304 1573 1360 1616 et
1389 1564 1531 1633 quod
1564 1563 1772 1618 dicitur
1797 1566 1963 1618 etiam
1996 1581 2025 1618 a
2053 1565 2193 1620 Filio

604 1666 728 1705 esse
755 1651 1016 1721 Spiritmn
1047 1663 1317 1717 sanctum,
1353 1669 1458 1708 non
1489 1654 1708 1724 quidem
1745 1656 1812 1710 ad
1850 1655 2112 1720 litteram,
2138 1664 2193 1711 et

603 1754 792 1812 aperte
829 1745 881 1798 in
911 1744 1194 1814 Scriptura
1230 1744 1467 1814 positum
1499 1756 1603 1810 est,
1637 1747 1730 1802 sed
1762 1760 1824 1800 ea
1856 1763 1978 1817 qua:
2004 1735 2192 1818 aperte

605 1836 748 1890 dicta
804 1847 956 1900 sunt,
1012 1837 1283 1907 sequitur.
1311 1838 1442 1903 Qua:
1483 1852 1666 1895 autem
1700 1854 1962 1895 concessa
1993 1855 2060 1894 ex
2099 1855 2194 1895 ne-
2225 1828 2268 1883 Β
2300 1839 2384 1891 rio
2443 1837 2496 1890 in
2538 1851 2764 1907 magnas
2815 1835 3185 1890 absurditates
3230 1835 3599 1891 incidentibus
3648 1854 3660 1888 :

601 1931 860 1983 cessitate
900 1941 1242 1998 sequuntur,
1281 1940 1334 1984 et
1369 1931 1458 1984 illa
1498 1946 1624 1986 vera
1677 1933 1788 1986 sint
1823 1947 2052 1987 necesse
2085 1941 2191 1987 est.

603 2019 1069 2084 Quemadmodum
1120 2021 1174 2074 in
1225 2021 1525 2089 disciplinis
1575 2023 2005 2090 conclusiones,
2070 2039 2192 2092 quae

603 2112 872 2180 principia
907 2122 1235 2182 sequuntur.
1269 2113 1542 2183 Scriptum
1575 2115 1777 2185 quippe
1815 2123 1928 2170 est:
1959 2113 2195 2184 Spiritus

603 2205 858 2260 vcritatis.
893 2206 962 2259 At
993 2207 1192 2259 veritas
1228 2203 1398 2260 Filius
1427 2216 1546 2270 est;
1593 2218 1648 2262 et
1687 2207 1756 2261 ab
1786 2222 1851 2262 eo
1885 2209 2091 2272 audire,
2141 2217 2196 2264 et

600 2299 861 2365 accipere,
913 2309 969 2353 et
1005 2303 1166 2366 mitti,
1213 2311 1270 2357 et
1325 2301 1599 2370 insufﬂari
1648 2301 1884 2366 dicitur;
1921 2316 2042 2371 qua:
2075 2319 2198 2372 pro-

601 2391 743 2446 lecto
777 2393 959 2446 omnia
986 2394 1245 2450 Ecclesiae
1276 2395 1526 2464 ntagistri
1562 2394 1690 2448 dum
1715 2406 2078 2463 exponerent,
2100 2410 2198 2464 per

601 2484 800 2540 Filium
833 2487 1130 2556 procedere
1149 2488 1427 2551 dixerunt,
1450 2496 1508 2541 et
1542 2486 1612 2541 ab
1637 2486 1750 2552 illo,
1779 2501 1930 2553 esse,
1963 2487 2192 2552 habere,

602 2583 662 2628 ut
694 2578 760 2630 ab
794 2579 909 2645 ipso
937 2579 1323 2646 accipientem,
1353 2589 1405 2631 et
1439 2593 1503 2632 ex
1553 2579 1671 2648 ipso
1702 2593 1824 2633 esse
1845 2617 1861 2644 ,
1895 2594 1957 2634 ac
1999 2593 2196 2649 proce-

603 2666 758 2730 dere,
798 2679 852 2720 et
879 2686 998 2736 qua:
1033 2671 1292 2739 prtutiicta
1333 2682 1481 2723 sunt.
1782 2679 1786 2684 ’

675 2759 732 2812 Si
765 2759 934 2823 enim,
969 2765 1226 2830 quoniam
1263 2761 1447 2816 velbis
1481 2761 1626 2817 dicta
1661 2779 1769 2818 non
1807 2772 1954 2827 sunt,
1991 2761 2196 2816 intelli-

600 2852 838 2918 gentiam
894 2867 1108 2921 quoque
1146 2852 1359 2907 illorum
1407 2854 1758 2923 repellamus,
1804 2853 2035 2923 plurima
2067 2867 2196 2922 pro-

606 2944 749 2996 iecto
803 2952 862 2996 et
893 2945 1226 3008 necessaria,
1259 2954 1313 2998 et
1342 2960 1605 2999 concessa
1638 2984 1653 3008 ,
1701 2954 1758 2998 nt
1813 2947 2020 2999 dictum
2081 2955 2189 3008 est,

599 3035 878 3100 ejiciemus
912 3052 925 3087 :
967 3037 1062 3090 sed
1096 3051 1150 3092 et
1184 3037 1364 3106 ipsum
1408 3035 1691 3091 Trinitatis
1725 3052 1945 3099 nomen,
1985 3044 2035 3089 et
2068 3036 2195 3088 sub-

2305 546 2376 598 sit
2404 549 2468 600 de
2493 547 2698 614 Spiritu
2729 557 2942 612 sancto,
2976 547 3116 617 quod
3145 547 3290 603 Deus
3322 565 3483 605 verus
3525 557 3589 605 de
3621 553 3721 608 Deo
3750 571 3858 613 vero

2307 643 2400 704 sit,
2449 641 2492 693 si
2550 655 2674 693 cum
2730 641 2778 693 id
2807 641 3016 693 veniret
3074 639 3129 693 in
3163 641 3386 694 dubium
3415 679 3428 706 ,
3468 643 3696 698 Ecclesia
3730 646 3855 702 illum

2307 747 2552 786 errorem
2588 731 2853 801 repellere
2883 739 3141 800 satagens
3187 734 3288 786 hoc
3322 733 3576 804 Symbolo
3607 737 3856 805 adjiceret,

2307 827 2544 893 putanda
2593 840 2700 878 non
2757 833 2904 878 esset
2941 823 3340 892 blaspbetuarc.
3368 896 3374 901 ἢ
3403 825 3533 878 l\ant
3574 826 3616 880 si
3666 828 3856 897 quidem

2305 917 2490 970 omnia
2525 926 2711 984 aperte
2743 917 2949 984 scripta
3002 924 3222 981 essent,
3265 917 3407 970 nulla
3457 917 3674 973 haeresis
3723 934 3858 990 caput

2305 1004 2554 1058 attollere
2587 1006 2830 1059 auderet.
2863 1005 3019 1060 Nunc
3051 1015 3230 1061 autem
3263 1019 3476 1076 Oportet
3505 1023 3556 1062 ct
3585 1012 3793 1065 lia-reses
3815 1013 3856 1067 in

2307 1099 2465 1151 nobis
2486 1116 2628 1162 csse,
2652 1101 3243 1168 pr0pterquorumdam
3269 1102 3588 1169 nequitiam,
3605 1113 3654 1154 nt
3677 1105 3857 1171 probati

2306 1191 2576 1245 manifesti
2611 1191 2762 1246 liant.
2781 1190 2888 1246 Sed
2906 1201 2960 1246 et
2977 1190 3646 1263 ScrulaminiScripluras,
3681 1196 3758 1249 dic
3783 1211 3856 1248 uin

2303 1299 2410 1337 non
2447 1294 2617 1348 esset,
2642 1283 2686 1339 si
2717 1285 2898 1338 omnia
2933 1285 3110 1340 lucide
3153 1297 3208 1340 et
3237 1297 3425 1356 aperte
3448 1286 3645 1354 scripta
3676 1296 3854 1339 essent.

2371 1376 2449 1429 Ita
2484 1376 2647 1444 igitur
2672 1385 2726 1430 et
2753 1375 2876 1430 ﬁdei
2907 1377 3209 1447 principiis,
3236 1389 3288 1433 et
3317 1377 3610 1448 Scriptura}
3644 1378 3858 1431 testimo-

2300 1467 2407 1523 niis
2438 1484 2545 1522 non
2579 1468 2752 1522 solum
2787 1469 2921 1522 nihil
2954 1469 3410 1538 prohibentibus,
3445 1487 3649 1534 verum,
3687 1480 3735 1524 et
3759 1469 3859 1538 plu-

2301 1561 2856 1630 rimnmjuvantibus,
2887 1572 3070 1632 atque,
3103 1564 3207 1617 hoc
3238 1575 3424 1633 aperte
3451 1561 3853 1624 ostendentibus,

2300 1655 2690 1724 magistrisque
2720 1652 2981 1708 Ecclesiae
3021 1654 3122 1709 hoc
3147 1654 3397 1722 plurimis
3431 1655 3483 1708 in
3515 1653 3644 1708 locis
3697 1663 3854 1722 aperte

2299 1747 2716 1812 asserentibus;
2750 1745 2965 1815 hisque,
3008 1744 3099 1813 qui
3131 1755 3324 1800 contra
3371 1754 3591 1816 negant,
3627 1757 3854 1796 necessa-

3714 1832 3853 1886 tradi-

2300 1939 2493 1998 tesque
2524 1928 2750 1982 omnino
2784 1927 2851 1982 de
2883 1937 3070 1981 sancta
3101 1925 3375 1981 Trinitate
3404 1927 3637 1980 rationes
3665 1923 3852 1978 convel-

2295 2021 2551 2087 lentibus,
2607 2037 2728 2090 qua:
2763 2020 2946 2075 omnia
3002 2021 3248 2089 pluribus
3305 2022 3458 2091 plura
3518 2021 3851 2074 demonstrata

2297 2127 2423 2168 sunt
2453 2133 2466 2170 :
2497 2130 2563 2169 ex
2585 2114 2726 2168 Filio
2749 2127 2965 2182 quoque
2989 2113 3285 2182 procedere
3311 2112 3573 2182 Spiritum
3605 2117 3847 2170 Sanctum,

2301 2218 2544 2278 tempore
2577 2188 2828 2274 urgente,
2873 2204 2928 2258 in
2967 2205 3226 2275 Symbolo
3264 2205 3540 2274 adjectum
3581 2211 3676 2255 est.
3708 2200 3850 2251 Aiunt

2297 2298 2466 2361 enim,
2519 2296 2776 2365 quoniam
2835 2305 2956 2364 post
3031 2295 3266 2365 primam
3332 2295 3598 2366 synodum
3660 2288 3850 2344 lueresis

2297 2392 2567 2458 qnzedam,
2589 2405 2708 2457 qua:
2730 2388 2870 2442 Filio
2889 2388 3071 2442 Patris
3104 2403 3306 2442 nomen
3335 2387 3649 2459 applicaret,
3675 2383 3848 2443 Gra'cc,

2296 2480 2624 2551 υἱοπατορία
2662 2481 2801 2534 dicta
2826 2479 3130 2550 pullulavit,
3164 2479 3359 2536 dicens
3391 2497 3405 2534 :
3440 2477 3638 2533 Filium
3670 2475 3850 2529 Patrem

2295 2587 2406 2625 esse
2442 2569 2675 2641 Spiritus
2714 2573 2924 2637 sancti,
2959 2573 3137 2643 ipsum
3186 2589 3308 2628 vero
3353 2572 3609 2642 Spiritum
3649 2577 3848 2636 nepotem

2295 2661 2502 2718 Patris.
2531 2665 2876 2732 QuaprOpter
2907 2663 3174 2720 llatnasus
3201 2701 3216 2728 ,
3250 2666 3348 2734 qui
3382 2675 3507 2718 tunc
3544 2669 3656 2716 erat
3683 2657 3849 2713 Roma-

2295 2771 2401 2810 nus
2433 2758 2738 2826 eliiSt'OpllS,
2800 2766 2990 2812 coacto
3039 2757 3304 2826 concilio,
3356 2755 3611 2828 Symbolo
3655 2748 3846 2820 adjecil.

2294 2865 2360 2903 ex
2401 2848 2540 2902 Filio
2570 2849 2850 2916 procedere
2881 2847 3146 2917 Spiritum
3196 2861 3487 2914 sanctum;
3517 2848 3621 2902 illis
3656 2842 3848 2898 'scilicet

2294 2941 2608 3005 obsistens,
2641 2941 2733 3008 qui
2783 2940 3032 2995 dicerent
3061 2981 3076 3003 ,
3112 2956 3238 2995 eum
3279 2959 3351 2996 ea:
3405 2939 3548 2995 Filio
3582 2934 3738 2990 nasci.
3763 2927 3845 2996 Qui

2293 3034 2438 3088 enim
2473 3049 2537 3086 ex
2569 3033 2730 3088 Patre
2767 3049 2860 3102 per
2891 3031 3089 3088 Filium
3132 3037 3403 3104 procedit,
3433 3044 3486 3090 et
3515 3050 3577 3088 ex
3609 3033 3772 3090 Patre,
3805 3031 3848 3076 et

597 3131 875 3194 stantiam,
905 3142 952 3182 et
975 3146 1252 3199 personas,
1295 3131 1707 3198 ingenitumque,
1740 3130 1884 3197 quod
1919 3130 1973 3182 in
2024 3126 2189 3182 Patre
2218 3168 2261 3227 ρ
2296 3127 2432 3181 Filio
2472 3128 2768 3195 procedere
2804 3127 3004 3182 dicitur
3034 3170 3049 3195 ,
3095 3143 3163 3182 ex
3201 3128 3346 3185 Filio
3399 3127 3634 3199 profecto
3663 3120 3847 3192 genitus

596 3220 818 3284 dicitur,
872 3233 927 3275 et
980 3219 1457 3287 consubstantiale,
1504 3222 1630 3291 quia
1680 3223 1947 3287 seriptum
1999 3229 2188 3288 aperte

599 3327 704 3364 non
741 3322 846 3376 est,
872 3313 1030 3365 simul
1067 3313 1370 3384 ejiciemus.
1406 3311 1594 3380 Atqui,
1624 3311 1669 3365 si
1717 3311 1838 3379 quis
1875 3309 2186 3363 litterarum

597 3404 750 3457 sonis
780 3405 1036 3472 assideat,
1072 3419 1247 3472 neque
1285 3405 1336 3457 in
1391 3396 1652 3475 SymbOlo
1697 3401 2004 3456 communis
2063 3400 2187 3454 ﬁdei

597 3496 979 3550 Salvatorisde
1010 3505 1202 3550 saneto
1241 3495 1448 3565 Spiritu
1483 3494 1813 3549 sententiam
1839 3491 2188 3546 concorditer

596 3590 802 3644 habere
830 3589 1208 3643 conﬁtebitur.
1238 3589 1352 3642 Illic
1385 3588 1530 3642 enim
1580 3601 1612 3640 a
1661 3584 1828 3640 Patre
1885 3585 2186 3652 procedere

595 3682 825 3746 dicitur;
863 3682 951 3734 hic
986 3693 1164 3735 autem
1198 3695 1264 3734 ex
1323 3678 1489 3733 Patre
1528 3679 1848 3749 procedere.
1884 3677 1979 3731 Sin
2007 3657 2190 3731 autern

595 3774 683 3827 hic
713 3785 818 3827 aet
850 3789 914 3827 ex
945 3785 1210 3842 quantum
1247 3773 1314 3826 ad
1347 3772 1761 3840 intelligentiam
1808 3769 1944 3823 nihil
1981 3767 2183 3834 (ᾔσθη,

589 3881 690 3922 cor
720 3877 773 3920 et
803 3882 868 3920 ea:
900 3877 955 3919 et
986 3879 1078 3933 per
1109 3864 1240 3918 nihil
1275 3863 1343 3918 ab
1393 3861 1628 3918 invicem
1675 3861 1892 3916 dill'erre
1931 3875 2034 3914 non
2084 3861 2170 3914 di-

591 3976 804 4024 (anius,
837 3976 958 4012 cum
1000 3975 1066 4013 ex
1104 3957 1266 4011 Patre
1310 3971 1406 4026 per
1451 3954 1649 4010 Filium
1689 3954 1989 4024 procedere
2055 3953 2177 4022 Spi-

593 4055 758 4106 ritum
791 4062 1037 4106 sanctum
1073 4052 1360 4106 audiamus
1394 4065 1410 4104 :
1447 4049 1684 4103 maxime
1729 4065 1854 4103 cum
1907 4058 1959 4102 et
2004 4046 2183 4102 sancti

593 4144 784 4200 Patres
831 4145 1218 4199 universalitcr
1247 4161 1339 4213 per
1388 4153 1443 4196 et
1477 4155 1542 4196 ex
1583 4139 1719 4195 nihil
1757 4139 1974 4194 ditl'erre
2015 4141 2070 4192 in
2099 4139 2184 4192 di-

594 4241 736 4292 vinis
765 4237 986 4292 deﬁuite
1029 4238 1220 4292 velint.

670 4329 868 4384 Verum
893 4329 1020 4400 quid
1055 4345 1282 4386 necesse
1309 4339 1413 4395 est,
1435 4327 1579 4383 circa
1605 4325 2026 4397 praepositiones
2056 4333 2182 4379 tan-

595 4422 816 4477 tundem
857 4423 1098 4476 valentes
1126 4423 1214 4475 diu
1245 4421 1530 4475 immorari
1558 4459 1574 4487 ,
1609 4420 1830 4490 quando
1858 4429 1913 4474 cl.
1959 4430 2182 4475 sanctos

2292 3233 2414 3274 esse
2449 3235 2556 3273 non
2610 3231 2814 3288 potest.
2849 3219 2904 3274 In
2937 3231 3122 3274 sancta
3155 3222 3300 3275 enim
3344 3221 3608 3276 Trinitate
3633 3257 3647 3280 ,
3677 3212 3758 3281 qui
3792 3223 3845 3261 (τι

2291 3313 2468 3383 primo
2496 3315 2616 3367 sine
2651 3313 2830 3367 tnedio
2856 3324 2961 3376 est,
2999 3312 3174 3368 Filius
3221 3324 3308 3368 est
3365 3316 3517 3386 juxta
3575 3303 3845 3366 nativitatis

2291 3405 2723 3473 processionem.
2770 3401 3009 3472 Spiritus
3040 3414 3219 3458 autem
3267 3415 3498 3459 sanctus
3549 3417 3611 3455 ex
3644 3404 3843 3460 utroque

2287 3497 2580 3557 cxsistens,
2608 3495 2861 3550 videlicet
2893 3510 2956 3548 ex
2993 3495 3155 3549 Patre
3182 3511 3276 3564 per
3309 3496 3531 3560 Filium,
3559 3492 3703 3561 juxta
3744 3500 3846 3538 sau-

2289 3601 2438 3644 ctutn
2466 3588 2751 3659 Cyrillum,
2779 3599 2980 3659 prater
3005 3590 3311 3645 nativitatis
3350 3595 3632 3646 terminum
3658 3581 3841 3651 prodit;

2287 3684 2589 3752 procedens
2617 3682 2765 3736 enim
2799 3689 2976 3736 estex
3015 3683 3196 3752 primo
3238 3700 3338 3752 per
3374 3682 3628 3739 medium.
3669 3672 3843 3730 Idcirco

2287 3773 2588 3843 adiectione
2617 3777 2721 3831 hac
2753 3775 3196 3830 contradicentes
3227 3778 3452 3844 repulit.

2357 3853 2701 3925 Attestantur
2727 3869 2810 3924 his
2841 3870 3038 3938 partim
3067 3869 3279 3938 antiqui
3306 3868 3568 3926 Ecclesia:
3599 3853 3832 3931 magistri.

2288 3961 2563 4016 interdum
2594 3980 2688 4017 eos
2723 3962 3069 4027 refellentes,
3105 3964 3196 4031 qui
3223 3962 3490 4032 Spiritum
3534 3959 3612 4014 vel
3659 3959 3844 4010 creatu-

2289 4071 2426 4122 ram,
2459 4054 2543 4110 vel
2575 4055 2697 4110 Filii
2724 4055 2890 4108 ﬁiiutn
2925 4056 3204 4122 dicebant,
3263 4065 3323 4108 ut
3386 4066 3610 4125 magnus
3639 4042 3842 4101 Basilius

2285 4163 2410 4203 (um
2445 4149 2576 4203 dicit
2608 4166 2622 4202 :
2672 4147 2792 4202 Non
2831 4148 2953 4216 quia
3011 4165 3114 4202 non
3147 4153 3214 4202 sit
3269 4165 3337 4201 ex
3370 4149 3475 4203 Deo
3506 4161 3597 4214 per
3646 4137 3842 4194 Filium.

2285 4251 2342 4295 et
2375 4255 2495 4308 qua:
2527 4239 2678 4304 talia,
2713 4255 2810 4309 per
2836 4257 2958 4309 qua:
3005 4240 3202 4295 Filium
3243 4241 3375 4297 Filii
3411 4254 3531 4295 esse
3579 4239 3780 4302 negant,
3803 4230 3845 4277 cl

2288 4348 2383 4403 per
2422 4330 2616 4386 Filiqu
2641 4335 2942 4402 procedere
2974 4332 3196 4399 dicunt;
3225 4335 3431 4402 partim
3468 4345 3589 4385 \ero
3617 4335 3666 4382 ct
3695 4323 3844 4377 histo-

2265 4425 2430 4478 -ricus
2466 4425 2685 4491 quidam
2709 4434 3070 4494 cognomento
3113 4425 3298 4494 Scylix
3335 4425 3474 4495 (45),
3508 4424 3558 4475 itt
3591 4433 3672 4480 ea.
3704 4422 3840 4482 quam

592 4517 935 4582 apertissime
988 4513 1245 4568 audimus
1297 4513 1563 4578 dicentes,
1602 4510 1729 4581 quia
1764 4525 1886 4566 esse
1917 4511 2116 4565 habeat
2143 4529 2170 4562 a
2204 4521 2251 4578 ι)
2280 4518 2496 4587 scripsit
2526 4517 2775 4582 historia,
2811 4518 3103 4572 auditionis
3140 4529 3195 4572 ei
3241 4533 3502 4579 causmr,
3544 4525 3598 4567 ei
3651 4512 3837 4572 tempus

588 4605 754 4674 Ftlio,
786 4618 840 4662 et
889 4623 952 4660 ex
989 4610 1105 4676 ipso
1129 4606 1243 4673 sit,
1289 4615 1454 4672 atque
1495 4603 1797 4674 procedat?
1827 4601 2015 4671 itaque
2067 4602 2178 4657 illis

587 4702 830 4771 quidem,
868 4716 989 4770 qua:
1019 4702 1070 4753 in
1103 4700 1405 4767 Scripturis
1445 4707 1634 4768 aperte
1660 4708 1788 4752 sunt
1817 4698 2015 4764 posita,
2053 4710 2179 4750 cum

587 4795 678 4865 pia
708 4792 997 4849 devotione
1039 4791 1371 4848 credendum
1408 4800 1511 4844 est.
1555 4790 1688 4856 Quae
1743 4803 1874 4844 vero
1930 4788 2020 4843 illa
2071 4803 2180 4842 non

587 4887 748 4953 dixit,
803 4901 909 4939 non
931 4894 1060 4940 sunt
1112 4883 1519 4953 praecipitanter
1571 4879 1920 4949 abiicienda;
1956 4880 2064 4935 nisi
2125 4879 2182 4934 in

585 4983 666 5035 eis
687 4979 982 5036 manifesta
1013 4977 1323 5032 absurditas
1358 4973 1822 5044 deprehendatur,
1860 4988 1982 5042 qua:
2028 4989 2181 5029 corn-

586 5077 767 5129 tnunis
807 5073 931 5127 ﬁdei
989 5068 1396 5125 confessionem
1454 5067 1710 5137 perimat.
1761 5063 1918 5130 Quod
1972 5063 2018 5118 si
2089 5065 2188 5118 ab-

586 5167 774 5229 fuerit,
814 5173 870 5218 et
903 5165 1006 5218 ista
1047 5163 1134 5232 pie
1166 5170 1294 5215 sunt
1323 5157 1658 5215 admittenda
1685 5198 1700 5225 ,
1726 5159 1985 5224 maxime,
2020 5158 2185 5214 etiam

587 5257 920 5312 necessitate
944 5263 1192 5326 cogente,
1219 5264 1439 5322 propter
1465 5267 1557 5306 eos
1594 5255 1687 5320 qui
1721 5252 1846 5305 ﬁdei
1895 5252 2185 5304 veritatem

587 5353 792 5406 violare
825 5349 1142 5412 moliuntur,
1183 5345 1448 5400 imitando
1481 5346 1534 5398 in
1559 5359 1623 5399 ea
1660 5360 1717 5398 re
1743 5354 1958 5398 veteres
1995 5344 2178 5397 docto-

586 5460 695 5511 res,
727 5444 820 5514 qui
855 5441 907 5494 in
945 5441 1105 5494 rebus
1162 5440 1346 5493 arduis
1390 5438 1816 5508 urgentibusque
1848 5436 2175 5493 necessariis

585 5535 962 5593 additionibus
1023 5535 1075 5589 et
1100 5532 1505 5604 Scripturarum
1543 5533 1722 5586 sensui
1777 5533 2014 5587 maxime
2053 5546 2181 5586 con-

585 5631 758 5701 gruis,
785 5641 999 5699 gregem
1018 5627 1221 5683 Christi
1242 5628 1508 5696 dissipare
1526 5626 1763 5681 nitentes
1793 5625 2157 5694 dispulerunt.

659 5745 702 5778 "
729 5745 886 5799 Joan.
911 5758 968 5804 x,
1025 5744 1114 5798 '50.

2283 4611 2558 4681 exposuit.
2596 4611 2734 4664 Sunt
2763 4613 2891 4663 item
2923 4612 3012 4680 qui
3037 4609 3226 4665 dicant
3252 4612 3519 4679 quosdam
3548 4622 3610 4660 ex
3642 4599 3743 4656 Arii
3766 4605 3843 4647 ve-

2285 4706 2466 4768 sania,
2499 4719 2627 4758 cum
2664 4704 2866 4758 vellent
2897 4703 3020 4756 Filii
3069 4701 3414 4770 maiestatem
3475 4697 3796 4754 imminuere,
3819 4698 3842 4735 a

2285 4797 2401 4852 solo
2435 4797 2596 4852 Patre
2645 4799 2910 4867 Spiritum
2945 4808 3193 4853 sanctum
3238 4799 3460 4867 prodire
3515 4781 3838 4848 tlixissc.Qui

2287 4904 2415 4943 cum
2469 4889 2668 4943 vellent
2702 4888 3071 4958 blaSphemam
3103 4889 3418 4959 Opinionem
3449 4887 3582 4942 tueri
3615 4899 3628 4936 :
3657 4873 3843 4950 pietatis

2284 4983 2453 5036 armis
2480 4992 2670 5036 contra
2702 4982 2961 5052 pietatem
2997 4985 3326 5054 utebantura
3367 4981 3719 5037 vociferantes
3749 4976 3843 5019 non

2285 5089 2540 5148 oportere
2593 5077 2782 5132 Niceni
2850 5078 3066 5133 concilii
3140 5081 3439 5152 quidquam
3502 5063 3844 5132 sanctionibus

2284 5171 2472 5240 adjici,
2533 5185 2709 5240 neque
2765 5171 2910 5224 enim
2968 5171 3078 5224 illic
3130 5173 3185 5226 in
3250 5169 3598 5243 processione
3632 5155 3844 5228 Spiritus

2287 5262 2466 5318 sancti
2501 5262 2701 5316 Filium
2731 5261 2881 5316 Patri
2920 5265 3193 5332 adjectum
3240 5279 3382 5318 esse.
3421 5264 3596 5328 Atque
3629 5257 3732 5307 haec
3775 5245 3845 5299 tli-

2287 5365 2498 5419 centes,
2535 5353 2838 5407 Ecclesium
2865 5355 3210 5420 scindebant,
3249 5351 3634 5424 religionisque
3658 5336 3841 5408 opinio-

2288 5463 2408 5502 nem
2439 5446 2508 5499 ab
2534 5445 2828 5514 imperitis,
2859 5462 2918 5498 ac
2953 5445 3162 5509 stultis,
3206 5458 3260 5499 ut
3293 5447 3516 5514 antiqua
3554 5440 3842 5493 revererell'

2290 5548 2400 5602 tttt',
2437 5539 2746 5606 capiebant.

2348 5629 2556 5684 Indicio
2591 5628 2734 5683 enim
2766 5639 2849 5682 est
2877 5629 3069 5682 beatus
3103 5625 3369 5680 Maximus
3426 5625 3478 5678 in
3532 5611 3746 5690 epistola
3785 5601 3844 5660 ad

1228 5743 1273 5773 ιε
1307 5741 1466 5796 J03",
1511 5755 1563 5803 γ,
1604 5742 1685 5797 19,
1768 5707 1809 5771 ίτ
1845 5737 2006 5792 Joan.
2050 5739 2280 5806 xtv,28.

657 5855 770 5928 (45)
823 5853 1062 5910 Joannes
1116 5855 1314 5930 Scylax
1363 5855 1779 5924 Consmntinop.
1805 5852 2024 5920 scripsit
2057 5851 2122 5905 de
2168 5850 2363 5920 imper.
2393 5848 2870 5922 Cunstantinopol.
2904 5845 3075 5904 Gesn.
3102 5863 3168 5902 ex
3208 5846 3486 5902 \‘olatcra.
