4052 6424
313 300 414 366 197

1409 304 2154 369 ADVERSUSGRIECOé
2194 306 2342 372 LIB.
2377 309 2476 372 ιν.

3491 279 3594 377 tas

301 417 603 482 Marinum,
633 419 965 477 additionem
995 423 1139 477 hanc
1161 420 1296 495 (46),
1319 437 1425 476 non
1454 425 1672 491 quando
1703 420 1895 478 Eccle-
1923 422 1972 480 Α
2001 432 2165 491 atque
2198 421 2450 489 Basilius,
2479 421 2742 492 Spiritum
2767 438 2798 480 a
2836 423 2976 480 Filio
3004 440 3128 482 eSse
3160 424 3364 484 habere
3389 430 3598 484 dicunt.

304 512 509 564 siarutn
540 514 781 568 scissura
824 515 970 570 laeta
1006 525 1090 571 cst
1112 556 1129 581 ,
1163 518 1260 570 sed
1305 516 1464 582 longe
1495 526 1619 570 ante
1653 516 1893 570 additam

305 604 496 668 fuisse,
547 616 600 658 et
636 605 890 662 fortassis
929 617 1056 664 ante
1087 624 1184 662 sua
1235 619 1498 676 tempora.
1561 608 1686 663 Fuit
1712 618 1892 661 autem

305 713 373 752 eo
405 709 668 769 tempore,
705 715 813 769 quo
851 711 1006 756 sexta
1059 701 1300 772 synodus
1343 703 1578 756 conﬂata
1627 711 1730 756 est.
1763 703 1896 755 Pro-

304 800 510 856 pterea,
551 790 710 845 rebus
756 794 1094 863 urgentibus,
1145 809 1270 849 cum
1324 794 1586 862 quosdam
1618 792 1894 849 Occiden-

304 883 430 938 talis
473 883 730 938 Ecclesia:
758 885 871 940 haec
901 888 1069 954 pestis
1117 886 1380 954 paulatim
1427 902 1493 941 ac
1522 885 1725 940 sensim
1777 886 1894 941 inii-

306 987 472 1036 ceret,
515 978 850 1032 conveniens
881 981 1119 1048 synodus
1145 993 1211 1034 ex
1247 977 1386 1033 Filio
1423 979 1590 1034 etiam
1629 977 1891 1049 Spiritum

307 1072 600 1138 procedere
639 1070 898 1142 Syuibolo
938 1070 1160 1141 adjecit,
1179 1072 1244 1127 ad
1279 1073 1423 1143 quod
1449 1072 1678 1127 Romani
1710 1074 1894 1144 ponti-

307 1165 427 1218 ticis
457 1164 762 1231 sulIeeisset
795 1164 1117 1231 auctoritas,
1147 1181 1268 1235 quae
1304 1166 1471 1221 etiam
1507 1166 1748 1237 synodos
1777 1165 1896 1221 reli-

309 1272 443 1327 quas
467 1258 704 1311 roborat.

382 1349 565 1419 Neque
593 1365 726 1406 sane
757 1351 1064 1406 mirandum
1089 1360 1176 1407 est
1204 1351 1512 1408 Romanum
1547 1352 1892 1430 episc0pum,

308 1440 564 1498 Ecclesia;
601 1444 906 1514 principem
929 1484 944 1510 ,
981 1443 1159 1512 ipsum
1206 1454 1514 1500 convocato
1565 1444 1896 1502 Occidenta-

307 1529 439 1585 lium
467 1534 842 1602 episcoporum
885 1534 1149 1598 concilio,
1181 1532 1313 1587 illud
1363 1534 1695 1592 decrevisse.
1727 1535 1891 1602 Nam,

303 1625 350 1678 si
378 1623 669 1692 provinciae
710 1639 854 1694 swpe
898 1625 1128 1694 singulae
1159 1627 1389 1681 concilia
1449 1627 1889 1694 celebraverunt,

305 1717 495 1784 eisque
555 1717 853 1770 auctoritas
907 1716 1169 1788 derogata
1231 1732 1339 1771 non
1387 1727 1492 1780 est,
1558 1719 1728 1771 multo
1759 1733 1892 1773 sane

2007 517 2380 587 majoremque
2429 515 2641 586 Spiritu
2686 517 2881 572 Filium
2929 533 3112 574 causa:
3181 521 3392 574 ratione
3447 538 3599 576 asse-

2006 623 2155 671 runt,
2186 611 2536 681 Cyrillusquc
2568 625 2733 680 super
2761 609 2990 667 Joannis
3015 611 3332 683 Evangelio,
3395 624 3448 668 et
3477 617 3596 683 plu-

1977 769 1980 772 ,
2006 702 2160 756 rimis
2190 703 2581 771 Opusculorum
2606 717 2836 758 suorum
2855 704 3016 768 locis,
3041 705 3145 760 hoc
3175 707 3348 775 ipsum
3371 707 3598 770 clamat,

2003 804 2206 864 praeter
2239 795 2558 851 Occidentis
2592 797 3021 867 ntagistros,qui
3059 798 3362 852 innumeris
3384 801 3435 852 in
3463 800 3599 853 locis

2002 889 2214 955 dicunt,
2247 905 2309 944 ex
2347 889 2535 954 Patre,
2579 906 2642 944 ac
2676 891 2852 958 Filio},
2885 893 3047 946 veluti
3085 909 3151 946 ex
3189 907 3295 948 uno
3329 893 3601 960 principio

2005 984 2300 1060 procedere
2335 982 2598 1052 Spirituut
2633 994 2886 1038 sanctum
2927 1001 2942 1039 :
2979 1002 3117 1054 opus
3141 1001 3263 1040 esse
3297 1002 3406 1039 non
3439 987 3594 1040 vide-

2003 1075 2186 1138 batur,
2220 1085 2288 1131 ue
2333 1080 2416 1130 nis
2459 1090 2580 1145 qua:
2613 1091 2874 1132 concessa
2908 1087 3122 1140 essent,
3147 1076 3458 1133 Orientales
3489 1077 3594 1132 Pa-

2003 1176 2114 1222 tres
2147 1169 2424 1224 molestias
2459 1172 2592 1237 pati.

2072 1259 2248 1314 Porro
2280 1261 2324 1314 si
2354 1263 2475 1328 quis
2509 1261 2835 1332 interroget,
2867 1261 2998 1331 quid
3029 1263 3307 1332 sit,quod,
3334 1279 3460 1318 cum
3491 1263 3594 1319 ista

2002 1353 2210 1408 additio
2237 1353 2463 1422 antiqua
2499 1354 2593 1415 sit,
2620 1368 2728 1408 nou
2757 1355 2924 1409 etiam
2947 1354 3016 1408 ab
3050 1351 3420 1410 Orientalibus
3439 1356 3597 1425 Synt-

2003 1444 2128 1500 bolo
2147 1445 2349 1500 inserta
2385 1445 2494 1500 sit?
2512 1447 2750 1515 primum
2773 1445 2993 1515 quidem
3015 1446 3223 1514 ,debita
3251 1446 3596 1517 subiectione

1999 1550 2067 1591 ac
2091 1537 2399 1592 reverentia
2434 1536 2682 1593 Romano
2711 1537 2968 1594 Pontillci
2996 1578 3012 1603 ,
3047 1539 3281 1607 ejusque
3325 1537 3590 1592 Ecclesiae

2001 1628 2302 1682 secundum
2332 1629 2740 1686 ecclesiasticas
2786 1630 3010 1706 regulps’
3055 1630 3267 1685 reddita
3296 1666 3314 1694 ,
3348 1628 3484 1684 nihil
3525 1645 3596 1684 ex

2005 1719 2112 1776 boc
2145 1723 2200 1776 in
2230 1720 2356 1788 ﬁde,
2390 1723 2473 1778 vel
2521 1721 2742 1778 dilferre
2765 1759 2782 1788 ,
2818 1723 2902 1776 vel
2950 1733 3143 1777 contra
3176 1722 3380 1776 sentire
3428 1730 3596 1790 puta-

307 1811 479 1876 magis
513 1809 614 1863 hoc
642 1809 731 1862 ille
770 1809 966 1878 potuit,
997 1823 1120 1864 eum
1147 1810 1406 1864 erunibus
1441 1811 1647 1864 circum
1689 1825 1750 1865 se
1776 1811 1895 1880 epi-
1930 1792 1972 1849 Β
2004 1817 2225 1881 bantur,
2253 1817 2396 1884 quod
2451 1817 2618 1872 etiam
2649 1831 2780 1872 vere
2832 1816 2914 1872 sie
2953 1826 3097 1870 erat.
3127 1815 3334 1870 Deinde
3368 1830 3597 1871 necesse

304 1902 506 1970 scopis,
537 1901 626 1968 qui
657 1911 844 1970 pastor
875 1902 1107 1972 primus,
1153 1912 1208 1956 et
1265 1901 1526 1957 Ecclesia:
1598 1902 1767 1959 totius
1800 1919 1887 1972 pa-

305 2005 411 2060 ter,
465 1995 893 2064 univcrsalisque
940 1995 1377 2049 Christianorum
1429 1996 1673 2050 omnium
1722 1996 1893 2066 jutlex

306 2105 431 2144 esse
487 2088 918 2156 comprobatur,
978 2087 1280 2157 apostolica
1354 2087 1501 2142 hunc
1563 2090 1894 2159 antiquitate

310 2184 611 2254 principem
642 2197 958 2252 supremum
984 2181 1314 2252 appellante,
1351 2181 1702 2254 decretisque
1729 2185 1896 2254 regiis

312 2276 488 2342 ipsum
525 2273 911 2339 statuentibus,
943 2289 1008 2329 ac
1038 2276 1201 2330 rebus
1241 2275 1373 2344 ipsis
1403 2276 1475 2330 ita
1505 2291 1628 2333 esse
1654 2277 1896 2334 clamau-

313 2368 476 2431 tibus,
505 2377 559 2422 et
586 2383 692 2437 quo
725 2367 866 2433 sine,
904 2366 1240 2435 impossibile
1272 2369 1520 2438 proiecto
1553 2379 1636 2424 est
1657 2409 1672 2436 ,
1713 2370 1895 2428 eccleo

316 2463 531 2517 siastica
561 2463 777 2530 negotia
804 2461 1054 2528 tractari,
1085 2473 1251 2532 atque
1283 2462 1485 2531 dirigi,
1522 2464 1666 2520 sicut
1699 2466 1895 2522 beatus

325 2552 617 2621 Stephanus
644 2553 835 2622 junior
884 2553 998 2623 (47)
1039 2557 1305 2611 adversus
1344 2570 1440 2610 eos
1479 2555 1596 2627 qui,
1631 2557 1893 2628 quoniam

322 2645 572 2712 imagines
624 2661 812 2700 omnes
867 2647 1227 2702 destruendas
1289 2649 1644 2715 statuebant,
1693 2650 1898 2705 εἰκονο-

317 2739 480 2809 μάχοι
519 2738 764 2808 appellati
794 2750 940 2803 sunt,
992 2741 1192 2796 restitit
1227 2757 1240 2795 :
1279 2756 1403 2796 cum
1451 2737 1532 2797 illi
1595 2742 1892 2799 concilium

311 2829 771 2899 CotistantinOpoli
816 2830 1095 2895 fecissent,
1128 2847 1239 2887 non
1280 2833 1362 2888 eis
1401 2832 1572 2889 licere
1599 2835 1894 2891 concilium

311 2922 586 2976 celebrare
614 2937 866 2978 asserens
897 2923 1001 2979 nisi
1024 2923 1304 2980 Romanus
1333 2927 1652 2997 episcOpus,
1686 2929 1770 2984 vel
1799 2944 1894 2999 per

307 3029 371 3070 se
403 3017 574 3084 ipsum
609 3031 845 3086 praesens
873 3017 1216 3087 praesideret,
1247 3019 1330 3074 vel
1369 3019 1438 3076 ab
1489 3036 1556 3076 eo
1583 3023 1764 3090 missi,
1797 3023 1893 3082 alii

1997 1925 2107 1964 non
2162 1909 2284 1974 fuit,
2337 1917 2544 1964 rectam
2577 1919 2634 1963 et
2669 1923 2969 1980 congruam
3005 1909 3074 1964 de
3121 1908 3263 1964 Filio
3316 1919 3372 1963 et
3404 1913 3598 1963 sancto

1998 1999 2206 2069 Spiritu
2235 1999 2650 2072 intelligentiam
2676 2000 2962 2064 habentes,
2980 2013 3108 2054 cum
3126 1998 3406 2053 addititme
3430 1996 3595 2067 Synt-

1997 2092 2179 2148 bolum
2216 2092 2397 2162 legere
2424 2109 2441 2159 ;
2486 2107 2595 2146 non
2625 2107 2751 2147 esse
2775 2093 3068 2146 contraria:
3095 2091 3396 2162 opinionis,
3415 2103 3596 2158 neque

1996 2194 2192 2253 putare
2241 2198 2338 2240 eos
2383 2185 2517 2254 qui,
2549 2201 2675 2239 eum
2727 2184 2833 2239 ista
2890 2183 3170 2250 legerent,
3205 2183 3327 2237 ﬁdei
3361 2182 3594 2237 veritate

1995 2277 2292 2342 excidisse,
2347 2277 2569 2346 illisque
2618 2277 2804 2331 unitos
2851 2290 3017 2332 esse.-
3037 2275 3170 2330 Nam
3221 2284 3276 2331 et
3304 2283 3427 2345 post
3454 2275 3600 2329 anti-

1997 2384 2166 2438 quum
2201 2369 2466 2435 schisma,
2490 2385 2618 2425 eum
2647 2383 2838 2425 rursus
2862 2362 3146 2438 utriusque
3168 2366 3428 2423 Ecclesia:
3451 2367 3596 2420 facta

1997 2471 2143 2518 esset
2173 2463 2323 2528 unio,
2355 2459 2578 2518 Graecos
2609 2459 2788 2516 Latini
2820 2460 2958 2516 nihil
2989 2469 3325 2530 coegerunt,
3367 2458 3598 2531 Symbo-

1998 2555 2109 2609 lum
2141 2569 2264 2610 cunt
2301 2553 2581 2610 additione
2635 2552 2838 2624 legere,
2883 2552 2968 2608 vel
3031 2552 3155 2608 aliis
3195 2551 3594 2608 ecclesiasticis

1998 2647 2198 2704 ritibus
2248 2662 2402 2702 more
2450 2661 2550 2702 suo
2598 2645 2677 2699 uti
2706 2685 2724 2710 ,
2764 2644 2859 2700 sed
2895 2645 3002 2698 tria
3039 2644 3218 2698 solum
3249 2644 3317 2698 ab
3343 2641 3425 2698 eis
3469 2651 3595 2712 post

1997 2745 2202 2797 tactam
2234 2741 2534 2805 unionem,
2566 2738 2831 2810 requisita
2885 2745 3039 2794 sunt.
3073 2737 3316 2791 Primum
3349 2739 3594 2806 quidem,

1999 2844 2061 2891 ut
2109 2835 2343 2892 Romani
2387 2832 2632 2904 episcopi
2684 2830 3006 2886 memoriam
3048 2830 3102 2884 in
3138 2829 3453 2899 diptycbis,
3490 2829 3595 2884 hoc

1999 2939 2105 2995 est,
2141 2930 2197 2984 in
2228 2942 2438 2982 canone
2463 2924 2643 2980 Missa:
2693 2924 2972 2990 facerent;
3005 2925 3332 2987 secundum,
3363 2931 3424 2978 ut
3476 2923 3598 2976 uuis

2001 3020 2534 3091 versalemjudicem
2566 3017 3010 3074 Christianorum
3036 3015 3281 3069 omnium
3314 3023 3598 3083 putarent;

299 3109 454 3178 juxta
484 3111 929 3165 consuetudinem
965 3110 1144 3166 locum
1179 3111 1299 3182 ejus
1344 3113 1656 3182 implerent.
1689 3115 1894 3186 Nempe
1925 3153 1968 3209 ο
2003 3117 2054 3170 ei
2094 3115 2396 3171 secundum
2420 3112 2700 3181 antiquam
2737 3103 2991 3164 EcClesite
3017 3108 3467 3162 consuetudinem
3509 3123 3599 3161 re-

308 3201 452 3256 euim
477 3204 544 3256 ab
579 3201 824 3258 Ecclesia
857 3202 966 3267 illa,
1001 3203 1143 3258 nulla
1177 3220 1417 3276 unquatn
1449 3207 1516 3262 de
1546 3206 1652 3262 ﬁde
1676 3220 1897 3264 senten-

309 3299 384 3351 tia
421 3298 680 3364 manavit,
719 3313 880 3368 quam
919 3307 978 3352 ut
1031 3298 1409 3367 blasphemam
1439 3314 1494 3356 et
1525 3304 1743 3356 noxiam
1786 3303 1894 3358 Ec-

308 3389 475 3444 clesia
528 3405 670 3444 nunc
719 3391 899 3445 omnis
961 3389 1212 3456 damnet,
1283 3407 1379 3446 seu
1438 3394 1892 3461 anatltetnatiaet,

309 3486 525 3554 quando
544 3485 791 3554 ingentes
809 3484 1005 3538 ﬂuctus
1033 3485 1382 3555 plurimaque
1397 3484 1681 3556 naufragia
1700 3495 1891 3542 contra

311 3578 605 3633 Ecclesiam
633 3577 801 3633 fuere.
830 3575 942 3632 Nisi
963 3579 1108 3632 enim
1143 3581 1247 3633 ista
1271 3579 1659 3647 suscipiamus,
1693 3581 1886 3636 nescio

308 3673 439 3743 quid
468 3673 701 3725 validum
728 3682 781 3726 et
810 3681 992 3725 ratum
1026 3671 1334 3741 suscepturi
1384 3673 1556 3727 simus
1593 3690 1608 3727 :
1641 3671 1729 3726 vel
1759 3673 1891 3741 quid

313 3766 709 3833 apertissimum
743 3764 915 3830 licet,
972 3774 1137 3834 atque
1175 3765 1555 3834 conspicuum,
1608 3765 1898 3834 impuden-

314 3860 520 3911 tissime
553 3858 881 3926 rcpudiatut'i
913 3873 1017 3910 non
1051 3857 1245 3912 simus.
1555 3906 1563 3913 .

386 3949 443 4004 Si
480 3952 640 4019 igitur
699 3950 800 4003 ista
842 3951 907 4004 de
941 3949 1031 4002 illo
1055 3963 1181 4003 vera
1237 3959 1389 4013 sunt,
1414 3947 1534 4005 sine
1579 3964 1690 4020 quo
1717 3949 1899 4020 possi-

311 4043 420 4099 bile
451 4059 556 4097 non
585 4052 667 4097 cst
692 4042 1061 4097 ecclesiastica
1097 4041 1342 4106 decerni,
1376 4044 1445 4097 ad
1499 4058 1562 4098 ea
1595 4043 1899 4100 decernen-

315 4139 465 4200 dum,
499 4152 620 4191 cum
650 4139 840 4206 paucis
881 4145 977 4189 aut
1008 4148 1134 4188 cum
1174 4134 1424 4205 pluribus
1451 4137 1765 4202 conveniat,
1794 4139 1898 4191 mi-

315 4233 518 4286 nimum
555 4228 718 4282 rel‘ert
749 4246 762 4282 :
795 4228 1069 4296 simulque
1100 4230 1155 4282 in
1189 4243 1248 4283 re
1295 4241 1510 4296 aperta,
1565 4239 1620 4283 et
1672 4245 1796 4295 qua:
1829 4230 1897 4284 ab

313 4325 563 4379 omnibus
611 4322 864 4377 Ecclesiae
915 4323 1195 4392 magistris
1267 4323 1398 4376 trita
1451 4329 1572 4386 est,
1605 4322 1673 4377 de
1717 4325 1899 4378 sancti

314 4419 520 4474 scilicet
557 4416 793 4484 Spiritus
822 4416 1193 4485 processione,
1219 4430 1358 4486 opus
1387 4430 1493 4469 non
1516 4413 1692 4470 fuisse
1723 4418 1897 4470 citare

2007 3210 2307 3264 vereutiam
2362 3207 2700 3269 reddenles;
2761 3204 3006 3267 tertium,
3059 3211 3118 3255 ut
3155 3199 3456 3256 Romanam
3495 3199 3600 3254 Ec-

2006 3303 2232 3358 clesiam
2274 3300 2326 3353 in
2382 3296 2777 3352 ecclesiasticis
2823 3295 3175 3364 dogmatibus
3201 3301 3430 3346 matrem
3464 3290 3602 3346 tide-

2003 3395 2138 3450 lium
2168 3404 2334 3464 atque
2365 3390 2687 3461 magistram
2739 3404 2872 3444 sana
2912 3402 3133 3457 semper
3159 3385 3265 3440 [ide
3311 3398 3455 3447 esse,
3485 3397 3603 3438 cre-

2003 3485 2220 3540 derent.
2271 3483 2483 3538 Caetera
2530 3481 2667 3536 locis
2703 3479 2821 3534 suis
2873 3492 3095 3532 manere
3149 3474 3411 3544 permissa
3444 3483 3596 3528 sunt.

2005 3579 2111 3635 Sed
2141 3591 2286 3632 nunc
2307 3588 2523 3645 quoque
2556 3575 2610 3628 in
2644 3571 2924 3636 Sicilia,et
2953 3585 3016 3626 ea
3043 3584 3167 3640 qua:
3193 3582 3384 3637 magna
3410 3575 3466 3621 et
3497 3582 3645 3623 att--

2005 3674 2158 3744 tiqua
2189 3670 2399 3728 Graicia
2434 3668 2636 3722 dudum
2661 3665 2982 3728 vocabatur,
3011 3677 3134 3717 cum
3165 3661 3341 3716 Grzeci
3379 3659 3600 3728 plurimi

2004 3765 2336 3830 iubahiteut,
2369 3760 2772 3829 Orientalisque
2796 3755 3052 3812 Ecclesiae
3102 3755 3349 3808 moribus
3383 3763 3439 3808 et
3481 3753 3602 3807 riti-

2007 3863 2110 3915 bus
2147 3869 2367 3914 utantur
2395 3854 2557 3925 ;quia
2591 3854 2768 3908 solum
2806 3850 3065 3907 ltomanm
3103 3846 3363 3902 Ecclesite
3396 3844 3600 3900 subditi

2005 3966 2158 4017 sunt,
2179 3968 2282 4006 non
2305 3959 2574 4020 coguntur
2597 3943 2912 4017 Symbolum
2935 3958 3059 3997 cutn
3093 3941 3370 3995 additione
3395 3942 3597 4008 legere;

2005 4046 2102 4101 sed
2141 4045 2281 4108 sola,
2331 4053 2386 4096 ut
2437 4041 2642 4096 dictum
2677 4049 2761 4094 est
2787 4077 2803 4103 ,
2839 4035 3156 4093 obedientia
3188 4032 3445 4088 Ecclesiae
3494 4031 3602 4085 im-

2007 4157 2196 4212 pensa,
2239 4154 2360 4192 cum
2409 4152 2515 4190 non
2562 4136 2675 4190 sint
2699 4131 2996 4188 contrariae
3017 4129 3315 4202 opinionis,
3352 4126 3490 4182 nihil
3530 4125 3600 4179 ab

2008 4235 2088 4288 eis
2121 4231 2353 4299 amplius
2384 4230 2640 4296 exigitur,
2676 4244 2780 4280 una
2811 4227 2911 4280 hac
2947 4239 3006 4279 re
3039 4235 3238 4280 caetera
3271 4227 3436 4280 etiam
3464 4240 3602 4280 con-

2011 4329 2170 4383 tineri
2209 4323 2605 4379 arbitrantibus
2634 4321 2881 4377 thlilliS‘:
2914 4319 3137 4390 quippe,
3171 4334 3280 4373 non
3313 4319 3366 4372 in
3397 4320 3604 4385 verbis,

2007 4421 2103 4476 sed
2130 4421 2182 4472 in
2222 4418 2475 4474 sensibus
2510 4416 2702 4485 religio
2740 4424 2928 4470 nostra
2968 4411 3262 4477 consistit,
3297 4413 3598 4467 scenttdunt

315 4513 524 4576 urbem,
585 4511 748 4565 veluti
805 4525 867 4563 ea
903 4511 1131 4573 quaestio
1160 4509 1316 4563 valde
1345 4517 1494 4563 esset
1514 4511 1790 4578 ambigua,
1819 4521 1902 4562 at-
1935 4507 1978 4563 D
2010 4513 2322 4579 theologum
2358 4511 2705 4579 Gregorium.

317 4621 420 4674 que
451 4605 592 4670 ideo,
622 4604 880 4659 omnibus
907 4603 1388 4661 communicanda.
1421 4604 1524 4670 Qui
1549 4606 1696 4658 enim
1730 4603 1902 4658 semel

313 4700 684 4770 percepisseut
739 4696 888 4752 Patri
939 4696 1138 4751 Filium
1189 4710 1312 4751 esse
1341 4694 1896 4760 consubstantialem,

313 4791 540 4862 ejusque
575 4789 1074 4846 incommutabilem
1104 4789 1398 4858 imaginem
1429 4803 1586 4856 esse,
1618 4796 1673 4844 et
1724 4788 1902 4846 Patris

315 4886 518 4941 habere
542 4885 747 4949 omnia,
779 4891 975 4954 praeter
1002 4882 1178 4938 solum
1208 4881 1430 4938 Patrem
1471 4897 1630 4947 esse,
1662 4893 1718 4938 et
1756 4897 1902 4938 nunc

316 4981 535 5050 quidem
558 4979 810 5033 audirent
859 4976 1125 5046 Spiritum
1161 4975 1412 5031 veritatis
1441 4985 1498 5030 et
1527 4973 1650 5030 Filii
1684 4991 1809 5032 esse
1850 4986 1904 5031 et

315 5075 386 5129 ab
417 5073 534 5141 ipso
564 5071 832 5140 accipere,
865 5083 1014 5124 nunc
1037 5078 1221 5123 autem
1252 5083 1352 5138 per
1381 5065 1580 5122 Filium
1611 5067 1907 5136 procedere

317 5175 375 5221 et
409 5179 478 5220 ex
524 5162 663 5218 Filio
694 5177 852 5228 esse,
882 5161 1042 5216 sicuti
1082 5161 1246 5216 etiam
1275 5175 1342 5216 ex
1388 5159 1576 5226 Patre,
1600 5171 1656 5216 et
1684 5161 1752 5216 ab
1785 5161 1905 5230 ipso

323 5258 526 5313 habere
555 5270 695 5319 esse,
728 5266 784 5309 et
817 5269 938 5324 qua:
974 5253 1102 5308 taiia
1154 5253 1415 5315 prtedicta
1457 5262 1582 5310 sunt
1610 5269 1627 5312 ;
1658 5267 1726 5308 ex
1766 5253 1907 5309 Filio

321 5351 488 5404 etiam
515 5347 830 5419 procedere,
846 5349 1100 5404 dubitare
1117 5364 1223 5402 non
1247 5357 1494 5418 possent,
1519 5347 1757 5402 maxime
1781 5364 1905 5404 eum

320 5446 547 5506 scirent;
575 5444 738 5513 quod,
777 5443 868 5511 qui
901 5441 1214 5512 hujusmodi
1249 5441 1519 5512 principia
1572 5446 1905 5511 concedunt,

322 5539 379 5594 id
405 5553 623 5608 quoque
658 5536 804 5607 quod
829 5552 894 5592 ea
913 5535 1183 5604 sequitur,
1219 5534 1535 5590 necessario
1567 5533 1861 5590 admittunt
1890 5551 1906 5601 ;

2082 4608 2180 4664 llis
2207 4607 2254 4661 si
2285 4605 2410 4674 quis
2443 4603 2688 4670 oh,iciat,
2718 4601 3032 4671 oportuisse
3071 4600 3292 4656 Gnaeos
3311 4600 3480 4654 etiam
3511 4614 3606 4653 vo-

2010 4699 2150 4764 eari,
2177 4707 2232 4750 et
2259 4697 2472 4766 synodo
2499 4696 2567 4749 de
2598 4694 2871 4748 sententia
2887 4693 3134 4747 omnium
3154 4695 3564 4748 communicare
3589 4710 3604 4749 :

2011 4793 2250 4863 primum
2278 4788 2520 4860 quidem,
2545 4802 2669 4842 cum
2694 4796 2816 4840 nota
2832 4786 3056 4842 omnino
3084 4802 3174 4841 res
3191 4799 3358 4851 esset,
3382 4802 3608 4843 necesse

2013 4901 2120 4940 non
2151 4883 2255 4938 fuit
2291 4881 2546 4936 omnibus
2583 4880 2728 4936 hanc
2767 4877 3131 4934 conveniendi
3180 4879 3488 4935 moleStiam
3526 4885 3610 4933 in-

1981 4977 2220 5039 dicere,
2256 4989 2433 5044 neque
2484 4988 2710 5028 necesse
2745 4982 2828 5028 est
2875 4987 3067 5028 omnes
3109 4973 3365 5028 omnibus
3414 4975 3608 5029 adesse

2012 5071 2291 5137 conciliis,
2317 5072 2410 5127 sed
2434 5069 2670 5140 primum
2704 5067 2925 5136 quidem
2956 5067 3204 5131 Patrem,
3241 5067 3609 5136 Ecclesiaeque

2015 5179 2313 5235 pastorem.
2339 5163 2448 5218 Ista
2484 5163 2628 5217 enim
2659 5162 2704 5216 si
2732 5177 2760 5215 a
2797 5160 3068 5231 principio
3086 5177 3184 5231 per
3203 5161 3612 5220 ecclesiasticas

2013 5261 2166 5329 leges
2195 5269 2446 5330 separata
2481 5267 2631 5324 sunt,
2660 5264 2715 5310 et
2750 5255 2907 5311 valde
2952 5257 3216 5312 convenit
3261 5268 3323 5310 ut
3373 5258 3455 5312 vel
3513 5272 3610 5327 per

2015 5357 2280 5426 seipsum,
2315 5352 2404 5409 vel
2470 5368 2568 5422 per
2616 5351 2839 5406 nuntios
2889 5351 3127 5408 concilio
3185 5349 3323 5406 adsit
3373 5365 3438 5404 ac
3469 5364 3612 5417 prte-

2018 5446 2108 5500 sit.
2136 5442 2273 5496 Nam
2304 5445 2349 5497 si
2381 5441 2472 5496 ille
2503 5457 2608 5496 non
2637 5441 2881 5511 adjuvat,
2911 5441 3097 5496 inania
3128 5451 3183 5496 et
3208 5443 3461 5496 hesterna
3482 5445 3611 5493 sunt

2019 5537 2201 5594 omnia
2239 5537 2404 5591 :sine
2434 5535 2540 5590 hoc
2569 5535 2714 5590 enim
2767 5536 3144 5592 ecclesiastica
3197 5533 3454 5597 tractari,
3492 5542 3609 5587 sta-

326 5642 497 5702 utque
552 5628 844 5685 Orientalis
901 5625 1162 5684 Ecclesiae
1225 5625 1518 5696 magistri,
1577 5625 1910 5684 Athanasius
2019 5633 2211 5702 tuique
2234 5647 2340 5685 non
2377 5640 3014 5702 possunt;constatuue.
3038 5624 3156 5687 sive
3187 5643 3310 5685 cum
3338 5626 3609 5698 pluribus,

393 5772 506 5839 (ιϐ)
539 5769 677 5838 Lege
699 5768 1084 5839 Bellarminum
1118 5783 1155 5821 ll
1181 5766 1257 5822 De
1293 5767 1530 5831 Christo,
1559 5781 1608 5823 c.
1634 5767 1725 5824 2!.

399 5831 510 5914 μη
539 5831 726 5898 Ειὲιίιῑ
770 5838 886 5896 Vita
917 5839 1077 5911 hujus
1121 5839 1184 5894 Β.
1233 5839 1500 5910 Stephani
1551 5840 1694 5896 inter
1729 5856 1896 5913 opera
1938 5840 2265 5899 Damasccni
2286 5839 2432 5896 edita
2467 5854 2497 5895 a
2529 5838 2712 5894 Billio.
