4052 6438
515 327 622 391 199

1783 325 2186 387 MANUELIS
2225 323 2533 386 CALECE

3678 319 3774 386 200

513 445 630 499 sive
683 455 807 495 cum
858 438 1093 510 paucis,
1141 438 1285 509 quod
1340 436 1406 493 ad
1447 450 1509 494 se
1566 436 1826 507 pertinet,
1880 436 2106 509 implere
2135 434 2575 496 Aobedieutiam
2602 432 2916 488 redderent.
2966 427 3179 486 Idcirco
3202 430 3397 501 saepius
3423 429 3490 485 ad
3542 428 3776 488 Ecclesiae

514 546 712 603 potest.

588 628 735 681 Alios
770 641 902 680 vero
938 641 1042 679 non
1093 638 1233 693 opus
1261 632 1346 678 cst
1389 622 1570 677 vocari
1600 639 1813 689 omnes,
1864 622 2103 676 maxime

517 721 611 789 qui
661 729 788 774 sunt
842 719 1183 781 remotiores,
1214 730 1462 785 quosque
1509 714 1591 767 vel
1646 715 1746 769 via:
1800 715 2101 786 longitudo,

520 811 603 863 vel
633 811 726 864 alii
754 818 981 863 eventus
1032 822 1236 883 rerum.
1277 806 1467 874 quales
1511 818 1885 872 saepenumero
1925 819 2105 860 emer-

517 913 671 974 gunt,
719 899 1085 971 itnpetliet‘inl.
1132 900 1309 968 Atque
1367 897 1493 963 ista,
1551 912 1676 952 cum
1733 911 1931 967 magna
1996 912 2103 951 non

516 1002 678 1063 urgrt
727 993 1052 1057 necessitas,
1108 1006 1232 1045 cum
1278 989 1509 1059 quaestio
1538 990 1828 1059 perspicua
1878 998 1986 1054 est,
2038 1003 2107 1047 ne

514 1086 702 1140 orbem
745 1083 933 1139 vocari
983 1096 1120 1152 opus
1167 1083 1277 1136 sit:
1313 1082 1535 1151 quando
1588 1082 1700 1151 ipse
1721 1095 1907 1136 secum
1954 1081 2108 1135 facil-

516 1180 643 1233 lime
684 1192 935 1247 magnam
984 1184 1205 1246 partem
1239 1189 1473 1229 evocare
1522 1175 1715 1244 possit,
1748 1182 1805 1227 et
1852 1188 1977 1228 cum
2028 1173 2108 1227 eis

514 1279 782 1329 statuere.
831 1277 993 1338 atque
1042 1268 1358 1320 decemere.
1401 1265 1765 1329 Deinde,'non
1821 1266 2100 1329 convenit,

492 1372 745 1416 svocatus
793 1359 1088 1430 quispiam,
1146 1373 1213 1412 an
1258 1357 1549 1412 invocatus
1573 1357 1765 1421 fuerit,
1798 1357 2107 1425 inspicere;

515 1459 637 1518 sed,
672 1468 739 1506 an
772 1466 899 1506 vera
922 1451 1052 1514 sint,
1085 1464 1205 1520 quae
1231 1458 1435 1507 statuta
1485 1449 1709 1514 fuerint,
1738 1450 2107 1521 perpendere:

518 1559 588 1599 ne
623 1545 870 1599 videatur
898 1543 1167 1611 quispiam
1219 1556 1329 1596 non
1364 1542 1610 1597 veritatis
1657 1555 1844 1596 curam
1885 1541 2110 1608 habere,

414 1692 435 1704 ,
500 1638 614 1692 sed
648 1637 844 1701 sohim,
872 1635 966 1705 qui
997 1644 1224 1699 vocatus
1276 1650 1382 1689 non
1438 1634 1621 1697 fuerit,
1659 1632 1877 1703 indigne
1916 1634 2062 1703 ferre
2095 1657 2111 1690 ;

518 1731 663 1799 quod
697 1730 785 1783 isti
820 1729 981 1783 modo
1006 1727 1233 1789 faciunt.
1264 1711 1389 1782 dum
1424 1728 1656 1781 honores
1708 1739 1773 1779 ac
1814 1726 2111 1796 primatum

2208 530 2462 583 unionem
2515 526 2715 590 vocati,
2746 522 3110 593 adiectionem
3159 523 3310 593 prius
3359 522 3560 578 auferri
3611 534 3778 593 postu-

2205 619 2441 673 labant:
2490 619 2689 690 quibus
2739 629 3061 685 responsum
3112 621 3231 682 est,
3263 614 3407 684 quod
3467 616 3515 670 si
3575 616 3777 685 quidem

2214 710 2360 764 nulla
2396 709 2590 765 fuisset
2629 708 2950 774 adiectionis
3001 723 3194 773 causa,
3232 723 3337 761 non
3367 707 3559 762 fuisset
3586 724 3614 761 a
3644 709 3783 777 prin-

2207 804 2348 873 cipio
2375 803 2642 874 apposita.
2674 802 2808 856 Erat
2829 802 2997 866 enim,
3031 802 3248 870 quando
3300 809 3530 870 utraque
3558 800 3787 856 Ecclesia

2209 896 2328 950 sine
2381 894 2473 949 illa
2527 894 2835 963 adiectione
2886 892 3207 963 Symbolum
3263 891 3499 960 legebat,
3541 898 3696 960 atque
3724 907 3784 946 cx

2208 986 2352 1042 Filio
2381 987 2678 1058 procedere
2733 985 2993 1054 Spiritum
3045 994 3312 1045 sanctum.
3344 984 3486 1052 apud
3524 1000 3704 1038 omnes
3735 986 3782 1039 in
3826 968 3837 975 κ

2213 1077 2451 1133 Ecclesia
2478 1076 2830 1140 reticebatur,
2850 1091 2973 1131 cum
2999 1076 3142 1130 nulla
3165 1078 3231 1131 de
3261 1076 3362 1131 hoc
3376 1084 3525 1131 esset
3548 1075 3784 1144 quaestio.

2283 1170 2478 1225 Postea
2530 1170 2851 1238 veroquam
2904 1168 3230 1237 quibusdam
3278 1166 3785 1232 contradicentibus,

2213 1263 2402 1332 positis
2422 1262 2547 1317 ﬁdei
2569 1262 2837 1328 terminis,
2862 1260 3171 1330 Filinmque
3191 1261 3453 1314 minorem
3480 1258 3632 1314 Patre
3654 1259 3787 1314 blas-

2214 1354 2629 1422 phemantibus,
2660 1356 2786 1424 quia
2828 1355 3091 1423 scriptum
3123 1355 3177 1409 in
3206 1354 3467 1423 Symbolo
3509 1369 3612 1407 non
3658 1362 3789 1407 esset

2216 1448 2477 1517 Spiritum
2535 1459 2783 1504 sanctum
2842 1448 3008 1501 etiam
3042 1460 3110 1504 ex
3172 1444 3310 1501 Filio
3365 1447 3689 1516 procedere;
3732 1459 3788 1500 ac

2216 1548 2498 1609 propterea
2539 1538 2668 1594 Filii
2723 1539 2787 1593 ad
2838 1537 3054 1594 Patrem
3108 1537 3788 1603 identitatem,iucommu-

2218 1633 2647 1703 tabilitatemque
2697 1632 3096 1697 auferentibus,
3131 1632 3299 1688 dictio
3348 1632 3439 1686 illi
3490 1645 3586 1698 pro
3628 1629 3791 1684 di-ila-

2220 1726 2430 1778 ratione
2468 1725 2702 1795 symboli
2735 1725 2946 1794 adiecta
2972 1732 3057 1787 est
3086 1741 3102 1779 :
3135 1724 3527 1780 communibus
3556 1722 3797 1777 Ecclesiae

498 1830 817 1884 sectantur,
848 1830 905 1873 ut
935 1822 1035 1874 sub
1064 1820 1292 1873 Romani
1327 1820 1559 1888 pastoris
1602 1832 1730 1873 eura
1766 1826 1822 1873 et
1852 1819 2112 1874 obedien-
2146 1815 2187 1877 Β
2219 1815 2496 1883 magistris
2566 1815 3011 1879 concinentibus,
3067 1830 3231 1886 quam
3285 1815 3439 1870 nefas
3497 1825 3640 1868 esset
3706 1829 3792 1866 att-

524 1915 616 1974 tia,
655 1915 810 1980 iuxta
853 1913 1135 1982 antiquum
1170 1923 1378 1964 morem
1413 1925 1519 1963 non
1568 1909 1699 1974 sint,
1746 1909 2104 1977 adiectionem

521 2004 785 2075 Symboli,
818 2017 881 2060 ut
909 2018 1130 2060 causam
1163 2003 1540 2057 rationabilem
1567 2004 1981 2071 praetendentes.

590 2097 706 2151 Hoc
738 2107 1065 2152 autemnon
1117 2095 1395 2166 religionis
1467 2109 1531 2149 ac
1591 2094 1738 2158 ﬁdei,
1770 2095 1866 2148 sed
1918 2108 2114 2163 snper-

2224 1904 2389 1971 ferre,
2447 1922 2517 1963 ne
2564 1909 2795 1963 adversa
2850 1908 3347 1963 contradicentium
3403 1906 3586 1975 Opinio
3637 1907 3791 1958 locum

2224 1998 2533 2064 babeat,ac
2588 2013 2685 2069 per
2738 1999 3047 2068 huiusmodi
3102 1999 3458 2053 abolitionem
3515 2011 3637 2051 vera
3684 2010 3794 2048 esse

2212 2092 2480 2147 videatur.

2288 2186 2569 2256 Siquidem
2627 2188 2794 2258 igitur
2840 2183 3164 2241 consentitis
3219 2184 3483 2251 vetitau,
3560 2196 3653 2252 pro
3703 2180 3792 2236 hac

2216 2279 2504 2335 nobiseum
2552 2288 2786 2343 stantes,
2834 2289 2930 2333 aut
2983 2290 3080 2332 vos
3125 2276 3293 2332 etiam
3341 2291 3465 2331 cum
3514 2273 3792 2344 adiectione

2216 2371 2402 2441 legite,
2431 2386 2552 2441 quae
2580 2371 2916 2440 blasphemis
2969 2383 3063 2423 ora
3101 2369 3380 2435 obstruit;
3406 2368 3514 2433 vel,
3542 2368 3656 2422 sine
3705 2365 3791 2419 hac

2218 2460 2462 2533 legentes
2494 2461 2664 2521 nolite
2691 2460 2965 2530 opinionis
2999 2473 3124 2515 esse
3154 2459 3477 2524 contrariae,
3513 2469 3683 2526 neque
3705 2466 3790 2509 nos

2216 2562 2410 2623 putare
2440 2553 2803 2623 blasphemos.
2823 2554 2887 2608 Et
2902 2553 2981 2608 sic
2998 2555 3143 2608 enim
3166 2540 3295 2608 eum
3317 2552 3551 2608 veritate
3571 2546 3786 2605 stabilis.

2217 2642 2335 2698 Non
2379 2645 2526 2698 enim
2553 2645 2607 2697 in
2662 2645 2865 2707 verbis,
2901 2646 2996 2698 sed
3042 2643 3096 2697 in
3139 2643 3419 2709 sensibus,
3449 2642 3633 2711 religio
3679 2652 3790 2690 nos-

2217 2748 2297 2788 tra
2331 2732 2602 2789 consistit.
2636 2733 2726 2798 Et,
2752 2737 2799 2791 si
2831 2735 3019 2799 vultis,
3050 2736 3157 2790 hoc
3192 2743 3405 2789 tantum
3459 2732 3606 2788 vobis
3633 2728 3791 2785 indul-

2218 2841 2429 2897 gemus,
2480 2835 2540 2881 ut
2593 2828 2875 2882 nobiscum
2933 2827 3353 2895 convenientes,
3387 2841 3503 2881 rem
3559 2826 3689 2878 hanc
3743 2821 3789 2874 in

2218 2933 2510 2975 commune
2559 2919 2825 2989 agitemus
2852 2933 3330 2987 ;communesque
3368 2932 3528 2987 super
3575 2916 3670 2969 hac
3699 2912 3786 2966 Pa-

2220 3022 2364 3065 trum
2398 3012 2706 3066 seutentias
2735 3012 3115 3077 discutiamus,
3168 3012 3375 3080 quibus
3413 3014 3524 3066 hate
3572 3005 3782 3076 ailieCtio

2220 3119 2344 3158 vera
2403 3119 2524 3159 esse
2564 3105 2973 3173 comprobetur.
3004 3102 3160 3169 Quod
3210 3104 3255 3157 si
3322 3104 3497 3159 aliena
3560 3101 3789 3172 opinimie

2219 3198 2372 3261 estis,
2395 3198 2842 3266 additiouemque
2868 3196 3029 3250 istam
3051 3195 3270 3264 penitus
3298 3197 3527 3253 rennitis
3560 3210 3573 3248 :
3600 3198 3789 3247 constat

2219 3291 2463 3357 quidem,
2495 3303 2594 3343 vos
2624 3289 2772 3344 circa
2807 3288 2931 3343 ﬁdei
2964 3288 3253 3344 veritatem
3312 3303 3438 3344 cum
3487 3279 3788 3341 adversiiriis

2217 3396 2441 3448 errare;
2493 3379 2747 3449 hancque
2799 3380 3157 3444 additiouem,
3210 3381 3395 3444 vobis,
3445 3389 3501 3432 et
3552 3376 3652 3429 illis
3697 3384 3787 3424 una

519 2189 621 2243 bis:
660 2189 843 2257 potius
870 2197 1119 2257 apertum
1161 2189 1566 2253 ,docuinentum
1604 2195 1707 2242 est.
1739 2183 1907 2252 Nam,
1942 2186 1987 2240 si
2017 2186 2117 2242 ad-

519 2283 780 2337 ditionem
800 2282 1020 2350 impiam
1040 2281 1381 2344 existimant,
1412 2293 1511 2334 cur
1529 2278 1705 2335 sancti
1729 2276 1951 2332 Maximi
1981 2287 2115 2332 tein-

517 2373 762 2440 porihus,
793 2384 957 2442 atque
990 2373 1155 2428 etiam
1196 2383 1325 2426 ante
1350 2373 1519 2433 hunc,
1550 2370 1771 2439 quando
1790 2368 2110 2441 Symbolum

519 2466 590 2517 ita
617 2465 797 2518 oniiiis
818 2463 1185 2519 Occidentaiis
1210 2462 1452 2517 Ecclesia
1486 2460 1719 2531 legebat,
1747 2461 1942 2518 Oriens
1968 2469 2115 2517 totus

520 2554 662 2605 hanc
696 2553 1034 2621 impietatem
1078 2567 1184 2606 non
1223 2552 1503 2620 redarguit
1548 2564 1728 2620 neque
1774 2550 1846 2604 ab
1871 2550 2111 2605 Ecclesia

521 2641 761 2694 ltoiuana
785 2642 1065 2696 abscissus
1089 2639 1219 2695 est?
1251 2645 1318 2693 At
1349 2640 1403 2694 id
1449 2642 1673 2710 quidem
1724 2639 1800 2693 illi
1833 2655 1942 2693 non
1972 2640 2118 2696 fece-

520 2742 684 2795 runt;
716 2731 825 2785 imo
858 2736 1049 2785 coacta
1083 2741 1256 2793 sexta,
1287 2741 1344 2785 et
1371 2729 1601 2800 septima
1657 2731 1892 2800 synodo,
1923 2731 2109 2801 adiec-

521 2822 726 2876 tionem
784 2824 923 2876 hane
964 2831 1023 2875 ut
1086 2824 1231 2890 piam
1303 2821 1510 2889 liquido
1578 2821 2114 2889 comprobaverunt:

521 2930 721 2986 neque,
758 2917 884 2985 quia
942 2917 1125 2970 vocati
1178 2929 1289 2971 non
1328 2927 1499 2982 sunt,
1552 2916 1796 2986 graviter
1847 2910 2112 2983 tulerunt,

519 3022 582 3064 nt
614 3012 773 3065 modo
811 3012 897 3065 isti
930 3010 1157 3065 faciunt.

589 3104 701 3157 Cur
763 3103 907 3157 enim
939 3113 1005 3173 et_
1054 3102 1166 3167 isti,
1220 3110 1282 3156 ut
1341 3101 1442 3165 illi,
1482 3102 1565 3157 liis
1589 3117 1709 3171 qua
1740 3112 1869 3158 tunc
1896 3105 2112 3159 decreta

522 3194 764 3258 fuerunt,
800 3194 1046 3248 contenti
1085 3209 1191 3247 non
1227 3203 1356 3247 sunt
1378 3193 1689 3248 iAutenim
1725 3195 1858 3249 istas
1878 3197 2116 3265 synodos

519 3285 795 3337 exsecrari
837 3296 1061 3338 necesse
1097 3297 1201 3344 est,
1228 3265 1286 3336 ut
1308 3283 1376 3336 ab
1405 3282 1712 3337 hominibus
1762 3283 1943 3353 impiis
1980 3301 2116 3339 cun-

520 3375 713 3440 ﬁatas;
742 3385 905 3445 atque
930 3375 1003 3428 ita
1028 3390 1125 3430 eos
1170 3381 1263 3443 qui
1303 3377 1357 3429 in
1406 3376 1511 3429 illis
1531 3376 1702 3437 fuere,
1738 3387 1975 3441 sanctos,
2011 3393 2115 3431 una

524 3469 801 3537 reiicimus
835 3486 849 3522 :
885 3469 971 3523 vel
998 3469 1128 3522 istas
1158 3471 1413 3538 probare,
1432 3478 1490 3522 et
1516 3470 1611 3536 qui
1643 3468 1764 3522 illas
1791 3479 2113 3538 coegerunt,

523 3570 585 3615 ut
627 3563 746 3630 pios
803 3576 867 3614 ac
926 3562 1212 3630 religiosos
1271 3574 1377 3614 una
1430 3563 1732 3627 suscipi-re.
1768 3560 1885 3615 lloe
1932 3575 2114 3615 autem

498 3666 744 3709 nostros
775 3664 904 3710 tunc
956 3654 1402 3708 Occidentalibus
1451 3658 1771 3723 congruisse
1818 3656 2113 3721 signiﬁcat.

522 3748 810 3815 Quocirca,
866 3762 1096 3802 necesse
1141 3763 1247 3799 non
1297 3747 1420 3812 fuit,
1467 3756 1525 3813 ut
1578 3749 1779 3800 dictum
1848 3759 1954 3810 cst,
1981 3746 2114 3802 istos

517 3846 834 3912 congregari
864 3859 880 3908 ;
910 3857 1029 3895 cum
1085 3843 1172 3895 vel
1199 3855 1263 3893 ex
1327 3840 1448 3895 Iidei
1509 3841 1813 3910 principiis,
1848 3859 1912 3894 ac
1949 3858 2114 3895 sanc-

521 3943 698 3985 torum
764 3933 1076 3993 sententiis,
1134 3930 1470 3985 additionem
1537 3933 1899 3987 rectissimam
1969 3949 2109 3994 esse,

522 4038 846 4093 persuasum
883 4025 963 4077 eis
1015 4024 1229 4088 luisset,
1255 4026 1338 4079 vel
1372 4029 1442 4079 ab
1482 4025 1567 4078 his
1618 4028 1711 4094 qui
1762 4027 2111 4091 addiderunt,

523 4132 747 4169 causam
806 4131 872 4169 ac
932 4120 1355 4180 necessitatem,
1412 4119 1963 4187 consonantiamquc,
2018 4135 2113 4188 per

521 4210 704 4263 oninia
753 4210 1054 4263 audissent.

594 4304 672 4357 Ac
721 4304 916 4367 nostri,
951 4312 1008 4357 ut
1039 4307 1200 4355 datur
1227 4302 1477 4370 intelligi,
1540 4303 1912 4373 religiosiores
1968 4309 2113 4360 circa

523 4396 706 4458 ﬁdem,
754 4411 917 4464 quam
965 4396 1063 4461 illi,
1108 4398 1266 4448 modo
1320 4396 1625 4464 inquirunt,
1657 4398 1803 4466 quod
1844 4408 1973 4452 tunc
2034 4399 2113 4452 illi

2220 3475 2421 3529 bellum
2485 3476 2751 3539 indicere,
2811 3475 3009 3545 quippe
3079 3483 3307 3544 propter
3372 3469 3787 3528 contradicentes

2218 3571 2426 3640 adiecta
2461 3578 2566 3623 est.

2291 3665 2513 3730 Verum,
2554 3668 2698 3721 sicut
2747 3666 2831 3720 his
2875 3666 2967 3733 qui
3029 3665 3301 3735 negabant
3348 3662 3547 3720 Nicaeni
3597 3650 3786 3713 macilii

2219 3761 2560 3831 Syinlmium,
2594 3761 2710 3815 sive
2755 3760 2806 3814 id
2866 3760 3009 3829 quod
3044 3760 3392 3827 postmodum
3431 3750 3787 3812 Constantino-

2217 3852 2323 3921 poli
2348 3851 2551 3903 editum
2579 3862 2683 3914 est,
2721 3850 2880 3903 ambo
2900 3849 3044 3903 enim
3082 3834 3247 3902 unum
3280 3848 3458 3911 fuere,
3491 3843 3592 3898 etsi
3625 3835 3786 3892 verbis

2216 3943 2437 3998 diiierre
2492 3943 2807 4004 videantur,
2869 3942 3002 3995 nihil
3058 3941 3266 4011 proluit
3321 3949 3390 3997 ad
3443 3934 3783 4007 apostolorum

2219 4035 2541 4106 Symbolum
2597 4048 2904 4097 recurrere,
2966 4034 3122 4104 quasi
3156 4033 3328 4089 tutius
3369 4043 3535 4101 atque
3586 4022 3784 4091 religio-

2217 4130 2375 4194 sius;
2428 4130 2574 4198 quod
2628 4129 2773 4182 enim
2829 4112 2952 4181 cum
3013 4126 3323 4197 adiectione
3378 4126 3550 4178 fuerat
3600 4118 3784 4172 editum

2218 4230 2511 4288 negantes,
2547 4229 2602 4273 et
2653 4219 2784 4271 illud
2844 4232 2949 4271 una
3009 4219 3331 4286 negabant;
3382 4229 3542 4273 nam.
3580 4218 3632 4262 ct
3679 4214 3788 4274 qua!

2218 4313 2565 4381 postmodum
2621 4312 2880 4366 videntur
2933 4309 3161 4379 adiecta,
3201 4312 3255 4364 in
3306 4317 3612 4365 sanctorum
3641 4307 3783 4381 προβῇ

2222 4380 2453 4458 tulorum
2489 4404 2752 4475 Symbolo
2805 4403 3085 4470 complexa
3142 4402 3509 4457 continentur.
3547 4393 3619 4447 ita
3670 4380 3785 4441 nihil

523 4505 632 4542 non
688 4490 1039 4558 quaesierunt.
1082 4488 1310 4543 Constat
1352 4489 1496 4543 enim
1540 4489 1661 4544 illos
1712 4503 1859 4554 tunc,
1894 4505 1950 4543 ut
1976 4491 2115 4544 vcri-
2146 4519 2188 4574 ι)
2222 4498 2371 4550 vobis
2432 4495 2673 4562 proderit
2716 4494 2996 4549 Nicaeuum
3046 4492 3388 4563 Symbolum,
3419 4488 3518 4543 etsi
3569 4496 3661 4537 vos
3698 4479 3786 4529 hoc

520 4584 645 4636 tatis
680 4583 944 4643 fautores,
985 4581 1350 4651 legitimarque
1405 4580 1758 4650 subiectionis
1804 4592 2113 4639 servatores

496 4679 776 4739 cessisse,
807 4676 1058 4745 nihilque
1109 4675 1404 4743 inquisisse
1456 4676 1711 4743 amplius.
1768 4675 1878 4729 Nos
1914 4686 2109 4730 autem

520 4777 707 4823 nostra
749 4779 1056 4835 qttaarcntcs
1108 4770 1214 4823 sub
1247 4780 1515 4837 prmtcxtu
1581 4772 1898 4838 dogmatum
1926 4770 2112 4826 Eccle-

520 4861 618 4915 sia:
646 4861 943 4914 scissuram
975 4852 1378 4924 machinatitur,
1404 4861 1756 4928 adiectionem
1777 4865 1827 4916 in
1851 4865 2110 4918 auxilium

520 4963 819 5007 sumentes.
851 4954 1015 5023 Atqui
1044 4954 1219 5009 nostri
1271 4955 1512 5022 quidem,
1563 4959 1802 5024 quandiu
1856 4972 2114 5013 necessa-

520 5044 663 5096 rium
723 5043 966 5095 debitum
1024 5053 1307 5097 servantes
1379 5045 1739 5113 obediebant,
1792 5048 1928 5101 nihil
1977 5062 2112 5117 opus

521 5148 644 5189 esse
659 5133 860 5188 arbitra
871 5135 1066 5188 bantur
1083 5150 1330 5197 seorsum
1351 5136 1580 5191 concilia
1606 5137 1823 5205 facere;
1853 5140 2111 5208 adiectio-

523 5244 647 5283 nem
706 5228 904 5296 qnippc
956 5238 1015 5282 ut
1071 5245 1280 5290 summe
1348 5231 1532 5283 utilem
1609 5246 1674 5285 ac
1740 5234 2108 5288 necessnriam

498 5324 786 5377 ~sciebant.
856 5322 1045 5375 l’nslea
1085 5337 1213 5375 vero
1260 5338 1422 5391 qumn
1463 5340 1710 5378 seorsum
1743 5326 1863 5381 esse
1919 5328 2107 5381 volue-

518 5430 668 5479 runt,
721 5417 1051 5471 auditionem
1100 5417 1249 5469 illam
1305 5418 1660 5472 discessionis
1712 5434 1931 5473 causam
1988 5421 2110 5476 ide—

526 5526 725 5575 ncam,
783 5522 841 5563 ιιι
895 5509 1001 5563 sibi
1071 5506 1393 5573 videbatur,
1459 5508 1625 5571 nacti,
1687 5523 1862 5578 neque
1933 5512 2106 5564 vocati

514 5603 741 5658 obedire
810 5603 1119 5656 voluerunt.
1176 5600 1347 5667 Nam,
1381 5601 1426 5655 si
1454 5604 1869 5668 convenissent,
1919 5616 2105 5659 contra

516 5710 579 5750 se
603 5696 881 5750 ferendam
907 5698 1234 5751 sententiam
1263 5710 1368 5749 non
1384 5694 1752 5765 ambigebant,
1778 5699 2106 5766 compellen-

517 5794 745 5859 dosquc,
779 5800 836 5845 ut
869 5806 1041 5859 quam.
1066 5791 1167 5860 ipsi
1200 5789 1558 5859 refugit-bant,
1588 5789 1834 5855 Romano
1863 5791 2104 5861 pontiﬁci

2221 4600 2406 4639 tenere
2484 4587 2727 4654 iactatis,
2778 4586 2940 4639 istam
2991 4585 3327 4638 additionem
3381 4571 3782 4636 easecrantihusi

2217 4696 2377 4746 qmttn
2410 4678 2483 4731 illi
2536 4693 2839 4732 connexum
2893 4677 3173 4747 Symbola,
3201 4677 3645 4744 complexatttque
3691 4670 3785 4754 ira:

2223 4773 2498 4833 uiderunt,
2556 4781 2613 4824 et
2667 4784 2826 4838 quam
2893 4772 2995 4838 ipsi
3062 4770 3287 4823 omnino
3341 4759 3780 4838 adiecissenth

2222 4865 2305 4918 vel
2337 4865 2417 4917 eis
2449 4864 2761 4917 viventibus
2788 4864 3019 4932 qucestio
3069 4865 3173 4917 ista
3233 4864 3422 4918 fuisset
3471 4852 3680 4920 asilam.
3711 4834 3782 4888 νει

2217 4972 2361 5008 nunc
2398 4954 2707 5023 huiusmodi
2745 4954 3128 5009 controversiis
3153 4957 3429 5012 adessent,
3464 4945 3569 5005 vel,
3595 4938 3636 4992 si
3663 4937 3782 5001 (ιυθε

2215 5046 2448 5102 scissent
2477 5046 2542 5101 ad
2579 5058 2786 5101 tantum
2814 5049 3050 5102 vesanize
3072 5048 3464 5117 pervehendos.

2290 5139 2452 5208 Atqui
2483 5152 2585 5194 vos
2616 5153 2721 5191 non
2752 5149 2811 5192 ut
2846 5140 2918 5191 ait
2957 5139 3063 5192 illis
3092 5140 3326 5207 positum
3376 5142 3478 5196 est,
3533 5122 3623 5180 9θά
3668 5124 3776 5169 ο¹¹¹¹¹

2216 5233 2521 5301 adiectione
2584 5232 2782 5300 legitis.
2846 5229 2980 5283 Nam
3025 5233 3260 5295 sublato,
3295 5225 3436 5298 quod
3486 5212 3775 5308 dicimus?“

2217 5326 2384 5392 Filio,
2415 5327 2758 5394 perspicuum
2793 5335 2875 5378 est
2928 5325 3053 5393 quia
3084 5341 3147 5379 ex
3197 5326 3315 5380 solo
3366 5320 3527 5373 Patre
3569 5304 3775 5394 adicit!”

2215 5420 2462 5471 inicitur.
2502 5417 2613 5472 Etsi
2648 5421 2793 5471 enim
2824 5419 2927 5472 hoc
2961 5420 3124 5471 verbo
3154 5433 3258 5471 non
3291 5413 3490 5471 dicitis,
3526 5408 3643 5457 eum
3679 5393 3775 5443 ilco

2186 5522 2392 5565 .tatnen
2454 5509 2760 5579 loquentes,
2796 5513 2922 5562 dum
2978 5525 3045 5564 cx
3087 5511 3253 5565 Patre
3304 5505 3505 5569 dicitis,
3560 5507 3621 5547 ex
3652 5484 3769 5579 solo,

2210 5603 2373 5657 etiam
2435 5600 2710 5669 ndiicitis,
2780 5602 3029 5672 Deoque,
3082 5605 3177 5656 cui
3227 5612 3434 5657 nentes
3476 5594 3687 5680 nostri)?”
3724 5577 3775 5680 εξ

2212 5701 2375 5751 Corda
2409 5705 2596 5766 aperta
2625 5706 2776 5764 sunt,
2812 5698 3119 5764 huiusmodi
3155 5700 3336 5760 iidem,
3378 5695 3485 5745 imo
3514 5676 3771 5774 pertimuit!

2213 5791 2437 5857 oti‘ertis.
2468 5790 2567 5856 ,Est
2591 5793 2735 5845 enim
2775 5792 3003 5847 validius
3036 5804 3261 5857 sentire,
3293 5799 3449 5857 quant
3479 5779 3669 5835 dicere.
3694 5758 3772 5814 δε
