4052 6444
284 439 381 505 201

1365 431 1766 498 ADVERSUS
1804 431 2117 494 GRAECOS
2152 431 2302 493 LIB.
2344 432 2445 493 IV-

3405 429 3536 494 -232

283 566 386 626 'que
415 568 544 611 vero
571 551 624 609 id
649 549 863 608 sentitis
884 550 1083 616 solum,
1115 548 1210 606 sed
1241 546 1404 605 etiam
1441 548 1698 613 scribitis,
1732 561 1854 603 cum
1884 554 1930 611 Α
1958 545 2137 615 potius
2198 559 2358 615 quam
2423 542 2718 615 principem
2743 583 2758 610 ,
2816 551 2870 599 et
2912 541 3137 597 militem
3188 541 3307 613 plus
3366 557 3528 612 quam

289 652 406 706 illos
439 647 528 717 qui
575 645 739 700 etiam
768 658 835 699 ex
863 644 1001 699 Filio
1047 643 1341 722 procedere
1389 641 1597 707 dicunt,
1626 652 1854 710 arguere

290 739 533 798 nitimini.
575 737 782 806 itaque,
811 736 856 791 si
903 734 1218 805 vituperatis
1255 732 1606 798 additionem,
1631 733 1732 801 ipsi
1777 739 1858 785 ta-

288 849 404 887 men
439 828 790 886 nihilominus
844 824 1099 894 adiicitis.
1132 823 1204 878 Et
1256 823 1413 878 nobis
1458 822 1671 892 quidem
1703 821 1856 876 adest

289 939 383 995 per
416 920 597 977 omnia
653 917 965 984 concordia,
1006 915 1248 985 nihilque
1300 914 1539 977 illorum,
1580 928 1700 983 quae
1752 912 1857 966 ﬁde

289 1012 627 1070 continentur
655 1008 915 1072 tollimus,
953 1006 1104 1062 vobis
1130 1012 1311 1061 autem
1361 1011 1551 1059 contra
1615 1003 1851 1071 penitus.

355 1100 756 1158 Consideranda
808 1106 987 1153 autem
1035 1084 1190 1152 vobis
1241 1104 1325 1151 est
1360 1094 1614 1150 Ecclesia:
1659 1102 1858 1149 nostra:

290 1193 536 1260 dignitas,
561 1207 684 1262 quae
710 1204 986 1260 nunquam
1012 1190 1080 1243 de
1112 1187 1217 1243 ﬁde
1257 1187 1361 1242 nisi
1394 1201 1631 1257 congrua
1685 1185 1859 1242 sensit

291 1301 352 1340 ac
412 1283 599 1339 statuit
631 1300 646 1337 :
678 1292 735 1336 et
792 1293 911 1351 quae
960 1278 1098 1344 sola,
1155 1278 1312 1334 vobis
1353 1278 1605 1333 omnibus
1646 1276 1857 1332 caeteris

289 1376 430 1432 circa
471 1373 628 1428 ﬁdem
676 1368 1147 1439 naufragantibus,
1175 1381 1284 1422 non
1310 1367 1485 1422 solum
1528 1366 1660 1421 nihil
1697 1381 1856 1435 passa

292 1473 375 1520 est
401 1461 726 1532 huiusmodi,
759 1474 945 1514 verum
977 1466 1032 1512 et
1056 1456 1302 1526 iacentes
1330 1464 1556 1512 caeteras
1586 1454 1856 1510 Ecclesias

288 1556 502 1619 erexit;
531 1561 607 1617 et,
647 1550 819 1605 sicubi
873 1548 1153 1617 religionis
1202 1546 1382 1602 fervor
1436 1554 1735 1614 supererat,
1788 1544 1855 1597 ad

291 1647 428 1700 hanc
475 1639 845 1711 confugiebat,
896 1638 1038 1693 hanc
1090 1635 1414 1706 appellabat.
1473 1634 1601 1690 Haec
1650 1642 1855 1698 autem,

294 1749 507 1792 manum
530 1735 828 1804 porrigens,
850 1745 967 1800 quae
990 1730 1235 1800 dispersa
1260 1736 1437 1795 erant,
1456 1728 1512 1784 in
1535 1726 1857 1782 unnmovile

293 1829 535 1897 cogebat,
566 1834 731 1893 atque
758 1821 1142 1892 coniungebat,
1170 1831 1228 1875 ut
1262 1836 1360 1875 vos
1412 1819 1604 1874 melius
1655 1816 1851 1874 nostis.

1958 638 2337 705 imperatorem
2385 636 2436 691 in
2484 635 2719 692 decretis
2766 633 2995 700 bellicis,
3021 647 3180 703 posse
3235 644 3529 689 asseveret.

1957 729 2066 781 Sed
2118 728 2218 783 ista
2274 728 2540 796 superbiae
2597 736 2784 797 aperta
2833 727 3149 781 documenta
3211 724 3432 791 habent,
3481 731 3535 780 et

1956 819 2397 875 irrationabiliter
2424 818 2864 874 distribuentittm
2899 824 3047 871 sunt.

2028 909 2135 963 Ista
2196 918 2323 964 tunc
2378 910 2579 964 nostris
2647 910 2714 963 ab
2772 906 3210 962 Occidentalibus
3279 921 3535 977 responsa

1955 1013 2084 1058 sunt
2148 1016 2273 1057 cum
2344 1000 2708 1069 adiectionem
2792 998 2995 1053 aboleri
3050 998 3407 1066 postularent.
3472 1000 3537 1054 Et

1957 1102 2110 1158 tunc,
2150 1091 2346 1149 eadem
2389 1091 2595 1155 dicunt,
2632 1098 2687 1145 et
2734 1089 2906 1144 modis
2956 1087 3229 1153 omnibus,
3261 1093 3326 1142 ad
3380 1091 3540 1144 ttniov

1956 1200 2077 1240 nem
2125 1192 2340 1239 vocant.
2395 1181 2525 1248 Sed,
2569 1194 2745 1247 neque
2801 1181 2994 1245 modo,
3033 1194 3208 1249 neque
3251 1190 3410 1235 antea
3456 1183 3539 1237 his

1959 1292 2079 1348 quae
2108 1278 2384 1341 dicuntur,
2420 1272 2673 1330 assentiri
2712 1272 3047 1340 delegerunt.
3105 1273 3390 1339 Quomodo
3442 1275 3541 1343 igi-

1958 1377 2067 1435 tur,
2101 1382 2221 1422 cum
2253 1367 2362 1421 sint
2391 1364 2676 1419 contrariae
2700 1361 2989 1431 epinionis,
3024 1362 3184 1418 etiam
3219 1364 3418 1428 vocati,
3458 1364 3543 1418 his

1958 1456 2250 1515 convenire
2276 1455 2590 1519 voluissent,
2623 1467 2764 1523 quos
2798 1451 2944 1506 circa
2971 1452 3131 1507 ﬁdem
3165 1452 3547 1521 blasphemare

1957 1548 2335 1603 arbitrantur?
2372 1546 2478 1600 Sed
2513 1555 2689 1599 tamen
2738 1551 2791 1598 et
2825 1543 2926 1597 hoc
2974 1543 3175 1598 factum
3212 1553 3317 1608 est,
3348 1556 3543 1612 eaque,

1957 1654 2118 1709 quam
2152 1637 2359 1701 dicunt,
2390 1635 2656 1699 evocatio,
2684 1634 3098 1704 communisque
3127 1636 3366 1705 synodus
3390 1636 3503 1705 (ιε)
3527 1675 3544 1701 ,

1956 1730 2073 1785 sive
2105 1729 2309 1784 nostris
2348 1727 2415 1781 ad
2444 1725 2806 1805 obedientiam
2855 1727 3091 1795 priorem
3127 1726 3498 1781 remeantibus
3529 1766 3545 1791 ,

1963 1821 2082 1878 sive
2145 1820 2212 1874 de
2262 1817 2564 1886 huiusmodi
2621 1817 2895 1871 additione
2946 1815 3130 1872 doceri
3170 1816 3544 1886 cupientibus,

292 1894 403 1969 Non
437 1930 560 1984 ergo
581 1913 832 1969 convenit
856 1920 913 1966 ut
944 1927 1065 1967 cum
1108 1911 1216 1966 tale
1263 1910 1332 1965 ab
1363 1909 1520 1965 initio
1548 1908 1855 1980 exemplum
1889 1894 1932 1950 Β
1965 1913 2080 1969 sive
2109 1926 2206 1983 per
2256 1912 2460 1981 seipsos
2481 1910 2768 1965 veritatem
2822 1908 3267 1980 agnoscentibus,
3297 1907 3547 1979 Lugduni

294 2002 554 2068 habeatis,
585 2016 903 2071 semperque
952 2004 1018 2057 ad
1072 2000 1161 2055 illa
1222 1999 1432 2055 fueritis
1479 1999 1677 2065 edocti,
1712 2012 1858 2053 nunc

296 2104 496 2149 mutato
529 2094 744 2156 ordine,
776 2107 875 2149 vos
923 2092 1068 2147 illam
1120 2093 1314 2147 docere
1339 2091 1632 2155 conemini,
1664 2091 1857 2145 adver-

293 2200 382 2242 sus
409 2201 565 2257 quam
596 2196 762 2255 porta:
790 2183 949 2253 inferi
988 2199 1254 2256 nunquam
1298 2181 1730 2258 prtzpalituras“
1771 2181 1860 2238 ille

297 2278 564 2349 promisit,
599 2278 691 2347 qui
724 2277 939 2331 mentiri
968 2291 1074 2332 non
1110 2282 1307 2345 potest.

362 2366 564 2436 itaque,
592 2374 651 2421 ut
682 2380 749 2420 ex
782 2366 1071 2437 praemissis
1120 2366 1376 2429 innotuit,
1408 2372 1602 2434 praeter
1647 2377 1859 2420 omnem

302 2458 559 2513 rationem
601 2465 702 2522 est,
738 2466 927 2526 putare
967 2457 1109 2514 hanc
1155 2472 1187 2513 a
1213 2458 1469 2521 veritate,
1494 2456 1780 2522 excidisse,
1809 2462 1864 2509 et

306 2547 577 2601 occasione
612 2546 888 2616 religionis
928 2547 1074 2601 circa
1131 2546 1310 2611 fidem,
1361 2546 1490 2601 dum
1538 2546 1862 2600 additionem

316 2636 552 2704 abiicitis,
582 2637 696 2705 eius
721 2638 882 2693 etiam
930 2637 1339 2708 intelligentiam
1380 2637 1645 2707 negando,
1672 2636 1740 2691 ab
1766 2637 1866 2691 Itu-

307 2728 535 2797 iusmodi
577 2729 814 2785 Ecclesia
843 2729 1082 2798 praecidi,
1110 2729 1250 2783 sicut
1282 2738 1336 2784 et
1364 2729 1494 2783 alias
1530 2738 1692 2783 ante:
1725 2744 1865 2785 nunc

304 2819 515 2887 quidem
553 2827 772 2889 propter
812 2819 1281 2874 consubstantialt's
1306 2833 1499 2874 nomen
1530 2833 1546 2883 ;
1574 2834 1718 2874 nunc
1772 2835 1868 2874 au-

306 2916 434 2972 tem,
480 2906 619 2974 quod
674 2907 775 2961 hoc
823 2920 1023 2962 nomen
1083 2907 1225 2962 Deus
1286 2907 1354 2963 de
1414 2905 1618 2976 Spiritu
1675 2917 1868 2964 saneto

300 2998 554 3065 scriptum
610 3013 711 3053 non
773 3006 938 3065 esset,
965 3006 1021 3053 et
1067 2999 1202 3056 alias
1258 2999 1435 3067 aliter,
1481 3011 1704 3071 propter
1730 3015 1867 3071 quas

304 3091 479 3146 nostis
503 3104 716 3156 causas,
746 3089 1203 3159 praecidebamini.

1961 2013 2287 2074 congregata
2336 2012 2443 2070 est,
2469 2009 2524 2057 et
2553 2009 2740 2070 aperte
2784 2008 2909 2055 ante
2957 2000 3137 2072 plures
3185 2015 3356 2056 annos
3411 2016 3547 2057 con-

1960 2102 2249 2152 summata.
2273 2094 2375 2151 Ubi
2403 2093 2590 2149 aderat
2611 2093 2823 2164 quidem
2848 2092 3124 2149 Romanus
3164 2094 3403 2164 pontifex
3426 2088 3543 2166 (50)

1960 2204 2054 2257 per
2087 2189 2351 2257 seipsum,
2386 2187 2530 2242 illius
2554 2186 2957 2242 convocationis
2983 2196 3191 2252 auctor,
3223 2198 3387 2258 atque
3409 2202 3535 2245 cum

1960 2277 2426 2348 eoquadringenti
2452 2277 2619 2331 ferme
2663 2275 2926 2346 episcOpi.
2957 2274 3195 2332 Aderant
3248 2286 3427 2332 autem
3486 2285 3555 2331 et-

1963 2369 2575 2441 Constantlnopolitanm
2624 2367 2876 2425 Ecclesiae
2937 2368 3131 2437 legati,
3176 2370 3269 2438 qui
3325 2371 3537 2426 illorum

1966 2463 2255 2534 implerent
2306 2461 2508 2516 locum.
2559 2457 2713 2514 Tunc
2767 2459 2948 2529 igitur,
2986 2468 3044 2513 ut
3100 2468 3268 2528 patet,
3301 2475 3365 2515 ex
3428 2461 3539 2516 illic

1966 2552 2182 2621 scriptis
2249 2548 2697 2613 commentariis,
2740 2548 2794 2602 in
2846 2547 3037 2616 quibus
3095 2556 3147 2602 et
3205 2561 3391 2602 eorum
3446 2549 3539 2617 qui

1966 2650 2354 2707 convenerant,
2409 2640 2650 2705 nomina,
2678 2647 2732 2693 et
2787 2639 2972 2706 verba,
3025 2647 3081 2693 et
3131 2638 3442 2709 dignitates,
3489 2647 3545 2695 et

1968 2733 2151 2789 omnia
2200 2732 2424 2787 omnino
2465 2729 2738 2785 memoriae
2791 2729 3045 2783 mandata
3095 2737 3259 2783 sunt:
3298 2744 3546 2785 commn~

1970 2826 2115 2879 niter
2140 2825 2208 2878 ab
2262 2822 2513 2878 omnibus
2559 2829 2644 2875 est
2698 2819 3055 2885 declaratum,
3110 2820 3542 2889 antiquissimam

1970 2913 2225 2970 Ecclesiae
2267 2913 2610 2967 traditionem
2659 2924 2803 2975 esse,
2852 2918 2907 2965 et
2954 2910 3023 2965 ad
3073 2919 3321 2965 sanctam
3363 2911 3548 2967 Trini-

1975 3006 2099 3061 tatis
2130 3003 2563 3069 saluberrimam,
2593 3010 2649 3056 et
2691 3016 2875 3056 veram
2896 3001 3080 3068 ﬁdem,
3106 3016 3318 3056 summe
3352 3017 3546 3060 neces-

1974 3096 2193 3161 sariam,
2223 3095 2662 3165 Graecorumque,
2685 3092 3005 3149 Latinorum
3054 3093 3337 3149 doctorum
3365 3110 3548 3165 aequa.

367 3180 463 3236 Est
528 3191 703 3235 autem
768 3180 984 3249 plenum
1059 3180 1411 3239 absurditatis
1483 3192 1539 3239 et
1593 3185 1866 3252 amentiae,
1897 3215 1944 3282 ο
1975 3189 2117 3255 liter,
2186 3188 2438 3260 dogmate
2478 3194 2534 3243 et
2583 3184 2827 3240 doctrina
2884 3176 3228 3250 roboratam,
3284 3184 3548 3255 Spiritum

305 3279 495 3340 putare
543 3270 697 3325 vobis
732 3269 947 3338 quidem
993 3270 1157 3325 licere
1186 3272 1421 3342 synodos
1470 3288 1685 3344 cogere,
1714 3289 1777 3330 ac
1805 3278 1872 3331 de

302 3359 403 3416 ﬁde
447 3361 663 3416 decreta
694 3360 1032 3415 conscribere
1050 3359 1199 3432 (48);
1234 3376 1354 3417 cum
1402 3363 1545 3418 nulla
1573 3364 1722 3423 illinc
1749 3380 1872 3422 sen-

311 3452 475 3506 tentia
531 3452 781 3513 manarit,
832 3466 936 3506 non
980 3452 1357 3509 consentiente
1389 3455 1472 3509 vel
1527 3470 1625 3527 per
1678 3472 1757 3523 se,
1787 3458 1871 3514 vel

248 3596 257 3599 ι
303 3555 399 3611 per
459 3542 596 3597 alios
644 3540 887 3598 Romano
942 3543 1218 3613 pontiﬁce,
1274 3558 1397 3614 quae
1442 3560 1548 3601 non
1596 3555 1654 3601 ut
1708 3549 1869 3603 noxia

200 3618 217 3627 ’
303 3632 626 3700 existimata,
652 3633 886 3689 tenebris
901 3633 1153 3689 damnata
1171 3636 1260 3691 sit.
1283 3634 1345 3690 Ei
1371 3651 1517 3702 vero,
1539 3647 1595 3692 et
1620 3638 1872 3693 Ecclesiae

301 3738 433 3787 sua,
455 3738 577 3793 quae
599 3736 629 3776 a
650 3725 867 3779 nemine
884 3738 1118 3793 unquam
1154 3726 1549 3799 quomodulibet
1567 3730 1874 3783 communi-

307 3825 389 3868 ter
422 3813 505 3869 vel
540 3813 762 3869 seorsim
796 3814 864 3869 de
908 3813 1014 3871 ﬁde
1064 3815 1391 3885 reprehensa
1407 3824 1511 3883 est,
1538 3826 1593 3873 et
1623 3818 1738 3874 sine
1763 3833 1871 3889 quo

303 3905 563 3975 possibile
610 3916 716 3960 nen
747 3913 832 3960 est
877 3905 1247 3961 ecclesiastica
1301 3909 1486 3975 statui,
1523 3917 1580 3964 et
1631 3910 1869 3966 ordinari

298 3999 544 4069 negotia:
570 4012 678 4054 non
734 3998 914 4054 dicere
940 4037 958 4065 ,
1010 4000 1239 4055 concilia
1294 4014 1420 4056 cum
1473 4002 1590 4057 suis
1639 4001 1869 4073 agendo,

298 4093 442 4161 quod
474 4090 541 4144 ad
590 4104 649 4146 se
702 4089 955 4158 pertinet,
989 4092 1353 4149 ecclesiastica
1411 4102 1643 4148 tractare
1676 4108 1741 4148 ac
1784 4093 1870 4149 di-

311 4176 509 4247 rigere.
542 4176 647 4232 Sed
682 4175 832 4231 vobis
887 4177 1104 4246 quidem
1177 4179 1573 4250 praesentibus,
1631 4181 1866 4250 primum

298 4268 568 4335 conﬁteri,
612 4281 667 4324 et
712 4270 949 4325 omnium
1000 4284 1119 4326 esse
1169 4271 1471 4342 principem
1516 4274 1867 4330 concedere:

298 4373 592 4429 omnesque
629 4370 848 4431 propter
872 4362 1186 4431 dignitatem
1214 4362 1266 4417 in
1290 4377 1417 4418 eum
1460 4365 1736 4434 respicere
1774 4366 1871 4421 de-

296 4449 424 4505 bere
486 4440 774 4518 arbitrari,
827 4461 1014 4521 utpote
1092 4454 1257 4511 totius
1313 4456 1520 4527 collegii
1574 4466 1771 4528 caput,
1817 4467 1873 4512 et

303 4557 614 4610 supremum
652 4543 929 4599 verticem:
958 4546 1273 4603 absentibus
1304 4556 1507 4615 autem,
1538 4563 1717 4619 neque
1743 4550 1871 4605 ulti-
1900 4528 1946 4585 D

306 4645 453 4685 mum
487 4633 559 4687 illi
589 4632 763 4687 locum
789 4633 1118 4702 relinquere,
1148 4651 1214 4689 ne
1235 4636 1520 4692 minimum
1554 4639 1793 4707 quidem,
1815 4650 1873 4694 ut

294 4736 401 4776 vos
428 4724 659 4777 seorsim
678 4722 800 4777 ﬁdei
852 4723 1067 4779 decreta
1093 4731 1148 4779 et
1187 4726 1436 4793 dogmata
1466 4728 1729 4798 scribitis,
1769 4731 1872 4800 ipsi

294 4811 461 4867 licere
500 4813 552 4866 in
585 4813 967 4869 ecclesiasticis
1020 4815 1250 4884 agendo,
1280 4830 1403 4884 quae
1428 4831 1524 4872 sua
1580 4829 1707 4875 sunt
1758 4830 1870 4875 sta-

296 4909 471 4965 tuere,
503 4910 662 4968 atque
704 4901 1021 4967 decernere,
1049 4902 1301 4957 omnibus
1348 4903 1446 4972 illi,
1473 4918 1594 4973 quae
1644 4905 1875 4962 habebat

294 4991 513 5047 ablatis.
547 4993 661 5048 Hoc
704 5002 883 5047 autem
942 4999 1028 5047 est
1072 4994 1237 5048 vestri
1277 5008 1441 5049 causa
1485 5000 1677 5064 putare
1725 4998 1874 5054 illum

292 5083 588 5150 primatum
639 5092 695 5137 et
748 5084 1123 5139 auctoritatem
1189 5085 1242 5139 in
1303 5088 1607 5145 sententiis
1650 5090 1875 5158 habere,

294 5186 406 5227 non
463 5187 561 5228 vos
610 5173 754 5229 illius
811 5188 977 5230 causa
1027 5176 1081 5230 in
1134 5179 1360 5247 synodis
1398 5180 1604 5247 ornari,
1635 5190 1691 5237 et
1716 5197 1878 5252 posse

294 5264 502 5330 aliquid
544 5273 754 5335 putare,
780 5266 1059 5334 sequendo
1088 5268 1141 5323 id
1173 5272 1318 5339 quod
1350 5260 1549 5342 praeter
1595 5275 1874 5344 antiquam

293 5356 547 5411 Ecclesia:
576 5357 1017 5414 consuetudinem
1048 5371 1150 5425 est,
1178 5362 1341 5419 veluti
1371 5366 1416 5420 si
1436 5366 1559 5435 quis
1587 5366 1864 5423 subditum

370 5488 417 5521 “
469 5485 662 5545 Matth.
712 5504 823 5556 xvi,
866 5490 955 5544 i8.

373 5628 490 5697 (1.8)
525 5626 851 5699 Notenthaec
878 5626 1138 5699 haeretici,
1160 5636 1215 5682 et
1244 5628 1297 5699 in
1325 5627 1445 5699 iura
1492 5639 1715 5699 pectora
1769 5631 1863 5686 tie-

297 5694 517 5751 mittant
541 5697 627 5770 isti
650 5696 795 5770 impii
826 5694 1115 5770 Lutherani
1141 5694 1544 5770 etﬁalvinistae
1575 5702 1664 5770 qui
1692 5716 1753 5757 se
1775 5715 1872 5769 per

297 5780 564 5841 summam
584 5765 968 5841 impudentiam
990 5764 1343 5841 Evangelicos
1361 5771 1562 5825 audent
1582 5764 1871 5841 appellare.

369 5834 756 5905 (49)Synudus
777 5832 1317 5903 Lugdunicelébrata
1368 5854 1459 5895 an.
1519 5832 1667 5897 Chr."
1706 5842 1869 5899 1274.

618 5923 890 5983 Pamon.
929 5924 1046 5986 Gn.
1093 5927 1260 5989 CLII.

1976 3287 2222 3335 sanctum
2276 3292 2343 3333 ex
2404 3275 2565 3330 Patre
2624 3284 2679 3329 et
2729 3272 2867 3328 Filio
2921 3273 3192 3341 similiter,
3268 3275 3429 3331 veluti
3483 3290 3549 3333 ex

1985 3383 2091 3425 uno
2129 3367 2401 3439 principio
2453 3365 2767 3437 procedere.
2798 3364 3063 3421 Damnaut
3096 3376 3294 3429 autem,
3328 3374 3382 3421 et
3419 3380 3552 3420 ana-

1974 3460 2349 3526 thematizant,
2378 3459 2471 3527 qui
2506 3468 2633 3513 tunc
2679 3472 2982 3513 convenere
3020 3472 3237 3523 omnes,
3266 3457 3357 3528 qui
3398 3458 3554 3513 dein-

1976 3561 2109 3617 ceps
2137 3547 2243 3601 duo
2271 3544 2543 3616 principia
2582 3552 2911 3598 conarentur
2939 3542 3302 3609 introducere,
3330 3551 3386 3597 et
3412 3544 3555 3597 hanc

1975 3638 2365 3694 absurditatem
2424 3635 2680 3692 Ecclesia:
2720 3634 2943 3689 auribus
2974 3634 3242 3703 ingerere.
3299 3631 3374 3687 Ea
3426 3647 3553 3688 vero

1980 3728 2277 3791 sententia,
2328 3726 2712 3782 communibus
2759 3723 3003 3779 omnium
3055 3724 3197 3780 votis
3248 3722 3552 3785 enuntiata,

1977 3818 2186 3889 digesta
2216 3818 2269 3873 in
2302 3816 2505 3887 eisdem
2536 3814 2755 3883 scriptis
2782 3823 2886 3869 est.
3458 3878 3475 3885 κ

2051 3911 2330 3976 Nusquam
2362 3922 2491 3962 vero
2514 3907 2623 3961 illic
2653 3906 2921 3976 quispiam
2950 3903 3213 3960 additioni
3243 3904 3551 3973 indignari;

1974 4001 2097 4067 sed,
2133 4014 2260 4054 vera
2316 3997 2523 4060 omnia,
2556 4004 2612 4051 et
2661 4009 2823 4051 voces
2859 4003 2914 4051 et
2954 3994 3213 4062 actiones,
3242 4010 3362 4064 quae
3411 3994 3555 4067 Lug-

1972 4097 2097 4154 duni
2128 4104 2255 4151 tunc
2303 4104 2452 4166 gesta
2501 4102 2650 4160 sunt;
2681 4103 2756 4159 et,
2789 4093 2880 4162 qui
2928 4107 2995 4148 ex
3032 4094 3235 4149 nostris
3281 4093 3553 4150 affuerunt

1971 4186 2227 4253 concilio,
2264 4186 2557 4258 legatique,
2584 4193 2639 4241 et
2695 4184 2942 4254 episcopi
3004 4184 3262 4251 confessi,
3303 4184 3552 4241 fmderati

1975 4278 2270 4343 redierunt,
2313 4286 2534 4348 agentes
2586 4276 2694 4330 Deo
2742 4281 2948 4342 gratias
2973 4290 3097 4329 cum
3147 4275 3419 4340 omnibus,
3456 4291 3553 4345 pro

1970 4369 2242 4426 communi
2277 4367 2401 4423 ﬁdei
2444 4366 2756 4429 concordia,
2787 4380 2894 4437 qua
2927 4365 2981 4421 in
3039 4366 3315 4436 praedictis
3378 4367 3552 4424 tribus

1974 4457 2229 4528 capitulis
2266 4455 2425 4512 simul
2457 4464 2869 4511 consenserunt.

2048 4549 2293 4617 Cumque
2350 4546 2548 4602 animis
2602 4545 2881 4615 coniuncti
2945 4552 3158 4613 essent,
3211 4544 3386 4601 coacti
3443 4561 3548 4601 non

1972 4651 2102 4697 sunt
2132 4639 2447 4711 Symbolum
2493 4653 2615 4693 cum
2665 4637 2943 4692 additione
2989 4637 3205 4707 legere;
3258 4639 3373 4703 sed,
3404 4637 3550 4692 sicut

1977 4731 2314 4803 temporibus
2365 4730 2509 4785 beati
2569 4727 2813 4793 Maximi,
2867 4729 2947 4783 sic
2988 4734 3118 4782 tunc
3169 4742 3227 4782 se
3286 4727 3558 4783 habebant

1968 4839 2077 4880 res.
2118 4823 2407 4877 Enimvero
2460 4821 2715 4889 quoniam
2774 4816 3081 4873 communis
3128 4817 3415 4886 utriusque
3453 4817 3557 4872 Ec-

1976 4914 2160 4969 clesiae
2218 4910 2509 4976 sententia,
2566 4907 2828 4976 Spiritum
2886 4894 3134 4962 san-ctum
3180 4922 3211 4963 a
3254 4906 3449 4971 Patre,
3500 4916 3555 4963 et

1974 5005 2112 5060 Filio
2175 5003 2501 5074 procedere,
2554 5014 2744 5055 verum
2795 5011 2916 5053 esse
2974 4998 3378 5068 promulgatum
3446 5007 3551 5062 est,

1974 5098 2243 5166 aliterque
2309 5093 2631 5157 sentientes,
2679 5089 3043 5147 maledictioni
3111 5090 3335 5175 addictl‘
3379 5099 3552 5145 sunt:

1973 5193 2195 5243 constat.
2216 5185 2483 5257 profecto,
2507 5185 2658 5253 quia,
2694 5182 2785 5253 qui
2825 5180 2987 5237 modo
3017 5181 3161 5237 istud
3193 5182 3547 5246 confitentur,

1972 5279 2121 5350 digni
2177 5285 2323 5343 sunt,
2354 5280 2449 5347 qtti
2505 5284 2911 5344 asseverentur,
2958 5283 3013 5328 et
3068 5283 3285 5329 nostras
3326 5274 3552 5340 diligere

1976 5367 2281 5432 Ecclesias,
2330 5367 2653 5447 illarumque
2731 5364 3095 5430 sententiam,
3171 5364 3324 5434 quasi
3394 5353 3555 5417 uiiius

2044 5632 2158 5708 (50)
2186 5634 2493 5708 Secundum
2518 5636 2859 5708 Onuphrium
2899 5647 2982 5694 est
3020 5640 3065 5693 is
3124 5635 3422 5708 Gregorius
3475 5634 3548 5694 Χ.

1979 5702 2236 5777 interfuit
2279 5704 2417 5777 huic
2444 5702 2676 5760 concilio
2708 5711 2875 5765 etiam
2924 5708 3154 5765 Michael
3215 5702 3549 5777 Palaeologus

1982 5775 2113 5843 imp.
2143 5774 2798 5847 Constantinopolitanus.

3008 5935 3043 5992 7
