4052 6438
510 403 618 462 eos
656 454 669 468 .
705 388 716 401 ‘

1778 389 2179 451 MANUELIS
2213 385 2522 449 ωιΕεΑξ

3645 391 3739 458 εθι

508 515 910 575 confessionem
954 509 1263 579 rornplectl,
1303 515 1466 575 atque
1489 481 1810 571 continere,
1845 504 1938 574 qui
1969 518 2098 558 vero
2126 505 2170 563 Δ
2197 503 2288 573 qui
2347 499 2625 572 synodicis
2672 497 2992 563 sententiis,
3014 499 3353 570 decretisque
3400 501 3738 562 interessent:

514 613 662 666 illam
682 605 1004 662 sententiam
1049 606 1541 670 nt-gartt,ueutram
1580 595 1829 649 venerari
1877 594 2088 663 perspi-

512 715 679 755 cuurn
746 706 852 761 est;
917 704 1133 746 tertiam
1199 699 1405 749 autem,
1455 686 1641 741 nescio
1701 701 1863 754 quant
1931 685 2094 740 aliain

513 789 809 845 Ecclesiam
866 785 1091 846 habere,
1140 778 1210 835 ab
1256 788 1487 848 utraque
1539 786 1864 847 separatam,
1909 779 2093 832 amba-

514 884 724 950 busque
753 877 950 931 bellum
984 874 1336 928 indicentem.

584 969 814 1038 Liquido
857 980 988 1036 ergo
1041 963 1453 1031 comprobatur,
1502 969 1556 1015 et
1605 975 1766 1030 quam
1821 957 2102 1028 inquirant

511 1063 798 1134 synodum,
827 1059 938 1128 jam
971 1057 1170 1112 factam
1217 1067 1360 1119 esse,
1393 1054 1580 1122 eisque
1613 1067 1740 1119 non,
1767 1066 1874 1105 una
1905 1049 2094 1106 decer-

512 1151 768 1206 nentibus
793 1147 1162 1217 adjectionem
1208 1143 1430 1208 factam,
1463 1141 1607 1212 quod
1643 1149 1914 1210 quaerunt,
1942 1140 2100 1195 aliter

511 1255 573 1296 se
635 1240 859 1294 habere.
915 1237 1022 1292 Eos
1079 1244 1261 1290 tamen
1308 1242 1368 1288 ut
1417 1233 1778 1288 concedamus
1832 1232 2102 1301 neglectos

515 1332 712 1395 fuisse,
762 1343 943 1383 nonne
970 1339 1232 1381 extrema:
1261 1324 1651 1389 contentionis,
1681 1333 1844 1389 atque
1879 1323 2102 1376 demen-

512 1422 601 1475 tias
627 1428 730 1482 est,
764 1434 869 1472 non
903 1415 1210 1484 discutere,
1243 1429 1309 1468 an
1358 1427 1482 1468 vera
1507 1412 1579 1466 sit
1628 1411 1871 1466 additio:
1900 1409 2103 1466 solutu-

513 1526 643 1579 que,
681 1508 806 1578 quia
861 1506 1070 1561 evocati
1104 1521 1209 1558 uon
1262 1511 1406 1569 sunt,
1457 1501 1756 1572 indignari,
1789 1510 1844 1557 et
1882 1500 2107 1556 moleste

517 1599 706 1654 ferre?
735 1607 791 1654 et
825 1597 950 1666 quia
983 1610 1049 1649 ea
1083 1592 1470 1649 convocatione
1500 1593 1750 1647 honorati
1794 1608 1905 1646 non
1957 1601 2103 1654 sunt,

515 1691 685 1745 Deum
715 1685 1358 1756 iubonorare;quodque
1401 1685 1606 1739 vocatis
1653 1699 1776 1738 esse
1807 1686 1982 1738 visum
2023 1694 2110 1739 est

518 1783 593 1843 id,
621 1781 746 1850 quia
771 1777 1000 1846 neglecti
1033 1785 1180 1841 sunt,
1212 1775 1408 1829 falsum
1433 1773 1775 1839 existimare,
1794 1773 2110 1842 morbisque

2195 602 2423 663 postque
2441 593 2692 646 emissam
2711 590 2776 645 de
2797 591 3026 644 veritate
3053 595 3400 658 sententiam,
3419 608 3621 664 semper
3643 596 3745 650 [uc-

2195 685 2303 740 rint
2329 685 2496 750 aliqui
2518 684 2949 738 contradicentes
2977 683 3214 738 veritati.

2266 774 2488 838 Deinde,
2521 775 2670 828 nulla
2698 789 2933 842 unquam
2975 773 3076 827 fuit
3105 774 3361 844 synodus,
3391 784 3660 843 prasente,
3700 786 3750 831 et

2200 867 2592 934 comprobante
2631 863 2882 920 Romano
2902 861 3187 928 Pontifice,
3211 865 3295 920 vel
3328 865 3454 928 alio,
3483 866 3572 934 qui
3590 867 3748 920 locum

2197 955 2341 1011 illius
2363 956 2610 1028 impleret
2644 966 2989 1026 congregata,
3025 956 3184 1025 cujus
3217 973 3322 1012 non
3355 957 3551 1012 fuerint
3583 973 3751 1012 omines

2201 1056 2332 1102 ratae
2380 1047 2680 1102 sententiae.
2719 1047 2921 1102 Contra
2963 1061 3092 1102 vero
3123 1047 3173 1102 in
3210 1048 3312 1113 his,
3347 1063 3470 1118 qua:
3511 1049 3622 1104 sine
3651 1040 3776 1111 illo,'

2202 1154 2266 1194 ac
2306 1149 2502 1208 prteter
2529 1140 2649 1209 ejus
2696 1148 2882 1194 nutum
2911 1151 3113 1198 coactas
3141 1150 3287 1205 sunt,
3318 1141 3594 1210 plerasque
3629 1140 3753 1194 latas

2205 1229 2506 1285 sententias
2545 1231 2825 1298 reprobas,
2857 1242 2913 1285 et
2944 1231 3138 1285 merito
3180 1231 3433 1300 esplosas
3471 1230 3679 1296 scimus,
3703 1243 3748 1283 et

2203 1318 2362 1376 facile
2427 1322 2714 1375 ostendere
2766 1335 3074 1390 possumus.
3124 1321 3264 1376 Hinc
3316 1337 3468 1390 ergo,
3512 1329 3756 1390 prasente

2203 1409 2296 1464 illo
2331 1423 2395 1464 ac
2426 1409 2767 1478 praesidente,
2798 1412 3096 1466 sententias
3125 1411 3197 1466 ibi
3246 1413 3630 1480 pronuntians.
3657 1425 3755 1483 quo

2205 1510 2364 1569 pacto
2394 1500 2578 1556 irritas
2602 1516 2725 1556 esse
2761 1501 2949 1567 velint,
2979 1517 3084 1556 non
3116 1502 3295 1557 video.

2276 1589 2390 1645 Nisi
2444 1591 2581 1646 forte
2637 1590 2894 1647 Nicetium
2949 1606 3168 1660 quoque
3211 1595 3505 1652 concilium
3549 1594 3757 1648 dicimus

2210 1684 2376 1739 fixisse
2421 1684 2740 1748 violentum,
2767 1684 2986 1751 partim,
3021 1685 3148 1752 quia
3187 1684 3574 1740 Constantinus
3622 1684 3755 1753 Mag-

2213 1791 2315 1831 nus
2343 1774 2606 1836 interfuit,
2633 1775 3074 1830 contradicentes
3098 1777 3356 1830 omnibus
3377 1776 3579 1831 viribus
3623 1791 3758 1831 coer-

515 1871 652 1932 suis,
691 1879 853 1937 atque
901 1864 1247 1934 passiouibus
1287 1863 1590 1918 divinarum
1631 1878 1811 1917 rerum
1850 1862 2098 1929 judicare
2135 1857 2366 1922 BOt'IS:
2413 1867 2607 1935 partim
2653 1864 2780 1934 quia
2840 1866 3059 1936 plurimi
3113 1867 3598 1926 contradicentiurn
3649 1875 3760 1935 post

520 1957 836 2014 veritatem?
863 1955 1271 2024 Aspernatiouis
1305 1953 1448 2007 enim
1493 1954 1695 2021 pclius,
1725 1963 1779 2007 et
1813 1963 2096 2007 contume-

518 2049 624 2115 lia},
653 2062 746 2100 seu
795 2045 1082 2114 cujuslibet
1125 2043 1374 2096 humanae
1407 2042 1676 2112 passionis
1721 2043 2096 2097 Occidentales

519 2139 867 2194 insimularuli
911 2136 1146 2199 fuerant,
1190 2136 1236 2190 si
1287 2134 1588 2189 insimulari
1643 2144 1953 2198 merentur;
1989 2150 2094 2190 uou

516 2230 886 2299 bIaSphemiae,
941 2238 995 2283 et
1047 2226 1370 2294 impietatis,
1423 2240 1722 2296 eorumque
1777 2226 2092 2291 criminum,

513 2323 712 2390 quibus
742 2318 875 2373 nihil
905 2318 1095 2372 tetrius
1122 2316 1411 2383 excogitari
1448 2326 1648 2385 potest.
1681 2314 1870 2385 Neque
1907 2326 2088 2370 tamen

516 2421 859 2480 contemptus
887 2409 1100 2463 illoruru
1137 2423 1322 2471 causa,
1357 2408 1596 2473 gladium
1631 2408 1683 2460 in
1710 2421 1767 2460 se
1817 2406 2098 2475 impellere

517 2505 835 2567 debuerant,
861 2515 918 2555 se
949 2501 1093 2569 ipsos
1124 2514 1153 2552 a
1183 2499 1614 2554 Christianorum
1675 2499 1880 2552 unitate
1905 2500 2098 2568 pracci-

517 2596 716 2658 tleuelo,
748 2608 937 2662 seque,
963 2591 1294 2660 perniciose,
1320 2590 1698 2659 lethaliterque
1727 2590 2099 2656 vulnerando;

517 2694 659 2736 etes
691 2684 774 2736 his
812 2695 932 2749 quae
956 2689 1147 2734 contra
1167 2686 1478 2732 sanctorum
1515 2679 1820 2733 doctrinam
1857 2681 2099 2749 culpant,

519 2783 575 2828 et
609 2787 730 2841 quae
767 2767 1087 2838 ipsi‘coutra
1122 2768 1422 2822 sentientes
1452 2769 1674 2823 addunt.

590 2854 855 2928 Quoniam
885 2861 1048 2928 igitur
1068 2869 1124 2914 et
1149 2861 1460 2923 convenire,
1485 2871 1537 2913 ct
1555 2860 1886 2928 quaestiones
1908 2862 1972 2916 de
2001 2863 2108 2918 fide

521 2953 650 3008 solis
691 2948 1129 3004 Occidentalibus
1183 2949 1430 3003 seorsum
1500 2963 1606 3003 non
1677 2949 1803 3005 licet
1853 2951 2104 3019 definire,

521 3053 684 3111 atque
713 3039 781 3094 de
814 3040 1067 3092 omnibus
1115 3039 1426 3102 decernere,
1460 3039 1623 3094 aliter
1667 3055 1836 3110 quam
1878 3045 2106 3112 putaba-

523 3141 628 3195 tur,
665 3144 722 3184 se
753 3129 916 3183 habet
943 3128 1101 3181 ratio.
1131 3127 1198 3181 Et
1245 3127 1386 3181 enim
1415 3144 1478 3183 ea
1509 3129 1692 3198 opinio
1739 3131 2098 3186 obedientiam

520 3217 901 3286 refugientimn
936 3213 1130 3280 fastus,
1155 3225 1210 3268 et
1236 3215 1486 3270 elationis
1513 3230 1696 3283 causa,
1725 3215 1948 3287 propter
1974 3219 2104 3274 civi-

524 3309 649 3364 tatis
701 3306 1128 3376 amplitudinem,
1165 3305 1485 3374 iruperiique
1545 3307 1888 3376 dignitatem,
1943 3325 2100 3364 occa-

523 3403 809 3468 sionesque
861 3397 1238 3468 quaerentium,
1268 3412 1331 3452 ac
1381 3398 1672 3466 primatum
1721 3401 2138 3470 ambientium,‘

523 3492 648 3561 quia
692 3501 871 3544 tamen
911 3487 1092 3542 vocati
1119 3496 1397 3551 venerant,
1431 3496 1488 3540 ut
1517 3488 1719 3542 dictum
1772 3499 1892 3556 est;
1941 3504 2105 3553 opor-

526 3591 703 3636 tuerat
727 3595 857 3636 sane
884 3579 1132 3633 unionem
1167 3591 1335 3646 usque
1365 3577 1416 3632 in
1451 3577 1611 3632 finem
1660 3593 1879 3634 servare
1914 3581 2106 3649 positis

523 3674 986 3730 contentionibus.

591 3765 747 3820 Nunc
784 3774 964 3818 autem
997 3770 1411 3831 permanserunt
1437 3762 1657 3830 quidem
1688 3763 1741 3817 iu
1773 3763 1892 3833 ipsa
1923 3762 2105 3818 Eccle-

523 3859 620 3912 sia:
653 3857 851 3910 unione
882 3865 1092 3922 tempus
1120 3868 1226 3907 non
1254 3853 1558 3908 modicum:
1587 3862 1773 3920 postea
1800 3869 1989 3908 rursus
2010 3855 2102 3924 qui

519 3945 718 4011 justam
751 3941 1140 4008 subjectionem
1166 3942 1440 3996 servitutis
1463 3941 1651 4013 jugum
1675 3944 2100 4010 arbitrabantur,

528 4049 704 4102 regem
738 4048 940 4086 novum
987 4034 1158 4097 nacti,
1196 4033 1308 4101 (5i)
1347 4048 1630 4103 Ipsumque
1681 4036 1871 4100 libere,
1898 4042 1952 4087 et
1997 4049 2104 4104 qua

525 4123 694 4177 fer-ret
727 4125 981 4190 impetus,
1009 4131 1197 4188 suapte
1231 4132 1427 4175 natura
1459 4123 1526 4178 ad
1558 4138 1646 4178 res
1673 4138 1843 4178 novas
1877 4138 2104 4192 pronum

525 4222 936 4282 persuaserunt,
969 4222 1030 4265 ut
1075 4212 1309 4280 iruperii,
1338 4215 1480 4281 quod
1513 4214 1617 4268 illis
1664 4214 2102 4282 coeperautibus,

527 4309 772 4370 neglecto
789 4302 993 4366 fratre,
1011 4301 1183 4354 fuerat
1206 4302 1454 4369 adeptus,
1475 4303 1772 4370 mercedem
1791 4305 1870 4357 eis
1893 4304 2105 4358 unionis

528 4395 934 4466 pcrversiouem
970 4394 1143 4446 daret.
1201 4391 1399 4462 Sicque
1436 4395 1704 4463 perversis
1733 4395 2006 4460 erunibus,
2037 4395 2106 4449 ad

528 4489 765 4558 priorem
799 4487 1008 4538 rediere
1038 4486 1454 4538 contumaciaru.

594 4576 864 4630 Praeterea
901 4588 1010 4642 qua
1035 4576 1244 4628 ratione
1300 4573 1388 4628 hic
1429 4573 1682 4644 unionem
1731 4573 1814 4628 vel
1869 4583 2115 4630 servaret

521 4666 974 4731 ttr‘rsenlcm,vel
1031 4667 1308 4718 absentem
1354 4664 1659 4731 requireret
1709 4674 1762 4717 et
1810 4675 2114 4733 revocaret,

525 4759 615 4827 qui
671 4759 880 4826 imperii
948 4755 1031 4810 sui
1087 4761 1327 4821 tempore
1365 4765 1596 4821 quatuor
1645 4756 1979 4819 patriarchas
2003 4755 2112 4823 (52)

526 4847 824 4916 abrogavit,
870 4847 1014 4899 hunc
1062 4843 1375 4908 instituens,
1411 4843 1559 4895 illum
1585 4843 2014 4914 ejicieus;quod
2064 4845 2114 4899 ei

525 4953 633 4991 non
665 4938 884 5001 licebat,
911 4937 954 4988 si
997 4934 1243 4988 lioruauo
1295 4933 1540 5000 pontifici
1570 4932 1655 4999 jus
1706 4949 1863 4988 suum
1915 4935 2114 4990 redde-

526 5039 628 5090 ret,
688 5028 832 5095 quod
891 5026 1112 5080 uuiouis
1162 5023 1366 5076 fwdera
1415 5024 1827 5093 compellereut.
1872 5023 1950 5080 Ex
1998 5041 2106 5097 qua

528 5129 634 5172 una
670 5132 748 5180 re,
785 5119 850 5170 de
886 5115 1112 5183 reliquis
1144 5113 1306 5168 etiam
1337 5115 1464 5168 licet
1495 5115 1783 5184 conjicere.

598 5210 767 5262 Porro
799 5208 844 5260 si
869 5207 990 5276 quis
1021 5220 1140 5260 eam
1183 5206 1448 5274 synodum
1479 5217 1688 5261 asserat
1709 5207 1876 5262 fuisse
1903 5208 2110 5265 violen—

525 5314 659 5365 tam,
697 5300 884 5354 eadem
929 5297 1142 5352 ratione
1169 5299 1405 5364 synodos
1435 5299 1562 5351 item
1595 5299 1831 5370 reliquas
1859 5312 2105 5357 evertere

526 5407 799 5462 cogemur,
829 5403 949 5458 qua:
975 5390 1026 5441 in
1061 5389 1140 5441 eis
1167 5401 1422 5441 concessa
1449 5396 1594 5452 sunt,
1623 5390 1871 5456 ambigua
1905 5404 2109 5458 ponen-

523 5494 607 5538 tes
637 5482 838 5547 omnia,
865 5496 931 5535 eo
953 5479 1094 5550 quod
1124 5494 1220 5548 per
1248 5478 1489 5546 singulas
1515 5477 1658 5546 leges
1684 5480 1847 5547 aliqui
1890 5479 2110 5546 fuerint,

598 5621 709 5690 (5|)
746 5620 906 5675 Estis
936 5619 1276 5690 Andronicus
1301 5619 1482 5690 senior
1515 5617 1846 5690 Palaeologus
1876 5625 1965 5689 qui
2001 5623 2102 5676 im-

523 5687 879 5764 periumiuiit
909 5691 1202 5764 secundum
1233 5687 1566 5755 Onnphriuru
1589 5703 1675 5764 an.
1711 5687 1912 5764 Christi
1939 5692 2094 5748 1283.

597 5762 708 5831 (52)
739 5760 996 5815 Videntur
1025 5773 1142 5815 esse
1173 5761 1258 5815 isti
1289 5769 1542 5828 qu.rtuor,
1605 5757 1830 5827 Bcccus,
1875 5761 2096 5833 Joseph,

2204 1958 2465 2027 prolatam
2514 1957 2834 2011 sententiain
2877 1957 3070 2018 relicti,
3119 1957 3468 2012 nihilominus
3508 1959 3756 2013 contradi-

2208 2057 2401 2100 xernnt
2431 2063 2444 2100 :
2474 2047 2614 2100 sicut
2636 2053 2690 2100 et
2714 2046 2767 2098 in
2825 2045 3057 2115 singulis
3121 2048 3528 2102 universalibus
3591 2045 3760 2102 conci-

2204 2136 2292 2193 liis
2314 2135 2604 2205 contigisse
2629 2136 2930 2198 cernimus,
2963 2150 3073 2190 non
3119 2145 3296 2191 tamen
3322 2137 3444 2192 ideo
3486 2137 3760 2192 sententias

2205 2229 2346 2293 illas,
2385 2230 2467 2283 vel
2518 2217 2778 2285 violenter
2826 2233 3082 2300 prolatas,
3135 2231 3222 2285 vel
3283 2232 3488 2298 irritas,
3523 2230 3761 2284 audemus

2206 2320 2408 2374 dicere.
2439 2318 2552 2374 Cur
2579 2319 2668 2373 id?
2697 2321 2820 2388 quia
2858 2334 3022 2388 caput
3047 2320 3302 2376 Ecclesiae
3354 2321 3628 2386 intererat,
3655 2321 3758 2375 siue

2208 2424 2318 2480 quo
2352 2409 2567 2477 negotia
2603 2408 2982 2482 ecclesiastica
3009 2411 3190 2479 dirigi,
3210 2412 3487 2479 statuique
3523 2424 3622 2463 non
3655 2423 3760 2477 pos-

2207 2511 2355 2562 sant,
2387 2509 2442 2554 et
2474 2500 2588 2565 qui,
2637 2501 2680 2554 si
2713 2499 2858 2555 adsit
2883 2502 3092 2570 synodo
3118 2517 3239 2556 cum
3273 2502 3754 2572 quolibethomttem

2208 2592 2276 2646 de
2310 2591 2412 2645 fide
2445 2593 2770 2646 sententiam
2799 2593 2926 2647 inde
2957 2603 3268 2649 manantem
3300 2595 3488 2650 falsam
3516 2606 3630 2649 esse
3662 2607 3758 2646 non

2211 2697 2392 2751 posse,
2425 2691 2478 2738 et
2526 2697 2648 2736 esse
2702 2683 3040 2737 verissimam
3077 2685 3374 2740 credimus.
3428 2685 3596 2740 Aliter
3631 2682 3761 2737 enirn

2211 2775 2391 2828 oumia
2444 2774 2816 2830 ecclesiastica
2859 2785 3020 2828 erunt
3071 2777 3371 2846 ambigua;
3409 2789 3585 2845 neque
3620 2785 3767 2828 nosse

2208 2863 2431 2918 certius'
2450 2862 2746 2927 poterimus
2793 2877 2915 2930 qua
2967 2877 3091 2917 vera
3149 2873 3299 2930 sunt,
3329 2879 3631 2934 quanquam
3679 2873 3765 2914 cur

2217 2969 2324 3008 non
2362 2953 2540 3020 potius
2574 2955 2726 3022 pacis
2762 2953 2906 3008 illius
2962 2955 3306 3010 eversionem
3343 2954 3763 3010 violentissimam

2212 3045 2478 3113 dicamus,
2509 3063 2631 3117 qua:
2655 3059 2707 3100 et
2751 3049 3070 3103 universalis
3125 3049 3348 3106 concilii
3397 3051 3613 3106 decreta
3656 3061 3766 3117 pcr-

2206 3139 2387 3201 vertit,
2415 3139 2564 3206 quod
2589 3145 2642 3192 et
2673 3138 2950 3192 Romanus
2968 3139 3254 3208 episcopis
3281 3154 3520 3210 prmus
3540 3150 3762 3207 compro-

2205 3229 2373 3283 bavit.
2835 3227 2838 3230 ’

2274 3318 2339 3372 Et
2370 3329 2517 3374 certe
2545 3321 2596 3374 in
2625 3319 3022 3376 aniversatibus
3051 3322 3270 3391 synodis
3301 3324 3482 3386 nullas,
3515 3321 3605 3376 illo
3644 3330 3764 3389 pm-

2204 3420 2378 3473 seme,
2407 3409 2526 3464 latae
2572 3411 2852 3465 sententia
2891 3413 3254 3479 reprehensa,
3292 3414 3402 3471 ulta
3445 3427 3668 3482 unquam
3691 3407 3763 3462 rel

2205 3500 2360 3554 locali
2391 3501 2616 3570 synodo,
2650 3503 2736 3555 vel
2759 3501 3048 3568 cujuslibet
3097 3505 3329 3559 audacia
3379 3503 3594 3575 rejectre
3632 3508 3762 3555 sunt.

2206 3589 2431 3644 Plurimi
2485 3605 2613 3646 vero
2661 3594 3046 3647 venerabiliurn
3097 3595 3496 3664 episcoporum,
3527 3608 3642 3663 qua:
3679 3593 3765 3646 lie-

2204 3679 2356 3744 bant,
2396 3674 2777 3750 increpabant;
2808 3683 3005 3752 quibus
3046 3684 3228 3750 facile,
3257 3700 3368 3755 pro
3405 3689 3764 3748 houestate,et

2203 3771 2488 3839 sapientia,
2522 3772 2979 3842 dignitatibusque
3003 3776 3323 3831 thronorurn
3357 3775 3763 3833 concedebatur:

2181 3851 2438 3929 ‘quoruus
2470 3863 2637 3916 etiam
2679 3862 2924 3917 nonnulli
2975 3866 3467 3923 contradictionem
3499 3866 3769 3922 adversqu

2204 3952 2332 4007 illos
2378 3953 2796 4022 reliqueruntin
2846 3956 3273 4023 commentariis,
3304 3959 3421 4024 eiii,
3468 3955 3770 4029 publicatio-

2204 4055 2321 4103 ues,
2353 4050 2406 4095 et
2431 4056 2696 4106 carceres,
2726 4051 2782 4096 et
2809 4042 3002 4096 exsilia
3025 4057 3122 4110 pro
3145 4057 3270 4098 vera
3298 4046 3574 4116 opinione,
3598 4052 3650 4098 et
3675 4039 3769 4094 ﬁdo

2204 4127 2540 4195 pertulerunt
2570 4147 2584 4182 :
2612 4145 2704 4198 per
2754 4145 2940 4199 quam,
2974 4129 3344 4188 Ecclesiarum
3381 4148 3487 4204 pax
3543 4132 3770 4200 subjecta

2205 4217 2423 4273 Patrum
2458 4221 2725 4290 theologia
2755 4222 2892 4276 facta
2914 4233 3021 4280 est.

2275 4309 2508 4365 Prorsus
2549 4326 2704 4373 vero.
2741 4322 2800 4367 et
2825 4329 2888 4366 ex
2923 4316 3126 4368 nostris
3164 4331 3452 4386 nunquam
3487 4315 3773 4386 defuerunt

2205 4415 2274 4455 ex
2300 4401 2409 4463 his,
2449 4401 2541 4469 qui
2584 4401 2790 4470 aliquid
2821 4419 2934 4458 esse
2979 4383 3318 4473 ridebantur,
3350 4409 3484 4476 quin
3529 4383 3772 4458 Iiomatm

2139 4492 2470 4554 DEcclesize
2523 4495 2780 4557 faverint,
2832 4509 3058 4549 suorum
3111 4497 3331 4564 quidem
3383 4497 3768 4565 reparationem

2213 4585 2667 4649 irrationabilena,
2701 4594 2754 4639 et
2801 4595 2996 4652 praeter
3039 4587 3452 4644 ecclesiasticas
3481 4588 3641 4656 leges,
3676 4582 3770 4634 Pa-

2209 4681 2462 4741 tremque
2492 4674 2811 4738 theologiam
2853 4689 2976 4728 esse
3009 4675 3374 4742 arbitrantes;
3409 4690 3470 4730 se
3507 4685 3678 4727 autem
3708 4667 3768 4722 ad

2211 4761 2339 4818 illos
2390 4763 2734 4817 conferentes
2789 4764 3101 4832 ignominiis
3137 4765 3358 4833 quidem
3411 4763 3610 4828 aﬂecti,
3665 4761 3772 4815 sive

2215 4853 2381 4906 etiam
2421 4851 2590 4920 fugati
2619 4851 2691 4905 ob
2714 4855 2828 4908 veri
2858 4851 3277 4918 confessionem,
3307 4864 3478 4924 atque
3510 4851 3770 4909 conﬁden-

2211 4944 2390 4997 tiam:
2437 4945 2636 5011 quibus
2666 4945 2838 5013 ctqoi
2895 4945 3010 4998 haec
3059 4947 3298 5013 scripsit,
3350 4932 3634 5015 adjunctus
3673 4951 3768 5004 εει,

2209 5039 2523 5107 gratiasque
2565 5036 2695 5100 Deo,
2727 5037 2871 5105 quod
2917 5037 3006 5090 his
3034 5038 3226 5106 dignus
3264 5039 3480 5092 habitus
3511 5049 3612 5092 est.
3643 5034 3770 5089 Por-

2215 5129 2341 5183 titer
2369 5139 2550 5182 autem
2593 5127 2832 5182 ferentes
2857 5129 3063 5192 omnia,
3117 5140 3316 5196 prater
3347 5129 3650 5199 hujusmodi
3696 5139 3773 5178 re-

2207 5221 2436 5285 positam
2497 5221 2828 5285 ruereedern,
2881 5221 3337 5289 quemadmodum
3398 5231 3455 5275 et
3511 5219 3771 5290 prioribus

2211 5309 2539 5377 temporibus
2593 5309 2842 5378 plurimis
2907 5313 3157 5381 contigit,
3221 5326 3343 5367 eum
3406 5328 3510 5382 pro
3553 5311 3770 5367 veritate

2214 5397 2336 5452 lidei
2369 5399 2538 5453 libere
2563 5409 2810 5468 agerent,
2839 5402 3387 5471 contradicentesque
3416 5401 3768 5456 revincerent.

2211 5487 2316 5542 Pro
2343 5504 2449 5558 quo
2498 5506 2632 5546 sane
2663 5491 3010 5546 admirationi
3057 5500 3113 5544 et
3156 5494 3490 5547 venerationi
3549 5490 3771 5562 posteris

2211 5627 2508 5702 Qregorius
2532 5603 2646 5684 sive
2672 5607 2947 5700 Georgius
2978 5631 3232 5702 Cyprius,
3266 5630 3613 5702 Athanasius.
3640 5625 3774 5694 Lege

2178 5688 2564 5770 ~Nicephorum
2591 5688 2886 5770 ϐιοθεοωῖιι
2911 5702 3005 5756 lib.
3021 5688 3092 5757 ’ἐι
3117 5712 3172 5757 et
3197 5688 3266 5757 vn
3295 5701 3571 5758 Historiae.
