4052 6438
507 369 613 431 207

1771 375 2166 458 MANUELIS
2195 375 2502 438 (τηερε

3638 381 3730 447 208

507 496 613 552 cst,
653 487 756 542 hoc
803 501 831 541 a
889 486 1216 557 quibusdam
1268 496 1452 558 postea
1507 489 1677 561 gestis
1726 491 2079 558 synodalibus
2109 488 2352 556 Apisse.
2411 491 2484 546 de
2526 488 2724 559 quibus
2778 486 2920 544 nulla
2978 498 3124 545 esset
3171 489 3317 546 facta
3370 491 3584 548 mentio.
3639 495 3734 550 Aut

515 579 848 648 appositum,
881 580 1010 635 hinc
1061 582 1352 638 ostendere
1396 582 1720 649 nitentibus,
1771 583 2084 652 huiusmodi

514 670 850 725 additionem
887 671 1050 726 fuisse
1082 673 1442 741 prohibitam;
1475 674 1576 730 hoc
1612 681 1795 730 autem
1822 673 2086 730 rationem

511 775 616 815 non
651 763 872 826 habere,
905 764 1244 833 perspicuum
1274 774 1380 820 est.

581 851 826 908 Primum
863 856 1098 923 quidem,
1133 858 1391 925 quoniam
1437 858 1488 912 in
1519 859 1686 930 gestis
1714 857 1882 930 huius
1920 872 2089 930 syno-

513 944 592 1009 di,
624 947 1132 1001 commentariolum
1170 947 1282 1018 (64)
1321 951 1595 1020 quoddam
1623 960 1728 1016 est,
1755 966 1941 1007 eorum
1970 965 2091 1020 qua:

513 1036 567 1090 in
600 1051 667 1090 eo
697 1037 927 1092 concilio
966 1049 1124 1093 erant
1169 1040 1509 1097 discutienda
1541 1043 1943 1113 expositionem
1995 1059 2091 1114 per

511 1127 757 1181 ordinem
793 1129 1105 1193 continens,
1141 1131 1284 1200 quod
1323 1131 1486 1201 legati
1534 1134 1743 1204 synodo
1793 1148 2090 1203 proposue—

514 1227 678 1272 runt:
707 1221 1154 1275 commentarium
1184 1219 1288 1276 sibi
1324 1237 1352 1275 a
1379 1238 1592 1278 summo
1623 1225 1879 1292 pontifice
1907 1225 2088 1279 datum

513 1318 844 1373 asserentes,
880 1319 938 1364 ut
977 1311 1356 1386 meminissent
1389 1329 1509 1384 quae
1555 1315 1608 1370 in
1655 1331 1719 1370 ea
1753 1317 1962 1386 synodo
2003 1317 2090 1372 vel

514 1401 774 1466 dicenda,
808 1402 893 1458 vel
947 1385 1199 1458 facientia
1247 1416 1450 1461 essent.
1497 1406 1683 1477 Neque
1735 1385 1880 1466 enim
1922 1411 1975 1463 in
2024 1425 2091 1466 eo

516 1492 815 1560 quidquam
864 1493 929 1547 de
975 1493 1253 1549 additione
1293 1497 1430 1568 (65),
1464 1499 1545 1553 vel
1578 1499 1644 1553 de
1682 1499 1938 1568 Symbolo
1970 1517 2092 1556 om-

518 1583 647 1636 nino
691 1583 953 1651 scriptum
997 1595 1107 1640 est.
1157 1585 1223 1640 Et
1278 1598 1426 1644 certe
1479 1589 1534 1642 id
1586 1591 1638 1643 in
1677 1591 1851 1659 prima
1909 1594 2091 1648 statim

519 1671 696 1725 fronte
737 1677 1041 1741 ponendum
1093 1675 1215 1742 fuit,
1275 1678 1390 1732 sive
1446 1693 1476 1732 a
1536 1679 1782 1735 Romano
1839 1683 2094 1755 pontifice

519 1763 626 1815 illis
654 1765 719 1815 de
750 1764 851 1817 hoc
875 1763 1065 1819 fuisset
1087 1767 1382 1836 quidquam
1415 1769 1763 1839 imperatum,
1791 1771 1905 1827 sive
1926 1774 2089 1828 etiam

2194 581 2338 634 enim
2384 581 2756 651 principaliter
2799 595 2864 636 ea
2908 595 2996 636 res
3023 582 3234 652 agenda
3267 583 3390 650 fuit,
3421 594 3508 639 aut
3539 601 3636 640 non
3671 589 3735 642 ita

2195 681 2589 740 praetereunter
2621 683 2676 728 et
2716 671 3120 742 intempestive,
3150 682 3204 728 et
3231 684 3427 742 praeter
3451 675 3629 750 locum
3653 677 3738 732 de-

2195 761 2364 817 bitum
2399 765 2628 832 agenda.
2663 764 2779 820 Etsi
2806 765 2950 820 enim
2975 779 3006 819 a
3030 766 3240 834 synodo
3265 766 3465 821 dictum
3489 768 3737 824 conceda-

2197 867 2337 917 mus,
2357 852 2493 906 nihil
2519 861 2698 907 tamen
2726 855 2791 908 de
2822 852 3128 922 huiusmodi
3159 855 3456 924 quaestione
3481 855 3738 922 declarat;

2197 957 2373 1011 neque
2412 943 2498 998 his
2532 945 2876 1010 adversatur,
2908 959 3030 1015 quae
3075 944 3220 1001 dicta
3263 955 3412 1004 sunt.
3445 947 3547 1002 Aut
3592 949 3744 1014 enim,

2197 1043 2258 1088 ut
2289 1035 2493 1088 dictum
2526 1043 2630 1099 est,
2667 1034 2789 1090 fidei
2818 1035 3046 1090 alterius
3077 1034 3432 1104 adiectionem
3467 1036 3743 1103 interdicit,

2198 1135 2470 1195 rectaeque
2499 1125 2870 1191 abolitionem,
2905 1127 3024 1183 sive
3064 1127 3223 1190 alias,
3265 1143 3368 1182 non
3415 1142 3474 1181 se
3520 1127 3745 1184 Ecclesia

2199 1215 2303 1270 hac
2346 1225 2611 1286 potestate
2652 1218 2849 1286 privat.
2887 1218 3206 1290 Quanquam
3245 1218 3426 1273 dicere
3457 1232 3747 1286 possumus,

2199 1306 2302 1362 hac
2347 1307 2639 1373 sententia,
2673 1309 2718 1363 si
2767 1308 3100 1373 conciliisit,
3160 1324 3266 1378 qua
3313 1309 3634 1365 declaratum
3665 1312 3745 1376 sit,

2201 1389 2334 1454 nihil
2379 1412 2630 1470 oportere
2684 1401 2925 1464 auferri,
2979 1403 3032 1456 id
3082 1413 3413 1472 praeceptum
3468 1403 3648 1468 fuisse,
3691 1417 3750 1457 ne

2199 1489 2506 1546 auferretur
2559 1490 2991 1549 Occidentalium
3045 1493 3276 1560 additio,
3330 1510 3491 1566 quam
3544 1509 3748 1550 accusa-

2199 1581 2348 1636 bant.

2271 1672 2328 1725 Si
2367 1671 2549 1740 igitur,
2591 1681 2649 1725 nt
2684 1687 2848 1743 supra
2880 1673 3216 1730 declaratum
3245 1684 3352 1740 est,
3389 1683 3445 1731 et
3475 1681 3596 1729 ante
3621 1672 3748 1727 Pho-

2201 1764 2334 1817 tium
2387 1763 2571 1818 multis
2617 1776 2741 1819 ante
2787 1766 3147 1835 temporibus,
3197 1766 3508 1836 Symbolum
3547 1767 3611 1820 ab
3654 1766 3750 1818 illis
3819 1795 3827 1805 -

517 1855 761 1925 synodus
787 1857 900 1920 illa,
923 1871 1086 1925 quam
1121 1860 1647 1930 quadringentorum
1681 1863 1854 1918 ferme
1882 1866 2093 1933 episco-
2126 1843 2168 1902 Β
2196 1871 2318 1910 Cum
2342 1855 2617 1911 addilione
2657 1856 2955 1926 lesebatur.
2997 1858 3220 1928 ἱρεείιυε
3252 1859 3480 1926 Primus:
3508 1871 3624 1912 cum
3653 1855 3750 1909 νοιί

517 1961 711 2014 porum
755 1947 1012 2015 implebat
1060 1965 1339 2015 numerus,
1368 1951 1736 2022 blasphemam
1773 1955 1912 2010 hanc
1940 1958 2097 2010 addi-

519 2043 722 2095 tionem
763 2045 1013 2110 putabat,
1044 2061 1142 2099 cur
1173 2061 1277 2101 non
1317 2048 1687 2118 principaliter
1721 2051 1788 2106 de
1820 2051 1905 2106 illa
1932 2055 2094 2107 verba

520 2133 688 2186 fecit?
737 2134 811 2187 ita
856 2135 1000 2189 enim
1036 2136 1087 2188 in
1131 2137 1568 2205 praecedentibus
1611 2141 1832 2210 synodis
1887 2141 1952 2195 de
1994 2140 2098 2196 fide

511 2224 694 2292 primo
740 2223 857 2290 loco
885 2239 1103 2296 semper
1132 2229 1415 2297 agelatur.
1451 2229 1563 2284 Cur
1591 2241 1772 2286 autem
1821 2231 1874 2285 in
1927 2231 2096 2286 Deum

521 2313 1024 2390 blasphemantibus
1061 2319 1483 2384 conveniebant,
1545 2321 1786 2390 ipsisque
1841 2321 1910 2376 de
1967 2336 2099 2377 con-

518 2407 704 2460 cordia
737 2409 802 2461 ad
838 2408 1069 2464 invicem
1105 2412 1306 2464 tuenda
1357 2413 1826 2482 obtemperabant,
1860 2413 1943 2469 vel
1979 2430 2098 2468 om-

520 2497 651 2550 nino
699 2499 800 2551 sub
849 2499 1066 2556 silentio
1117 2515 1179 2556 se
1233 2503 1628 2557 continebant?
1674 2503 1903 2569 Quando
1967 2521 2098 2561 vero

471 2617 484 2634 .
522 2584 657 2636 nihil
707 2586 911 2641 dixisse
959 2591 1406 2657 comprobantur,
1467 2591 1554 2644 cui
1597 2606 1706 2645 non
1755 2593 2098 2660 perspicuum

518 2675 611 2740 sit,
645 2691 828 2730 verum
879 2692 973 2730 eos
1016 2679 1161 2731 illam
1195 2679 1526 2734 additionem
1570 2683 1956 2738 existimasse?
1996 2683 2102 2745 Ne-

519 2782 626 2836 que
666 2769 811 2822 enim
844 2769 950 2823 dici
998 2780 1196 2839 potest,
1243 2757 1363 2824 illos
1405 2771 1682 2840 ignorasse
1720 2773 1944 2829 Latinos
1976 2791 2098 2830 cum

519 2859 798 2913 additione
847 2858 1163 2930 Symbolum
1220 2861 1419 2930 legere,
1455 2878 1577 2916 cum
1631 2863 1683 2917 id
1717 2861 1914 2919 Oriens
1955 2875 2099 2923 totus
2174 2870 2177 2873 ’

512 2946 627 3017 iam
658 2959 782 3005 tunc
809 2951 999 3006 saltem
1035 2967 1065 3005 a
1093 2952 1233 3006 beati
1273 2951 1492 3007 Maximi
1523 2955 1862 3024 temporibus
1889 2957 2098 3012 didice-

519 3039 627 3092 rit?

591 3129 828 3199 Deinde,
891 3143 952 3188 ut
1001 3135 1393 3200 concedamus,
1455 3134 1702 3191 Pbotium
1763 3139 2164 3233 additionemc

518 3239 629 3276 non
668 3223 956 3278 admisisse
986 3240 1001 3278 ε
1031 3225 1349 3281 rationabile
1391 3236 1536 3282 certe
1572 3243 1680 3283 non
1706 3240 1843 3295 erat,
1873 3243 2093 3299 postca-

524 3330 684 3384 quam
736 3331 763 3369 a
804 3318 1050 3370 ltomauo
1083 3318 1338 3385 pontifice
1386 3318 1695 3386 patriarcha
1731 3321 2091 3379 confirmatus

521 3407 720 3472 fuerat,
749 3409 970 3460 verbum
1001 3410 1067 3463 de
1116 3409 1390 3463 additione
1423 3425 1639 3464 movere
1677 3427 1690 3462 :
1726 3426 1813 3476 ne,
1853 3413 1943 3466 vix
1976 3422 2097 3468 tan-

520 3499 644 3554 dem
684 3500 790 3554 voti
841 3515 1060 3570 compos
1093 3501 1339 3566 eliectus,
1382 3518 1480 3571 per
1509 3503 1657 3558 illum
1705 3519 1896 3559 rursus
1926 3505 2094 3560 abro-

507 3602 705 3660 gatus,
758 3592 1033 3646 amitteret
1084 3593 1286 3646 omnia.
1327 3591 1472 3647 Satis
1522 3604 1703 3647 autem
1744 3601 1864 3647 erat
1897 3596 2094 3664 legatis

521 3693 686 3750 atque
717 3681 813 3750 ipsi
852 3684 904 3734 in
948 3681 1139 3749 primis
1170 3680 1414 3736 Romano
1456 3683 1722 3751 pontifici,
1748 3683 2092 3750 subiectione

521 3774 626 3829 sibi
687 3776 918 3839 reddita,
951 3775 1017 3828 de
1069 3774 1282 3829 caeteris
1321 3775 1442 3828 illos
1494 3784 1640 3830 recte
1693 3775 1897 3830 sentire
1946 3776 2132 3834 arbi-.

519 3865 680 3921 trari.
720 3866 908 3936 itaque
951 3866 1085 3920 nihil
1133 3866 1274 3919 ultra
1329 3865 1692 3935 inquirentes,
1735 3868 1946 3936 reliqua
1981 3869 2094 3924 suis

522 3957 656 4011 locis
685 3973 904 4010 manere
933 3957 1315 4027 permiserunt.

587 4048 663 4101 Et
714 4050 841 4103 illud
886 4059 1065 4104 autem
1107 4049 1308 4102 indicat
1351 4047 1620 4115 adjectum
1667 4062 1696 4100 a
1744 4047 2094 4117 quibusdam.

520 4141 672 4211 quod
727 4143 1000 4205 diximus,
1052 4143 1194 4210 quod
1245 4149 1374 4209 .pusi
1422 4139 1651 4207 plurima
1703 4141 2096 4208 imperatorum

526 4233 696 4298 anni,
763 4235 1300 4302 subscriptionesque
1371 4229 1751 4298 episcOporum
1821 4233 2095 4285 adnotata:

527 4326 656 4388 sint,
684 4333 737 4378 et
760 4325 931 4393 gloria
969 4325 1172 4378 reddita
1199 4323 1269 4376 sit
1296 4318 1429 4386 Deo,
1453 4336 1552 4388 pro
1581 4319 1844 4372 Ecclesia:
1873 4321 2094 4375 unione.

527 4416 657 4481 Quae
681 4417 858 4468 omnia
887 4417 938 4469 in
969 4415 1072 4468 fine
1096 4425 1374 4481 gestorum
1398 4410 1736 4480 synodalium
1763 4411 2096 4468 scribuntur.

2199 1961 2315 2007 non,
2343 1948 2632 2014 potiretur,
2659 1949 2987 2005 additionem
3030 1951 3383 2006 discessionis
3415 1951 3610 2018 reperit
3633 1964 3744 2004 cau-

2199 2053 2338 2102 sam,
2371 2048 2428 2091 ut
2470 2039 2669 2108 passim
2708 2040 2810 2095 sibi
2854 2040 3045 2095 liceret
3075 2045 3215 2096 votis
3245 2043 3451 2112 perfrui
3501 2061 3515 2097 :
3551 2055 3754 2110 compos

2198 2140 2381 2182 autem
2417 2131 2497 2184 sui
2529 2131 2804 2186 desiderio
2841 2131 3090 2197 effectus,
3120 2133 3326 2188 nullum
3351 2134 3486 2188 ultra
3525 2147 3584 2186 ea
3615 2135 3678 2186 de
3706 2145 3756 2185 re

2199 2224 2428 2274 verbum
2463 2221 2649 2286 movit,
2675 2223 3186 2292 subiectionemque
3209 2225 3450 2279 debitam
3476 2239 3570 2294 per
3589 2223 3752 2278 omnia

2201 2327 2413 2367 summo
2441 2314 2680 2381 pontifici
2719 2316 2954 2370 reddidit
2989 2315 3128 2386 (67),
3157 2331 3337 2371 nonne
3359 2317 3530 2386 liquet
3559 2329 3622 2370 ex
3647 2329 3754 2369 om-

2202 2405 2380 2469 nibus,
2424 2421 2529 2460 non
2562 2407 2917 2472 additionem;
2947 2407 3038 2463 sed
3067 2409 3378 2478 superbiam
3427 2410 3622 2477 potius,
3647 2415 3699 2462 et
3729 2419 3754 2459 a

2203 2495 2420 2550 nemine
2470 2498 2608 2551 velle
2649 2499 2906 2568 iudicari,
2943 2499 3254 2554 schismatis
3307 2499 3478 2555 fuisse
3517 2494 3756 2554 causam?

2203 2586 2350 2641 Obiit
2372 2597 2550 2642 autem
2584 2588 2832 2654 Photius,
2854 2605 2976 2644 cum
3001 2601 3148 2646 esset
3180 2591 3545 2648 Ecclesiarum
3569 2589 3756 2650 unitas,

2202 2692 2321 2746 quae
2357 2689 2480 2748 post
2523 2680 2674 2734 illum
2710 2697 2807 2750 per
2853 2681 3039 2736 decem
3079 2689 3133 2736 et
3175 2693 3390 2751 septem
3435 2680 3758 2752 patriarchas

2201 2769 2439 2825 duravit.

2273 2861 2350 2916 Ex
2381 2879 2490 2933 quo
2517 2877 2648 2920 sane
2663 2874 2900 2930 constat,
2928 2865 3254 2922 celebratam
3277 2865 3383 2923 sub
3402 2866 3591 2922 Photio
3609 2877 3761 2936 syno-

2201 2957 2326 3012 dum
2381 2957 2622 3028 Symboli
2675 2959 3008 3014 additionem
3059 2974 3244 3014 veram
3305 2969 3363 3014 et
3405 2955 3760 3014 rationabilem

2201 3047 2574 3115 existimasse,
2633 3049 2918 3120 ipsumque
2985 3050 3133 3105 illum
3197 3047 3462 3106 Romana:
3525 3047 3762 3104 Ecclesiae

2199 3138 2638 3192 communionem
2663 3141 2911 3208 elegisse,
2937 3141 3119 3210 priore
3141 3141 3354 3210 abiecta
3385 3139 3759 3203 controversia,

2198 3246 2322 3302 quae
2351 3231 2426 3284 illi
2465 3240 2526 3285 ut
2561 3233 2763 3304 homini
2800 3234 3137 3302 obrepserat.

2273 3323 2497 3390 Deinde,
2531 3332 2590 3381 ut
2629 3325 2706 3379 ait
2746 3325 3042 3395 praedictus
3067 3327 3365 3383 historicus
3393 3328 3586 3399 Scylex
3614 3323 3758 3397 [Scy-

2201 3414 2336 3486 lax],
2373 3415 2601 3472 Michael
2635 3418 2948 3487 patriarcha
2983 3431 3347 3488 cognomento
3389 3420 3613 3476 Cernlus
3645 3415 3760 3487 [Ce-

2203 3506 2516 3578 rularius],
2579 3507 2702 3562 aliis
2765 3523 2981 3562 rursum
3048 3511 3461 3577 emergentibus
3519 3507 3758 3568 casibus,

2204 3596 2394 3664 quales
2456 3597 2768 3652 hominibus
2827 3611 2968 3667 saepe
3021 3599 3448 3665 superveniunt,
3506 3596 3760 3663 simulque

2205 3686 2482 3742 invidente
2528 3689 2680 3757 pacis
2731 3688 3063 3754 adversario,
3098 3687 3410 3746 Romanum
3466 3688 3757 3761 pontificem

2203 3785 2424 3847 promer
2482 3792 2668 3848 azyma
2743 3779 3014 3848 diptychis
3070 3779 3270 3849 deiecit
3331 3781 3468 3853 (68).
3528 3777 3759 3834 Habebat

2201 3875 2382 3920 autem
2416 3865 2655 3921 fautores
2696 3867 2956 3936 patricios
2999 3869 3155 3933 duos,
3183 3877 3236 3924 et
3270 3867 3530 3926 Ecclesia:
3557 3880 3761 3934 corrup-

2206 3957 2398 4012 tiorem
2441 3965 2494 4012 et
2542 3937 2939 4012 seditiosiorem
2986 3969 3190 4027 partem
3240 3975 3256 4010 :
3308 3962 3568 4028 additque
3613 3955 3760 4010 aliam

2203 4049 2307 4102 viri
2336 4047 2717 4124 din‘erentiam,
2751 4050 2820 4104 ob
2850 4065 3010 4119 quam
3055 4052 3248 4106 merito
3274 4053 3529 4108 videntur
3550 4051 3763 4118 elegisse

2205 4141 2432 4195 seorsim
2490 4141 2690 4196 vivere.
2757 4143 3098 4212 Quanquam,
3153 4145 3198 4197 si
3262 4145 3558 4201 additionia
3612 4155 3764 4198 causa

2209 4230 2513 4285 Romanum
2587 4232 2894 4302 episcopum
2950 4233 3218 4303 diptychis
3270 4233 3472 4301 eiecit,
3525 4248 3618 4289 cur
3663 4244 3762 4285 non

2205 4323 2368 4377 etiam
2418 4323 2603 4392 prius?
2658 4321 2716 4375 Si
2761 4331 2937 4376 autem
2997 4331 3216 4391 prapter
3246 4338 3463 4394 azyma,
3515 4324 3583 4377 ab
3617 4320 3763 4376 initio

2204 4413 2446 4469 Romana
2487 4413 2728 4468 Ecclesia
2771 4415 2854 4468 his
2883 4413 3191 4468 sacrificare
3235 4415 3540 4472 consuevit.
3573 4411 3760 4468 Verum

529 4508 685 4574 Quod
719 4516 897 4562 autem
933 4509 1000 4562 de
1031 4523 1136 4560 non
1173 4498 1478 4574 adiiciendo
1504 4506 1589 4559 vel
1619 4485 1914 4558 auferendo
1949 4505 2095 4575 adie—
2127 4509 2171 4564 D
2201 4507 2365 4560 etiam
2398 4506 2442 4560 si
2490 4505 2614 4574 quis
2645 4505 2959 4573 diligentius
2997 4505 3446 4573 inquirat,_aliarn
3473 4502 3761 4574 deprehen-

529 4612 675 4656 etum
727 4610 812 4655 est
842 4600 1071 4654 seorsim
1107 4597 1340 4664 positum
1375 4594 1512 4665 (66),
1559 4603 1613 4648 et
1646 4594 1714 4648 ab
1758 4594 1880 4649 aliis
1916 4606 2104 4665 aperte

534 4693 868 4763 disiunctum
898 4700 951 4744 et
979 4695 1289 4757 separatum
1319 4697 1423 4740 est.
1451 4685 1566 4739 Non
1602 4685 1769 4755 igitur
1801 4687 2105 4756 suscipien-

526 4785 655 4837 dum
697 4790 779 4835 est
806 4788 930 4848 post
972 4791 1160 4832 eorum
1194 4789 1316 4844 qua:
1349 4773 1786 4842 inquirebantur,
1820 4777 2101 4830 enodatio-

529 4888 679 4936 ncm,
718 4881 837 4940 post
869 4870 1200 4936 compositas
1231 4883 1340 4932 res,
1367 4875 1490 4934 post
1514 4865 1675 4920 finem
1708 4867 1938 4936 denique
1967 4883 2100 4923 con-

527 4964 663 5028 cilii,
709 4971 829 5030 post
875 4962 966 5013 illa
1002 4976 1122 5029 qua:
1153 4958 1204 5012 in
1238 4957 1342 5012 fine
1375 4957 1703 5028 synodorum
1737 4958 1931 5029 apponi
1962 4974 2099 5014 con-

529 5063 852 5116 sueverunt,
898 5049 1118 5105 ru’rsum
1166 5050 1284 5104 illos
1319 5060 1507 5118 putare
1555 5051 1622 5105 de
1665 5051 1748 5105 his
1797 5068 1956 5121 agere
1989 5069 2100 5110 cm-

602 5171 714 5240 (61)
748 5170 1222 5240 Commentarinm
1243 5184 1337 5224 seu
1360 5169 1848 5240 commonitorium
1875 5171 1977 5240 hoc
2002 5171 2102 5224 ba-

519 5237 624 5301 ‘bes
653 5237 792 5307 apud
822 5241 1112 5295 Baronium
1128 5239 1328 5301 879,11.
1345 5239 1435 5304 47,
1454 5240 1544 5292 sed
1564 5237 1817 5292 falsatum
1837 5254 1866 5292 a
1885 5239 2099 5296 Photio.

599 5313 712 5382 (65)
738 5311 952 5382 Aliquid
956 5322 1154 5382 _actum
1180 5325 1296 5363 esse
1319 5310 1372 5382 in
1439 5311 1537 5362 hac
1579 5308 1990 5382 pseudosynodo
2038 5311 2104 5364 de

530 5376 624 5437 illa
645 5376 924 5434 additione
942 5379 1207 5448 Filioque,
1233 5381 1449 5431 tradunt
1483 5376 2096 5448 recentiores’schisma-

529 5453 621 5506 tici
657 5450 854 5513 Grmci,
883 5444 1146 5518 quietiam
1169 5449 1508 5518 mentiuntur
1548 5444 1841 5518 :ioaanlli
1903 5447 2095 5512 pontii.

529 5515 985 5583 consensissefut
1023 5517 1150 5572 illud
1176 5516 1415 5586 Filioque
1441 5532 1506 5570 ex
1539 5515 1793 5586 Symbolo
1820 5530 2096 5584 expunge-

529 5603 702 5644 retur.
735 5591 952 5659 Aliquid
985 5600 1130 5642 certe
1157 5591 1220 5642 de
1245 5585 1344 5659 hac
1375 5587 1648 5659 additione
1677 5585 1855 5659 fuisse
1893 5594 2093 5659 actum,

533 5660 688 5713 testis
715 5671 798 5714 est
841 5654 1007 5714 ‘sexta
1029 5660 1202 5712 sessio
1261 5657 1407 5708 illius
1465 5654 1612 5706 falsa
1666 5655 1887 5722 synodi.
1937 5656 2092 5720 cujus

532 5741 801 5782 summam
836 5727 1330 5788 recitat'liaronius,
1363 5739 1504 5776 anno
1547 5721 1744 5775 Christi
1797 5721 1920 5775 879.
1981 5725 2089 5778 t‘iisi

526 5800 714 5855 dicere
735 5801 980 5867 velimus,
1013 5800 1154 5867 quod
1182 5796 1400 5866 quidam
1423 5791 1565 5847 haud
1586 5803 1784 5847 temere
1809 5793 2092 5864 suspican-

2201 4600 2292 4654 dct
2337 4612 2458 4654 esse
2505 4596 2867 4665 separationis
2924 4610 3168 4650 causam.
3208 4593 3325 4648 Jam
3379 4596 3525 4651 enim
3573 4593 3760 4648 dudum

2199 4686 2499 4742 assuefacti
2544 4685 2732 4756 iugum
2779 4685 3104 4740 obedientia:
3134 4694 3420 4749 excutere,
3461 4685 3634 4739 locum
3665 4679 3757 4734 sibi

2197 4779 2549 4846 dignitatum,
2615 4784 2668 4832 et
2736 4777 3072 4832 excellentiae
3134 4776 3415 4830 nominum
3484 4775 3551 4829 ab
3613 4770 3762 4826 initio

2201 4870 2513 4926 schismatis
2549 4867 2727 4946 hiqui
2767 4873 3063 4937 praeerant,
3099 4875 3455 4936 aperuerunt,
3488 4865 3762 4920 honestate

2200 4964 2480 5017 nominum
2523 4960 2885 5017 sacerdotium
2929 4975 3086 5013 suum
3123 4973 3322 5012 ornare
3351 4956 3759 5014 contendentes.

2207 5053 2362 5108 Alius
2397 5051 2542 5104 enim
2585 5049 2932 5102 uniuersalem
2980 5047 3342 5114 patriarcham
3387 5046 3623 5115 seipsum
3677 5053 3764 5107 ap-

2206 5179 2312 5234 tur,
2339 5176 2505 5222 totam
2540 5165 2683 5219 hanc
2714 5163 2976 5236 synodum
3004 5160 3169 5236 fuisse
3201 5161 3374 5236 Pho_tii
3401 5164 3754 5236 commentum

2203 5225 2479 5306 nunquam
2515 5236 2698 5306 nisiiin
2730 5225 2960 5288 cerebro
2993 5234 3135 5306 Aejus
3189 5231 3544 5285 celebratam.
3597 5225 3760 5280 Aliter

2203 5303 2378 5364 tamen
2407 5306 2572 5360 sentit
2605 5304 2821 5364 Calcca,
2857 5312 2914 5356 ut
2955 5303 3126 5356 vides.

2270 5377 2383 5448 (66)
2409 5375 2520 5428 Non
2545 5383 2627 5427 est
2677 5375 2742 5448 de
2800 5369 3314 5448 hins_laborandum..
3351 5365 3619 5448 .Synodus
3650 5364 3761 5448 htcc

2201 5438 2299 5500 fuit
2331 5438 2799 5513 pseudosynodus.
2826 5440 3041 5513 Calecag
3075 5455 3176 5513 ilOll
3196 5439 3328 5513 satis
3351 5438 3499 5513 bene
3562 5438 3757 5513 instru-

2198 5499 2808 5584 ctus'psendosynodum
2829 5526 2926 5579 pro
2945 5510 3181 5580 legitima
3213 5507 3426 5575 habuit,
3451 5505 3592 5576 quod
3623 5499 3758 5555 mul-

2197 5588 2264 5640 tis
2303 5585 2422 5638 aliis
2452 5589 2652 5636 evenit.

2266 5655 2378 5726 (67)
2413 5653 2644 5726 Υιιιρξηο
2670 5665 2840 5706 more.
3161 5719 3180 5726 _
3311 5720 3322 5726 _
3355 5705 3444 5726 im
3537 5715 3548 5726 ε

2265 5715 2378 5792 (68)
2414 5715 2539 5793 11οᾴ
2552 5723 2751 5793 facunn
2784 5732 2866 5777 est
2893 5732 3135 5793 tempore
3161 5715 3360 5778 Leonis
3375 5715 3472 5786 ιχ,
3505 5715 3646 5770 circa
3668 5722 3759 5762 an-

2193 5811 2320 5850 nuut
2343 5791 2543 5849 Christi
2576 5791 2734 5845 1053.
