4052 6428
340 379 448 442 909

1438 380 1841 442 ΑΙΝΕΒΞΠΒ
1877 381 2195 442 cumcos
2219 360 2383 441 'Lts.
2431 383 2533 442 iV.

3497 389 3620 453 210'

345 491 586 563 pellavit,
625 491 770 558 quod
802 498 930 546 ante
969 489 1286 547 schismatis
1314 497 1561 562 tempora
1593 502 1916 548 consuetum
1951 496 1988 546 A
2020 507 2228 556 smnus,
2289 494 2616 562 virtutisque
2671 493 2812 547 viam
2857 493 2924 549 ad
2983 495 3151 550 Deum
3214 497 3604 566 perducentem

346 600 450 639 non
471 593 585 639 erat
605 582 740 653 (69).
755 581 905 638 Alius
923 597 980 638 se
1000 584 1173 652 ipsum
1193 585 1590 659 orbisjudicem
1610 587 1914 642 constituit.

349 677 503 731 Alius
538 677 726 730 tertius
772 678 1007 732 decimus
1055 679 1327 748 apostolus
1365 681 1549 736 vocari
1581 681 1917 750 concupivit.

351 771 416 824 Et
463 778 612 826 certe
663 769 906 840 antiquis
949 771 1254 828 sulliciebat
1299 774 1591 844 episcopos
1653 791 1714 830 se
1774 777 1920 844 ipsos

243 888 249 893 -
344 859 686 915 solummodo
737 875 932 916 vocare
969 879 984 917 :
1015 878 1149 932 quos
1193 863 1248 918 hi
1296 869 1485 930 etlam,
1518 866 1609 936 qui
1644 867 1746 921 sub
1785 867 1920 936 ipsis

347 963 526 1031 erant,
561 953 853 1016 imitantes,
883 969 988 1032 non
1037 956 1395 1024 perstiterunt
1429 957 1483 1011 in
1534 956 1750 1012 traditis
1779 959 1922 1012 anti-

343 1046 527 1116 quitus
572 1045 640 1101 ab
691 1045 932 1101 Ecclesia
980 1047 1316 1113 nominibus,
1365 1050 1766 1119 quamdamque
1813 1049 1920 1104 sibi

346 1138 634 1207 superbam
658 1137 984 1208 dignitatem
1035 1139 1234 1209 singuli
1265 1140 1643 1212 excogitantes
1680 1142 1923 1197 subscri-

345 1229 620 1300 ptionibus
663 1230 867 1298 addunt
923 1248 937 1284 :
985 1230 1114 1286 dum
1156 1232 1248 1286 alii
1295 1247 1354 1287 se
1390 1248 1732 1301 prasessores
1781 1233 1918 1304 (70),

345 1321 436 1376 alii
490 1321 667 1383 duces,
715 1329 1061 1390 prwceptores
1107 1323 1222 1388 alii,
1270 1324 1362 1379 alii
1411 1327 1698 1396 primariae
1750 1327 1921 1382 ascri-

347 1415 482 1468 bunt
529 1413 666 1483 (7l),
697 1414 1082 1468 documentum
1129 1415 1374 1485 profecto
1423 1418 1675 1487 ingenita:
1719 1418 1819 1474 sibi
1857 1434 1921 1474 ac

348 1505 566 1576 penitus
595 1505 770 1560 insitas
793 1505 1055 1560 vanitatis
1079 1519 1190 1574 pra:
1221 1521 1279 1562 se
1309 1506 1549 1563 ferentes
1584 1526 1599 1563 :
1638 1525 1735 1578 per
1759 1525 1919 1579 quam

302 1616 304 1618 '
347 1617 454 1658 non
505 1601 680 1658 solum
732 1601 988 1656 Romanae
1033 1602 1148 1657 sedi
1203 1603 1468 1658 honorem
1523 1604 1765 1660 debitum
1814 1621 1920 1660 non

349 1695 596 1760 reddere,
631 1695 726 1750 sed
774 1695 882 1764 ipsi
919 1709 1138 1765 quoque
1189 1709 1250 1750 se
1295 1683 1555 1764 praeferre
1608 1697 1920 1766 cupiebant,

345 1800 675 1858 prorsusque
724 1785 975 1843 omnibus
1020 1794 1286 1856 praeesse:
1329 1785 1399 1841 Ut
1433 1787 1577 1841 enim
1629 1789 1732 1844 sibi
1787 1788 1919 1858 ipsis

345 1879 705 1949 indulgentes.
743 1877 984 1948 reliquos
1020 1877 1132 1947 jam
1160 1878 1311 1934 licito
1351 1880 1638 1949 increpare
1670 1881 1920 1938 videren-

353 1981 442 2027 tur
461 2014 478 2038 ,
501 1985 603 2026 non
634 1969 994 2040 adiectionem
1026 1970 1225 2046 solam,
1261 1970 1355 2026 sed
1383 1972 1522 2029 alias
1551 1988 1770 2044 quoque
1797 1973 1920 2044 plu-

348 2064 515 2120 rimas
544 2078 736 2120 causas
758 2063 1104 2118 invenerunt.

418 2153 576 2221 Nam,
625 2169 749 2210 cum
781 2154 948 2211 semel
985 2155 1248 2212 adversus
1277 2155 1574 2214 Occidulm
1619 2158 1920 2218 Ecclesiam

347 2249 414 2303 de
439 2247 672 2318 primatu
708 2243 1041 2301 contendere
1068 2246 1412 2312 statuissent,
1449 2245 1674 2316 ipsaque
1697 2239 1930 2304 conten-4

351 2341 426 2395 tio
474 2337 670 2394 sensim
718 2335 772 2390 in
812 2336 1051 2404 ipsorum
1099 2335 1390 2390 animabus
1427 2335 1614 2391 odium
1650 2337 1919 2407 gigneret,

351 2432 570 2500 suisque
596 2428 893 2501 gratiﬁcari
925 2427 1186 2493 volentes,
1223 2435 1284 2483 ut
1316 2428 1408 2499 qui
1461 2437 1684 2498 possent
1712 2430 1924 2500 gratiﬁ-

359 2523 600 2579 canlibus
623 2521 1000 2590 regratilicari,
1026 2522 1184 2590 proni
1224 2531 1279 2578 et
1317 2521 1509 2578 faciles
1537 2524 1604 2578 ad
1634 2522 1922 2579 maledicta

363 2625 422 2672 et
450 2615 661 2671 crimina
694 2613 952 2678 fuerunt;
999 2621 1054 2667 et
1098 2612 1188 2667 ille
1236 2613 1482 2682 sapiens,
1523 2613 1614 2668 ille
1659 2614 1921 2682 optimus,

358 2710 451 2767 ille
495 2707 698 2763 cunctis
728 2713 986 2776 praestare
1020 2703 1329 2770 videbatur,
1379 2705 1473 2774 qui
1524 2715 1717 2760 contra
1763 2705 1923 2762 Occi-

353 2805 514 2858 duam
557 2799 854 2856 Ecclesiam
887 2805 1073 2867 posset
1115 2796 1320 2867 aliquid
1368 2796 1730 2852 convitiorum
1774 2796 1927 2865 jacu-

351 2893 450 2950 .ari
480 2891 616 2963 (72).
644 2889 780 2946 Cum
824 2889 972 2944 enim
1023 2888 1202 2943 nullus
1243 2896 1409 2953 esset,
1456 2891 1550 2960 qui
1595 2891 1920 2961 corriperet,

347 2985 490 3040 alios
528 2982 741 3052 quidem
787 2981 986 3046 selum,
1019 2979 1114 3036 sed
1152 2994 1260 3035 non
1289 2981 1590 3036 secundum
1632 2981 1922 3037 scientiam

351 3073 588 3139 habens;
646 3072 784 3126 alius
834 3084 962 3126 vero
1022 3071 1447 3140 praesumptione
1504 3072 1924 3129 consuetudinis

2021 589 2235 653 edocti;
2292 605 2354 643 ac
2411 605 2509 658 per
2561 590 2894 644 voluntatem
2943 593 3032 645 Dei
3086 592 3309 658 bonam,
3359 607 3413 650 et
3465 597 3607 652 bene

2022 681 2350 746 placentem,
2377 681 2580 734 inimici
2619 697 2739 756 cum
2764 697 3008 738 essemus
3040 683 3237 750 Patris,
3271 689 3604 742 reconciliati

1975 828 1979 831 ,
2021 770 2070 823 ei
2099 786 2321 836 sumus;
2358 774 2460 827 hoc
2499 773 2760 841 denique,
2794 774 2844 827 id
2880 778 3021 843 quod
3067 777 3339 845 sequitur,
3380 779 3608 848 intelligi

2022 862 2136 914 vult
2167 879 2178 915 :
2204 859 2308 914 Per
2327 880 2405 914 me
2423 863 2603 932 siquis
2637 865 2922 930 introierit,
2945 866 3242 920 salvabitur
3257 878 3306 920 et
3339 870 3631 938 ingredie-‘

2021 961 2124 1010 tur,
2161 961 2206 1005 et
2235 953 2552 1020 egredietur,
2582 962 2628 1006 et
2655 970 2853 1021 pascua
2884 956 3106 1009 inveniet
3133 956 3198 1020 ¹¹,
3239 959 3330 1012 Dei
3361 969 3610 1012 contem-

2019 1037 2338 1108 plationem,
2387 1041 2763 1112 cmlornmque
2825 1058 3072 1113 regnum,
3123 1045 3190 1099 ad
3249 1050 3392 1115 quod
3448 1049 3608 1103 aliter

2022 1128 2229 1198 ingredi
2267 1145 2373 1185 non
2397 1146 2690 1200 possumus
2715 1134 2818 1189 nisi
2844 1150 2938 1204 per
2957 1136 3310 1207 Evangelium
3333 1149 3387 1193 et
3405 1138 3608 1196 Christi

2024 1220 2305 1290 mysteria.

2093 1310 2440 1383 Metropolita
2481 1330 2610 1371 vero
2649 1317 3024 1374 Methonensis
3054 1320 3169 1390 (7i)
3212 1337 3452 1392 arguens
3487 1339 3502 1377 :
3549 1322 3610 1378 Si

2023 1401 2286 1472 Spiritus,
2317 1406 2513 1474 inquit,
2545 1417 2764 1462 sanctus
2805 1418 2942 1462 esset
2980 1427 3046 1463 ea:
3087 1409 3257 1474 Filio,
3307 1429 3412 1465 non
3454 1429 3645 1480 super.

2020 1512 2138 1550 eum
2185 1497 2513 1562 baptizatum
2549 1517 2580 1552 a
2631 1501 2761 1555 creto
2788 1502 2970 1571 lapsus
3021 1515 3153 1557 esset
3188 1520 3206 1556 :
3264 1506 3523 1574 ignorans
3557 1515 3614 1560 et.

2022 1586 2157 1654 ipse,
2225 1589 2370 1658 quod
2443 1579 2816 1662 magnus'ait
2875 1595 3238 1662 Athanasius,
3311 1597 3441 1666 quia
3507 1599 3614 1667 ipse

2021 1679 2191 1748 ipsum
2239 1682 2482 1752 desuper,
2537 1695 2596 1737 ut
2650 1684 2829 1753 Deus,
2885 1687 3048 1740 mittit
3103 1703 3124 1742 :
3183 1697 3232 1742 et
3283 1689 3392 1755 ipse
3441 1690 3614 1752 ipsum

2022 1773 2168 1844 infra
2229 1783 2288 1828 ut
2334 1775 2512 1857 homo.
2548 1775 2625 1830 Ex
2676 1778 2797 1848 ipso
2833 1777 2998 1848 igitur
3047 1779 3100 1835 in
3157 1782 3332 1850 ipsum
3387 1783 3616 1838 descen-

1954 1834 1996 1890 B
2025 1867 2106 1922 dit
2136 1882 2152 1921 :
2195 1882 2259 1924 ex
2293 1840 2508 1924 Deitate
2541 1868 2666 1937 ejus
2698 1834 2927 1927 scilicet
2986 1873 3041 1928 in
3093 1834 3266 1944 ipsius
3300 1877 3617 1930 humanita-

2025 1961 2160 2014 tem.

2093 2053 2201 2108 Alii
2240 2069 2388 2121 vero,
2417 2057 2509 2125 qui
2557 2057 2878 2115 subtiliores
2906 2074 3030 2116 esse
3063 2059 3370 2126 voluerunt,
3412 2063 3612 2119 aiunt:

2024 2145 2279 2214 Spiritum
2333 2159 2579 2202 sanctum
2637 2167 2741 2204 non
2803 2153 2857 2206 in
2918 2152 3177 2209 columbae
3234 2157 3404 2218 specie
3456 2150 3618 2225 super

2021 2235 2207 2292 Iesum
2238 2237 2566 2308 baptizatum
2599 2241 2956 2307 descendisse,
2989 2244 3084 2297 sed
3130 2245 3305 2312 ipsum
3355 2247 3490 2300 illud
3524 2265 3616 2301 vo-

2023 2331 2192 2396 latile,
2234 2333 2496 2387 columba:
2535 2333 2763 2403 speciem
2789 2335 2960 2388 uisam
2998 2337 3335 2394 sensibilibus
3363 2340 3530 2395 oculis
3562 2342 3622 2394 in

2024 2425 2193 2492 specie
2221 2415 2649 2493 sensibilifquod
2675 2425 2748 2478 ad
2779 2425 3162 2481 insinuandam
3196 2429 3617 2498 dispensationis

2024 2515 2293 2569 veritatem
2329 2515 2589 2569 indicium
2639 2517 2812 2570 sancti
2865 2515 3102 2588 Spiritus
3148 2519 3294 2588 fuit;
3352 2520 3618 2591 Spiritum

2025 2618 2271 2663 sanctum
2306 2623 2410 2663 non
2445 2608 2620 2676 ipsius
2655 2608 2891 2678 Spiritus
2926 2611 3357 2679 significativum
3391 2628 3618 2669 asseve-

2027 2708 2172 2754 rant.
2196 2698 2332 2764 Quia
2362 2699 2510 2754 enim
2541 2699 2782 2755 sensibili
2821 2702 3002 2770 specie
3033 2705 3352 2772 apparuerit
3381 2704 3619 2774 Spiritus

2030 2799 2260 2847 sanctus
2308 2799 2365 2848 et
2417 2790 2844 2861 Chrysostomus
2891 2806 3058 2862 super
3085 2791 3350 2850 Joannem
3395 2804 3618 2852 attesta-

2025 2894 2135 2938 tur.

2103 2975 2260 3029 Alius
2295 2987 2425 3029 vero
2474 2974 2786 3044 patriarcha
2821 2993 2835 3029 :
2884 2974 3041 3032 Nihil
3074 2979 3155 3033 ait
3189 2995 3302 3033 esse
3350 2981 3618 3043 mirabile,

2025 3067 2073 3121 si
2105 3068 2249 3137 apud
2290 3083 2472 3122 sacras
2501 3066 2772 3134 Litteras,”
2797 3070 3140 3142 doctoresque
3189 3089 3372 3128 sacros
3406 3076 3622 3129 dicatur

349 3166 640 3230 inductus;
690 3162 828 3217 alius
862 3162 1124 3232 magister
1169 3160 1238 3217 ab
1267 3161 1390 3218 aliis
1445 3163 1625 3218 vocari
1667 3164 1919 3233 cupiens,
1947 3174 1990 3233 ς
2029 3158 2202 3213 Filius
2242 3158 2433 3215 habere
2465 3158 2726 3227 Spiritum
2757 3172 3021 3229 sanctum,
3063 3166 3190 3230 quia
3237 3166 3374 3219 hunc
3428 3178 3480 3222 et
3516 3169 3612 3223 Dei

349 3267 407 3314 et
435 3256 700 3326 superbiae
731 3255 862 3310 vitio
892 3262 1165 3319 emeatus;
1221 3253 1382 3318 alius,
1417 3263 1477 3309 ut
1517 3254 1603 3310 vel
1635 3256 1924 3325 praesentis

349 3349 626 3419 dignitatis
674 3347 891 3416 praemia
942 3353 1362 3416 compensaret,
1428 3347 1512 3402 vel
1564 3363 1759 3402 novam
1815 3349 1922 3404 sibi

348 3448 654 3510 quareret;
687 3439 850 3502 alius,
879 3451 1064 3493 veram
1098 3437 1319 3508 quidem
1343 3438 1655 3507 Opinionem
1691 3441 1922 3508 habens,

349 3533 445 3588 sed
494 3530 718 3601 tempori
773 3529 1082 3600 indulgens,
1140 3537 1456 3600 contraque,
1503 3546 1570 3587 ac
1625 3533 1922 3600 sentiebat,

349 3622 651 3693 proferens,
678 3636 797 3677 cum
831 3619 965 3675 alias
1004 3619 1109 3675 sibi
1159 3629 1278 3676 tuto
1309 3624 1492 3676 vivere
1529 3623 1754 3678 minime
1786 3625 1924 3679 lice-

350 3723 451 3779 ret,
485 3727 548 3768 ac
593 3726 660 3766 ne
713 3707 961 3782 plurimis
1017 3709 1220 3779 probro
1254 3719 1436 3776 ,essel,
1488 3721 1543 3765 et
1573 3714 1922 3770 contumeliis

351 3815 516 3875 atque
563 3805 780 3875 injuriis
814 3803 1138 3868 adiceretur,
1194 3803 1463 3873 bonisque
1509 3807 1624 3859 suis
1658 3807 1764 3862 l'rui
1816 3823 1922 3862 non

352 3899 649 3970 permissus
697 3906 850 3952 extra
911 3895 1248 3967 Synagogam
1305 3896 1482 3961 ﬁeret,
1543 3913 1640 3966 per
1696 3900 1921 3955 multam

316 4003 322 4007 '
351 3992 624 4048 licentiam
672 4007 736 4046 ac
772 3990 1112 4053 facilitatem,
1143 3989 1338 4060 singuli
1387 3990 1806 4060 irrationabilia,
1838 3995 1923 4052 vel

351 4085 532 4152 iniqua
568 4091 622 4138 et
654 4081 920 4150 scribunt,
948 4089 1005 4136 et
1038 4081 1244 4136 dicunt.

419 4177 594 4244 Atque
622 4174 856 4230 Nicenus
879 4173 1100 4245 quidem
1129 4173 1442 4229 Eustratius
1466 4174 1580 4246 (75)
1605 4190 1700 4242 per
1725 4173 1920 4232 Filium

351 4269 643 4338 procedere
697 4265 841 4337 quod
899 4265 1099 4320 dicitur
1152 4279 1478 4336 exponens:
1541 4266 1694 4322 Sicut
1745 4271 1922 4338 prodit

352 4360 504 4413 homo
529 4346 621 4428 per
638 4345 884 4428 ianuam,
906 4357 1064 4423 dixit,
1087 4355 1488 4427 Dominumque
1515 4359 1704 4416 citavit
1729 4370 1922 4418 testem

353 4453 616 4508 dicentem
652 4469 666 4506 :
701 4449 811 4519 Ego
846 4467 963 4504 sum
1012 4449 1186 4519 janua
1221 4464 1241 4504 :
1293 4449 1555 4520 ignorans
1599 4451 1723 4521 quia
1752 4453 1920 4523 janua

351 4531 668 4598 secundum
693 4541 986 4604 hominem,
1020 4539 1283 4594 Dominus
1312 4541 1476 4594 etiam
1500 4542 1798 4597 secundum
1826 4553 1924 4598 n03

351 4635 524 4690 dictus
559 4643 641 4689 est
677 4651 689 4688 :
730 4631 880 4686 Unus
936 4633 1076 4687 enim
1110 4633 1370 4686 mediator
1413 4632 1509 4688 Dei
1551 4644 1599 4688 et-
1653 4635 1924 4689 hominum

348 4737 448 4794 est,
477 4733 534 4780 ut
573 4727 648 4781 ait
690 4723 980 4794 Apostolus
1018 4724 1094 4788 ¹⁹;
1149 4732 1203 4778 et
1236 4741 1250 4778 :
1291 4722 1394 4778 Per
1425 4724 1600 4792 ipsum
1651 4741 1924 4780 accessum

351 4820 600 4873 habemus
624 4820 708 4883 ¹⁰;
736 4818 860 4886 quia
907 4832 1004 4886 per
1035 4816 1204 4886 ipsius
1231 4815 1575 4870 divinitatem
1623 4826 1676 4871 et
1722 4817 1927 4872 huma-

351 4912 598 4978 nitatem,
639 4925 744 4966 uno
779 4911 886 4965 Deo
910 4909 1117 4979 agnito,
1149 4923 1338 4964 errore
1385 4908 1656 4964 idolorum
1707 4909 1927 4966 liberati

424 5141 468 5174 ¹⁹
504 5141 525 5195 l
558 5141 783 5218 Tim.tt,
811 5141 867 5196 5.
942 5142 989 5174 ²⁰
1022 5139 1224 5210 Ephes.
1256 5157 1318 5208 ll,
1349 5140 1438 5198 l8.
1517 5144 1561 5176 "
1605 5143 1768 5202 Joan.
1825 5161 1882 5212 ι,
1918 5144 1974 5198 9.

429 5331 538 5403 (69)
569 5332 813 5402 lmojam
845 5340 1086 5400 tempore
1132 5332 1381 5402 Gregorii
1413 5333 1591 5404 Magni
1623 5339 1769 5392 hunc
1798 5336 1928 5391 titu-

354 5406 462 5459 lum
499 5403 597 5457 sihi
615 5417 872 5472 arrogare
891 5414 1194 5472 cmperunt.

425 5475 546 5549 (70)_
587 5472 738 5549 Hunc
760 5474 1244 5549 _titulur_n_us_ur:pat
1278 5475 1666 5533 schismaticus
1694 5478 1926 5549 patriar-

353 5539 451 5601 cha
485 5539 878 5599 Alexandrinus
911 5539 1180 5600 Meletius'.

329 5618 331 5621 '
427 5614 538 5689 (7i)
581 5614 988 5689 Devanilatein
1024 5615 1195 5689 t_itulis
1229 5619 1597 5689 recentiorum
1639 5620 1926 5689 episcopo-

357 5696 471 5740 rum
496 5685 740 5744 Graeciae,
775 5685 991 5738 consule
1015 5685 1400 5753 Curopalatam
1457 5690 1530 5745 De
1559 5685 1752 5745 ollic'iis
1793 5685 1930 5745 aulze

356 5756 652 5830 Cpolitanaa
679 5756 744 5808 ad
776 5754 930 5830 cujus
955 5755 1170 5830 calcem
1192 5757 1458 5830 integrum
1483 5761 1790 5830 catalogum
1848 5761 1933 5818 itt-

358 5826 566 5892 venies,
592 5840 701 5895 quo
731 5825 957 5895 quisque
976 5825 1129 5882 titulo
1157 5825 1474 5887 alliciendos
1501 5831 1591 5888 sit.

2028 3247 2270 3305 Cenitria:
2310 3249 2518 3316 habuit,
2568 3261 2619 3306 et
2665 3261 2974 3309 sanctorum
3022 3256 3222 3328 singuli
3264 3275 3283 3311 :
3331 3259 3446 3314 vult
3493 3263 3618 3324 iste,

2028 3345 2491 3414 quemadmodum
2550 3347 2725 3401 sancti
2782 3347 3116 3416 habuerunt,
3170 3352 3244 3406 ita
3291 3363 3347 3407 et
3407 3351 3610 3408 Filium

2028 3437 2125 3492 Dei
2197 3437 2400 3491 habere
2475 3437 2744 3506 Spiritum
2815 3449 3091 3497 sanctum.
3166 3443 3242 3497 lta
3315 3446 3617 3501 secundum

2027 3528 2507 3599 participationem
2559 3529 2710 3584 illum
2773 3530 2975 3587 habere
3025 3531 3300 3603 Spiritum.
3355 3535 3616 3606 blasphe-

2029 3630 2166 3674 mat.

2100 3711 2156 3766 ln
2202 3711 2664 3782 disputationibus
2689 3728 2820 3770 vero
2857 3723 2910 3769 et
2959 3715 3061 3770 hoc
3091 3717 3335 3773 nonnulli
3363 3719 3618 3791 blasphco

1995 3815 2243 3864 .manles
2278 3807 2497 3863 dicunt:
2539 3807 2680 3874 Quia
2714 3809 3040 3877 impossibile
3067 3821 3170 3872 est,
3213 3826 3279 3864 ex
3320 3811 3457 3868 Filio
3506 3831 3618 3869 esse

2027 3896 2286 3968 Spiritum
2312 3905 2580 3960 sanctum,
2607 3912 2712 3967 quo
2753 3894 2932 3952 Filius
2986 3899 3253 3963 posterior
3305 3910 3404 3955 est.
3483 3901 3617 3956 Erat

2025 3991 2188 4053 enim,
2223 3988 2436 4059 quando
2467 4004 2568 4043 non
2591 3995 2706 4051 erat
2768 4003 2834 4042 ea:
2888 3987 3045 4045 beata
3115 3990 3330 4062 Virgine
3383 3996 3614 4064 genitus.

2026 4081 2132 4136 Aut
2163 4080 2309 4134 enim
2340 4089 2396 4134 ut
2422 4087 2608 4150 aperte
2637 4078 2953 4148 conjicitur,
2991 4090 3252 4137 aeternam
3305 4082 3432 4138 Filii
3484 4088 3619 4140 nati-

2025 4173 2250 4230 vitatem
2270 4183 2486 4244 negant,
2522 4171 2878 4241 temporalem
2904 4173 2979 4227 illi
3006 4175 3174 4228 solam
3208 4175 3570 4233 attribuentes
3601 4195 3616 4232 :

2028 4274 2124 4321 aut
2162 4273 2500 4335 assumptam
2559 4263 2924 4318 conditionem
2962 4267 3316 4320 humanitatis
3347 4268 3404 4322 in
3438 4267 3618 4323 Deita-

2027 4367 2135 4413 tem
2169 4357 2488 4415 translatam
2517 4358 2898 4413 arbitrantur:
2942 4366 3154 4414 auteos
3192 4360 3285 4428 qui
3353 4375 3418 4414 ex
3480 4359 3620 4414 Filio

2029 4449 2292 4519 Spiritum
2320 4457 2566 4524 sanctum
2629 4449 2924 4519 procedere
2979 4450 3330 4516 conﬁtentur,
3401 4462 3619 4520 putant,

2025 4557 2098 4610 ex
2131 4541 2338 4597 Christi
2376 4525 2714 4598 humanitate
2749 4541 3066 4610 procedere,
3093 4556 3362 4600 asserere.

2102 4631 2336 4699 Quidam
2365 4646 2514 4698 vero,
2541 4632 2637 4702 Qui
2680 4647 2910 4700 magnus
2955 4631 3009 4684 in
3064 4633 3350 4699 sapientiae
3403 4633 3622 4688 nomine

2033 4727 2252 4780 habitus
2281 4731 2386 4788 est,
2415 4739 2501 4790 ne,
2535 4725 2581 4779 si
2611 4725 2890 4794 apostolus
2927 4726 3148 4794 quidem
3180 4725 3368 4779 Petrus
3394 4726 3616 4787 diceret,

2032 4819 2198 4873 etiam
2230 4832 2295 4871 ex
2333 4815 2470 4870 Filio
2519 4831 2643 4871 esse
2675 4817 2942 4886 Spiritum
2967 4826 3241 4883 sanctum,
3299 4832 3358 4873 se
3385 4820 3626 4873 credita.-

2036 4925 2153 4964 rum
2203 4908 2555 4965 asseveravit.

2553 5070 2584 5109 Ι

2109 5335 2224 5405 (⁸72)
2246 5331 2428 5386 llahes
2447 5330 2534 5386 hic
2568 5344 2752 5385 veram
2788 5329 3081 5400 imaginem
3107 5346 3298 5388 eorum
3351 5332 3442 5402 qui
3476 5346 3618 5387 nunc
3681 5391 3685 5396 ,

2033 5405 2340 5482 Ecggsigm
2366 5411 2710 5482 ορρξιεηὲξξιο
2998 5480 3003 5482 _
3156 5472 3188 5482 ..
3375 5469 3386 5482 .

2107 5477 2218 5546 (73)
2251 5471 2854 5546 Eustratiuslfiicmnus
2900 5472 3273 5546 metropolita,
3299 5471 3458 5546 cuius
3500 5484 3618 5546 _ex_-
3683 5516 3689 5522 .

1969 5573 1976 5580 -
2037 5540 2184 5602 stant
2201 5543 2582 5599 commentarii
2613 5543 2662 5596 in
2698 5558 2734 5596 Il
2764 5541 2958 5598 librum
2979 5540 3346 5613 posteriorum
3377 5540 3622 5610 Analyti-

2033 5633 2223 5673 eorum
2256 5613 2584 5668 Aristotelis.

2110 5688 2224 5757 (74)
2262 5685 2512 5739 Nicolaus
2537 5683 2994 5757 Methonensisin
3050 5682 3406 5757 Peloponfso,
3459 5681 3618 5757 cujus

2032 5750 2356 5827 argumenta
2377 5765 2568 5827 contra
2602 5753 2827 5827 Latinos
2855 5755 3014 5808 solvit
3061 5750 3215 5824 ljugo
3265 5750 3618 5809 .Etlteriunus

2041 5824 2223 5887 in'suo
2264 5841 2433 5898 opere
2467 5825 2734 5880 adversus
2769 5824 3006 5880 Grmcos.
