4052 6442
1755 343 2155 406 MANUELIS
2184 346 2494 410 CALEC/E

3618 359 3710 425 212

557 453 730 519 Alius,
767 451 1146 512 Occidentales
1175 455 1429 527 cuipans,
1459 459 1583 528 quia
1616 475 1681 516 ex
1742 461 1876 517 Filio
1932 460 2058 532 Spi-
2089 469 2133 526 Α
2165 467 2296 522 lides
2323 467 2660 537 reprobanda
2683 475 2790 533 est,
2845 475 2904 526 et
2929 466 3064 526 falsa
3100 469 3457 527 existimanda
3485 489 3500 530 :
3530 475 3714 547 alioqui

484 550 650 603 ritum
730 554 981 602 sanctum
1041 549 1335 618 procedere
1394 550 1667 606 fatentur:
1746 551 2060 622 Augustinis

487 639 804 710 quibusdam
858 639 1179 708 inlelicibus,
1224 641 1565 711 profanisque
1607 641 1973 715 Hierouymis,
2001 663 2064 702 ac

485 731 766 788 tenebrosis
795 732 1086 787 Ambrosiis
1113 733 1211 786 niti
1226 734 1301 788 ait
1319 733 1454 805 (75).
1483 733 1696 806 ignorat
1725 737 1912 802 miser,
1937 738 2063 794 dum

488 827 588 882 ista
629 825 891 897 loquitur,
922 833 1138 882 nostros
1199 841 1416 896 quoque
1462 825 1756 883 Orientalis
1809 827 2065 888 Ecclesia:

490 917 776 986 magistros
805 915 1010 972 eisdem
1038 929 1098 972 se
1122 915 1441 972 criminibus
1475 915 1728 973 subdere.

557 1033 660 1100 Qui
693 1047 822 1090 vero
848 1033 1093 1104 iuniores
1120 1042 1270 1100 sunt,
1303 1033 1466 1088 etiam
1497 1049 1562 1089 ex
1589 1033 1815 1089 mortuis
1844 1035 1896 1090 id
1918 1051 2064 1092 asse-

489 1108 615 1180 rere
640 1133 930 1180 conantur.
949 1124 1028 1179 Ac
1054 1134 1253 1192 praeter
1271 1123 1638 1187 mendacium,
1658 1136 1766 1190 quo
1789 1135 2062 1193 asserunt,

490 1215 839 1286 Lugdunense
905 1214 1186 1270 concilium
1254 1214 1590 1285 tyrannicum
1657 1215 1837 1282 fuisse,
1899 1217 2064 1284 ipsius

486 1323 711 1376 quoque,
752 1306 842 1375 qui
886 1305 1025 1360 illud
1047 1305 1317 1374 conﬂauit,
1350 1307 1487 1373 regis
1517 1305 1629 1374 (76)
1660 1306 1904 1373 cadauer,
1931 1307 2064 1361 inte-

487 1414 663 1468 grum,
694 1408 753 1452 ut
796 1400 970 1462 aiunt,
1021 1398 1338 1466 perdisrans,
1392 1396 1536 1450 illius
1581 1397 1771 1451 anima
1810 1398 2066 1468 iniquita-

491 1501 597 1544 tem
626 1491 969 1554 annuntiars,
1029 1488 1155 1558 quia
1203 1487 1504 1556 hujusmodi
1541 1488 1822 1544 concilium
1874 1491 2063 1560 coegit,

492 1591 796 1637 autumant.
821 1579 1084 1638 Sensibus
1124 1578 1323 1648 quippe
1351 1579 1420 1634 de
1448 1578 1552 1634 iide
1589 1579 1856 1648 iudicant.
1911 1578 2064 1646 Quod

495 1674 548 1726 iu
581 1672 796 1727 caeteris
829 1672 1133 1729 sanctitatis
1163 1672 1378 1740 signum
1435 1672 1790 1737 arbitrantur,
1853 1672 1956 1727 hoc
1977 1675 2065 1727 'in

492 1764 693 1834 quibus
725 1764 826 1833 ipsi
858 1764 1064 1830 volunt,
1085 1764 1343 1820 iudicium
1389 1763 1757 1842 damnationis
1771 1764 2065 1832 accipiunt,

2169 559 2328 618 ﬁdem
2368 559 2538 616 solam
2556 560 2624 614 ad
2677 559 2908 616 salutem
2937 559 3186 618 sufﬁcere
3219 562 3476 618 dicemus.
3534 564 3714 620 Verum

2173 652 2331 708 iidem
2361 652 2481 708 sine
2529 651 2788 722 operibus
2832 666 2956 710 esse
2987 663 3258 710 mortuam
3293 651 3610 712 audivimus.
3656 657 3718 712 At

2171 757 2322 808 vero,
2351 755 2524 812 neque
2564 757 2657 796 rex
2699 742 2812 804 ille,
2854 743 2956 798 sub
2985 757 3092 811 quo
3121 744 3359 813 synodus
3413 755 3718 816 congregata

2170 840 2275 898 est,
2308 832 2479 902 ipsius
2505 833 2729 898 omnino
2754 841 2944 894 auctor
2979 833 3100 890 iuit.
3165 834 3326 900 Nam,
3386 837 3486 892 sub
3531 851 3594 892 eo
3636 839 3718 906 qui

2171 934 2299 980 ante
2371 925 2521 980 illum
2587 934 2930 993 regnarent,
2993 928 3218 984 collecta
3269 938 3376 994 est,
3423 945 3577 1000 quam
3630 932 3725 986 iste
3827 917 3833 930 ’

2170 1029 2392 1084 compos
2435 1029 2618 1069 rerum
2651 1014 2849 1080 factus,
2883 1018 3112 1085 peregit.
3139 1017 3338 1074 indicio
3371 1019 3530 1073 ctiam
3580 1020 3724 1076 nobis

2171 1115 2300 1162 sunt
2325 1104 2615 1174 Nicephori
2665 1105 2988 1177 Blemmydte
3026 1109 3300 1171 monacbi,
3323 1117 3379 1162 ct
3417 1109 3726 1178 presbyteri,

2171 1193 2326 1264 cujus
2358 1195 2412 1251 in
2442 1196 2588 1251 omni
2623 1196 2821 1251 virtute
2847 1206 2905 1252 et
2955 1197 3223 1266 sapientia
3281 1212 3474 1254 nomen
3533 1199 3730 1268 insigne

2171 1290 2311 1357 apud
2359 1302 2550 1344 omnes
2608 1297 2728 1353 est,
2783 1287 2888 1341 duo
2956 1289 3021 1342 ad
3069 1287 3412 1346 Theodorum
3465 1289 3727 1349 Luscarim

2171 1392 2352 1446 regem
2381 1379 2494 1449 (77)
2518 1378 2639 1432 libri
2669 1377 2736 1432 de
2758 1377 2964 1448 Spiritu
2989 1387 3179 1434 sancto
3207 1381 3520 1450 conscripti,
3551 1379 3730 1449 quibus

2174 1467 2462 1534 indicatur,
2531 1483 2596 1524 ex
2647 1467 2803 1532 Filio,
2838 1481 2891 1523 et
2945 1483 3040 1539 per
3098 1469 3300 1528 Filium
3372 1473 3727 1530 substantiam

2174 1558 2399 1626 habere,
2431 1573 2461 1614 a
2492 1559 2700 1615 sanctis
2745 1559 3002 1616 Patribus
3044 1561 3323 1618 traditum.

2243 1669 2461 1725 Addunt
2493 1678 2780 1738 praeterea,
2809 1668 2900 1738 qui
2941 1669 3016 1724 ita
3040 1671 3303 1736 sentiunt,
3354 1672 3575 1728 Nullum
3601 1671 3732 1740 apud

2175 1757 2412 1824 Latinos,
2432 1769 2548 1825 post
2579 1759 2808 1818 schisma
2836 1760 3043 1832 signum
3071 1761 3240 1832 fuisse
3259 1761 3409 1834 (78);
3435 1763 3580 1834 quod
3602 1762 3734 1818 enim

497 1853 654 1919 quasi
686 1852 794 1908 Deo
824 1866 924 1922 pro
949 1853 1164 1908 illorum
1196 1853 1473 1908 voluntate
1501 1852 1853 1908 decernente.
1889 1852 2072 1919 Quaa—
2105 1851 2144 1878 "
2173 1867 2279 1906 non
2313 1851 2544 1918 videtur,
2583 1865 2758 1921 neque
2791 1865 2914 1908 esse
2962 1861 3177 1922 putant.
3231 1852 3433 1910 Volunt
3486 1855 3626 1910 enim
3673 1867 3736 1908 ex

497 1959 658 2012 quam
717 1944 763 1999 si
804 1942 1178 1998 defunctorum
1241 1945 1503 1999 cadavera
1539 1943 1759 1998 minime
1821 1944 2066 2010 dissolvi,

499 2034 757 2089 indicium
813 2035 1125 2092 sanctitatis
1188 2036 1547 2100 arbitrantur,
1604 2038 1736 2108 quid
1789 2038 1860 2094 de
1919 2039 2067 2094 Petri

498 2121 767 2209 Paulique.
815 2128 1140 2198 corporibus
1187 2129 1385 2184 dicturi
1441 2141 1586 2197 sunt,
1646 2142 2073 2205 sanctorumque

500 2220 882 2288 plurimorum,
907 2235 1030 2290 qua
1057 2221 1319 2278 dissoluta
1351 2223 1404 2278 in
1448 2223 1626 2279 frusta
1671 2236 1730 2280 et
1786 2226 1841 2281 in
1892 2227 2076 2296 pulve-

501 2323 628 2368 retu'
670 2312 838 2368 sunt?
883 2311 941 2368 Si
999 2322 1182 2369 autem
1244 2315 1508 2372 dissoluta
1567 2317 1798 2386 piurima
1837 2334 2070 2390 corpora

497 2412 809 2458 sanctorum
839 2404 1047 2472 vident,
1079 2406 1221 2461 unde
1252 2421 1315 2460 ea
1352 2421 1474 2476 qua:
1505 2409 1557 2463 id
1597 2394 1757 2479 passa
1789 2425 1898 2466 non
1919 2419 2069 2478 sunt,

497 2503 685 2550 sancta
719 2495 952 2564 probare
981 2498 1266 2565 poterunt?
1297 2499 1434 2563 Quid
1467 2509 1647 2554 autem
1671 2502 1737 2555 de
1766 2501 2073 2559 inﬁdelibus

498 2585 694 2641 dicturi
724 2593 872 2651 sunt,
898 2593 952 2642 et
977 2601 1112 2655 quos
1141 2587 1242 2656 ipsi
1288 2588 1519 2656 publicis
1575 2590 1879 2648 maledictis
1941 2595 2072 2647 sub-

499 2671 666 2739 dunt;
727 2687 958 2741 quorum
1022 2675 1339 2745 incorrupta
1423 2679 1688 2732 cadavera
1744 2680 2076 2748 perdurant?

499 2761 671 2820 Porro
697 2763 741 2820 si
778 2765 893 2821 hac
925 2766 1290 2822 damnationis
1323 2767 1663 2824 arbitrantur
1690 2771 1866 2842 signa,
1936 2788 2072 2841 quo-

499 2854 662 2910 modo
695 2864 1001 2910 sanctorum
1036 2870 1263 2926 corpora
1318 2859 1620 2913 honorant?

569 2967 676 3022 Sed
701 2966 807 3022 ista
838 2967 1058 3036 quidem
1091 2967 1370 3022 hominum
1407 2983 1595 3024 eorum
1623 2980 1772 3038 sunt,
1834 2972 1947 3041 qui,
2011 2980 2070 3026 ut

497 3059 728 3128 intelligi
757 3060 938 3125 datur,
971 3075 1136 3116 sensu
1166 3062 1372 3128 vivunt,
1409 3071 1463 3119 et
1519 3064 1676 3120 tidem
1741 3077 1888 3122 tactu
1921 3065 2071 3122 colo—

500 3127 762 3220 libusque
789 3151 1132 3221 dignoscuut.
1178 3151 1234 3206 Si
1266 3127 1443 3208 autem
1475 3170 1542 3208 ea:
1579 3155 1839 3225 fructibus
1887 3173 2070 3213 eorum
2097 3127 2142 3185 α

497 3239 898 3310 dignoscendos,
939 3241 1011 3294 ait
1042 3239 1302 3296 Dominus
1322 3243 1391 3308 ",
1413 3241 1622 3298 fructus
1655 3253 1834 3300 autem
1864 3246 2079 3313 primus.

501 3333 702 3400 cuique
733 3344 883 3397 vera,
919 3346 1087 3401 quam
1122 3334 1188 3387 de
1213 3332 1326 3386 Deo
1371 3333 1555 3400 habet,
1614 3335 1800 3402 opinio
1859 3343 1964 3401 est,
2015 3342 2074 3390 et

501 3437 686 3491 opera,
721 3437 839 3492 quae
873 3422 994 3478 iidei
1049 3423 1586 3492 superaediiicantur:
1649 3425 1901 3481 desinant
1959 3435 2076 3480 tan-

505 3518 627 3569 dem
658 3521 871 3568 tentare
897 3513 1183 3568 Dominum
1238 3514 1428 3579 Deum,
1462 3524 1626 3581 atque
1687 3530 1752 3570 ex
1805 3515 1894 3572 liis
1954 3532 2077 3586 qua

502 3614 632 3661 sunt
662 3605 980 3671 materialia,
1013 3615 1066 3661 et
1089 3607 1225 3661 alias
1277 3607 1436 3661 aliter
1471 3608 1769 3664 secundum
1808 3617 2074 3679 tempora,

503 3711 814 3767 corporum,
845 3706 903 3752 et
927 3697 1196 3765 iocorum,
1230 3705 1284 3752 et
1305 3712 1495 3754 rerum
1519 3697 1905 3770 dispositiones
1938 3715 2073 3755 con-

502 3789 733 3862 tingunt,
757 3804 946 3844 earum
975 3803 1182 3857 rerum,
1210 3804 1332 3860 qua
1359 3799 1486 3844 sunt
1535 3805 1566 3844 a
1599 3788 1828 3844 materia
1853 3795 2098 3845 remotas”

501 3879 824 3934 documenta
869 3893 1083 3947 capere.

577 3992 783 4046 Deinde
811 4007 914 4046 non
941 3991 1121 4046 omnis
1150 3991 1241 4061 qui
1269 4006 1402 4046 sana
1431 3991 1539 4047 ilde
1583 4003 1687 4059 est,
1740 3993 1853 4064 jam
1914 3997 2076 4051 etiam

503 4087 748 4144 sanctus,
797 4089 852 4133 et
888 4082 1077 4135 beatus
1109 4090 1232 4134 est:
1269 4078 1396 4133 Non
1431 4081 1569 4134 enim
1632 4085 1823 4149 omnis,
1879 4085 2078 4152 inquit,

503 4169 596 4238 qni
622 4169 754 4222 dicit
783 4169 950 4224 mihi:
979 4170 1222 4234 Domine,
1256 4169 1495 4237 Domine,
1527 4173 1748 4226 intrabit
1783 4176 1836 4228 in
1866 4191 2080 4246 regnum

506 4264 752 4316 ccelorum
771 4263 836 4314 ³³.
861 4261 928 4316 Et
959 4281 973 4317 :
997 4261 1152 4316 Multi
1179 4262 1353 4316 dicent
1373 4264 1498 4317 mihi
1519 4265 1573 4316 in
1594 4264 1678 4317 die
1700 4265 1816 4327 illa,
1841 4265 2080 4327 Domine.

507 4370 678 4408 nonne
703 4356 758 4408 in
793 4359 1000 4409 nomine
1065 4364 1155 4409 tuo
1208 4357 1652 4424 prophetauimus,
1721 4368 1768 4412 et
1819 4360 2082 4414 dtemonia

2171 1942 2422 2009 Thracia,
2446 1957 2564 2012 quae
2622 1943 2678 1998 in
2733 1942 2904 2008 italia,
2931 1951 2987 1998 et
3091 1941 3408 2014 Germanis,
3460 1943 3732 2014 Hispania,

2167 2043 2224 2088 et
2269 2034 2320 2087 in
2345 2033 2554 2097 Galliis,
2580 2047 2644 2088 ac
2671 2031 3000 2089 Britannicis
3052 2034 3244 2090 insulis
3281 2045 3413 2091 sunt
3459 2036 3734 2104 inspicere,

2171 2106 2261 2182 ubi
2281 2132 2403 2193 post
2434 2123 2674 2180 schisma
2703 2123 2921 2191 plurimi
2958 2124 3270 2189 virtutibus,
3302 2133 3466 2195 atque
3490 2123 3735 2194 prodigiis

2168 2215 2408 2285 insignes
2451 2214 2800 2271 Occidentem
2863 2214 3204 2272 illustrarunt
3238 2225 3437 2280 totum,
3481 2231 3586 2271 non
3617 2230 3726 2270 am-

2170 2307 2342 2377 biguis
2377 2305 2723 2376 quibusdam,
2750 2313 2806 2361 et
2835 2306 3106 2370 obscuris,
3128 2307 3222 2362 sed
3255 2309 3444 2378 qualia
3472 2310 3540 2364 ab
3591 2320 3762 2376 spos-.

2170 2399 2320 2466 tolis,
2341 2413 2639 2469 eorumque
2659 2399 3068 2456 successoribus
3094 2400 3234 2455 facta
3263 2401 3518 2470 legimus.
3568 2397 3742 2466 Quan-

2170 2507 2331 2563 quam
2365 2491 2467 2548 ista
2515 2491 2730 2562 quidem
2786 2492 2946 2548 modo
3007 2491 3336 2558 inquirenda
3385 2507 3494 2546 non
3551 2498 3738 2552 erant;

2172 2599 2348 2652 neque
2384 2583 2914 2642 sanctitatisindicto
2939 2583 3244 2641 sumenda:
3305 2584 3476 2654 Signa
3541 2581 3737 2654 quidem

2174 2690 2276 2730 non
2312 2675 2577 2744 ﬁdelibus,
2613 2676 2702 2730 sed
2721 2674 3026 2743 inﬁdelibus
3047 2676 3128 2740 ¹⁸;
3161 2684 3254 2731 et:
3299 2675 3482 2732 Nolite
3509 2680 3742 2746 gaudere,

2171 2767 2296 2835 quia
2319 2767 2582 2821 damonia
2612 2766 2756 2821 vobis
2795 2766 3007 2820 subdita
3033 2775 3196 2822 sunt:
3236 2769 3330 2822 sed
3362 2768 3606 2838 gaudete,
3627 2764 3744 2836 quia

2171 2857 2388 2912 nomina
2415 2867 2587 2912 vestra
2619 2858 2818 2928 scripta
2859 2867 2983 2914 sunt
3039 2859 3094 2911 in
3119 2858 3263 2912 atriis
3283 2861 3363 2926 ";
3393 2869 3467 2920 et.
3539 2871 3656 2928 qua
3698 2856 3746 2911 in

2173 2947 2316 3004 hanc
2367 2963 2479 3005 rem
2505 2963 2533 3006 a
2568 2949 2852 3004 Saluatore
2878 2950 3037 3005 dictat
3067 2958 3195 3004 sunt
3223 2952 3536 3007 sententiae.

2735 3063 2812 3118 De
2871 3061 3239 3118 Eucharistt’a.
3255 3069 3268 3079 ’

2245 3175 2472 3243 Quidam
2509 3177 2669 3230 etiam
2719 3169 2992 3230 Dominici
3052 3177 3303 3245 corporis
3369 3189 3425 3233 et
3484 3173 3750 3248 sanguinis

2175 3268 2488 3339 mysterium
2512 3282 2575 3321 ex
2609 3267 2718 3333 his,
2758 3282 2881 3334 quae
2903 3269 3115 3332 dicunt,
3149 3269 3389 3326 tollunt:
3427 3270 3551 3324 Non
3594 3270 3743 3323 etiam

2175 3361 2315 3430 apud
2351 3343 2719 3416 Occidentales
2785 3359 3110 3412 benedictum
3151 3376 3352 3431 aquam
3394 3361 3750 3430 incorruptam

2173 3454 2371 3508 durare
2425 3455 2673 3516 dicentes,
2729 3452 2883 3521 idque
2935 3451 3150 3505 illorum
3201 3453 3462 3512 hccreseos
3511 3455 3750 3509 indicium

2177 3551 2444 3599 asserunt.
2494 3543 2750 3614 ignorant
2799 3542 2942 3596 enim
3005 3543 3132 3611 quia
3182 3546 3508 3613 mysterium
3544 3544 3751 3615 quidem

2178 3634 2305 3690 illud
2337 3634 2594 3689 omnibus
2637 3633 2690 3687 in
2736 3630 2943 3688 Christi
2979 3631 3218 3688 Ecclesia
3252 3636 3540 3708 mysteriis
3595 3635 3753 3688 mira-

2177 3725 2337 3781 bilius
2367 3740 2430 3779 ac
2462 3724 2725 3789 sanctius,
2749 3723 2820 3778 in
2854 3738 2960 3794 quo
2986 3737 3106 3778 eum
3139 3725 3456 3781 accidentia
3531 3727 3583 3780 in
3632 3726 3751 3777 sub-

2173 3818 2317 3889 jecta
2357 3816 2512 3886 panis
2545 3815 2850 3870 substantia
2904 3813 3305 3884 maneant(79),
3341 3831 3412 3870 eo
3441 3816 3585 3886 quod
3609 3809 3755 3882 quasi

2178 3907 2281 3962 sub
2321 3905 2670 3962 sensibilibus
2701 3904 3022 3959 velamentis
3063 3905 3355 3962 traduntur
3411 3905 3569 3960 nobis
3607 3914 3756 3956 vene-

2181 3999 2350 4052 randa
2384 3973 2663 4066 mysteria,
2717 3993 3020 4061 subjectum
3057 3994 3216 4064 panis
3273 3995 3332 4048 in
3400 4009 3603 4065 corpus
3665 3991 3758 4044 Do-

2180 4093 2311 4148 mini
2361 4100 2623 4146 mutatur.
2672 4088 2786 4145 Hoc
2865 4099 3068 4156 autem,
3115 4089 3218 4144 nisi
3301 4091 3428 4160 quis
3499 4089 3750 4145 adhibeat

2181 4189 2471 4252 congruam
2507 4180 2868 4252 diligentiam,
2899 4195 3121 4236 necesse
3141 4187 3246 4244 est,
3278 4196 3404 4250 qua:
3427 4181 3662 4236 subsunt
3708 4178 3756 4230 in

2183 4275 2276 4328 illo
2305 4272 2626 4333 accidentia,
2670 4271 2814 4341 quod
2837 4285 2997 4326 suum
3021 4279 3128 4334 est,
3170 4269 3398 4326 faciant.
3449 4268 3588 4324 Num
3636 4279 3760 4336 ergo

2184 4365 2325 4420 istud
2353 4378 2460 4419 non
2489 4364 2875 4418 arbitrabimur
2901 4361 3108 4417 Domini
3144 4376 3266 4417 esse
3326 4378 3568 4433 corpus,
3624 4357 3758 4430 quod

505 4447 769 4518 eiecimus,
795 4458 843 4502 et
877 4449 1094 4502 uirtutes
1123 4449 1314 4502 multas
1360 4449 1622 4518 fecimus?
1669 4448 1743 4503 Et
1769 4449 2083 4520 respondebo
2113 4471 2160 4532 υ
2189 4455 2306 4525 ipse
2386 4469 2498 4509 sua
2561 4453 2825 4509 Ecclesiae
2899 4452 3160 4507 tradidit?
3247 4453 3290 4506 si
3355 4463 3542 4507 autem
3627 4445 3759 4503 istud

505 4541 603 4605 eis,
634 4538 758 4594 Non
791 4541 907 4593 noui
935 4556 1058 4594 uos:
1091 4539 1344 4594 discedite
1364 4557 1396 4594 a
1425 4557 1524 4604 me,
1567 4542 1801 4610 operarii
1830 4543 2088 4612 iniquita-

509 4632 664 4686 tis".
721 4631 859 4696 Quid
919 4644 1052 4702 ergo
1105 4631 1324 4696 mirum,
1383 4633 1428 4686 si
1477 4633 1598 4700 quis
1677 4643 1881 4689 rectam
1929 4637 2087 4691 iidem

509 4722 736 4788 habens,
765 4731 821 4776 et
849 4722 971 4777 aliis
997 4737 1212 4792 quoque
1247 4723 1417 4793 ipsius
1441 4724 1548 4778 dux
1619 4725 1720 4781 eil'e
1741 4737 1842 4782 :tus
1864 4765 1881 4792 ,
1938 4728 2085 4783 circa

508 4829 637 4870 vero
664 4815 870 4884 reliqua
903 4823 1211 4884 corruptus,
1263 4830 1326 4868 ac
1366 4817 1628 4882 perditus,
1671 4817 1960 4874 damnatus
1997 4827 2084 4874 est

507 4914 561 4960 et
598 4915 803 4962 aeterno
834 4905 1102 4986 supplicio
1135 4905 1394 4962 aii-actus?
1433 4907 1546 4962 Non
1573 4908 1694 4964 ideo
1717 4918 1894 4965 tamen
1937 4909 2081 4966 illius

2183 4545 2526 4610 conﬁtemur,
2576 4553 2636 4598 ut
2695 4542 3023 4612 accipimus:
3055 4541 3177 4596 etsi
3229 4541 3564 4606 accidentia,
3626 4532 3761 4606 quod

2183 4651 2339 4693 suum
2375 4645 2479 4702 est,
2531 4637 2584 4690 in
2619 4635 2750 4705 ipsis
2803 4636 3096 4689 ostendere
3128 4645 3378 4702 possunt,
3413 4648 3514 4688 cur
3545 4645 3654 4685 non
3711 4635 3762 4680 et

2184 4728 2240 4780 in
2305 4726 2541 4791 caeteris,
2598 4726 2644 4780 si
2704 4723 2847 4780 istud
2913 4723 3194 4794 contingat
3248 4733 3479 4792 prapter
3526 4707 3764 4776 metiaris:

2183 4815 2448 4885 subjecta,
2483 4817 2535 4870 in
2563 4815 2759 4884 quibus
2792 4815 3049 4886 mysteria
3094 4813 3402 4878 traduntur,
3464 4827 3572 4867 non
3625 4809 3760 4863 idem

2187 4906 2602 4966 conﬁtebimur?

562 5085 622 5141 ἰ’
648 5107 839 5162 Matth.
876 5073 1085 5170 γωδ.
1161 5104 1474 5160 "ibid.2l.
1545 5059 1791 5170 .“ibid.,
1833 5105 2055 5170 22,23.

2195 5105 2358 5163 lCor.
2382 5121 2498 5168 ιη,
2519 5105 2608 5160 22.
2686 5105 2731 5137 ²⁶
2760 5103 2894 5159 Luc.
2935 5119 2990 5169 ι,
3019 5102 3109 5158 20.

583 5318 695 5387 ab)
741 5317 853 5372 Hoc
883 5316 1197 5386 graphicum
1229 5322 1310 5368 est
1341 5323 1392 5368 et
1417 5313 1710 5384 genuinum
1739 5316 2075 5372 schismatici

515 5392 866 5454 lum-elicimus
905 5387 1271 5451 supercilium.

608 5459 700 5525 76)
743 5458 1021 5511 Michaelis
1057 5455 1358 5525 Palmulogi.

608 5466 700 5525 76)
743 5466 1021 5511 Michaelis
1057 5466 1358 5525 i’almulogt.

585 5466 697 5596 ξπ)
734 5528 1008 5595 Imperare
1037 5528 1200 5595 caspit
1227 5540 1314 5578 an.
1349 5526 1551 5580 Christi
1579 5525 1737 5580 1255.

588 5595 698 5666 (.78)
741 5598 851 5652 Hoc
895 5599 1036 5667 quod
1066 5600 1131 5652 de
1171 5597 1451 5668 miraculis
1480 5595 2081 5668 rGrzeciﬂobjectabant,

519 5668 867 5723 falsissimqu
901 5681 1020 5728 csso
1055 5667 1384 5721 convincunt
1409 5667 1488 5718 vel
1525 5669 1622 5721 soli
1657 5667 1730 5720 illi
1761 5667 1868 5719 duo
1897 5667 2082 5718 mira-

516 5739 758 5793 calorum
797 5740 1098 5810 ingentium
1126 5745 1433 5794 patraturos
1465 5736 1788 5792 Franciscus
1817 5745 1871 5791 et
1900 5736 2083 5791 Domi-

2191 5318 2369 5372 nicus.
2410 5317 2523 5370 imo
2554 5316 2608 5370 in
2658 5313 2878 5372 Graecos
2944 5316 3058 5372 haec
3109 5315 3343 5385 obiectio
3395 5315 3608 5385 Optime
3637 5327 3765 5378 qua-

2187 5391 2333 5441 drat.
2365 5387 2504 5452 Lege
2535 5385 2920 5439 Bellarminum
2947 5386 3042 5441 lib.
3065 5401 3103 5441 tt
3134 5386 3210 5442 De
3247 5386 3489 5452 Christo,
3529 5400 3580 5440 c.
3604 5387 3692 5448 50,
3715 5388 3766 5434 et

2094 5525 2098 5529 Α
2187 5458 2371 5529 libat}
2403 5455 2479 5529 ρο
2517 5454 2771 5516 Ecclesia,
2808 5469 2862 5529 c._
2890 5456 2944 5510 4.

2258 5527 2370 5598 (79)
2411 5526 2522 5580 Hoc
2577 5534 2662 5580 est
2715 5525 3012 5580 accidentia
3067 5524 3411 5598 substantiae
3443 5527 3627 5598 panis,
3679 5521 3763 5576 vel

2183 5595 2483 5680 accidentia
2543 5609 2665 5666 quae
2727 5603 2886 5650 antea
2950 5606 3105 5653 erant
3167 5595 3223 5650 in
3286 5595 3459 5664 panis
3509 5597 3763 5653 substan-

2187 5678 2281 5723 tia.
2307 5709 2317 5721 ι
