4052 6430
316 342 425 411 233
484 378 493 383 ι
1400 336 1800 406 ADVERSUS
1833 337 1902 398 Gl

2010 334 2152 398 COS
2193 338 2340 399 LIB.
2380 339 2476 402 ιν.
3474 335 3580 395 2η

382 452 612 530 ﬁam,“
660 462 805 533 quod
835 463 1042 529 dicunt,
1075 462 1279 536 Aquam
1307 464 1505 519 durare
1548 462 1763 515 minime
1814 458 1896 511 in-
1928 448 2128 513 Anius
2179 471 2280 512 nos
2343 451 2740 522 componendo,
2809 453 3192 510 mediocritate
3248 450 3461 508 scilicet
3524 452 3578 504 iu

310 564 640 625 corruptam,
674 553 946 611 remiac‘tt
964 555 1299 624 ambiguam,
1334 555 1553 610 videant
1583 553 1713 624 quid
1765 551 1890 605 inde
1999 549 2255 606 omnibus
2296 556 2533 604 servata.

312 653 597 710 aequatur.
659 641 811 699 Unde
872 645 1017 699 enim
1088 654 1348 716 poterunt
1419 642 1638 699 Domini
1694 633 1902 711 corpus

311 729 546 783 tinnitu-
594 730 846 795 crcdere,
886 740 1112 800 propter
1164 745 1358 789 eorum
1414 731 1740 794 accidentia,
1772 743 1893 799 qua:

314 817 814 874 illic‘subsistunt‘i
840 818 958 897 seu
986 822 1174 891 itaque
1203 821 1635 892 eieiunt,quod
1679 820 1888 887 volunt,
2066 819 2190 873 inde
2228 820 2389 874 etiam
2434 820 2889 876 Occidentalibus
2956 818 3291 873 calumniam
3337 823 3583 877 struunt,

317 909 836 968 seduci-amentum
873 898 1230 969 Eucharistiat
1288 912 1602 982 ambiguum
1664 910 1888 966 faciunt.
1993 910 2256 979 imagines
2292 908 2416 964 illos
2455 926 2564 965 non
2620 910 2873 965 venerari
2928 918 3238 963 asserentes
3265 907 3431 979 (8i):
3491 906 3584 972 qui

318 1001 570 1069 ignorant
596 1009 782 1056 autem
813 1003 937 1072 quia
978 1014 1103 1072 quas
1156 1004 1208 1057 in
1260 1001 1577 1058 Occidentis
1627 1001 1892 1058 Ecclesiis
1992 1008 2140 1055 certe
2173 998 2351 1055 sacris
2395 1000 2723 1069 imaginibus
2775 999 2962 1068 plenas
3020 999 3281 1054 ecclesias
3334 997 3585 1052 habent:

319 1106 458 1163 aqua
489 1091 844 1157 benedicitur,
896 1093 1031 1149 nihil
1095 1108 1367 1161 mgnum.
1408 1092 1717 1165 pollicetur,
1761 1094 1893 1150 sima
1993 1090 2429 1159 Sanam-nmque
2484 1091 2745 1161 reliquias
2808 1091 3074 1161 abiectius
3111 1098 3388 1145 tractare:
3448 1102 3632 1158 quas,

316 1182 533 1252 pliciter
576 1192 762 1240 autem
797 1192 884 1239 est
921 1198 1062 1254 aqua
1113 1185 1423 1251 benedicta,
1486 1185 1715 1256 singulis
1755 1183 1893 1242 heb-
1991 1181 2069 1236 ita
2092 1191 2446 1246 venerantur,
2480 1189 2541 1236 ut
2576 1183 2756 1238 nullus
2786 1181 2949 1246 alius,
2991 1181 3356 1250 pretiosisque
3385 1178 3594 1246 lapidi-

322 1272 563 1329 domadis
594 1287 629 1327 a
664 1274 949 1329 sacerdote
972 1289 1075 1344 pro
1126 1277 1527 1332 transeuntium
1550 1277 1889 1342 devotione,
1992 1270 2094 1326 bus
2117 1280 2337 1338 ornant,
2372 1285 2620 1341 auroque
2652 1283 2707 1326 et
2743 1279 2969 1341 argento
3013 1278 3220 1339 tegunt.
3492 1290 3499 1295 ι

323 1362 535 1426 aeide,
562 1369 625 1418 ut
671 1363 797 1419 inde
838 1379 904 1419 se
964 1374 1278 1437 aspergant,
1320 1367 1571 1436 profusa.
1632 1358 1709 1422 Ea
1762 1380 1892 1421 vero
2064 1362 2276 1418 Nullam
2310 1363 2440 1420 item
2473 1364 2849 1419 defunctorum
2900 1363 3080 1419 facere
3132 1363 3450 1417 memoriam
3496 1359 3589 1414 di-

318 1454 565 1523 quamiu
610 1453 700 1509 tie
739 1456 916 1525 magni
947 1456 1174 1511 Sabbali
1237 1455 1582 1524 benedicuut,
1645 1466 1699 1512 et
1759 1472 1892 1512 cono
1994 1463 2162 1508 cunt:
2191 1446 2290 1523 pro
2321 1455 2523 1526 quibus
2545 1454 2687 1524 apud
2718 1469 2815 1509 eos
2846 1462 2927 1507 tot
2977 1453 3276 1525 orationes,
3340 1461 3396 1507 et
3442 1450 3584 1505 elec-

320 1550 573 1610 secra'nt,
618 1561 757 1616 aqua
801 1548 1116 1617 pretiosior,
1184 1563 1344 1605 sacro
1396 1557 1452 1606 et
1503 1559 1617 1607 tuto
1665 1550 1721 1604 in
1773 1550 1893 1604 loco
1993 1559 2232 1616 mosyna:
2250 1545 2408 1613 ﬁunt,
2442 1556 2502 1601 ut
2531 1545 2679 1602 dictu
2729 1544 2946 1601 diﬂicile
2983 1545 3076 1609 sit,
3129 1544 3263 1600 adeo
3293 1552 3355 1598 ut
3401 1539 3588 1597 inlini-

321 1638 517 1709 posita,
542 1652 704 1708 quam
722 1628 889 1696 nemo
912 1642 1114 1710 passim
1145 1642 1388 1712 attingit,
1416 1657 1668 1714 magnam
1696 1643 1889 1700 Eccle-
1943 1676 1951 1685 .
1995 1634 2066 1690 tis
2093 1650 2231 1705 pene
2284 1637 2701 1700 monachorum,
2779 1649 2844 1691 ac
2904 1648 3206 1708 pauperum
3268 1631 3588 1705 agminibus

320 1730 420 1788 siis
444 1731 880 1786 commoditatem
906 1741 1168 1802 prastat:
1194 1748 1373 1804 neque
1401 1734 1576 1790 solum
1611 1748 1707 1806 per
1765 1735 1891 1791 anni
1920 1783 1969 1806 _
1996 1726 2286 1782 suillciant.
2318 1726 2506 1795 Neque
2558 1741 2687 1781 vero
2743 1727 2919 1783 solum
2983 1726 3202 1795 corpori
3264 1722 3578 1780 necessaria

323 1821 585 1878 circulum
612 1821 926 1893 incorrupta
956 1828 1143 1887 intrat,
1174 1827 1273 1880 sed
1311 1806 1431 1896 plus
1464 1824 1641 1881 etiam
1694 1826 1894 1884 durare

2010 1819 2331 1885 ministrant,
2386 1834 2572 1874 verum
2604 1828 2657 1875 et
2702 1819 3031 1875 monasteria
3087 1816 3382 1882 aediﬁcant,
3453 1828 3591 1885 quo-

321 1920 529 1983 posset,
576 1896 722 1982 quod
804 1915 1180 1985 experimento
1248 1916 1563 1972 didicimus.
1641 1918 1896 1988 ignorant
1948 1966 1953 1971 .
2002 1925 2122 1968 rum
2160 1920 2435 1968 structura
2477 1912 2681 1983 regiam
2738 1911 3070 1983 opulentiam
3106 1911 3303 1965 vincit.

2066 659 2145 714 De
2173 659 2341 715 sacris
2401 658 2740 729 imaginibus.
2805 667 2853 711 et
2912 655 3177 727 reliquiis,
3211 662 3264 711 et
3326 652 3585 709 memoria

2626 728 3018 798 defunctorum.

325 2014 528 2067 autem,
572 2013 632 2061 et
656 2006 804 2075 quod
822 2020 1012 2073 omne,
1067 2016 1119 2064 et
1148 2008 1430 2078 quodlibet
1480 2002 1544 2064 ex
1578 2024 1717 2080 aqua
1743 2024 1896 2065 seor-

324 2097 426 2150 sim
469 2106 772 2167 acceptum,
799 2106 852 2154 et
916 2097 1038 2154 sine
1086 2098 1230 2154 omni
1276 2099 1499 2155 macula
1550 2108 1895 2155 commutans

320 2188 490 2243 etiam
515 2188 938 2257 quomodoiibet,
973 2190 1125 2259 prius
1158 2192 1220 2245 in
1248 2190 1456 2261 seipse,
1485 2191 1707 2256 deinde,
1737 2191 1894 2261 quasi

324 2287 630 2350 purgatura,
674 2287 728 2335 et
781 2281 1040 2347 colatum,
1080 2282 1136 2336 in
1161 2290 1423 2352 quantum
1445 2283 1680 2353 quisque
1710 2280 1896 2337 volue-

326 2373 420 2437 rit,
488 2380 777 2436 servatum,
852 2362 1238 2443 incorruptum
1314 2374 1497 2440 durat,
1576 2386 1899 2444 semperque

330 2463 599 2534 “rapidius
650 2465 742 2531 iit;
776 2465 920 2535 quod
967 2473 1022 2522 et
1066 2466 1241 2536 ipsum
1291 2466 1626 2535 experientia
1690 2466 1896 2525 docuit.

340 2553 651 2626 Argumenta
722 2564 900 2610 autem
951 2557 1108 2613 nobis
1163 2568 1269 2623 est,
1324 2566 1378 2613 et
1425 2557 1568 2628 quod
1631 2557 1693 2612 in
1750 2558 1896 2625 vino,

344 2646 576 2717 quamvis
606 2646 894 2703 crassioris
938 2650 1187 2704 materias
1217 2651 1310 2716 sit,
1370 2650 1555 2705 itidem
1609 2650 1896 2722 contingit.

862 2741 937 2797 De
971 2752 1191 2796 tonsura
1222 2743 1472 2796 crinium.

401 2831 624 2899 Quidam
651 2849 784 2890 vero
828 2835 992 2889 etiam
1050 2834 1284 2890 crinium
1340 2842 1641 2899 tonsuram,
1672 2848 1783 2888 non
1831 2831 1900 2888 ad

330 2927 766 2983 consuetudinem
801 2926 1069 2982 referunt:
1119 2935 1496 2999 ornatumque,
1553 2932 1610 2982 et
1663 2926 1901 2997 turpitu-

329 3015 510 3070 dinem
530 3031 641 3071 non
670 3032 734 3072 ex
790 3017 1180 3072 consuetudine
1220 3017 1485 3086 jadicant.
1540 3015 1697 3084 Quod
1755 3017 1899 3073 enim

329 3108 453 3162 aliis
472 3108 779 3175 honestum,
813 3108 935 3177 quia
969 3116 1310 3175 consuetum,
1362 3108 1470 3163 hoc
1496 3106 1617 3164 aliis
1644 3108 1898 3178 quoniam

330 3198 601 3253 insolitum
640 3206 745 3263 est,
806 3207 961 3267 turpe
1015 3198 1317 3267 iudicatur.
1382 3197 1584 3253 Verum
1652 3205 1707 3253 et
1760 3197 1899 3254 hanc

329 3290 472 3343 inter
503 3287 735 3344 haereses
801 3287 1097 3353 ascribunt,
1148 3286 1614 3357 aiuutque.illos,
1659 3288 1752 3357 qui
1798 3287 1904 3343 hoc

330 3379 555 3444 faciunt,
585 3378 808 3447 fortnam
833 3378 932 3433 Dei
950 3378 1173 3444 violare,
1209 3392 1332 3434 cum
1368 3387 1516 3435 certe
1562 3391 1671 3433 non
1711 3386 1905 3432 omnes

331 3471 434 3525 ista
486 3472 873 3526 consuetudine
932 3480 1192 3534 utantur,
1254 3470 1454 3539 beique
1508 3469 1794 3539 imaginem
1853 3476 1903 3521 et

333 3563 723 3618 aintilitadinem
750 3572 960 3618 mutare
988 3578 1021 3619 «τ
1059 3563 1214 3634 quasi
1253 3562 1339 3618 vel
1376 3562 1610 3617 hominis
1640 3560 1901 3631 dignitas,

332 3667 453 3708 esse
484 3653 694 3709 scilicet
721 3655 1063 3719 rationalem,
1110 3664 1163 3709 et
1208 3655 1273 3709 ad
1307 3653 1599 3724 imaginem
1630 3666 1693 3709 ac
1747 3653 1904 3708 simio

334 3746 616 3802 litudinem
645 3746 758 3810 Dei.
789 3757 1012 3819 propter
1044 3748 1269 3819 capillos
1328 3747 1403 3802 illi
1434 3746 1612 3802 adsit:
1650 3746 1733 3801 vel
1758 3746 1907 3802 Deus

339 3841 587 3894 humana:
618 3840 821 3908 aliquid
841 3840 1064 3906 dormat,
1111 3840 1195 3896 vel
1250 3839 1632 3895 crassitudinis
1682 3838 1901 3902 habeat,

336 3930 402 3983 ad
437 3929 585 3998 alios
606 3932 898 4001 imaginem
947 3932 1113 3987 homo
1142 3946 1268 3988 cum
1317 3931 1406 3999 sit,
1468 3931 1635 3986 etiam
1694 3929 1906 3999 capillis

335 4023 412 4076 llti
451 4037 571 4077 esse
596 4024 790 4081 similis
813 4025 1027 4082 debeat.
1061 4023 1265 4093 Nempe
1291 4031 1347 4080 et
1372 4025 1518 4094 apud
1569 4037 1671 4079 nos
1725 4022 1907 4078 oratio

336 4117 401 4172 ad
433 4125 709 4172 tonsuram
776 4118 963 4174 barbae
1011 4117 1336 4173 invenitura
1391 4117 1771 4174 sacerdotibus
1819 4115 1907 4171 di-

334 4208 505 4263 cenda
535 4207 685 4279 (80):
714 4224 784 4264 ne
820 4211 1029 4266 scilicet
1073 4208 1141 4265 ad
1173 4217 1486 4264 sanctorum
1522 4209 1905 4280 mysteriorum

334 4296 768 4369 commnioncnt
836 4300 1221 4354 accedentibus
1280 4299 1584 4354 Salvatoris
1638 4298 1908 4369 sanguine

338 4391 515 4461 capilli
546 4368 939 4457 intinguntur,
979 4390 1093 4445 sive
1122 4387 1458 4455 inllciantur,
1511 4399 1678 4461 atque
1740 4368 1903 4445 iidem

2026 2003 2175 2058 .Alii
2202 2017 2335 2059 vero
2370 2004 2729 2074 quorumdam
2803 2004 2967 2060 etiam
3019 2003 3266 2059 defectus
3326 2001 3591 2057 Occiden-
3692 2051 3697 2057 .

1998 2096 2096 2150 tali
2124 2094 2385 2151 Eceiesiae
2415 2095 2725 2166 applicant;
2766 2096 2989 2166 quippe,
3020 2096 3088 2150 ab
3140 2096 3323 2167 aliquo
3368 2090 3590 2148 illorum

2000 2186 2232 2257 injurias
2259 2187 2490 2256 accepit,
2543 2203 2666 2242 cum
2731 2188 2823 2257 qui
2883 2202 2944 2243 se
3006 2187 3166 2253 laesit,
3242 2186 3386 2241 circa
3428 2185 3591 2241 ﬁdem

2000 2280 2152 2334 uitus
2180 2285 2284 2335 est.
2334 2277 2502 2332 Ethic
2519 2279 2669 2333 enim
2703 2280 2901 2343 omnis,
2934 2279 3025 2349 qui
3073 2279 3384 2339 contristat,
3437 2278 3593 2331 malm

2003 2371 2254 2444 protinus
2280 2368 2561 2439 opinionis
2605 2368 2864 2425 efﬁcitur.
2904 2368 2964 2425 Si
3013 2370 3106 2441 qui
3140 2382 3269 2425 vero
3323 2366 3593 2426 Christia-

2006 2479 2199 2520 norum
2238 2463 2664 2534 praevaricantur
2694 2463 2871 2532 leges:
2906 2479 3015 2518 non
3044 2478 3139 2519 eos
3174 2463 3374 2527 solum,
3405 2477 3592 2517 verum

2006 2551 2220 2613 illorum
2252 2542 2467 2629 quoque
2488 2555 2793 2611 Ecclesium
2848 2551 3166 2611 hereticatn
3220 2566 3277 2611 et
3320 2557 3591 2611 inﬁdelem

2002 2656 2215 2721 putant.
2247 2646 2442 2703 Nautis
2475 2649 2619 2702 enim
2659 2657 2714 2704 et
2738 2648 2942 2705 vilibus
2983 2648 3333 2718 quibusdam,
3381 2664 3446 2703 ac
3478 2649 3596 2704 vul-

2006 2741 2226 2809 garibus
2250 2739 2564 2794 hominibus
2611 2737 3050 2808 congredientes,
3109 2740 3178 2795 de
3202 2741 3475 2805 omnibus,
3538 2749 3597 2796 ut

2002 2830 2112 2888 sibi
2183 2830 2478 2897 simiiibus,
2535 2832 2860 2916 sententiam
2944 2832 3145 2887 ferunt.
3199 2831 3445 2903 Cumque
3498 2844 3595 2887 eos

2003 2936 2399 2999 prmsumptum
2445 2928 2631 2983 odium
2682 2927 2919 2982 inimicis
2951 2929 3151 2983 animis
3195 2942 3316 2983 esse
3377 2927 3588 2987 iecerit.

2009 3018 2153 3087 quod
2193 3018 2401 3086 volunt,
2438 3019 2492 3074 id
2525 3026 2721 3088 putant
2756 3032 2900 3095 esse.
2943 3021 3183 3077 Prorsus
3259 3035 3388 3074 vero
3446 3020 3593 3089 quod

2010 3122 2116 3162 non
2147 3110 2354 3174 vident,
2385 3110 2471 3166 vel
2502 3110 2748 3166 videntes
2776 3117 3002 3179 propter
3033 3108 3229 3179 linguae
3273 3110 3596 3165 varietatem

2009 3210 2115 3251 non
2160 3197 2494 3269 intelligunt,
2556 3214 2735 3269 neque
2787 3213 2912 3256 esse
2963 3200 3188 3254 omnino
3228 3201 3591 3255 arbitrantur.

2006 3289 2102 3344 Sic
2125 3288 2283 3344 matis
2313 3289 2531 3359 quidem
2562 3290 2888 3346 intendunt:
2919 3306 3041 3362 qum
3066 3300 3247 3349 auten
3283 3303 3407 3348 sunt
3432 3295 3595 3357 bona,

2006 3390 2060 3439 et
2118 3382 2374 3451 honesta,
2454 3385 2696 3442 scientes
2771 3387 3172 3459 prudentesque
3242 3398 3608 3457 praetereunt,

2005 3476 2159 3546 quasi
2189 3472 2275 3530 vel
2312 3476 2413 3545 ipsi
2471 3477 2764 3532 humanam
2820 3480 3163 3536 excesserint
3194 3480 3595 3545 inﬁrmitatem,

2005 3557 2100 3623 aut
2129 3580 2235 3623 non
2268 3568 2489 3638 plurimi
2519 3567 2661 3639 apud
2688 3584 2783 3625 eos
2811 3571 2922 3626 sint
2968 3572 3133 3626 etiam
3184 3587 3254 3627 ex
3316 3575 3596 3629 honeStiu-

2006 3673 2127 3715 rum
2167 3674 2423 3725 numero,
2474 3660 2566 3730 qui
2609 3661 2912 3732 ,legititna.
2971 3665 3417 3732 praevaricentur.
3483 3665 3599 3720 lloc

2004 3751 2151 3807 enim
2200 3752 2377 3807 solum
2416 3752 2656 3822 tetigisse
2701 3754 2835 3810 satis
2864 3759 2958 3810 sit.
3032 3753 3146 3809 lmo
3204 3760 3328 3810 cum
3384 3746 3439 3809 in
3489 3757 3596 3810 vita

2007 3842 2113 3898 hac
2142 3842 2300 3898 bonis
2342 3843 2472 3897 mali
2529 3844 2776 3912 permisti
2812 3845 2944 3910 sint,
3000 3858 3063 3901 ac
3090 3843 3332 3902 debitum
3386 3847 3455 3902 sit
3512 3862 3599 3901 er-

2008 3939 2191 3985 rantes
2232 3931 2299 3986 ud
2348 3930 2507 3985 iidem
2572 3930 2988 4011 Ecclesiamque
3048 3933 3311 3989 reducere
3367 3950 3383 3990 :
3441 3931 3600 3991 Occi-

2005 4018 2256 4077 dentales
2293 4028 2394 4087 per
2432 4018 2620 4075 omnia
2651 4022 2843 4076 volunt
2892 4037 3015 4079 esse
3070 4023 3386 4093 perfectos;
3439 4034 3495 4081 et
3551 4029 3594 4080 si

2007 4110 2150 4182 quod
2166 4109 2220 4166 in
2241 4110 2324 4167 eis
2350 4111 2774 4181 reprehensibile
2791 4113 2979 4181 fuerit,
2996 4130 3117 4171 mox
3140 4117 3380 4171 Itazretici
3404 4126 3596 4184 erunt;

2007 4212 2064 4261 et
2097 4203 2145 4259 si
2177 4202 2303 4273 quis
2354 4204 2685 4273 peccaverit,
2723 4203 2966 4263 Ecclesia
2999 4218 3110 4264 tota
3146 4209 3200 4262 in
3253 4206 3415 4279 culpa
3469 4211 3596 4266 erit.

2009 4293 2128 4352 Hac
2161 4294 2398 4364 denique
2434 4296 2670 4361 ratione.
2718 4299 2764 4353 si
2811 4299 2936 4370 quis
2990 4308 3190 4370 praeter
3241 4299 3595 4371 Evangeliqu

2008 4387 2287 4460 quidpiam
2315 4385 2622 4453 admiserit,
2672 4388 3028 4459 Evangelium
3093 4393 3281 4449 itidem
3318 4393 3602 4450 insimula-

335 4496 524 4537 rursus
556 4482 608 4537 in
646 4481 910 4537 sumendo
936 4480 1060 4538 cibo
1088 4482 1398 4537 necessario
1443 4483 1722 4553 quodlibet
1796 4483 1906 4538 im-
1937 4496 1987 4552 ῃ
2012 4481 2186 4542 bitur,
2240 4476 2333 4532 llla
2364 4477 2536 4541 enim,
2573 4492 2694 4549 quae
2746 4493 2896 4539 recte
2935 4484 3145 4554 agenda
3195 4497 3345 4554 Sttnl,
3395 4503 3598 4556 praece-

337 4572 521 4626 bibant
549 4572 842 4642 liquamen,
873 4572 989 4628 sive
1025 4572 1159 4628 alias
1190 4573 1597 4642 quomodolibet
1649 4571 1909 4640 deﬂuant,
2011 4574 2129 4646 pit:
2168 4572 2257 4627 hic
2299 4574 2502 4637 autent,
2566 4573 2657 4628 illa
2692 4568 2991 4642 inhibente,
3018 4577 3351 4648 voluptatem
3376 4580 3603 4648 iustitia:

334 4673 499 4734 atque
528 4665 601 4720 ita
628 4680 731 4720 non
779 4679 981 4735 parvus
1014 4679 1172 4722 error
1222 4666 1316 4723 sit.
1348 4665 1651 4734 Simulque,
1719 4679 1914 4736 quem-
2011 4665 2270 4736 praetulit.
2349 4661 2560 4734 Nempe
2616 4667 2762 4731 enim
2812 4666 2965 4721 mali
2997 4665 3258 4723 Ecclesiae
3321 4683 3600 4738 nunquam

336 4757 625 4835 admodum
655 4771 865 4827 ungues
891 4770 1224 4824 resecatnus,
1251 4766 1320 4812 ne
1346 4756 1502 4813 nobis
1526 4757 1913 4828 impedimento
2008 4757 2342 4825 defuerunt;
2392 4772 2572 4827 neque
2612 4768 2791 4813 tamen
2815 4757 2932 4821 illa,
2958 4758 3163 4825 minor,
3212 4768 3308 4814 aut
3363 4760 3605 4815 deterior

328 4863 457 4923 esse
478 4849 874 4918 possint:nihil
900 4850 1153 4920 prohibet
1189 4850 1381 4906 eadem
1420 4849 1654 4916 ratione,
1686 4850 1733 4905 si
1778 4849 1912 4921 quid
2010 4847 2154 4917 fuit;
2208 4864 2390 4920 neque
2440 4849 2710 4904 malorum
2772 4849 3132 4921 perversitas,
3180 4852 3339 4910 bonis
3413 4854 3603 4909 obesse

335 4941 615 5014 impediat,
654 4941 835 5000 crines
869 4956 1141 5008 resecare,
1196 4941 1470 5009 ornatius,
1521 4948 1684 5012 atque
1713 4932 1910 4998 buma-
2009 4942 2229 5013 potuit;
2265 4956 2446 5013 neque
2477 4942 2636 4997 iidem
2664 4942 3029 5012 quorumdam
3078 4943 3288 4999 malitia
3323 4944 3601 5001 obtundit.

410 5145 524 5217 (80)
561 5144 704 5217 Lege
730 5144 1020 5217 Baronium
1051 5160 1185 5201 tom.
1210 5140 1254 5210 ι,
1273 5158 1362 5199 au.
1381 5142 1588 5217 Christi
1618 5141 1710 5217 5_7,
1734 5142 1912 5217 n.95,

335 5224 391 5271 et
412 5213 511 5271 an.
522 5216 611 5281 58,
637 5213 693 5271 ᾖ.
720 5216 820 5270 1⁸56
839 5225 895 5271 et
909 5230 1026 5286 seq.
1049 5217 1188 5286 Lege
1202 5215 1485 5286 epistolam
1507 5213 1653 5286 fetrl
1681 5215 1920 5286 patriar:

336 5288 452 5343 ehe
479 5286 803 5349 Antiocheni
852 5286 917 5345 ad
958 5282 1274 5347 Miebaoletit
1301 5284 1660 5350 Commium,
1689 5294 1820 5343 tom.
1851 5282 1920 5341 XI

340 5354 550 5415 Beronii
585 5373 674 5409 an.
706 5355 861 5413 i054.
1246 5414 1251 5415 ,

379 5371 550 5411 21⁵01111
585 5373 674 5409 an.
706 5371 861 5412 ιυῠι.

406 5425 830 5501 (8l)_Fuit_haac
867 5427 1092 5497 antiqua
1122 5425 1448 5501 Graecorum
1468 5423 1736 5501 adversus
1767 5421 1915 5478 Lati.
2025 5428 2181 5501 silam
2223 5421 2694 5501 archiepiscopum
2742 5430 3025 5501 Dyrrachii
3062 5447 3076 5484 :
3119 5421 3441 5501 Sanctorum
3466 5429 3607 5480 ima-

340 5495 435 5553 nos
461 5495 755 5558 calumnia,
784 5507 843 5550 ut
870 5495 1017 5565 patet
1040 5513 1106 5552 ea
1139 5495 1575 5553 Nic.Choniate:
1605 5496 1911 5566 aedtumor:
2022 5499 2206 5566 ginem
2233 5508 2355 5552 sunt
2381 5509 2429 5552 et
2467 5497 2646 5553 Latini
2685 5495 2934 5561 cultores,
2957 5510 3009 5554 et
3044 5502 3099 5555 in
3127 5495 3471 5565 suis'templis
3509 5512 3599 5550 eas

342 5567 716 5639 iniquissima;
758 5563 879 5639 qua
911 5567 1075 5639 etiam
1129 5567 1352 5639 Latinos
1396 5564 1645 5639 o_ner_avit
1684 5563 1915 5639 Michael
2022 5563 2255 5639 erigunt.
2305 5568 2470 5624 Vocat
2532 5574 2671 5625 idem
2729 5570 3035 5624 Demetrius
3079 5584 3143 5624 ex
3195 5563 3601 5639 Theophylacto

344 5632 656 5713 Cerularitts
693 5632 1207 5713 cpist._ad_Pe_trttttt_
1224 5635 1481 5693 Antioch.
1510 5633 1633 5713 Bac.
1661 5632 1911 5713 tom-XI,
2024 5632 2286 5713 Bulgaria:
2311 5640 2719 5713 archicpiscupo
2755 5639 3062 5713 Satam'cqm
3088 5632 3516 5713 sycophantiam,
3552 5637 3627 5692 si-

341 5724 478 5784 anuo
512 5704 776 5784 manu.
811 5706 902 5784 Si.
954 5705 1061 5760 Sed
1105 5726 1132 5761 a
1166 5706 1479 5784 Graecorum
1531 5704 1915 5784 criitiinatione
2020 5704 2147 5780 quis
2175 5710 2340 5776 dicat,
2372 5704 2601 5766 Latinos
2627 5704 2737 5766 non
2775 5709 2957 5767 colere
2988 5704 3277 5780 imagines.

343 5779 530 5838 liberat
576 5776 804 5833 Latinos
847 5777 1066 5834 Graccus
1102 5779 1385 5846 cpisc0pus
1424 5773 1663 5832 Joannes
1687 5773 1935 5838 Citrius._
2038 5773 2054 5780 “
2328 5773 2336 5776 ⁷
2440 5833 2451 5840 ,
3104 5773 3131 5780 ⁷
3258 5786 3264 5792 ‘

2026 5145 2116 5215 qui
2151 5145 2207 5201 in
2255 5145 2553 5213 “es‘ponsis
2588 5146 2703 5203 suis
2745 5154 2880 5202 tom.
2920 5146 2941 5200 Ι
2970 5145 3123 5201 Iuris
3157 5148 3606 5205 Crono-Romani

2027 5217 2127 5291 ait,
2160 5218 2545 5291 uenerationem
2575 5218 2819 5287 pretiosa
2849 5220 3019 5274 crucis
3062 5228 3472 5291 sanctorumque
3506 5223 3607 5276 Ln-

2031 5287 2162 5341 tinis
2192 5303 2314 5342 cum
2342 5288 2546 5343 Graecis
2575 5304 2699 5344 esse
2725 5297 3091 5344 communem.
3126 5292 3260 5344 Item
3291 5287 3601 5347 Detinetrius

2027 5354 2398 5413 Chomate‘nus
2441 5360 2493 5411 in
2531 5357 2825 5424 RBSDOIISlS
2856 5358 2922 5412 ad
2971 5358 3393 5427 Constantinum
3423 5360 3603 5413 Caba-
3652 5418 3658 5424 _
3758 5408 3761 5411 .
