4052 6426
531 295 590 362 2i
607 304 639 364 5
1757 311 2153 374 MANUELIS
2191 312 2500 376 CALECE
3661 315 3756 380 illi

534 415 624 473 lila
663 419 806 476 enim
833 419 958 475 sine
998 419 1224 476 crimine
1275 429 1397 476 est:
1468 421 1594 475 mali
1665 429 1844 476 autem
1891 420 2174 498 'debitas-A
2204 424 2324 493 quis
2355 424 2574 481 enimid
2609 439 2714 481 non
2745 425 2950 491 laudet,
2997 425 3139 497 quod
3192 441 3222 481 a
3267 427 3476 484 sanctis
3520 428 3755 491 Patribus

536 512 820 566 exsolvcnt
850 525 1062 580 ptenas.
1099 509 1177 565 ita
1221 526 1396 580 neque
1436 513 1526 580 qui
1574 510 1712 568 duce
1770 511 1875 566 fide
1917 510 2103 568 Eccle-
2204 523 2261 568 ut
2284 515 2472 572 activae
2533 515 2751 574 virtutis
2832 517 3044 586 species
3102 530 3210 571 non
3260 517 3504 584 minima,
3562 537 3756 577 summa

460 659 466 666 ,
533 601 628 656 sia:
656 601 925 672 graditur,
954 602 1184 672 proximi
1242 603 1454 658 delictis
1507 603 1609 657 erit
1671 603 1964 667 obnoxius,
2005 605 2100 659 sed
2201 604 2500 675 diligentia,
2537 615 2593 662 et
2619 621 2749 662 cura
2799 607 3196 678 apprehensum
3261 609 3390 664 est?
3427 610 3495 664 Et
3543 610 3760 672 fortasse

533 693 906 765 unusquisque
929 695 1190 750 rationem
1223 709 1318 763 pro
1347 710 1406 752 se
1438 694 1649 760 reddet,
1695 692 1847 762 juxta
1875 707 2099 764 operum

533 786 746 840 merita.

601 873 694 929 Est
736 876 898 945 igitur
942 875 1297 945 quorumdam
1333 875 1569 946 nequitia
1624 875 1926 931 communis
1980 876 2099 944 qui-

528 963 648 1019 dem
675 965 930 1021 Ecclesia:
963 967 1128 1022 caatui
1165 967 1476 1022 scandalum
1504 981 1524 1021 :
1577 982 1686 1022 non
1744 973 1921 1020 tamen
1976 968 2100 1022 inde

526 1055 643 1124 ejus
673 1055 907 1110 violatur
945 1055 1078 1111 ﬁdes
1104 1072 1124 1110 :
1156 1055 1238 1110 vel
1269 1057 1367 1126 qui
1401 1057 1502 1111 sibi
1561 1056 1699 1111 uniti
1775 1065 1921 1120 sunt,
1975 1057 2100 1113 inde

525 1145 820 1200 laeduntur.
869 1145 1037 1202 Porro
1065 1148 1110 1202 si
1168 1147 1292 1216 quis
1349 1147 1612 1202 malorum
1673 1161 1862 1213 causa,
1916 1147 2100 1202 Eccle-

523 1236 682 1302 siam,
709 1245 769 1290 ut
791 1237 1112 1292 inhonoram
1143 1237 1372 1306 respuit,
1406 1251 1623 1292 omnem
1669 1251 1778 1291 una
1805 1237 2096 1293 Ecclesiam

523 1327 734 1397 abjicit,
769 1340 834 1382 eo
857 1327 1080 1398 quodin
1137 1341 1197 1382 ea
1228 1328 1385 1382 malis
1439 1341 1654 1396 semper
1710 1327 1862 1383 locus
1914 1326 2094 1384 fuerit.

523 1419 616 1474 Sic
641 1427 824 1474 autem
855 1420 1019 1474 etiam
1049 1417 1348 1474 Ecclesiam
1380 1433 1533 1473 suam
1573 1417 1809 1486 abjiciet,
1849 1421 2097 1476 tandem-

523 1523 631 1580 que
684 1523 860 1578 neque
886 1507 1255 1564 Christianum
1285 1523 1343 1563 se
1398 1507 1572 1578 ipsum
1622 1506 1931 1578 appellabit,
1976 1511 2096 1564 nul-

523 1600 631 1654 lam
688 1600 806 1655 sine
869 1600 1102 1655 crimine
1151 1598 1446 1654 Ecclesiam
1509 1600 1747 1655 habens:
1786 1600 1831 1655 si
1879 1600 2095 1671 quidem

524 1691 886 1762 quorumdam
951 1690 1191 1760 perditos
1246 1704 1427 1745 mores
1475 1689 1598 1747 fidei
1644 1692 1900 1763 applicat,
1957 1707 2096 1764 quos

525 1783 856 1839 multitudini
902 1783 1161 1838 admistos
1215 1797 1336 1838 esse
1389 1797 1613 1840 necesse
1675 1793 1780 1840 est.
1841 1785 1949 1842 Sed
1994 1787 2098 1842 ista
2130 1764 2173 1820 Β

527 1875 826 1931 crudelium
902 1872 1144 1945 judicum
1203 1883 1349 1940 sunt,
1410 1883 1464 1929 et
1497 1890 1528 1930 a
1555 1877 1788 1946 proximi
1819 1875 2104 1934 dilectione

526 1978 749 2034 prorsus
783 1963 1104 2030 alienorum,
1156 1971 1210 2018 et
1259 1978 1437 2033 neque
1468 1979 1624 2022 suam
1652 1981 1828 2036 neque
1853 1983 2101 2023 commu-

526 2073 650 2113 nem
701 2057 1077 2113 infirmitatem
1146 2058 1518 2124 sentientium,
1601 2073 1774 2128 neque
1836 2059 1986 2115 utilia
2033 2073 2102 2114 ex

524 2153 777 2208 omnibus
806 2151 1058 2221 colligere
1101 2149 1392 2205 volentium
1421 2190 1438 2215 ,
1471 2165 1537 2206 ex
1575 2151 1737 2207 malis
1766 2165 1917 2218 vero,
1982 2165 2103 2222 qua:

526 2242 702 2312 magis
779 2241 1012 2298 fortasse
1078 2241 1437 2312 delectantur.
1496 2241 1705 2308 audire,
1785 2243 2100 2299 scandalum

522 2331 851 2404 capientium
901 2351 920 2388 :
955 2347 1074 2402 quae
1126 2333 1306 2389 omnia
1342 2333 1570 2389 infirmae
1620 2342 1676 2389 et
1728 2334 1929 2390 vitiatae
1973 2349 2103 2392 con-

521 2425 768 2482 scientiae
797 2422 996 2480 indicia
1028 2433 1178 2481 sunt.

1123 2515 1200 2571 De
1239 2517 1464 2586 jejunio.

596 2603 824 2663 Plurimi
856 2608 985 2664 item
1009 2615 1157 2673 Sunt,
1215 2608 1304 2677 qui
1348 2608 1743 2674 Occidentales,
1796 2609 1940 2678 quod
1997 2624 2101 2666 non

519 2710 588 2754 ut
619 2701 719 2771 ipsi
746 2699 1017 2770 jejunant,
1055 2699 1408 2766 insimulant;
1443 2699 1547 2756 hoc
1575 2709 1762 2756 .autem
1794 2700 2101 2758 Pharisaeo-

525 2807 649 2846 rum
693 2791 1014 2848 criminibus
1052 2791 1391 2846 simillimum
1441 2801 1545 2848 est.
1594 2791 1663 2848 Et
1716 2802 1867 2850 certe
1911 2794 2103 2850 Arme-

529 2883 650 2938 nios
707 2883 762 2937 in
801 2881 1048 2952 jejuniis,
1104 2893 1160 2937 et
1225 2881 1532 2951 hujusmodi
1593 2883 2098 2951 observationibus,

525 2983 763 3040 nostros,
813 2975 933 3031 sine
968 2975 1084 3031 ulla
1103 2976 1513 3047 comparatione
1568 2990 1826 3046 superare
1886 2991 2101 3047 compe-

524 3066 748 3121 riet.lta
779 3067 928 3160 enim
975 3066 1248 3160 illi‘cibis,
1301 3071 1518 3138 quando
1553 3068 1804 3160 jejunant
1834 3067 2099 3138 (jejunant
2125 3098 2171 3160 ρ

523 3163 706 3212 autem
743 3156 866 3227 plus
894 3156 1150 3226 emeris),
1180 3157 1488 3213 abstinent:
1520 3167 1576 3213 ut
1605 3161 1649 3214 si
1695 3159 1818 3228 quis
1871 3173 1938 3212 ex
1995 3174 2092 3213 no-

525 3248 657 3304 stris.
679 3263 803 3304 cum
831 3248 938 3303 illis
977 3246 1186 3318 jejunio
1211 3249 1570 3317 contenderit,
1599 3249 1860 3305 ridiculus
1880 3248 2096 3305 futurus

526 3337 632 3402 sit;
661 3351 770 3392 non
820 3346 998 3392 tamen
1053 3337 1180 3393 illos
1233 3338 1434 3395 idcirco
1495 3354 1555 3396 se
1603 3340 1857 3397 meliores
1902 3339 2098 3396 dicturi

527 3435 673 3482 sunt.
707 3425 940 3483 Omnino
962 3438 1143 3484 autem
1176 3430 1243 3484 de
1276 3430 1430 3491 cibis,
1460 3438 1515 3486 et
1540 3432 1777 3500 potibus,
1834 3441 1892 3486 et
1942 3430 2102 3487 indu-

526 3519 744 3586 mentis,
774 3535 1000 3591 quaque
1035 3521 1132 3591 ipsi
1162 3521 1404 3577 faciunt:
1436 3521 1682 3588 Latinos,
1713 3524 1841 3594 quia
1867 3537 2100 3580 consue-

527 3609 807 3667 tudinibus
864 3613 998 3677 suis,
1037 3628 1173 3683 quas
1199 3615 1442 3670 abinitio
1486 3625 1830 3684 acceperunt,
1860 3623 2097 3681 utentes,

524 3717 635 3758 non
665 3703 888 3770 faciunt,
922 3703 1204 3761 haereticos
1233 3714 1438 3762 notant.
1486 3706 1688 3761 Volunt
1715 3706 1888 3774 enim,
1921 3708 1966 3762 si
2018 3707 2102 3764 fas

524 3789 616 3852 sit,
668 3805 858 3846 omnes
891 3793 1056 3847 t0tius
1092 3792 1241 3848 orbis
1290 3804 1503 3863 gentes,
1562 3796 1664 3851 sub
1721 3810 1884 3851 unam
1936 3796 2094 3852 indu-

523 3893 648 3934 cere
691 3883 1164 3948 consuetudinem,
1189 3892 1243 3939 et
1265 3885 1463 3954 quibus
1491 3886 1590 3954 ipsi
1623 3895 1876 3952 utuntur,
1903 3903 2097 3945 onmes

525 3968 777 4026 similiter
801 3977 877 4025 uti
904 3989 917 4026 :
956 3976 1285 4039 nescientes,
1315 3990 1377 4032 se
1407 3976 1551 4043 ipsos
1578 3979 1739 4032 etiam
1783 3995 1816 4035 a
1851 3980 2102 4048 plurimis

525 4059 580 4114 in
609 4059 919 4134 hujusmodi
974 4078 1132 4133 posse
1180 4065 1545 4134 reprehendi:
1611 4081 1788 4136 neque
1849 4069 2104 4136 possibile

524 4159 608 4206 est
633 4153 875 4208 eamdem
905 4156 1045 4222 apud
1072 4169 1263 4210 omnes
1296 4171 1506 4211 morum
1548 4173 1792 4212 normam
1834 4159 2100 4214 obtinere.

595 4241 738 4298 Nihil
762 4255 938 4301 tamen
967 4257 1060 4302 aut
1095 4261 1334 4315 nostros,
1369 4257 1460 4303 aut
1490 4248 1632 4315 illos,
1667 4249 1749 4305 vel
1800 4250 2102 4320 linguarum

524 4331 852 4402 diderentia,
904 4338 987 4394 vel
1038 4353 1270 4406 morum,
1315 4341 1399 4396 vel
1446 4341 1752 4410 hujusmodi
1786 4344 2101 4416 quidquam,

2201 698 2398 753 dixerit
2439 699 2706 769 quispiam
2738 699 3117 756 Occidentales
3148 699 3267 768 plus
3332 715 3496 771 quam
3559 714 3759 762 nostros

2196 787 2464 858 jejunare,
2496 788 2543 844 si
2584 791 2945 846 communiter
2992 790 3244 875 omnibu’
3290 804 3480 845 omnes
3552 805 3760 862 compa-

2204 887 2419 932 rentur.
2449 877 2741 948 Utcunque
2764 886 2944 934 tamen
2976 894 3034 935 se
3093 895 3182 936 res
3224 880 3440 945 habeat,
3481 879 3757 950 jejunium,

2199 966 2246 1022 si
2274 982 2396 1022 cum
2427 969 2658 1037 proximi
2701 968 3014 1036 dilectione,
3077 981 3132 1027 et
3191 971 3309 1026 sine
3355 972 3758 1042 disceptatione,

2199 1067 2254 1114 et
2279 1059 2727 1115 condemnatione
2768 1076 2879 1116 non
2923 1060 3286 1130 jejunantium
3317 1062 3433 1128 fiat,
3467 1065 3758 1119 mercedem

2202 1148 2383 1204 habet.
2420 1149 2590 1204 Aliter
2643 1152 2787 1206 enim
2831 1151 3163 1208 Pharisaica:
3225 1152 3450 1208 elationi
3495 1168 3763 1223 compara-

2202 1249 2336 1304 tum,
2390 1249 2692 1307 nocetzet,
2745 1243 2792 1298 si
2843 1258 3004 1312 quem
3053 1242 3286 1300 fructum
3332 1244 3500 1299 alium
3556 1246 3758 1312 habeat,

2198 1331 2459 1386 amittit:~
2485 1330 2544 1387 Si
2575 1334 2712 1387 enim
2739 1334 3080 1400 distribuero,
3106 1335 3303 1404 inquit,
3386 1351 3590 1391 omnem
3644 1337 3760 1391 sub-

2199 1420 2447 1474 stantiam
2475 1437 2643 1476 meam
2694 1424 2749 1477 in
2781 1424 2927 1477 cibos
2970 1440 3285 1493 pauperum,
3325 1432 3377 1478 et
3408 1426 3456 1479 si
3506 1424 3761 1479 tradidero

2198 1525 2385 1580 corpus
2414 1527 2583 1565 meum
2652 1508 2730 1566 ita
2793 1521 2854 1567 ut
2919 1521 3158 1578 ardeam,
3227 1514 3540 1570 charitatem
3600 1524 3762 1569 autem

2199 1615 2305 1654 non
2356 1600 2616 1667 habuero,
2649 1603 2783 1657 nihil
2839 1603 2969 1658 mihi
3016 1604 3226 1675 prodest
3255 1604 3320 1659 "'.
3381 1605 3542 1660 Addit
3607 1606 3759 1659 etiam

2201 1693 2490 1761 Apostolus
2519 1713 2534 1750 :
2569 1693 2708 1750 Esca
2731 1714 2824 1751 nos
2853 1713 2958 1754 non
2974 1698 3302 1752 commendat
3338 1697 3534 1753 Deo“.
3560 1697 3644 1764 Et,
3669 1697 3763 1764 Qui

2203 1800 2307 1838 non
2338 1787 2579 1851 comedit,
2624 1787 3028 1842 manducantem
3085 1804 3189 1843 non
3231 1798 3446 1857 spernat
3468 1787 3538 1844 ".

2272 1875 2328 1929 Si
2349 1876 2470 1945 quis
2495 1886 2673 1932 autem
2694 1878 3025 1948 manducans
3049 1894 3153 1934 non
3180 1880 3592 1935 manducantem
3617 1893 3763 1934 scan-

2202 1964 2444 2021 dalizat:
2477 1967 2600 2032 hoc,
2660 1966 2735 2022 illi
2763 1967 2982 2038 quidem
3025 1966 3158 2022 nihil
3181 1977 3368 2034 nocet,
3423 1968 3672 2033 maxime,
3721 1968 3763 2022 si
3825 1996 3842 2004 -

2203 2069 2308 2124 qua
2334 2064 2524 2134 urgeat
2588 2057 2913 2123 necessitas,
2968 2057 3052 2112 vel
3093 2057 3364 2124 locorum,
3417 2071 3765 2128 corporumve

2203 2147 2503 2217 dispositio.
2533 2146 2770 2205 infirmis
2797 2149 2940 2204 enim
2970 2149 3142 2220 legem
3166 2163 3272 2204 non
3300 2163 3452 2216 esse,
3493 2150 3768 2221 Apostolus

2202 2235 2312 2301 ait;
2348 2247 2449 2293 et:
2485 2237 2590 2304 Qui
2649 2240 2889 2309 inﬁrmus
2944 2249 3041 2305 est,
3073 2240 3190 2294 olus
3222 2241 3510 2296 manducet
3564 2239 3629 2296 ⁸⁸.
3685 2238 3766 2305 Et,

2202 2328 2422 2384 mundis
2454 2330 2653 2384 munda
2686 2339 2814 2386 sunt
2847 2331 3011 2386 etiam
3043 2331 3348 2386 immunda.
3369 2331 3661 2386 immundis
3686 2345 3769 2386 ve-

2204 2433 2267 2474 ro
2293 2419 2473 2474 omnia
2500 2419 2770 2474 immunda
2789 2428 2930 2474 sunt.
2963 2418 3259 2489 Inquinata
3289 2422 3438 2477 enim
3463 2433 3536 2476 est
3564 2421 3766 2476 illorum

2203 2529 2368 2579 mens,
2424 2521 2472 2567 et
2528 2514 2850 2568 conscientia
2905 2513 2974 2568 ".
3012 2513 3144 2584 Ejus
3207 2513 3768 2571 vera‘conscientiam

2204 2603 2477 2660 infirmam
2504 2604 2811 2660 claudicare
2829 2605 3005 2675 arguit
3034 2613 3055 2659 ξ·
3089 2605 3233 2674 quod
3266 2607 3505 2675 puerilis
3535 2615 3618 2662 est
3645 2619 3764 2661 sen-

2203 2709 2318 2762 sus,
2348 2703 2403 2752 et
2434 2695 2572 2766 ejus,
2629 2695 2723 2766 qui
2789 2697 3018 2752 necdum
3065 2697 3443 2766 evangelicam
3497 2697 3766 2769 perfectio-
3821 2725 3826 2732 ι

2201 2803 2326 2844 nem
2382 2787 2843 2858 apprehenderit:
2899 2788 2952 2843 in
2977 2803 3082 2858 qua
3117 2797 3303 2844 mutua
3365 2790 3665 2854 dilectione,
3716 2795 3766 2844 et
3798 2820 3815 2844 ι

2203 2878 2469 2944 spirituali
2495 2877 2672 2932 littera
2697 2876 2957 2948 subjectis
2987 2877 3186 2946 legales
3209 2879 3622 2935 observationes
3646 2890 3762 2947 pro-

2203 2967 2469 3023 hibentur.
2507 2967 2616 3024 Et:
2655 2966 2779 3022 Non
2817 2984 2934 3039 qua:
2962 2969 3164 3023 intrant
3192 2984 3288 3038 per
3317 2986 3400 3035 os,
3433 2970 3759 3039 coinquinant

2201 3058 2483 3126 hominem,
2516 3059 2605 3114 sed
2637 3075 2754 3124 quae
2783 3061 3128 3130 egrediuntur
3145 3075 3210 3114 ea:
3249 3061 3412 3116 corde
3443 3062 3525 3128 ³²;
3590 3063 3758 3115 odium

2201 3150 2432 3214 scilicet,
2462 3149 2780 3224 inimicitiae,
2815 3160 3009 3222 etquae
3030 3151 3192 3216 talia;
3223 3166 3292 3206 ne
3313 3152 3564 3222 sepulcra
3615 3149 3750 3204 deal-

2201 3243 2324 3297 bata
2374 3241 2655 3296 videamur
2713 3241 2870 3311 plena
2945 3240 3257 3311 putredine,
3325 3249 3384 3298 et
3439 3239 3760 3312 paropsidem

2201 3331 2540 3387 extrinsecus
2580 3331 2925 3396 inundantes,
2957 3332 3272 3388 interiorem
3305 3333 3641 3405 negligemus
3665 3331 3760 3384 im-

2204 3425 2542 3490 munditiam,
2570 3425 2940 3494 caacitatisque
2965 3423 3170 3479 crimen
3197 3425 3516 3489 subeamus,
3577 3423 3621 3478 si
3643 3434 3761 3476 ocu-

2202 3515 2236 3570 li
2272 3515 2440 3572 nostri
2474 3515 2676 3572 trabem
2709 3531 2814 3571 non
2852 3517 3116 3582 videntes,
3169 3515 3222 3569 in
3250 3513 3441 3572 fratris
3467 3514 3619 3572 oculo
3666 3511 3764 3568 fes-

2202 3615 2382 3662 tucam
2443 3589 2686 3662 s'tudiose
2730 3606 3107 3676 inquiramus;
3168 3607 3448 3676 quomodo
3501 3620 3624 3676 ergo
3667 3617 3760 3657 non

2205 3699 2442 3754 maxime
2520 3697 2752 3764 laeditur,
2832 3699 2923 3766 qui
3002 3699 3222 3752 amissis
3281 3697 3570 3753 charitatis
3620 3693 3762 3750 bonis

2203 3790 2516 3861 hujusmodi
2545 3790 2780 3845 festucas
2803 3789 3140 3844 insectatur?

2273 3882 2564 3947 Praeterea,
2589 3880 2643 3935 in
2683 3878 2886 3935 Christi
2919 3878 3169 3932 doctrina
3202 3878 3404 3946 partim
3455 3886 3582 3936 sunt
3632 3889 3758 3946 prte-

2203 3981 2380 4042 cepta,
2440 3971 2524 4028 vel
2581 3970 2855 4035 mandata,
2911 3971 3107 4039 partim
3165 3971 3597 4035 admonitiones,
3656 3967 3761 4020 sive

2203 4065 2454 4120 consilia.
2515 4064 2787 4132 Praecepta
2856 4063 3019 4133 igitur
3100 4063 3478 4133 unusquisque
3540 4059 3797 4116 fidelium.

2203 4172 2443 4225 servare,
2475 4172 2540 4212 ex
2601 4157 2932 4213 necessitate
2983 4155 3298 4224 requiritur.
3356 4155 3532 4210 Aliter
3583 4152 3763 4222 quippe

2205 4250 2520 4304 mortalibus
2547 4248 2786 4319 peccatis
2842 4262 2964 4302 sese
3019 4245 3312 4303 coniodiet.
3368 4247 3602 4303 Consilia
3647 4255 3764 4297 vero

2203 4340 2248 4396 si
2277 4345 2402 4411 quis
2429 4341 2581 4410 sequi
2607 4340 2794 4408 eligat,
2831 4338 3218 4409 perfectionem
3254 4338 3616 4408 apprehendit
3663 4350 3677 4392 :
3709 4329 3762 4386 Si

527 4427 670 4498 quod
726 4443 833 4483 non
883 4429 954 4486 sit
1009 4445 1299 4487 commune
1349 4433 1624 4498 omnibus,
1671 4435 1941 4502 prohibet,
1998 4438 2101 4494 sub
2133 4432 2177 4488 D
2205 4434 2280 4486 vis
2300 4433 2462 4494 enim,
2491 4431 2684 4500 inquit,
2721 4431 2986 4501 perfectus
3026 4446 3156 4496 esse,
3186 4430 3340 4496 vade,
3373 4441 3423 4485 et
3478 4427 3630 4484 vende
3663 4439 3764 4478 om-

525 4534 688 4574 unam
719 4521 910 4576 adduci
941 4520 1125 4577 fidem.
1159 4523 1292 4579 Nam
1327 4533 1384 4579 et
1441 4527 1694 4596 apostoli,
1743 4543 1865 4583 cum
1923 4536 2096 4586 totum

525 4611 808 4668 lustrarint
831 4613 1045 4682 orbem,
1086 4629 1276 4672 omnes
1306 4615 1358 4670 in
1385 4616 1550 4672 rebus
1575 4616 1830 4675 omnibus
1861 4635 2096 4676 consue-

526 4706 743 4762 tudines
799 4721 929 4762 suas
955 4708 1176 4764 minime
1207 4709 1496 4764 immutare
1543 4711 1944 4780 compulerunt.
1988 4713 2096 4769 Sed

523 4811 702 4868 neque
739 4799 784 4853 si
821 4799 1144 4866 voluissent,
1174 4815 1269 4855 eas
1307 4810 1500 4871 gentes
1550 4803 1838 4859 immutare
1891 4807 2098 4874 potuis-

524 4899 677 4956 sent;
741 4903 927 4946 verum
1005 4894 1281 4964 praecipua
1353 4895 1618 4963 quaedam,
1701 4896 2100 4964 praedicationis

525 4979 867 5051 Evangeiicae
888 4985 1121 5053 capitula
1158 4988 1344 5041 decem
1380 4986 1598 5054 .l‘erme,
1660 4989 1744 5042 vel
1813 4989 2097 5046 duodecim

525 5083 732 5140 tenere,
765 5083 926 5144 atque
985 5077 1233 5132 confiteri
1316 5079 1691 5146 adhortantes,
1769 5080 1977 5137 nullum
2029 5083 2098 5138 de

524 5166 738 5220 czeteris
767 5165 994 5221 verbum
1023 5167 1221 5238 fecere,
1252 5169 1352 5225 nisi
1400 5171 1614 5230 traditis
1640 5171 1891 5241 capitulis
1917 5182 2105 5243 aperte

526 5267 914 5328 repugnarent.

595 5349 925 5404 Praeclarum
982 5352 1286 5421 estquidem
1315 5353 1382 5409 ab
1413 5352 1663 5410 omnibus
1691 5369 1905 5426 semper
1932 5355 2099 5411 absti-

527 5457 653 5496 nere
673 5441 986 5510 jejunando,
1021 5451 1182 5512 atque
1204 5447 1471 5500 sarcinam
1520 5445 1701 5500 carnis
1741 5447 2045 5518 abjiciendo
2079 5463 2094 5501 :

2206 4526 2295 4578 nia
2317 4540 2436 4593 quis
2466 4525 2645 4586 habes,
2673 4534 2722 4577 et
2769 4524 2838 4576 da
2875 4521 3219 4593 pauperibus,
3259 4532 3315 4602 et
3362 4522 3498 4588 ueni,
3561 4529 3760 4588 sequere

2207 4634 2287 4672 me
2314 4617 2392 4684 83;
2425 4617 2527 4670 hoc
2559 4625 2761 4682 tamen,
2789 4615 2831 4670 si
2863 4617 2983 4684 quis
3009 4630 3170 4685 agere
3217 4615 3478 4682 noluerit,
3533 4626 3625 4681 Spe
3653 4605 3764 4662 fidei

2205 4710 2430 4774 minime
2455 4707 2765 4763 excluditur
2791 4725 2805 4762 :
2831 4706 2879 4762 si
2907 4714 3107 4771 servet,
3142 4722 3264 4776 quae
3296 4716 3423 4761 sunt
3464 4703 3619 4760 saluti
3676 4711 3762 4752 ne-
3814 4697 3817 4702 ’

2203 4799 2463 4854 cessaria.
2492 4797 2812 4866 llujusmodi
2867 4812 2992 4853 vero
3017 4797 3281 4868 jejunium
3345 4811 3453 4850 non
3511 4799 3614 4856 est,
3666 4785 3759 4841 ηἱεὶ

2201 4891 2418 4946 statutis
2446 4890 2768 4960 quibusdam
2807 4890 3020 4954 diebus,
3082 4888 3166 4944 vel
3190 4889 3362 4944 sextis
3407 4886 3558 4942 feriis
3600 4879 3763 4936 omni-

2202 4985 2402 5046 bus,et
2433 4982 2860 5052 quadragesima:
2883 4981 3116 5051 jejunio,
3144 4980 3290 5050 quod
3355 4994 3387 5034 a
3410 4976 3616 5036 sanctis
3663 4971 3759 5026 Pa-

2203 5075 2375 5132 tcibus
2401 5075 2729 5140 institutum,
2765 5073 2858 5144 qui
2897 5087 2991 5140 per
3019 5080 3393 5141 contemptum
3459 5061 3754 5124 violaverit,

2198 5176 2390 5238 peccat
2419 5168 2665 5236 quidem,
2697 5182 2806 5221 non
2865 5175 3046 5222 tamen
3079 5165 3197 5221 ideo
3261 5163 3386 5219 fidei
3429 5154 3758 5227 naufragium

2197 5259 2437 5330 pertulit.
2473 5257 2668 5313 Verum
2703 5259 2754 5312 in
2791 5257 2842 5312 id
2883 5267 3167 5327 peccatum
3197 5256 3412 5320 incidit,
3472 5250 3612 5323 quod
3668 5257 3757 5316 per

2198 5351 2596 5423 pmnitentiam,
2623 5359 2679 5406 et
2736 5351 3154 5417 confessionem,
3196 5347 3399 5406 Christi
3447 5345 3759 5415 cooperante

2197 5444 2414 5510 virtute,
2433 5429 2764 5499 remissione
2791 5443 3047 5512 potietur.

597 5642 685 5716 ’_’_l
715 5643 840 5698 Cor.
872 5659 986 5710 xm,
1027 5644 1082 5700 5.
1158 5647 1202 5679 ’⁸
1228 5647 1392 5704 lCor.
1435 5663 1553 5713 vnn,
1594 5647 1648 5702 8.
1723 5649 1768 5684 ”
1801 5646 2094 5716 Rom.xtv,

2258 5649 2301 5682 ³ο
2334 5649 2490 5704 Rom.
2517 5661 2627 5714 xtv,
2667 5642 2722 5700 2.
2799 5643 2841 5677 “
2867 5642 2976 5699 'l‘it.
3002 5657 3044 5709 ι,
3108 5641 3196 5698 l5.
3275 5641 3320 5675 ³³
3345 5637 3532 5696 Matth.
3558 5645 3646 5697 xv,
3671 5623 3749 5680 Η.

533 5713 574 5742 ³³
606 5712 793 5768 Matth.
815 5730 927 5770 xix.
969 5716 1061 5770 21.
