4052 6424
313 329 422 396 217

729 447 804 506 De
821 451 1031 520 jejunio
1055 449 1277 507 Sabbati
1333 452 1475 527 (8|).

388 541 496 598 Sed
515 551 571 598 et
595 542 814 612 judaiza
825 559 880 600 re
902 544 1212 612 Occidentis
1241 545 1546 603 Ecclesiam
1569 559 1890 608 causantur.

317 651 546 707 quorum
570 637 788 707 plurimi
810 653 908 706 per
937 653 1098 695 omne
1149 639 1445 698 Sabbatum
1488 643 1748 701 carnibus
1797 645 1895 700 ab-

319 732 542 793 stinent,
577 731 692 786 sive
723 743 821 798 pro
847 730 1124 800 sepultura
1152 740 1208 788 et
1253 741 1432 790 morte
1479 734 1717 804 Domini,
1776 739 1894 795 sive

319 838 416 893 pro
447 822 668 878 tristitia
718 831 773 878 et
841 822 1212 892 tribulatione,
1265 837 1664 895 quam-sancta
1719 839 1894 885 mater

318 921 436 988 ejus
477 926 587 972 tota
638 915 828 981 dieilla
878 916 1088 982 habuit,
1147 933 1250 986 qua
1298 917 1558 977 Dominus
1609 922 1664 978 in
1708 922 1892 990 sepul-

322 1025 419 1074 cro
445 1018 690 1065 mortuus
719 1010 1017 1064 secundum
1048 1009 1322 1066 hominem
1343 1012 1570 1080 quievit.
1633 1011 1777 1069 lstud
1809 1013 1892 1069 fa-

325 1104 550 1166 cientes,
609 1101 750 1157 sicut
805 1101 951 1156 omni
996 1101 1279 1158 Dominico
1306 1103 1394 1158 die
1453 1103 1924 1172 Resurrectionis,

323 1194 460 1262 eius.
529 1201 584 1248 et
639 1192 786 1248 omni
859 1201 1012 1248 sexta
1043 1191 1179 1247 feria
1217 1193 1395 1249 crucis
1427 1210 1492 1250 ac
1528 1197 1721 1252 mortis
1749 1196 1896 1253 illius

322 1284 634 1341 memoriam
708 1281 956 1352 agimus.
1027 1281 1253 1352 Nempe,
1321 1299 1390 1339 es
1465 1283 1728 1356 cujusque
1808 1287 1888 1342 rei

322 1377 623 1432 intentione
692 1374 923 1444 quisqus
980 1375 1068 1429 vel
1120 1375 1510 1445 vituperaturu
1545 1377 1630 1432 vel
1700 1377 1893 1433 lauda-

322 1475 432 1523 tur.
486 1465 656 1520 Porro
703 1465 938 1522 intentio
999 1466 1256 1536 praedicta
1297 1465 1444 1530 ﬁdei,
1495 1468 1894 1538 religionisque

319 1573 445 1614 cum
482 1558 574 1625 sit,
597 1556 800 1626 culpari
831 1558 1024 1613 merito
1073 1572 1179 1613 non
1235 1565 1437 1628 potest.
1510 1558 1696 1630 Neque
1746 1563 1892 1616 enim

313 1650 623 1722 judaizandi
655 1664 817 1706 causa
867 1650 973 1706 hoc
998 1648 1168 1718 facit;
1219 1652 1350 1716 imo,
1385 1665 1454 1706 ne
1497 1651 1612 1722 ipsa
1677 1654 1892 1722 quidem

320 1761 408 1802 res
433 1744 783 1800 ullambabet
824 1742 1067 1813 ,ludaicaa
1125 1744 1530 1802 observationis
1585 1745 1894 1801 similitudi—

211 1825 220 1832 ”
319 1856 467 1898 nem.
489 1837 659 1896 Judaei
688 1839 908 1911 quippe,
939 1839 994 1896 in
1019 1848 1282 1910 quantum
1306 1849 1552 1910 possunt,
1575 1841 1891 1911 praeparati,

318 1933 596 2004 otiumque
622 1934 690 1988 ab
709 1934 854 1988 omni
879 1947 1044 2004 opere
1081 1943 1328 2002 agentes,
1371 1943 1483 1990 tota
1512 1933 1603 1989 illa
1629 1933 1720 1989 die
1748 1934 1890 1990 Sab-

317 2027 430 2082 bati
461 2033 514 2080 et
549 2027 858 2091 comedunt,
879 2032 935 2081 et
954 2025 1151 2081 bibunt
1183 2043 1206 2082 :.
1254 2027 1312 2083 bi
1343 2034 1523 2084 autem
1553 2027 1890 2085 abstinentes

318 2117 595 2182 carnibus,
638 2115 960 2188 castigatius
1008 2119 1065 2174 in
1117 2133 1183 2175 ea
1236 2121 1456 2191 degunt,
1508 2123 1925 2192 contrariaque.

317 2208 428 2265 illis
459 2207 636 2265 facere
682 2207 1182 2277 deprehenduntur.
1204 2208 1322 2265 Non
1344 2211 1528 2281 itaque
1549 2213 1640 2282 qui
1659 2211 1894 2282 jejunat,

322 2301 419 2359 sed
444 2299 533 2370 qui
564 2299 778 2355 illorum
805 2301 1002 2367 otium,
1033 2301 1471 2371 edacitatemque
1522 2303 1793 2365 imitatur,
1834 2312 1893 2358 et

319 2392 668 2456 sabbatizare,
703 2401 758 2446 et
773 2390 1066 2461 judaizare
1093 2391 1359 2448 dicendus
1383 2401 1489 2448 est.
1523 2391 1659 2447 Nam
1690 2392 1884 2447 sabba-

324 2482 492 2535 tizare
515 2480 849 2552 prodeliciis,
870 2490 926 2535 et
956 2481 1091 2548 otio,
1136 2490 1194 2536 et
1240 2483 1435 2557 requie
1477 2483 1746 2552 accipitur
1776 2499 1792 2548 ;
1841 2483 1889 2538 si

333 2572 542 2642 quidem
564 2587 680 2628 vera
708 2572 856 2627 canit
882 2571 974 2627 ille
1011 2571 1108 2643 qui
1131 2572 1311 2628 dixit:
1346 2569 1414 2626 In
1451 2573 1624 2642 primo
1655 2572 1891 2641 jejunio-

333 2677 449 2715 rttm
485 2659 720 2726 Sabbato,
752 2662 1360 2732 sabbatizemus,'socii,
1390 2664 1646 2718 hesternis
1685 2664 1750 2717 de
1806 2664 1887 2717 ta-

323 2752 532 2808 boribus
554 2755 949 2824 requiescentes.
1522 2804 1530 2811 .

393 2845 623 2902 Proinde
638 2849 683 2902 si
705 2849 826 2917 quis
843 2847 1006 2902 etiam
1025 2852 1354 2917 praeceptum
1381 2845 1448 2900 de
1465 2859 1572 2900 non
1593 2845 1812 2916 jejunan
1821 2845 1889 2899 do

324 2937 383 2992 in
416 2935 653 2992 Sabban
681 2951 709 2989 a
734 2934 938 2991 Judaais
977 2949 1231 2991 manasse
1283 2945 1460 3005 putat,
1486 2936 1537 2990 id
1569 2937 1623 2990 in
1651 2933 1891 2990 Orientis

318 3029 584 3098 partibus,
615 3025 702 3080 ubi
740 3023 1052 3080 Judaeorum
1083 3034 1200 3080 erat
1243 3039 1400 3092 gens,
1431 3033 1488 3080 et
1545 3027 1744 3094 patria,
1778 3040 1892 3079 me-

1402 345 1812 411 ADVERSUS
1839 346 2162 412 GRAECOS
2196 352 2352 442 _LIB.
2405 355 2507 417 ιν.

3469 356 3576 418 218

1921 459 1964 514 Δ
1997 473 2169 524 more,
2191 459 2506 516 Ecclesium
2525 471 2747 531 quoque
2778 469 2972 532 putare
2995 475 3287 532 possumus
3319 477 3582 520 necessa-

1993 549 2078 604 rio
2102 566 2203 620 pro
2227 561 2530 621 temporum
2560 553 2828 623 qualitate
2881 569 3062 620 usam,
3117 570 3216 625 pro
3267 557 3576 610 animarum

1993 642 2258 712 singulari
2279 659 2433 699 cura.
2492 645 2642 701 Alias
2697 645 2904 716 quippe
2980 661 3332 716 nequaquam
3399 649 3574 704 virtus

1992 729 2194 788 Christi
2225 747 2323 802 per
2366 733 2641 812 apostolos
2671 733 2930 790 Ecclesiae
2983 744 3437 804 conservaretur;
3489 752 3583 792 ne-
3675 787 3680 790 _

1993 834 2101 890 qne
2121 829 2325 889 posset,
2347 823 2504 891 juxta
2532 833 2876 894 emergentes
2893 840 3080 892 casus,
3104 841 3243 882 nova
3264 829 3579 897 disponere.

2064 911 2182 968 Non
2211 913 2394 982 itaque
2423 915 2466 968 si
2494 915 2621 984 quis
2643 917 2960 985 passionem
3003 917 3234 972 Domini
3304 918 3581 985 honorare

1991 1003 2246 1072 cupiens.
2268 1003 2525 1073 illiusque
2553 1013 2808 1071 mortem,
2835 1015 3104 1076 quantum
3139 1008 3253 1061 neri
3284 1015 3488 1077 potest,
3523 1009 3581 1062 in

1993 1107 2056 1148 se
2080 1092 2196 1162 ipso
2213 1093 2521 1162 complecti,
2551 1108 2614 1150 ac
2640 1101 2928 1164 propterea
2977 1096 3237 1152 carnibus
3265 1097 3577 1162 abstinens,

1994 1186 2254 1254 omnique
2275 1185 2423 1252 cibo,
2457 1185 2653 1241 fuisset
2675 1186 2743 1242 ab
2771 1187 3036 1256 apostolis
3063 1188 3338 1257 culpatus,
3373 1189 3483 1243 imo
3511 1189 3584 1244 ad

1995 1276 2324 1332 destinatum
2353 1278 2684 1346 evangelicae
2712 1278 3121 1346 praedicationis
3157 1279 3404 1334 bravinm
3457 1295 3584 1350 gra-

1994 1368 2168 1433 diens,
2196 1368 2471 1433 mercede,
2525 1377 2580 1422 et
2601 1368 2849 1423 laudibus
2901 1369 3100 1440 dignus
3159 1370 3377 1426 babitus
3412 1380 3578 1428 esset.

1996 1459 2096 1527 Ipsi
2123 1459 2289 1513 etiam
2317 1467 2467 1523 sunt,
2503 1459 2594 1530 qui
2625 1461 2815 1515 dicunt
2843 1475 2874 1525 :_
2894 1458 3096 1516 Littera
3119 1461 3332 1528 occidit,
3361 1463 3582 1532 spiritus

1995 1556 2170 1603 autem
2203 1549 2435 1617 viviﬁcat
2453 1549 2526 1602 ³⁸.

2067 1641 2296 1696 Prorsus
2318 1655 2472 1704 vero,
2496 1640 2697 1710 siquid
2757 1641 3084 1699 Occidentis
3124 1641 3386 1699 Ecclesiis
3435 1644 3584 1700 circa

1994 1731 2113 1787 1)th
2147 1733 2260 1785 ﬁeri
2280 1732 2441 1786 aliter
2466 1733 2704 1800 videtur,
2730 1734 2837 1788 hoc
2865 1735 2934 1789 ab
2973 1735 3155 1800 initio,
3187 1749 3217 1789 a
3243 1736 3583 1791 successori;

1999 1823 2100 1876 bus
2122 1822 2490 1890 apostolorum
2517 1834 2870 1893 acceperunt,
2901 1825 3134 1893 Linique
3156 1833 3212 1879 et
3233 1827 3504 1892 Anacleti,
3529 1835 3587 1884 et

2000 1913 2157 1986 Xysti
2199 1915 2267 1970 de
2289 1916 2389 1970 hoc
2411 1916 2632 1970 decreta
2664 1915 2972 1985 proferunt,
3003 1931 3126 1984 quae
3156 1918 3482 1975 rationabile
3505 1919 3584 1974 si-

2001 2009 2112 2060 mul
2135 2017 2188 2061 et
2213 2007 2416 2076 justum
2457 2022 2578 2062 esse
2612 2007 2903 2074 deﬁniunt,
2944 2007 3171 2064 Sabbati
3205 2009 3318 2078 die,
3369 2011 3475 2066 ista
3501 2011 3586 2066 vel

1997 2084 2105 2154 ista
2133 2114 2300 2154 causa
2361 2099 2594 2169 expiari,
2651 2114 2760 2154 non
2808 2099 2861 2156 id
2930 2109 3111 2156 tamen
3157 2115 3225 2156 ex
3262 2103 3589 2160 necessitate

1997 2190 2390 2261 pracipientia.

2068 2281 2402 2351 Augustinus
2425 2297 2665 2352 quoque,
2697 2283 2960 2353 antiquus
3017 2293 3072 2340 et
3098 2286 3428 2342 venerabilis
3476 2284 3586 2340 Pa-

1994 2378 2098 2439 ter,
2142 2371 2197 2428 in
2231 2374 2466 2442 quadam
2489 2374 2719 2443 epistola
2745 2375 2860 2447 (se)
2900 2377 2968 2431 de
2995 2363 3242 2432 sabbato
3275 2379 3353 2432 ait
3384 2396 3398 2432 ε
3427 2377 3584 2442 Quod

1997 2464 2210 2533 quando
2227 2467 2440 2532 quidem
2466 2466 2523 2519 in
2540 2464 2826 2521 Occidente
2849 2474 3094 2522 moratur
3107 2510 3122 2531 ,
3135 2469 3300 2537 juxta
3326 2467 3590 2524 Occiden.

1993 2557 2185 2609 talium
2215 2558 2675 2622 consuetudinem,
2698 2567 2745 2611 et
2774 2557 2886 2625 ipse
2906 2558 3142 2626 jejunat.
3166 2559 3231 2613 In
3263 2558 3477 2615 Oriente
3497 2573 3588 2612 ve-

1991 2662 2055 2701 ro
2091 2647 2138 2700 si
2167 2655 2487 2710 versaretur,
2519 2646 2640 2700 illos
2670 2647 2787 2714 ipsa
2821 2649 2908 2702 die
2933 2665 3038 2702 non
3053 2649 3364 2717 jejunantes
3390 2665 3456 2704 ea:
3481 2665 3584 2702 an-

1993 2739 2142 2809 tiqua
2173 2738 2572 2804 consuetudine,
2609 2749 2660 2793 et
2697 2740 2809 2807 ipse
2831 2751 3159 2810 sequeretur.
3197 2740 3271 2795 Ex
3299 2755 3407 2810 quo
3461 2755 3589 2810 per-

1991 2831 2242 2899 spicuum
2272 2839 2377 2895 est,
2408 2832 2690 2910 antiquam
2725 2830 3104 2888 Ecclesiarum
3133 2831 3301 2888 fuisse
3349 2845 3590 2887 consue-

1998 2922 2262 2985 tudinem,
2295 2931 2360 2977 .ut
2390 2923 2484 2977 alii
2515 2925 2618 2986 sic,
2658 2924 2750 2979 alii
2781 2939 2914 2980 vero
2945 2926 3025 2981 sic
3068 2925 3315 2980 facerent
3346 2940 3362 2980 :
3419 2924 3590 2978 istud-

1999 3030 2106 3084 que
2137 3031 2240 3070 non
2270 3029 2334 3068 ex
2363 3017 2720 3078 necessitate,
2754 3019 2849 3072 sed
2878 3032 2944 3072 ex
2972 3017 3199 3087 antiqua
3221 3016 3583 3071 consuetudi-

319 3123 424 3176 rito
456 3117 848 3188 promulgatum
865 3115 1284 3182 crediderimus,
1317 3131 1453 3186 quos
1477 3118 1727 3185 apostoli,
1765 3131 1888 3172 cum

1999 3122 2067 3160 ne
2091 3146 2108 3172 ,
2135 3115 2191 3160 et
2221 3114 2280 3161 ut
2308 3107 2554 3176 singulos
2601 3108 2857 3187 voluntas
2891 3109 3102 3172 tulerit,
3161 3121 3391 3174 mosque
3441 3105 3590 3160 obti-

317 3214 384 3269 ad
417 3211 762 3281 Evangeliam
781 3210 1092 3266 doctrinam
1152 3223 1352 3264 vocare
1395 3218 1706 3278 cuperent,
1759 3210 1889 3280 quia

320 3305 544 3362 Iudaica
565 3303 710 3359 natio
730 3301 971 3358 Sabbato
1002 3302 1238 3357 maxime
1255 3303 1613 3373 gloriabatur,
1641 3317 1710 3357 ne
1732 3317 1894 3358 scan-

1998 3197 2201 3252 nuerit.
2225 3196 2332 3252 Sed
2361 3206 2418 3253 et
2446 3180 3062 3266 Gregoritts‘Romanus
3089 3194 3358 3274 pontifex,
3427 3185 3591 3261 cujus

1993 3290 2137 3354 apud
2161 3302 2351 3342 omnes
2379 3287 2699 3357 praeclarum
2724 3303 2922 3344 nomen
2949 3296 3055 3354 est,
3091 3287 3266 3340 oﬁicia
3296 3296 3462 3355 atque
3515 3284 3593 3354 je-

322 3401 501 3455 dalum
517 3399 566 3452 in
585 3397 688 3452 ﬁde
705 3405 1041 3466 paterentur,
1066 3394 1319 3464 apostoli,
1339 3395 1717 3449 ulanimorum
1735 3408 1896 3448 cura-
1989 3379 2162 3448 iunia,
2193 3389 2253 3433 ut
2275 3381 2434 3434 modo
2463 3390 2772 3442 servantur,
2803 3379 3114 3435 Occidentis
3138 3378 3400 3434 Ecclesiis
3416 3376 3592 3432 tradi-

327 3502 494 3557 tores,
515 3490 692 3547 omnia
711 3489 888 3545 etl‘ecti
906 3497 965 3543 ut
981 3503 1172 3544 omnes
1194 3501 1289 3542 seu
1308 3489 1490 3556 plures
1519 3487 1888 3551 lucrarentur,

321 3583 684 3655 permiserunt
710 3582 780 3636 ita
798 3594 937 3644 esse,
963 3587 1022 3635 ut
1039 3587 1219 3645 antea,
1235 3594 1290 3634 et
1302 3578 1551 3648 jejunare
1568 3586 1854 3634 vetuerunt
1875 3595 1891 3632 ε

322 3676 464 3746 quod
496 3674 769 3743 religionis
805 3672 1017 3741 ratione
1066 3671 1202 3728 nihil
1227 3686 1323 3727 eos
1354 3671 1611 3736 laedebat,
1645 3671 1738 3741 qui
1763 3670 1891 3725 illud

323 3767 685 3821 observarent.
713 3761 898 3833 Neque
947 3763 1092 3818 enim
1153 3762 1410 3834 apostoli,
1440 3760 1542 3816 bos
1600 3761 1820 3830 quidem
1862 3774 1894 3815 a

327 3860 462 3928 lege,
487 3858 604 3914 illos
635 3867 814 3913 autem
842 3859 910 3914 ab
960 3858 1232 3913 idolorum
1249 3857 1401 3913 cultu
1448 3865 1820 3922 revocassent,
1844 3855 1892 3910 si

325 3951 437 4006 suis
464 3951 586 4005 illos
608 3951 1093 4008 consuetudinibus
1119 3951 1398 4018 omnibus,
1429 3965 1552 4019 quae
1615 3947 1894 4018 evangelié

275 4077 299 4092 κ
326 4058 402 4098 (ιω
419 4043 778 4112 praedicationi
803 4057 910 4098 non
930 4041 1280 4105 obsisterent,
1301 4055 1556 4096 revocare
1571 4039 1892 4096 voluissent.

323 4135 479 4203 Nam,
509 4136 554 4192 si
583 4135 1047 4192 circumcisionem
1075 4132 1400 4202 quandoque
1434 4133 1502 4186 ad
1536 4141 1749 4202 tempus
1770 4145 1898 4200 per-

329 4229 604 4292 miserunt,
634 4225 822 4280 virtuti
848 4223 1248 4293 prtedicationis
1269 4223 1573 4292 oppositam
1603 4240 1618 4277 :
1645 4223 1708 4277 Si
1734 4223 1895 4284 enim,

326 4321 519 4389 inquit,
539 4319 1010 4380 circumcidamini,
1032 4317 1272 4373 Christus
1290 4318 1431 4372 vobis
1447 4315 1577 4370 nihil
1589 4317 1795 4384 prodest
1809 4315 1855 4349 "
1876 4331 1892 4381 ;

330 4411 716 4481 istudqueideo
747 4412 1018 4474 fecerunt,
1063 4417 1122 4462 ut
1147 4408 1333 4479 plures
1361 4422 1429 4462 ex
1466 4405 1669 4463 Iudaeis
1706 4407 1893 4476 acqui-

1995 3473 2091 3530 dit:
2123 3472 2277 3528 Hunc
2299 3473 2443 3528 enim
2476 3486 2666 3526 omnes
2699 3471 2752 3524 in
2777 3471 2926 3526 omni
2957 3470 3588 3553 traditionesequuntur.

2603 3581 2680 3636 De
2711 3583 2998 3636 vetustate.

2063 3673 2165 3739 Qui
2197 3688 2325 3726 vero
2355 3687 2420 3726 ex
2464 3672 2678 3727 nostris
2750 3671 3010 3728 fortiores
3055 3680 3188 3726 sunt
3230 3671 3591 3733 schismatici,

1994 3773 2320 3820 vetusta-tem
2372 3777 2591 3833 quoque
2651 3762 3094 3818 Occidentalibus
3155 3761 3443 3832 objiciunt,
3496 3776 3595 3830 per

1996 3871 2158 3926 quam
2207 3855 2539 3909 concludere
2599 3869 2702 3923 pro
2732 3867 2792 3908 se
2851 3854 3217 3917 arbitrantur,
3274 3853 3430 3921 quasi
3480 3851 3588 3906 non

1997 3949 2188 4004 eadem
2225 3949 2298 4004 sit
2329 3958 2383 4002 et
2428 3948 2536 4002 illis
2599 3947 2922 4015 antiquitas,
2973 3945 3244 4015 liceatque
3284 3945 3431 3998 illam
3492 3958 3595 4010 pro

1997 4057 2058 4098 se
2090 4041 2224 4108 ipsis
2260 4040 2485 4096 inferre.
2508 4037 2697 4108 Neque
2717 4038 2984 4103 sentiunt,
3038 4036 3166 4091 dum
3226 4035 3329 4090 ista
3379 4034 3593 4100 dicunt,

1997 4135 2264 4190 idolorum
2295 4147 2352 4188 se
2383 4131 2785 4201 cultum,quam
2810 4129 3011 4185 Christi
3037 4129 3354 4198 religionem
3387 4128 3597 4182 tlrmio-

1997 4242 2135 4292 rem,
2196 4227 2408 4280 ratione
2435 4224 2747 4288 vetustatis,
2807 4223 3128 4276 ostendere.
3177 4220 3311 4274 Nam
3341 4219 3387 4274 si
3450 4218 3594 4272 anti-

2001 4319 2191 4390 quiora
2227 4331 2458 4387 quaeque
2483 4319 2648 4370 etiam
2683 4315 2902 4369 veriora
2955 4321 3107 4376 sunt,
3135 4313 3265 4381 quid
3309 4319 3592 4378 sequatur,

1999 4408 2349 4464 manifestum
2377 4420 2482 4466 est.
2534 4405 2644 4462 Sed
2705 4415 2760 4460 et
2807 4404 3175 4460 Ecclesiarum
3227 4403 3449 4467 unione,
3485 4402 3599 4455 sive

336 4473 541 4566 reren-t,
571 4519 709 4574 quos
740 4505 977 4557 maxime
1000 4473 1121 4557 altis
1149 4473 1563 4556 arbitrabantur
1587 4473 1892 4556 excellere:
1930 4473 1974 4528 θ
2002 4502 2164 4558 etiam
2198 4499 2427 4570 symboli
2469 4499 2744 4553 additione
2795 4497 3229 4566 praesuppositis,
3283 4503 3343 4548 ut
3392 4493 3605 4547 dirtmn'

328 4595 452 4665 quid
506 4595 574 4651 de
598 4594 836 4649 Sabbato
883 4592 1173 4648 dicendum
1206 4602 1312 4656 est,
1342 4592 1393 4645 in
1429 4606 1537 4661 quo
1574 4601 1626 4645 et
1649 4591 1898 4661 ieiunare
2002 4603 2109 4660 est,
2134 4608 2234 4648 cur
2269 4607 2376 4647 non
2419 4592 2521 4646 ista
2555 4590 2730 4660 magis
2770 4591 3037 4644 honorata
3071 4585 3402 4641 servantur?
3425 4598 3600 4652 quao-

324 4697 382 4744 et
433 4704 536 4744 non
576 4688 820 4759 jejunare
849 4687 1113 4742 doctrinae
1151 4687 1377 4756 spiritus
1402 4700 1508 4741 non
1534 4683 1896 4740 adversatur?
2003 4700 2187 4754 quam,
2220 4683 2344 4754 quis
2375 4682 2604 4742 nesciat.
2631 4695 2754 4734 cum
2797 4687 3008 4733 tantum
3040 4677 3147 4732 illis
3188 4675 3373 4731 odium
3407 4683 3599 4727 contra

395 4782 510 4838 Non
543 4791 724 4837 tamen
759 4784 860 4834 hoc
906 4796 1000 4850 per
1028 4789 1200 4834 totum
1240 4780 1430 4834 orbem
1485 4779 1895 4848 praedicandum
2002 4773 2724 4832 OccidentalemEcclesiam
2747 4770 3002 4834 creverit,
3026 4777 3084 4821 ut
3106 4768 3288 4822 nullus
3310 4768 3375 4820 de
3399 4765 3600 4818 unione

329 4873 450 4937 luit,
474 4881 682 4929 remota
725 4869 1034 4927 Iudaeorum
1057 4885 1242 4926 causa.
1271 4869 1388 4924 Non
1419 4870 1563 4924 enim
1626 4870 1692 4924 de
1717 4883 1899 4925 come-
2008 4868 2092 4924 vel
2145 4881 2243 4936 per
2310 4866 2579 4921 somnium
2637 4864 2858 4932 cogitet,
2917 4860 3261 4930 amentiaque
3295 4859 3402 4912 late
3439 4858 3602 4912 ditiu-

327 4967 519 5030 dendo,
547 4966 634 5022 vel
666 4980 798 5032 non,
831 4965 1090 5040 apostolis
1115 4964 1190 5018 ita
1218 4963 1358 5018 ratio
1386 4973 1524 5023 erat,
1553 4963 1697 5017 sicut
1718 4963 1900 5016 omnia
2004 4977 2065 5020 sa
2105 4962 2202 5028 sit,
2273 4963 2410 5016 adeo
2442 4967 2504 5014 ut
2534 4958 2803 5013 rationem
2837 4954 3090 5008 amisisse
3120 4953 3432 5014 videantur,
3463 4966 3604 5020 pes-

328 5057 504 5113 iacere
537 5057 988 5125 proincremento
1033 5054 1334 5123 Evangelii,
1365 5055 1417 5108 in
1446 5054 1580 5124 ipsis
1645 5054 1904 5120 praedica-
2003 5057 2255 5125 simaque
2313 5051 2600 5124 dispositio
2637 5052 2862 5106 omnino
2929 5044 3246 5109 invaluerit,
3269 5046 3450 5100 omnia
3480 5045 3604 5098 illos

331 5148 490 5203 tionis
520 5146 694 5202 initiis
718 5164 733 5213 ;
767 5161 999 5215 quorum
1031 5143 1186 5214 plura
1218 5151 1350 5199 tunc
1375 5145 1666 5213 permissa,
1709 5153 1898 5212 postea
2001 5148 2281 5204 voluntate
2301 5161 2482 5216 agere,
2507 5145 2641 5200 nihil
2661 5143 2896 5199 rationis
2916 5143 3166 5196 examine
3191 5139 3288 5194 ἳΒὶ
3315 5138 3458 5193 enim
3479 5152 3603 5191 cum

329 5239 590 5309 permissa
639 5252 748 5293 non
789 5245 946 5302 sunt,
978 5245 1158 5292 amota
1224 5251 1410 5302 causa,
1468 5245 1689 5306 propter
1736 5250 1898 5305 quam
1997 5239 2208 5310 judicio
2247 5241 2628 5310 procederent,
2685 5236 2792 5291 alia
2819 5235 3013 5290 fuisset
3040 5234 3392 5299 ratio;nnnc
3423 5241 3602 5285 autem

331 5329 593 5400 permissa
645 5329 798 5400 prius
827 5326 1043 5384 fuerant
1077 5347 1090 5383 :
1126 5328 1268 5383 sicut
1287 5337 1343 5383 et
1364 5327 1628 5393 medicus,
1673 5326 1764 5396 qui
1795 5325 1902 5380 alia
2004 5329 2188 5386 nullus
2233 5341 2320 5387 est
2345 5329 2661 5401 intelligens.
2683 5344 2775 5382 seu
2801 5327 3071 5396 requirens
3096 5323 3262 5378 Deum
3287 5322 3354 5377 ".

334 5419 596 5491 Ρτεὲοίρίιν
629 5420 810 5475 caus“
865 5417 1254 5489 θρβπειιίίδιιε
1308 5415 1689 5473 εοηνθηίθιηίδ
1724 5433 1738 5468 ε
1799 5427 1908 5484 quo
2085 5423 2221 5478 Nam
2253 5424 2472 5495 quando
2493 5429 2671 5488 erant,
2708 5420 2805 5488 qui
2833 5419 3057 5475 unionis
3087 5431 3274 5475 curam
3311 5412 3600 5475 haberent,

350 5548 362 5559 ’
401 5555 448 5588 ³³
475 5555 652 5612 Galat.
685 5555 816 5623 νβ.
888 5555 933 5588 ³⁸
960 5553 1006 5610 ll
1026 5552 1153 5610 Cor.
1185 5570 1267 5622 ιιι,
1301 5553 1356 5609 6.
1432 5551 1478 5584 "
1502 5551 1647 5607 Psal.
1682 5557 1799 5614 Illi.
1842 5549 1898 5604 2-

403 5673 519 5745 (81)
553 5673 627 5729 De
649 5671 858 5742 jejunio
901 5673 1124 5745 Sabbati
1161 5671 1278 5745 lege
1311 5669 1701 5745 Bellarmipum
1729 5667 1828 5720 lib.
1861 5680 1902 5720 ll

336 5737 423 5800 De
457 5737 606 5797 bonis
641 5737 904 5810 operibus,
957 5760 1005 5797 c.
1043 5743 1131 5798 18.
1162 5737 1300 5796 νῖἀθ
1336 5742 1500 5797 etiam
1548 5737 1902 5791 Humbertum

339 5823 526 5871 contra
574 5813 887 5870 Michaelem
931 5813 1353 5870 Constantinon.
1411 5811 1784 5883 patriarcham
1853 5817 1909 5863 et

2013 5669 2261 5726 Nicetam
2298 5668 2645 5728 Pectoratum
2658 5708 2674 5724 .

2086 5741 2202 5813 (8'2)
2247 5741 2422 5813 Epist.
2458 5741 2580 5808 “8,
2617 5740 2682 5796 ad
2712 5734 3075 5793 Ianuarium.-
