4052 6482
463 352 572 418 210

1703 354 2104 418 ΜᾹΝῙῘΕΙᾸΒ
2135 356 2443 418 CALECB

3636 364 3703 425 se

466 453 684 524 constat
705 466 977 536 proiecw,
1009 467 1136 536 quia
1168 468 1360 522 aberat
1385 466 1688 531 contentio.
1709 475 1874 536 atque
1895 467 1954 521 in
1982 467 2034 521 id
2071 470 2120 528 Δ
2150 470 2433 524 veritatem
2477 466 2722 523 stuiiose
2746 469 3099 535 sectantium,
3137 483 3246 523 non
3291 479 3356 523 ut
3385 471 3596 542 aliquid
3654 478 3733 531 di-

468 563 646 629 ipsum
684 561 966 625 distantia,
1018 575 1083 614 ac
1137 559 1412 630 disiuncta
1477 559 1818 616 renteabsnt.
1849 559 2038 614 Enita-

2143 562 2290 617 εἴπω
2320 561 2634 624 videantur,
2660 560 2866 616 frustra
2901 568 2958 615 et
2999 560 3475 633 irrationabiliter
3511 563 3738 634 loquen-

470 667 621 714 vero.
645 663 838 722 putare
884 651 1171 720 plurimos.
1234 650 1326 719 qui
1385 650 1602 719 prolixo
1677 661 1924 719 tempore
1973 663 2040 704 ex
2138 653 2302 706 tinam
2778 672 2794 698 I

469 743 676 798 nostris
714 742 952 804 fuerunt,
985 741 1222 798 schisma
1271 741 1410 799 satis
1443 743 1728 805 roborare,
1779 745 2043 811 ignorano

469 835 601 888 tium
628 843 734 898 est,
770 836 912 902 quod
945 832 1323 888 Occidentales
1353 833 1625 903 plurimos
1648 845 1705 890 et
1758 836 1862 904 ipsi
1913 851 2044 903 pro-

468 925 610 981 ierre
641 935 882 995 possent,
919 940 1022 980 non
1049 925 1296 990 ridenda,
1361 934 1414 980 et
1441 926 1658 994 indigna
1695 927 2004 996 ingerentes
2027 967 2044 992 ,

469 1032 656 1074 verum
691 1015 1054 1074 validissimas
1086 1016 1614 1085 probatissimasque
1644 1017 1881 1072 rationes
1917 1031 2046 1085 pro-

469 1109 767 1174 ducentes,
833 1117 890 1166 et
950 1122 1182 1177 quorum
1229 1107 1500 1176 sapientia
1564 1108 1826 1161 rutundum
1887 1123 2049 1177 pera-

467 1199 682 1269 gravit:
708 1214 1022 1269 quanquam
1045 1199 1215 1275 etid,
1251 1200 1394 1267 quod
1424 1198 1606 1254 nullus
1638 1214 1874 1268 unquam
1907 1198 2048 1267 apud

469 1293 956 1357 eosinventusest,
978 1291 1071 1362 qui
1091 1301 1400 1352 nostrorum
1421 1293 1768 1346 antecederet
1780 1291 2047 1359 opinioni,

469 1383 693 1451 suisque
722 1382 1083 1440 reluctaretur
1111 1383 1164 1438 in
1195 1391 1282 1439 'ea
1340 1383 1737 1448 controversia,
1796 1398 1894 1452 pro
1941 1397 2051 1451 qua

471 1472 716 1534 Orientis
731 1483 786 1528 et
807 1471 1118 1530 Occidentis
1137 1472 1402 1530 Ecclesia:
1437 1475 1647 1528 interse
1663 1473 2048 1544 digladiantur,

476 1561 710 1615 validum
732 1576 866 1616 sane
890 1561 1134 1615 veritatis
1154 1560 1366 1614 illorum
1395 1573 1775 1632 argumentum
1805 1572 1909 1618 est.

547 1652 702 1718 Quod
733 1653 782 1708 si
822 1652 946 1720 quis
971 1653 1299 1717 arbitratur,
1348 1653 1562 1708 illorum
1619 1669 1913 1723 quemque,
1969 1654 2050 1709 vel

2213 742 2347 798 Cum
2378 742 2549 808 igitur
2574 757 2638 797 ex
2667 741 2870 796 nostris
2893 755 3000 795 non
3030 741 3187 809 pauci
3210 739 3490 797 Romana:
3525 759 3735 815 semper

2142 834 2402 889 Ecclesia!
2417 834 2616 904 adiecti
2641 834 2770 900 sint,
2797 831 3078 903 siquidem
3101 832 3301 902 aliquis
3327 847 3399 888 ex
3437 833 3574 903 ipsis
3598 838 3736 891 veri-

2144 932 2256 981 tate
2283 926 2578 996 dogmatis,
2608 925 2676 980 ab
2714 939 2783 979 eo
2809 925 2901 993 qui
2943 937 3118 979 caecos
3155 923 3467 989 illuminat,
3513 926 3739 982 irradia-

2145 1022 2255 1080 tus,
2319 1024 2634 1071 sanctorum
2695 1017 2945 1071 doctrina
3000 1016 3162 1083 duce,
3232 1033 3303 1073 ac
3369 1021 3738 1090 przecedente,

2145 1109 2578 1164 calumniatores
2600 1123 2696 1178 per
2720 1108 3124 1178 philosophiam
3146 1119 3200 1163 et
3218 1109 3567 1165 rhetoricam
3591 1112 3736 1166 obti-

2146 1216 2280 1256 nere
2305 1201 2638 1256 etoohibere
2659 1215 2767 1255 non
2808 1201 3006 1271 possit,
3063 1199 3213 1255 hunc
3239 1203 3468 1256 fatuum
3499 1217 3566 1257 ac
3605 1204 3738 1257 sim-

2149 1293 2341 1358 plicem
2373 1293 2584 1354 dicunt,
2613 1301 2668 1346 et
2693 1301 2753 1345 nt
2783 1293 3088 1356 seductum,
3122 1306 3187 1346 ac
3213 1294 3514 1361 deceptum
3557 1293 3741 1362 ohjur-

2149 1390 2314 1451 gent:
2344 1381 2504 1435 veluti
2531 1381 2597 1442 si,
2629 1395 2752 1434 cum
2790 1396 2820 1436 a
2865 1380 3112 1436 ﬁdelibus
3159 1381 3428 1436 omnibus
3475 1383 3741 1450 exigatur,

2151 1479 2210 1524 ut
2233 1472 2408 1525 idonei
2441 1473 2551 1525 sint
2573 1471 2638 1524 ad
2670 1471 2936 1523 rationem
2991 1469 3506 1533 iideireddendam,
3541 1471 3738 1539 parati-

2151 1575 2256 1629 que
2279 1561 2354 1613 ad
2381 1559 2824 1614 satisfaciendum
2851 1559 3104 1614 omnibus
3134 1560 3546 1627 quaerentibus,
3617 1567 3742 1616 tunc

2153 1652 2315 1706 etiam
2356 1650 2532 1715 Plato,
2555 1658 2609 1706 et
2644 1651 2992 1715 Aristoteles,
3021 1660 3076 1704 et
3093 1650 3312 1705 Cicero
3351 1653 3408 1705 in
3439 1653 3628 1722 lingua
3671 1655 3745 1708 eis

395 1742 424 1802 ’.
477 1744 701 1809 suis,'ut
725 1744 960 1813 propriis
985 1753 1040 1800 et
1064 1745 1411 1801 citerioribus
1429 1746 1649 1811 favisse,
1682 1747 1778 1801 'vel
1808 1760 1962 1816 poena
1987 1761 2052 1800 ac
2155 1757 2274 1798 esse
2301 1737 2556 1800 debeanf.
2583 1743 2690 1797 Sed
2709 1743 2856 1797 enim
2882 1743 3238 1811 quorumdam
3269 1743 3368 1798 isti
3391 1745 3745 1813 sapientiam,

478 1834 747 1906 supplicio
764 1834 1138 1902 perterritum,
1176 1835 1312 1892 nihil
1338 1843 1528 1890 contra
1557 1835 1794 1890 locutum
1831 1836 2002 1892 fuisse
2034 1853 2048 1890 :
2082 1819 2126 1874 Β
2155 1835 2278 1904 quia
2310 1835 2944 1899 ipsisineumbuutsolis,
2968 1848 3237 1889 summam
3269 1849 3398 1890 esse
3417 1835 3612 1889 dicunt
3639 1853 3652 1888 :
3677 1837 3740 1891 ad

478 1925 714 2006 primum
747 1925 991 1992 quidem,
1017 1931 1073 1979 et
1112 1935 1332 1996 nostros
1378 1941 1492 1980 sua:
1513 1927 1750 1980 maxime
1779 1927 2056 1996 opinionis
2157 1943 2295 1996 quos
2325 1928 2708 1995 imperitosire
2738 1926 3055 1994 admonent,
3119 1931 3490 1999 mittuntque,
3539 1929 3745 1984 tumida

479 2025 703 2074 tenaces
728 2017 928 2072 dixerit
950 2017 1220 2085 quispiam
1241 2027 1601 2081 convertens;
1653 2031 1829 2085 neque
1871 2028 2056 2072 tamen

494 2121 735 2176 unquam
768 2106 1030 2170 demisse,
1093 2106 1186 2175 qni
1217 2106 1535 2164 Latinorum
1575 2105 1840 2163 Ecclesia
1901 2116 2087 2163 accev'

485 2198 697 2252 derent.
733 2196 961 2260 Deinde,
1029 2197 1286 2264 possibile
1308 2211 1414 2251 non
1446 2207 1550 2263 est,
1587 2206 1738 2254 tanto
1777 2200 2062 2269 ‘temporis

485 2299 680 2353 tractu,
717 2287 884 2344 fuisse
903 2286 1142 2356 aliquos,
1167 2287 1257 2356 qui
1283 2287 1565 2343 veritatem
1591 2302 1690 2356 pro
1713 2289 1984 2343 charitate
2003 2289 2060 2342 in

484 2377 678 2444 Deum,
711 2391 776 2434 ac
801 2377 924 2443 l‘tde,
957 2376 1265 2446 litterisque
1295 2377 1535 2447 praemiis
1593 2369 1849 2433 omnibus
1918 2394 2063 2447 prato

485 2468 692 2524 ferrent
717 2486 736 2525 ς
765 2478 928 2540 atque
944 2468 1085 2530 ideo.
1099 2475 1426 2524 constanter
1448 2477 1694 2535 agerent,
1719 2469 1881 2522 sicuti
1907 2469 2065 2524 initio

487 2561 610 2617 aliis
637 2561 769 2616 alias
787 2561 974 2618 causis
991 2561 1238 2629 plerique
1258 2568 1452 2616 contra
1484 2567 1748 2630 tyrannos
1768 2559 2062 2612 maximam

387 2689 390 2692 .
489 2652 782 2706 ostendere
814 2649 1094 2714 ﬁduciam,
1127 2664 1359 2718 quorum
1391 2659 1447 2704 et
1503 2650 1749 2712 nomina,
1775 2657 1829 2703 et
1861 2650 2065 2718 scripta

482 2751 731 2807 exstant,
769 2743 1226 2812 quemadmodum
1259 2749 1315 2798 et
1334 2741 1470 2798 alias
1504 2741 1743 2796 haereses
1769 2742 1912 2811 apud
1963 2742 2070 2795 La-

495 2839 639 2894 tinos
665 2837 1029 2907 reprehensas
1058 2834 1488 2904 proﬂigatasque
1526 2833 1798 2890 novimus.
1827 2832 2069 2902 Namque

420 2947 440 2961 δ
493 2940 554 2988 et
579 2930 720 2999 apud
749 2942 846 2983 nos
875 2927 1110 2996 plurima
1140 2926 1208 2981 ab
1236 2924 1342 2978 illis
1393 2923 1703 2994 conscripta
1756 2933 2068 2980 servantur.

497 3020 752 3076 Stultitia
785 3033 917 3085 ergo
945 3015 1322 3086 plenissimum
1364 3023 1466 3076 est,
1499 3006 1577 3068 sic
1634 3016 1953 3084 accepimus,
1989 3016 2072 3069 di-

483 3126 646 3178 .cere,
680 3110 926 3178 nihilque
958 3105 1186 3162 ulterius
1211 3105 1490 3173 inquirere
1515 3122 1531 3171 ;
1553 3106 1706 3174 quasi
1733 3113 1856 3174 post
1925 3119 2064 3158 mor-

483 3204 626 3259 tbum
659 3199 775 3255 sani
801 3198 920 3255 ﬁeri
952 3189 1365 3259 erubescamus,
1396 3208 1576 3261 neque
1604 3193 1792 3248 saltem
1823 3193 2072 3261 antiquos

433 3355 436 3358 ἢ
487 3292 805 3356 timitemur,
838 3290 955 3359 qui,
989 3301 1365 3356 smpenumero
1389 3285 1542 3341 falsis
1564 3286 1908 3354 opinionibus
1937 3298 2076 3353 prte-

503 3385 680 3450 venti,
729 3393 918 3454 postea
962 3381 1362 3448 pmnitnerunt,
1393 3392 1514 3431 cum
1540 3377 1620 3430 eis
1646 3376 1911 3430 illuxisset
1934 3374 2078 3428 veri-

494 3488 611 3544 tas,
639 3478 861 3532 minime
898 3474 1305 3535 erubescentes,
1345 3471 1440 3525 sed
1474 3470 1773 3524 referentes
1803 3466 1913 3520 Deo
1943 3479 2074 3535 gra-

505 3569 633 3622 tias.
663 3564 795 3619 Nam
818 3563 970 3630 juxta
1034 3561 1340 3630 theologum
1377 3557 1699 3626 Gregorium
1737 3573 1752 3609 :
1793 3553 1918 3608 Non
1947 3553 2078 3607 mali

506 3658 907 3719 transmutatio,
965 3652 1056 3710 sed
1087 3652 1217 3708 mali
1246 3651 1472 3706 servatio
1507 3649 1640 3716 facit
1669 3647 2076 3716 turpitudinem.

578 3750 877 3806 Estautem
905 3745 954 3800 id
987 3745 1150 3801 etiam
1193 3741 1521 3808 dementius,
1545 3739 1701 3808 quasi
1731 3753 2079 3796 communem

505 3840 822 3914 dignitatem
849 3835 1236 3909 praeponenda,
1259 3832 1502 3900 singulos
1523 3830 1663 3884 velle
1690 3829 1925 3898 majores
1948 3844 2082 3886 suos

505 3936 651 3990 circa
671 3929 827 3988 [idem
846 3926 1070 3982 imitari.
1093 3922 1463 3992 ignorantium
1483 3922 1629 3977 enim
1645 3929 1729 3976 est
1747 3938 1762 3987 ;
1787 3922 1910 3991 quia
1926 3920 2085 3976 Chri-

508 4021 672 4080 stiani
699 4031 911 4085 omnes,
952 4030 1230 4085 nunquam
1260 4015 1362 4070 hoc
1385 4013 1563 4082 ipsum
1596 4021 1800 4078 essent,
1829 4027 2084 4082 magnum

511 4124 566 4167 et
591 4106 1036 4166 honestissimum
1084 4119 1307 4170 nomen,
1348 4111 1403 4158 et
1447 4118 1557 4169 res,
1593 4103 1637 4158 si
1667 4102 1951 4172 dignitatis
1996 4117 2088 4158 sa-

509 4202 770 4275 pientiam
793 4199 1040 4257 scissent.
1060 4193 1102 4250 l-l
1110 4195 1195 4249 uic
1207 4195 1350 4250 enim
1375 4195 1758 4264 obsequentes,
1777 4194 1942 4264 liquet
1958 4196 2088 4263 quia
2138 4232 2143 4238 .

512 4309 790 4365 nunquam
821 4307 918 4360 pro
957 4291 1222 4359 majorum
1261 4286 1366 4342 [ide
1403 4285 1788 4351 idololatriam,
1826 4287 2088 4356 velalias,

509 4384 922 4459 quomodolibet
949 4391 1170 4438 ouortas
1207 4379 1466 4446 haereses,
1503 4393 1604 4446 pro
1633 4380 1864 4432 veritate
1924 4395 2088 4434 com-

2161 2017 2282 2082 iSta,
2311 2027 2366 2072 et
2393 2018 2577 2075 inﬂata
2603 2017 2924 2073 discitros.

2231 2107 2522 2174 Caeterum,
2556 2112 2607 2168 si
2645 2111 2767 2178 quis
2786 2125 2999 2176 eorum,
3030 2109 3100 2164 de
3131 2110 3339 2181 quibus
3359 2112 3633 2180 culpatur,
3660 2125 3742 2165 ra-

2165 2203 2363 2262 tionem
2396 2201 2596 2266 reddit,
2667 2209 3088 2271 sanctorumque
3143 2203 3414 2257 doctrinae
3461 2205 3730 2269 admonet,

2163 2305 2217 2352 et
2247 2309 2366 2363 quae
2393 2293 2752 2365 objiciuntur,
2786 2293 2922 2347 nihil
2956 2295 3158 2348 habere
3203 2295 3412 2349 virium
3490 2295 3742 2358 ostendit,

2165 2388 2279 2440 sive
2301 2386 2699 2442 ahsurditatum
2732 2385 3000 2441 lubricum
3025 2383 3304 2456 insinuat;
3335 2397 3398 2442 ut
3443 2389 3739 2447 curiosum,

2166 2489 2221 2532 et
2251 2479 2560 2543 verbosum,
2596 2479 2983 2549 conﬂictusque
3015 2486 3317 2546 amantem,
3354 2479 3607 2548 nihilque
3649 2479 3744 2531 uti-

2167 2571 2272 2625 lem
2313 2570 2627 2625 existimant
2653 2588 2668 2622 :
2693 2571 2929 2639 ﬁdeique
2947 2569 3362 2638 simplicitatem
3388 2572 3636 2636 laudant,
3694 2578 3744 2623 et

2168 2661 2471 2731 piscatores
2498 2661 2776 2730 ingerunt,
2821 2658 2975 2727 quasi
2999 2658 3102 2727 ipsi
3133 2655 3199 2711 ad
3251 2660 3597 2725 piscatorum
3624 2671 3741 2726 gra-

2170 2754 2294 2807 dum
2325 2754 2692 2822 pervenerint,
2719 2751 3042 2820 iilorumqne
3083 2751 3442 2819 sapientiam,
3484 2762 3540 2806 et
3596 2751 3740 2816 signa

2172 2841 2590 2919 illosseqpeutia
2639 2841 2749 2895 sint
2799 2840 3102 2896 consecuti.
3153 2838 3276 2894 Non
3325 2842 3474 2895 enim
3543 2841 3734 2902 sciunt,

2172 2932 2476 2998 piscatores
2505 2931 2722 2999 quidem
2753 2930 2897 2996 illos,
2933 2931 3249 3000 priusquam
3283 2940 3738 2985 arcesserentura
3791 2949 3795 2954 ι

2176 3021 2423 3086 Domino,
2451 3021 2650 3084 fuisse;
2683 3031 2866 3090 postea
2892 3036 3023 3075 vero
3079 3037 3242 3091 quam
3289 3022 3441 3084 illius
3497 3019 3738 3086 discipuli

2097 3141 2141 3200 ο
2174 3111 2351 3166 eti'ecti
2388 3119 2534 3177 sunt,
2594 3112 2715 3166 illos
2773 3114 2921 3182 ipsos
2961 3112 3263 3181 piscatores
3315 3113 3742 3182 sapientissimos

2177 3202 2245 3255 ab
2269 3201 2384 3269 ipso
2419 3201 2588 3256 fuisse
2631 3201 2932 3256 declaratos
2965 3200 3329 3255 :Benedtctus
3385 3203 3527 3254 enim
3590 3200 3740 3262 Deus,

2179 3289 2371 3357 inquit,
2395 3292 2487 3360 qui
2527 3291 2818 3360 piscatores
2850 3290 3280 3360 sapientissimos
3318 3292 3575 3345 ostendit.

2251 3379 2315 3434 Et
2350 3382 2464 3436 huc
2487 3381 2692 3444 dicunt,
2714 3397 2818 3435 non
2847 3382 2892 3436 si
2917 3381 3040 3451 quis
3065 3382 3120 3436 in
3144 3381 3350 3437 divinis
3378 3383 3542 3436 rebus
3591 3379 3748 3450 syllo-

2180 3471 2370 3540 gismis
2393 3479 2596 3535 utatur,
2621 3471 2972 3541 Platonisque
2999 3483 3054 3526 et
3093 3473 3415 3528 Aristotelis
3465 3472 3750 3526 admisceat

2181 3561 2614 3630 philosophiam;
2642 3563 2902 3632 praeclare
2939 3564 3084 3618 enim
3110 3575 3390 3633 ageretur,
3446 3567 3493 3621 si
3544 3573 3750 3634 propter

2183 3654 2306 3715 ﬁdei
2332 3656 2690 3712 reverentiam
2738 3656 2841 3731 ista
2871 3656 2939 3710 de
2963 3656 3382 3726 Scripturarum
3436 3657 3748 3713 auctoritate

2184 3741 2542 3804 docerentur.
2558 3745 2713 3802 Nune
2737 3756 2916 3801 autem
2942 3757 2996 3800 et
3023 3749 3089 3802 ad
3124 3749 3271 3816 ipsos
3313 3750 3441 3804 ﬁdei
3480 3748 3748 3802 terminos.

2187 3837 2586 3906 Scriptura:th
2610 3851 2673 3890 ac
2701 3847 3014 3892 sanctorum
3040 3838 3420 3907 magisterium
3481 3833 3750 3902 impuden—

2188 3936 2267 3982 tes
2301 3926 2456 3994 ﬁunt,
2486 3943 2612 3982 cum
2652 3927 2858 3982 scilicet
2879 3928 2949 3982 ab
2997 3927 3110 3983 illis
3180 3940 3535 3998 urgeantur:
3594 3935 3752 3991 neque

2188 4017 2456 4086 principio
2494 4017 2819 4086 intelligant,
2865 4020 2995 4089 quid
3028 4020 3230 4084 velint,
3305 4018 3616 4092 hujusmodi
3663 4030 3753 4068 au.-

2189 4117 2297 4166 tem
2319 4109 2754 4165 cavillationibus
2779 4125 2878 4180 pro
2906 4109 3164 4180 sutl‘ugio,
3191 4120 3247 4166 et
3266 4109 3752 4167 di-verticuiontan-

2190 4207 2279 4254 tur
2313 4200 2477 4270 sepia)
2501 4200 2552 4256 in
2577 4215 2783 4256 morem
2819 4215 2960 4270 qum,
2990 4211 3048 4254 ut
3081 4202 3384 4270 piscatores
3432 4201 3652 4269 eli'ugiat
3705 4203 3756 4248 et

2191 4289 2377 4358 lateat,
2406 4301 2770 4347 atramentum
2799 4303 2926 4348 ante
2946 4307 3008 4346 se
3038 4294 3232 4348 vomit.
3261 4293 3372 4361 ipsi
3410 4301 3594 4346 tamen
3639 4298 3750 4342 cum

2193 4382 2394 4452 aliquid
2437 4385 2617 4439 dicere
2658 4384 2830 4439 videri
2870 4385 3079 4445 volunt,
3115 4386 3171 4439 in
3225 4386 3431 4454 angulo
3448 4395 3578 4438 suos
3633 4378 3753 4430 allo-

513 4485 836 4542 mutassent,
863 4490 998 4544 quas
1012 4473 1204 4529 Patres
1230 4472 1442 4525 illorum
1462 4471 1634 4525 secuti
1662 4478 1866 4525 essent.
1886 4469 2086 4526 Verum
2117 4470 2170 4530 Β
2196 4461 2854 4544 quentes,obliviseuntur
2883 4475 3102 4544 quidem
3165 4477 3405 4544 regulas,
3469 4487 3601 4543 quas
3644 4466 3751 4558 aliis

515 4575 622 4642 his,
651 4574 726 4632 illi
754 4571 1157 4631 valefacientes,
1181 4567 1404 4622 Christo
1445 4565 1684 4635 adjuncti
1713 4573 1862 4620 sunt.
1888 4564 2094 4635 Nempe

509 4645 656 4723 enim
686 4675 742 4722 et
769 4665 987 4720 beatum
1020 4659 1316 4729 culpabant
1349 4656 1600 4721 Paulum,
1635 4657 1782 4725 quod
1823 4671 1930 4710 non
1968 4672 2095 4714 υιιι-

513 4760 625 4813 brm
653 4756 789 4825 legis
813 4753 1085 4816 assidens,
1121 4748 1397 4818 Evangelii
1430 4757 1750 4818 persecutor
1815 4762 1936 4801 esse
1968 4762 2094 4815 per.

515 4851 741 4908 stiterit.
765 4849 828 4902 Et
852 4846 980 4903 illud
1002 4844 1163 4902 simul
1188 4848 1466 4918 asserunt,
1501 4855 1610 4897 non
1635 4849 1887 4911 cportere
1940 4841 2099 4896 Occi-

519 4937 1039 5004 dentales,,omisso,
1067 4933 1211 5006 quod
1259 4933 1469 4997 dicunt,
1493 4931 1562 4988 de
1585 4941 1804 4989 'saucto
1863 4933 2095 4999 Spiritu,

463 5097 467 5105 ι
521 5036 606 5089 his
633 5029 886 5088 assentiri
913 5029 1144 5090 debere,
1176 5040 1296 5094 qua:
1319 5026 1576 5081 dicuntur
1605 5025 1673 5080 ab
1719 5024 1874 5094 ipsis.
1937 5023 2094 5078 Unde

522 5123 668 5180 enim
695 5121 814 5176 istis
841 5118 1175 5190 persuadere
1201 5125 1462 5186 poterunt
1512 5117 1701 5170 eadem
1763 5131 1872 5184 prae
1907 5129 1965 5170 se
2022 5115 2101 5170 fe—

528 5215 813 5280 rentibus;
861 5211 1134 5282 quomodo
1163 5217 1220 5264 et
1289 5209 1598 5265 infidelibus
1622 5209 1687 5263 de
1734 5208 1937 5263 Christi
1997 5207 2104 5262 [ide

528 5305 844 5373 loquentur,
880 5301 976 5372 qui
1019 5299 1398 5356 inﬁdelitatem
1427 5315 1453 5353 a
1490 5299 1788 5364 majoribus
1812 5300 1926 5356 suis
1949 5312 2105 5352 accc-

528 5402 726 5464 perunt
753 5396 776 5449 ?
817 5395 873 5450 Si
912 5393 1074 5462 igitur
1100 5390 1225 5446 talia
1247 5400 1476 5464 possunt
1501 5391 1566 5445 ad
1593 5391 1822 5445 invicem
1847 5391 2105 5459 utrinque

531 5489 798 5553 conversi,
823 5485 948 5557 quid
975 5485 1188 5539 roboris
1210 5485 1428 5539 habebit
1448 5485 1688 5553 ipsorum
1714 5484 1893 5538 ratio?
1915 5482 2108 5537 Nonne

530 5594 660 5648 ergo
691 5580 864 5647 magis
887 5579 1191 5648 proprium,
1217 5587 1271 5630 et
1294 5576 1428 5630 utile
1454 5584 1558 5640 est,
1593 5576 1814 5630 omissis
1836 5575 2108 5644 anticipa-

535 5670 774 5724 tionibus
805 5669 1080 5735 omnibus,
1103 5669 1390 5723 veritatem
1446 5666 1644 5735 ipsam,
1669 5680 1768 5734 per
1830 5681 1890 5720 se
1938 5667 2107 5733 ipsam

535 5765 680 5818 omni
709 5762 890 5818 studio
930 5771 983 5820 et
1011 5779 1142 5820 cura
1168 5761 1466 5830 indagare?
1497 5759 1550 5814 id
1577 5775 1711 5815 sane
1743 5759 1982 5814 virorum
2001 5769 2099 5829 est,

2195 4567 2296 4637 ipsi
2348 4573 2669 4637 posuerunt,
2701 4577 2803 4622 ceu
2855 4567 3154 4633 sapientiae,
3193 4567 3468 4635 jactantes
3516 4565 3669 4617 fanda
3703 4566 3754 4610 et

2195 4657 2437 4723 infanda,
2458 4668 2653 4728 etquae
2679 4673 2843 4728 supra
2864 4658 3118 4724 diximus,
3145 4670 3202 4714 et
3220 4661 3464 4715 scribunt
3483 4667 3540 4711 et
3560 4655 3749 4709 dicunt.

2269 4751 2452 4817 Atqui,
2487 4749 2530 4803 si
2571 4748 2788 4819 quidem
2840 4763 3056 4804 omnem
3114 4750 3382 4806 rationem
3413 4741 3750 4819 rejiciendam

2197 4839 2555 4907 arbitrantur,
2595 4841 2857 4911 quodque
2893 4849 3094 4911 praeter
3148 4842 3421 4898 rationem
3453 4851 3553 4903 est,
3596 4828 3754 4889 susci-

2201 4932 2376 5002 piunt,
2399 4933 2528 5002 quid
2555 4932 2768 4989 tandem
2799 4947 2931 4988 suos
2957 4933 3094 4988 istos
3113 4933 3278 4988 etiam
3303 4943 3516 5003 septem
3546 4923 3754 4992 Sapien-

2203 5025 2347 5079 tihus
2377 5023 2691 5092 pra-ferunt,
2712 5024 2908 5092 quibus
2931 5024 3277 5081 conferentes
3300 5035 3550 5085 emtems,
3585 5013 3752 5072 ludum

2201 5131 2324 5174 esse
2374 5131 2665 5186 puerorum
2711 5118 2922 5183 dicunt,
2983 5117 3288 5186 quibusque
3343 5127 3532 5172 omnes
3577 5103 3754 5161 cedere

2204 5195 2430 5262 volunt?
2489 5208 2544 5262 Si
2606 5207 2753 5264 enim
2809 5222 2874 5262 ex
2905 5207 3122 5262 illorum
3181 5205 3450 5277 sapientia
3505 5200 3752 5254 nituntur.

2206 5301 2410 5371 plures,
2464 5311 2627 5370 atque
2682 5301 3066 5372 sapientiores,
3114 5300 3208 5370 qui
3259 5300 3341 5354 eis
3394 5290 3751 5350 adversantur.

2205 5393 2376 5450 fuisse
2435 5394 2795 5462 comperient.
2844 5393 3100 5449 Profecto
3151 5392 3295 5447 enim
3345 5375 3753 5444 Occidentalium

2209 5487 2473 5555 sapientia
2505 5487 2732 5540 excellet
2763 5501 2778 5542 :
2823 5485 2866 5538 si
2899 5496 3080 5538 autem
3114 5485 3257 5554 quod
3290 5481 3504 5550 sapiens
3549 5479 3600 5524 el
3623 5472 3752 5557 fni”

2212 5553 2419 5632 ratione
2451 5586 2558 5637 est,
2591 5584 2643 5629 et
2673 5573 2776 5643 ipsi
2809 5553 3135 5644 suscipiunt,
3165 5583 3328 5643 atque
3368 5568 3486 5623 ideo
3516 5561 3578 5615 de
3599 5553 3753 5644 .Scri:

2210 5668 2392 5738 pturis
2439 5668 2768 5737 pu-rsnadere
2799 5676 3070 5726 conantur
3108 5683 3124 5720 :
3167 5673 3498 5735 nequaquam
3541 5659 3628 5704 eos
3669 5633 3752 5738 tt"!

2215 5725 2399 5819 secum
2443 5725 2741 5824 disserunt,
2779 5759 3016 5831 abjicere
3037 5725 3333 5818 debebunt.
3363 5725 3500 5832 quos
3526 5742 3595 5806 id.
3622 5725 3749 5803 αυυδ

3971 3284 3973 3351 ι

3969 3707 3971 3751 i

3969 3826 3971 3870 ι

3969 3883 3971 3945 l
