4052 6424
251 327 422 393 ·221

1412 334 1822 403 ADVERSUS
1853 341 2174 404 GRAECOS
2205 343 2358 408 LIB-
2393 345 2502 409 IV.

3473 347 3580 409 2‘22

321 439 617 540 secundum
647 441 912 540 rationem
937 458 1021 540 ex.
1041 442 1128 502 his
1153 456 1274 540 quae
1303 457 1563 540 concessa
1597 457 1749 540 sunt,
1777 449 1897 540 plu:
1923 451 1976 513 Α
1999 465 2095 508 eos
2116 453 2380 540 adversus
2407 453 2570 510 ﬁdem
2590 452 2834 512 validum
2850 463 3044 513 contra
3080 456 3286 514 inferre
3305 473 3542 529 arguens
3563 500 3580 523 .

321 532 472 587 ribus
494 547 557 585 ex
593 531 839 602 partibus
869 531 1136 604 sequitur.
1163 531 1281 586 Non
1317 531 1461 587 'euim
1490 532 1571 588 bis
1605 534 1768 591 licere
1789 536 1896 594 sibi

321 625 398 677 uti
435 624 637 690 dicent,
672 622 792 676 aliis
825 639 954 679 vero
989 639 1093 678 non
1130 622 1314 680 itidem
1347 621 1553 680 licere:
1581 628 1728 697 quod
1760 627 1898 684 irra-

325 714 652 772 tionabiliter
681 713 1120 774 distribuentinm
1154 725 1259 773 est.

392 829 781 885 Contestantur
819 839 1003 886 autem
1057 841 1113 887 et
1149 835 1342 892 Arium
1392 842 1449 894 et
1495 833 1618 904 eius
1663 829 1895 896 similes:

330 923 542 992 quoties
569 935 664 979 eos
695 921 837 978 ratio
863 920 1159 990 defecerit;
1194 923 1364 982 fuisse
1420 926 1645 996 quidem
1681 938 1774 982 eos
1805 937 1898 978 aa-

327 1015 529 1085 pientia
564 1014 830 1082 insignes,
875 1014 1014 1070 ultra
1063 1026 1278 1072 sanctos
1309 1031 1522 1078 omnes.
1567 1024 1897 1083 asserentes,

326 1108 420 1164 sed
451 1106 618 1160 veluti
651 1107 936 1164 haereticos
957 1109 1026 1166 ab
1053 1108 1296 1164 Ecclesia
1321 1109 1531 1180 eiectos
1561 1108 1898 1174 inferentes;

327 1198 566 1265 nihilque
591 1199 786 1252 mirum
819 1208 926 1263 est,
969 1200 1014 1254 si
1046 1201 1169 1268 quis
1196 1201 1414 1268 sapiens
1447 1214 1572 1255 cum
1617 1199 1707 1260 sit,
1751 1197 1899 1254 aliud

331 1287 559 1358 aliquid,
587 1299 784 1356 prater
818 1289 870 1344 id
921 1291 1063 1359 quod
1116 1290 1219 1361 ipsi
1253 1290 1466 1356 volunt,
1498 1291 1566 1347 de
1607 1290 1713 1345 ﬁde
1735 1289 1895 1344 dicit.

327 1373 397 1428 Et
451 1375 620 1438 ipsum
685 1375 832 1432 enim
883 1376 1239 1436 nihilominus
1297 1388 1520 1449 propter
1573 1381 1899 1450 sapientiam

324 1463 500 1522 fuisse
546 1464 884 1522 damnatum.
919 1465 1048 1526 Hac
1097 1477 1281 1525 autem
1327 1471 1595 1534 dicentes,
1648 1458 1901 1527 doctores

325 1561 606 1630 ambiguos
641 1559 873 1617 faciunt.
924 1559 1062 1618 Nam
1114 1562 1160 1618 si
1198 1561 1436 1617 inﬁdelis
1485 1573 1570 1618 est
1605 1560 1899 1632 sapientis,

326 1649 627 1704 cavendum
663 1649 819 1706 nobis
846 1659 952 1717 est,
983 1652 1054 1706 ne
1069 1651 1348 1722 sapientiae
1367 1666 1536 1710 causa
1564 1652 1668 1708 illis
1693 1653 1902 1708 obtem~

1998 544 2159 602 sicuti
2205 545 2482 614 prioribus
2516 548 2855 614 temporibus
2889 549 3102 618 antiqui
3156 549 3416 605 Ecclesiae
3465 570 3583 606 ma-

1995 635 2150 707 gistri
2184 633 2488 700 faciebant;
2526 638 2729 708 quippe
2755 641 2910 716 juxta
2937 654 3190 707 magnum
3221 639 3484 694 Basiliam
3529 643 3582 696 in

1997 727 2336 794 expositione
2378 741 2543 795 super
2587 728 2778 784 Isaiam
2827 746 2842 784 :
2885 728 3074 787 Murus
3120 737 3202 784 est
3248 729 3584 800 dogmatibus

1998 816 2194 872 nostris
2241 827 2471 874 exterius
2510 821 2790 887 sapientia:
2841 803 2970 886 eis,
3003 837 3110 878 non
3161 838 3227 876 ea
3276 823 3583 889 permittens

1997 909 2288 977 volentibus
2337 909 2523 979 facilia
2577 912 2649 966 ad
2706 913 3020 982 capiatdum
3098 930 3164 968 ac
3223 914 3585 984 diripiendum

1999 1002 2138 1070 ﬁeri.

2071 1114 2176 1181 Qui
2228 1115 2545 1186 huiusmodi
2580 1127 2706 1182 est,
2755 1132 3039 1190 nunquam
3092 1127 3316 1189 propter
3369 1117 3585 1186 sapien-

2003 1207 2159 1273 tiam,
2190 1223 2381 1264 norma
2414 1209 2695 1278 sapientiae
2727 1219 3038 1265 sanctorum
3071 1211 3126 1265 in
3160 1211 3356 1264 divinis
3401 1219 3583 1273 utens,
3650 1260 3654 1264 .

2002 1305 2064 1350 ut
2107 1298 2380 1354 mentiens
2431 1297 2640 1368 culpari
2697 1301 2899 1368 poterit
2935 1318 2948 1354 :
3001 1299 3242 1367 alioquin
3277 1307 3334 1354 et
3375 1297 3496 1351 illos
3528 1307 3586 1353 ut

2001 1397 2356 1454 corruptores
2381 1403 2487 1442 una
2513 1389 2820 1458 ejiciemus.
2867 1389 2981 1444 Hec
3010 1389 3156 1443 enim
3180 1389 3356 1457 ipsum
3391 1387 3581 1441 Arium

2002 1477 2248 1533 Ecclesia
2279 1477 2511 1548 expulit.
2542 1480 2686 1549 quod
2738 1479 2972 1547 plurima
3026 1492 3093 1532 ex
3143 1478 3249 1543 his,
3281 1492 3401 1546 qua:
3437 1475 3588 1530 Scri-

2001 1581 2180 1640 ptura
2223 1573 2554 1626 auctoritate
2601 1579 2656 1624 et
2702 1569 2808 1625 ﬁde
2841 1583 3106 1626 concessa
3140 1579 3290 1636 sunt,
3337 1567 3584 1636 subjecta

2004 1663 2176 1733 ipsius
2205 1663 2599 1733 propositione,
2633 1661 2987 1716 tollebantur.

328 1751 583 1843 parantes
628 1743 904 1843 fallamur.
956 1747 1172 1843 cretei
1201 1762 1400 1843 saccos
1433 1756 1724 1843 uouentes
1751 1763 1898 1820 pm-
1929 1784 1976 1843 Β
2072 1773 2177 1830 Hic
2226 1782 2435 1837 autem,
2487 1783 2548 1827 ut
2589 1781 2872 1827 ostensum
2931 1779 3037 1834 est,
3076 1769 3210 1824 nihil
3269 1767 3582 1840 hujusmodi

328 1833 637 1903 cipitemur,
671 1845 834 1907 atque
890 1838 1428 1896 irrationabilitasem
1477 1841 1715 1900 rationis
1764 1858 1898 1896 nor-

329 1942 476 1984 tuam
507 1939 876 1991 assumentes.
901 1945 1004 2000 per
1034 1931 1181 1990 hanc
1206 1931 1372 1987 veluti
1418 1932 1473 1987 in
1501 1934 1740 1989 tenebris
1769 1935 1900 1989 caici

329 2018 881 2087 oherremus;simul
935 2031 1120 2080 autem
1172 2033 1227 2080 et
1252 2033 1445 2082 contra
1485 2033 1714 2081 sanctos
1744 2039 1900 2080 mena

329 2109 565 2166 tiuntttr.

399 2223 586 2294 Neque
622 2227 765 2280 enim
801 2225 963 2284 Arius
1007 2234 1062 2282 et
1091 2226 1420 2295 Etmomius,
1459 2236 1516 2283 et
1569 2228 1661 2284 alii
1712 2227 1904 2299 hujus-

335 2318 485 2372 ωαιὶ
534 2316 728 2373 Basilio
769 2326 828 2374 et
861 2318 1146 2388 Gregorio,
1182 2329 1236 2374 et
1279 2320 1495 2377 caeteris
1544 2319 1905 2390 sapientiores

331 2407 552 2464 fuerunt
576 2425 594 2464 :
619 2410 732 2479 qui,
764 2409 808 2464 si
834 2411 1057 2488 quidem
1095 2412 1550 2468 irrationabiliter
1571 2412 1904 2482 persuadere

335 2501 530 2566 velint,
559 2504 676 2572 quis
711 2502 994 2559 attendere
1024 2504 1320 2575 dignetur?

419 2612 476 2668 Si
509 2623 673 2669 autem
721 2628 817 2671 eos
857 2626 1042 2672 mente
1091 2625 1145 2672 et
1187 2617 1397 2672 ratione
1430 2616 1709 2686 praeditos,
1741 2624 1906 2687 atque

339 2704 581 2759 cordatus
613 2706 796 2760 dicunt
829 2716 882 2762 et
933 2723 994 2763 se
1023 2710 1170 2777 ipsos
1215 2701 1522 2764 destruunt.
1553 2707 1708 2765 Unde
1759 2710 1904 2769 enim

332 2795 473 2859 suis,
501 2810 636 2864 quos
667 2796 720 2850 in
755 2797 1019 2870 sapientia
1054 2800 1342 2865 mirantur,
1387 2801 1548 2855 ﬁdem
1598 2801 1903 2856 habendam

331 2897 557 2957 propter
603 2887 741 2944 hanc
789 2890 1075 2946 ostendere
1109 2901 1388 2964 poterunt,
1443 2891 1488 2947 si
1537 2893 1907 2948 com‘muniter

334 2987 595 3047 arguatur
618 2975 926 3048 sapientiai
949 2984 1157 3051 Itaque,
1188 2999 1297 3039 non
1329 2984 1500 3052 magis
1523 2993 1713 3039 contra
1748 2984 1903 3055 istos,

332 3081 496 3138 quam
526 3078 712 3124 contra
742 3071 878 3126 alios
910 3072 1139 3138 dicetur,
1183 3073 1226 3128 si
1267 3073 1548 3146 sapientiae
1578 3089 1746 3130 causa
1775 3089 1907 3131 con-

329 3159 542 3230 tigerit,
571 3171 628 3214 ut
655 3149 884 3216 veritate
912 3153 1269 3220 frustrentur.

409 3271 518 3328 Sed
569 3272 812 3344 profecto
845 3275 1115 3344 sapientia
1149 3291 1246 3347 per
1291 3292 1351 3333 se
1401 3277 1602 3332 malum
1662 3292 1767 3334 non
1801 3286 1905 3334 est.

336 3362 454 3420 Non
485 3367 626 3422 enim
659 3367 703 3424 si
742 3367 866 3438 quis
889 3383 950 3424 ea
976 3378 1172 3439 praeter
1196 3370 1459 3425 rationem
1491 3384 1623 3427 usus
1650 3381 1754 3434 est,
1793 3370 1908 3440 ipsa

341 3457 598 3512 continuo
635 3457 688 3512 in
716 3462 872 3526 culpa
908 3461 1032 3515 erit.
1083 3459 1188 3515 Sed
1235 3474 1414 3530 neque
1450 3461 1539 3515 ille
1571 3461 1789 3530 sapiens
1823 3461 1910 3512 di-

344 3550 549 3603 rendus
607 3559 712 3616 est,
745 3552 835 3620 qui
887 3540 1163 3609 mendacia
1199 3553 1478 3626 conﬁngit.
1528 3553 1715 3624 Neque
1763 3553 1907 3610 enim

343 3638 570 3693 scientia
621 3650 782 3711 atque
834 3641 1136 3712 sapientia;
1183 3645 1280 3700 sed
1330 3643 1544 3709 contra,
1598 3643 1814 3704 inscitia
1856 3649 1911 3696 et

337 3728 669 3798 insipientia,
719 3733 812 3804 qui
853 3736 1210 3802 mentiuntur,
1242 3743 1470 3790 utuntur
1519 3745 1578 3792 et
1628 3735 1764 3793 alios
1811 3733 1911 3791 fal-

341 3817 462 3874 lunt
493 3837 507 3874 :
545 3821 705 3908 ειεξιιί
745 3837 918 3893 neque
962 3825 1298 3897 gubernator
1334 3827 1528 3881 merito
1562 3824 1788 3892 dicitur,
1813 3824 1908 3896 qui

344 3928 534 3970 navem
575 3915 832 3985 perdidit,
864 3931 1043 3988 neque
1075 3919 1340 3984 medicus,
1365 3921 1456 3990 qui
1507 3917 1784 3977 inﬁrmum
1817 3933 1912 3988 pe-

346 4005 524 4062 remit.
573 4006 760 4076 Neque
789 4008 933 4063 enim
985 4019 1248 4080 quantum
1301 4013 1640 4081 gubernator
1661 4019 1774 4076 est,
1827 4011 1914 4070 vel

345 4096 600 4163 medicus,
629 4099 724 4152 sed
758 4097 811 4152 in
849 4107 1113 4168 quantum
1149 4100 1360 4170 peritiae
1389 4115 1502 4155 sua:
1531 4115 1721 4155 norma
1769 4111 1914 4158 uterv

344 4201 450 4257 que
483 4188 700 4254 excidit,
757 4190 899 4245 istud
949 4191 1238 4262 contingit.
1281 4189 1397 4246 Non
1454 4201 1634 4248 tamen
1695 4202 1916 4261 propter

347 4277 663 4349 imperitiam
695 4297 905 4347 eorum,
953 4284 1068 4340 sive
1119 4284 1405 4351 malitiam,
1437 4283 1522 4337 Vel
1563 4283 1912 4354 gubernatio,

346 4372 428 4426 vel
463 4373 722 4428 medicina
759 4389 854 4444 per
888 4389 948 4430 se
1004 4375 1202 4430 malum
1253 4384 1359 4430 est.
1415 4373 1589 4430 Nemo
1619 4373 1767 4429 enim
1818 4389 1915 4444 per

346 4465 446 4522 ista
486 4465 814 4522 servaretur.
865 4466 1044 4540 igitur
1090 4484 1190 4524 nec
1239 4468 1506 4538 sapientia
1546 4477 1766 4542 propter
1818 4480 1914 4523 eos
1946 4481 1990 4538 υ
2089 4473 2197 4532 Eos
2227 4472 2370 4527 enim
2403 4469 2498 4540 qui
2531 4483 2630 4538 per
2669 4465 2724 4524 id
2773 4463 3037 4536 temporis
3083 4461 3159 4518 illi
3189 4475 3297 4516 non
3325 4460 3647 4524 obtempe-(

347 4560 435 4629 qui
473 4559 558 4614 illa
590 4562 907 4625 abutuntur,
934 4561 1135 4616 malum
1167 4572 1280 4628 est;
1312 4576 1472 4616 nemo
1503 4561 1646 4618 enim
1681 4573 1807 4615 vera
1834 4558 1914 4615 di-

348 4660 514 4715 ceret,
559 4653 775 4720 sapiens
803 4653 890 4723 qui
933 4661 1116 4722 esset;
1173 4652 1247 4708 ita
1301 4662 1356 4708 et
1388 4665 1581 4712 omnes
1633 4641 1917 4724 thcologos

347 4741 560 4797 mentiri
601 4743 926 4800 diceremus.

411 4833 596 4902 Itaque
621 4835 664 4888 si
697 4836 818 4905 quis
850 4837 1036 4892 modos
1063 4835 1353 4892 verborum
1392 4848 1454 4889 ac
1485 4847 1670 4890 rerum
1705 4832 1917 4902 sciens,

344 4934 506 4996 utque
541 4927 596 4980 in
625 4925 735 4982 Deo
765 4927 910 4982 aliud
944 4928 1164 5002 quidem
1201 4927 1475 4983 ineffabile
1504 4934 1607 4994 est,
1636 4927 1917 4981 aliudnon

348 5018 452 5085 ita;
487 5018 640 5087 juxta
688 5017 1082 5073 Damascenum
1136 5020 1304 5084 enim,
1341 5032 1516 5088 neque
1559 5017 1740 5070 omnia
1791 5023 1922 5073 sunt

349 5109 661 5176 ineﬁabilia,
693 5124 868 5179 neque
891 5109 1072 5164 omnia
1095 5108 1355 5174 eﬁ'abilia,
1391 5107 1767 5179 concessoque
1793 5106 1918 5162 ﬁdei

347 5202 610 5272 principia
635 5216 964 5272 supponens,
1003 5203 1131 5272 quid
1160 5202 1265 5256 hoc
1293 5200 1602 5271 supposito,
1635 5209 1922 5268 sequatur,

349 5295 474 5365 quid
513 5295 811 5360 auferatur,
848 5295 1092 5368 inspicit,
1120 5303 1174 5350 et
1209 5294 1374 5350 infert
1407 5291 1689 5362 sequentia
1715 5290 1922 5363 princi-

353 5391 450 5459 piis
509 5402 768 5444 consona.
809 5388 886 5442 Ac
945 5389 1104 5442 ﬁdem
1156 5389 1374 5457 quidem
1411 5385 1654 5442 externis
1705 5396 1922 5455 quoque

351 5483 649 5550 rationibus
698 5481 912 5540 ostendi
963 5495 1144 5552 posse,
1190 5481 1454 5546 conlidit,
1501 5471 1675 5540 solam
1737 5487 1922 5532 autem

351 5585 570 5646 propter
635 5574 1044 5641 revelatiouem,
1105 5585 1535 5642 sanctorumque
1588 5571 1920 5639 theologiam

349 5669 550 5734 credit;
587 5665 989 5738 philosophiam
1011 5681 1142 5722 vero
1166 5667 1328 5721 veluti
1353 5666 1608 5743 ancillam
1637 5663 1920 5734 theologia:

352 5760 609 5832 adiungit,
661 5773 729 5815 ac
757 5773 852 5829 per
874 5761 1013 5818 hanc
1061 5760 1257 5818 refutat
1289 5759 1749 5825 calumniatores;
1784 5755 1916 5810 nihil

2001 1863 2289 1932 contingit.
2319 1862 2421 1930 Qui
2453 1863 2597 1916 enim
2636 1875 2700 1916 ex
2728 1861 2844 1916 sole
2876 1860 3037 1914 Patre
3069 1861 3362 1929 procedere
3397 1859 3587 1914 dicunt

2003 1955 2266 2026 Spiritum
2298 1961 2569 2015 sanctum,
2621 1967 2718 2007 eos
2771 1951 2977 2028 omnia,
3007 1962 3200 2020 praeter
3245 1939 3583 2018 Scriptttra‘tn
3628 1948 3636 1956 ’

2003 2063 2068 2102 ac
2101 2055 2417 2102 sanctorum
2466 2045 2757 2107 rationem,
2794 2053 3117 2114 sequuntur.
3156 2041 3259 2108 Qui
3293 2053 3476 2095 autem
3518 2057 3586 2095 ex

2005 2149 2261 2206 utroque,
2312 2135 2566 2200 videlicet
2621 2151 2686 2189 ex
2736 2134 2899 2190 Patre
2936 2150 3030 2207 per
3069 2132 3269 2188 Filium
3323 2132 3585 2203 fatentur,

2003 2243 2095 2286 eos
2121 2228 2305 2284 omnia
2329 2227 2628 2283 secundum
2661 2227 2926 2281 rationem
2957 2227 3139 2296 sequi,
3165 2228 3584 2294 comprobatur;

2003 2337 2125 2377 cum
2163 2334 2342 2391 neque
2397 2318 2600 2388 aliquid
2640 2333 2708 2373 ex
2761 2317 3059 2387 suppositis
3112 2317 3356 2391 tollatur,
3413 2329 3589 2383 neque

2004 2413 2298 2468 absurdum
2359 2411 2580 2481 aliquod
2640 2408 3046 2464 introducatur.
3099 2407 3171 2460 At
3229 2406 3319 2459 ille
3364 2406 3588 2473 quidem

2006 2504 2227 2561 minime
2257 2503 2338 2558 vel
2366 2501 2634 2574 catholico
2665 2499 3074 2569 universaliqne
3115 2497 3352 2553 concilio
3409 2494 3592 2550 credi~

2006 2597 2104 2660 dit,
2131 2594 2214 2650 vel
2248 2595 2314 2648 ad
2359 2608 2705 2648 communem
2748 2591 3044 2646 Ecclesiam
3065 2589 3362 2664 attendere
3396 2587 3587 2642 voluit.

2003 2687 2214 2744 Idcirco
2240 2686 2404 2740 etiam
2449 2683 2722 2755 propriam
2755 2684 3069 2752 quamdam,
3119 2689 3314 2749 prteter
3347 2693 3594 2732 commu-

2009 2793 2157 2841 nem,
2187 2779 2329 2830 v-iam
2377 2774 2459 2830 ire
2502 2775 2714 2840 volens,
2747 2765 3036 2827 hereticus
3086 2771 3210 2826 fuit.
3259 2768 3357 2824 llic
3409 2777 3592 2821 autem

2005 2867 2098 2937 qui
2131 2863 2472 2922 occidentali
2521 2863 2778 2921 Ecclesia:
2810 2864 3071 2925 militaret,
3127 2869 3324 2932 praeter
3363 2859 3414 2913 id
3448 2858 3590 2927 quod

2007 2957 2263 3012 omnibus
2315 2955 2602 3010 catholica;
2660 2955 2917 3009 Ecclesiae
2976 2954 3250 3023 magistris
3307 2949 3587 3028 congruit,

2011 3047 2302 3102 universali
2350 3048 2514 3101 etiam
2541 3046 2748 3114 synodo
2772 3045 3132 3112 obtemperet,
3164 3044 3216 3095 in
3250 3057 3353 3110 qua
3387 3041 3588 3106 Orieug

1935 3153 1978 3212 ο
2014 3137 2798 3204 talibus.Occidentalibusqne
2821 3134 3296 3196 convenientibus,
3315 3131 3594 3185 comtunni

2013 3231 2286 3288 sententia
2321 3229 2603 3283 deﬁnitum
2660 3238 2765 3294 est,
2814 3241 3160 3281 communem
3214 3239 3335 3280 esse
3367 3233 3595 3278 sancto-

2011 3337 2130 3378 rum
2167 3322 2409 3375 omnium
2460 3318 2792 3387 opinionem,
2845 3333 2876 3372 a
2926 3316 3088 3372 Patre
3135 3327 3191 3371 et
3238 3315 3375 3369 Filio
3408 3328 3597 3384 proce-

2014 3412 2144 3466 dere
2181 3411 2448 3480 Spiritum
2475 3415 2749 3482 sanctum,
2782 3405 3192 3474 Ecelesiamque
3235 3406 3285 3458 id
3316 3401 3593 3466 cenliteri,

2012 3515 2042 3553 a
2075 3515 2181 3570 qua
2206 3498 2352 3552 nulla
2382 3511 2621 3567 unquam
2645 3497 2810 3550 fallax
2854 3501 2922 3552 de
2959 3497 3067 3551 tide
3104 3496 3374 3551 sententia
3411 3508 3597 3547 mana-

2011 3593 2110 3647 vit.
2923 3610 2926 3613 ·

2084 3707 2190 3764 Sed
2229 3722 2296 3761 ne
2339 3704 2540 3760 Basilio
2571 3705 2815 3774 quidem,
2849 3713 2906 3758 et
2949 3701 3215 3772 Gregorio
3267 3697 3598 3767 cmterisqne

2012 3801 2283 3858 similibus
2328 3795 2709 3863 crederemus,
2756 3795 3036 3865 sapientiae
3067 3807 3254 3855 causa,
3291 3791 3394 3845 nisi
3445 3791 3598 3859 prius

2012 3896 2138 3967 ipsi,
2169 3892 2442 3948 haereticis
2475 3891 2600 3949 aliis
2633 3890 2737 3946 alia
2788 3887 3116 3952 dicentibus,
3151 3883 3458 3952 bujusmodi
3493 3881 3599 3936 Ec-

2013 3986 2192 4044 clesiae
2233 3984 2374 4040 uniti
2406 3993 2612 4044 essent,
2653 3991 2819 4051 atque
2867 3995 2897 4034 a
2937 3978 3224 4034 catholicis
3269 3975 3492 4046 synodis
3527 3971 3598 4027 ab

2013 4098 2076 4141 ea
2108 4079 2448 4154 congregatis
2480 4078 2696 4154 probati
2741 4075 3004 4139 fuissent,
3036 4081 3202 4143 atque
3230 4073 3295 4126 ad
3322 4071 3444 4126 illos
3466 4079 3597 4125 tan-

2014 4189 2178 4248 quam
2215 4172 2463 4228 veritatis
2495 4170 2812 4240 magistros,
2861 4164 3112 4220 Ecclesia
3161 4161 3446 4231 dirigeret.
3491 4157 3600 4214 Sed

2019 4280 2197 4337 neque
2232 4265 2452 4318 sanctos
2479 4276 2576 4321 eos
2617 4259 2956 4327 putaredius,
2989 4255 3038 4312 si
3070 4261 3265 4310 contra
3296 4252 3445 4310 illam
3475 4264 3599 4306 cum

2017 4361 2141 4415 aliis
2193 4357 2622 4414 reluctarentur.
2939 4371 2950 4379 δ

2021 4573 2280 4622 raserunt
2328 4561 2446 4620 sive
2495 4559 2993 4619 contradixerunt.
3043 4563 3418 4610 exsecramur.
3483 4544 3601 4600 Non

2021 4658 2205 4725 itaque
2231 4655 2410 4711 solum
2461 4644 2842 4720 oportet'esse
2895 4645 3225 4716 sapientem.
3271 4638 3388 4693 Nisi
3424 4635 3604 4689 adsint

2021 4757 2238 4815 cetera,
2269 4759 2325 4804 et
2355 4741 2732 4814 principaliter
2768 4737 3022 4798 Ecclesiae
3055 4734 3315 4802 dogmata
3345 4729 3605 4784 con-lites-

2025 4852 2134 4905 tur,
2197 4835 2598 4908 quantumlibet
2648 4831 2884 4902 quisque
2938 4827 3010 4882 sit
3075 4824 3323 4898 sapiens,
3387 4819 3600 4878 delirat.

2025 4935 2250 5004 Oportet
2290 4931 2435 4986 enim
2473 4924 2770 4986 Ecclesiam
2817 4919 3070 4978 stabilem
3118 4929 3336 4985 semper
3371 4912 3426 4970 in
3462 4909 3608 4966 veri-

2028 5034 2137 5080 tate
2163 5023 2486 5096 consistere.
2513 5019 2678 5086 id-tue
2711 5031 2781 5074 ex
2823 5014 2909 5070 his
2938 5025 3059 5083 qua:
3090 5009 3166 5065 illi
3199 5015 3325 5096 ante
3363 5004 3607 5096 contige-
3680 5016 3689 5022 λ

2029 5118 2176 5178 runt,
2201 5092 2589 5178 comprobatur
2619 5124 2634 5174 ;
2686 5106 2848 5174 eique
2883 5115 3063 5171 operae
3108 5095 3345 5168 pretium
3382 5103 3468 5152 eet
3508 5091 3608 5148 ohe

2029 5211 2358 5272 temperare.
2437 5198 2610 5258 Aliter
2677 5196 2822 5250 enim
2890 5193 3164 5249 incertum
3226 5193 3408 5250 esset,
3454 5183 3610 5272 quis

2027 5271 2356 5364 sapientium
2403 5302 2530 5361 vera
2579 5293 3034 5357 prosequeretur,
3091 5278 3197 5333 nisi
3236 5275 3290 5330 id
3341 5271 3606 5364 subjiciav

2030 5361 2140 5446 tur,
2173 5379 2476 5436 Ecclesiam
2509 5391 2724 5446 semper
2755 5367 3384 5429 necessario'veritatcm
3412 5361 3606 5429 sequi;

2030 5486 2196 5550 atque
2259 5474 2396 5532 hanc
2456 5471 2708 5541 ambigua
2792 5466 2976 5524 omnia
3039 5464 3378 5522 discernere,
3444 5460 3610 5522 atque

2030 5567 2285 5628 delinire.

2662 5651 2738 5710 De
2768 5648 2993 5722 azymis.

2099 5749 2328 5806 Plurimi
2366 5763 2496 5806 vero
2525 5747 2588 5804 de
2634 5745 2843 5818 azymis
2871 5741 3031 5798 etiam
3079 5729 3378 5814 Ecclesiam
3434 5725 3488 5782 in
3517 5721 3609 5794 ,ῖυε
