4052 6486
476 363 584 431 223
1733 371 2083 436 MANUEL]

2184 371 2465 435 ιΑιΕοΑι
3644 369 3744 432 224

487 489 711 542 tralrunt
757 486 897 558 (83),
951 487 1018 543 de
1053 487 1254 558 quibus
1273 503 1352 544 ‘ne
1390 488 1539 558 loqul
1586 488 1800 560 quidem
1833 489 2057 560 dignum
2089 495 2135 552 Α
2161 503 2285 546 cum
2316 501 2464 546 esset
2492 489 2824 560 prohibitum
2853 479 3078 556 Judaeis,
3103 495 3257 544 extra
3285 488 3574 544 civitatem
3598 501 3748 544 suam

485 585 591 643 est,
628 578 694 633 ad
730 593 826 634 eos
881 579 1182 647 praesertim
1217 580 1312 648 qui
1365 580 1619 650 ignorant
1669 576 1945 635 Ecclesias
1990 579 2057 632 ab
2161 580 2368 635 Pascha
2404 580 2604 645 facere,
2655 581 2699 636 si
2733 579 2826 650 qui
2875 579 3214 635 solemnitati
3258 579 3600 642 defuissent,
3628 589 3750 644 post

483 667 638 722 initio
667 682 885 736 semper
912 683 972 724 se
1009 669 1082 722 ita
1133 669 1413 733 habuisse,
1453 680 1513 723 ut
1558 667 1801 725 Orientis
1847 670 2062 724 scilicet

485 758 727 814 Ecclesia
791 759 1172 825 fermentatis,
1227 760 1542 815 Occidentis
1601 769 1785 814 autem
1849 756 2061 830 azytitls

485 847 824 902 sacriﬁcaret
857 865 872 903 :
905 851 1160 918 quodque
1196 849 1263 904 ad
1297 849 1543 919 mysterii
1569 849 1826 904 virtutem
1852 860 2064 904 utrum-

486 953 594 1005 que
633 938 776 992 idem
804 938 969 994 valet.
995 937 1224 994 Constat
1265 940 1411 994 enim
1439 954 1506 994 ex
1540 939 1708 993 tritici
1735 938 2061 1002 substantia,

486 1043 554 1082 es
601 1044 710 1098 quo
757 1030 898 1097 solo,
933 1031 1242 1098 subiectura
1275 1031 1410 1086 illud
1443 1031 1618 1101 accipi
1668 1045 1892 1086 necesse
1933 1039 2016 1085 est
2047 1046 2062 1084 :

489 1120 854 1192 Salvatorque
874 1133 1065 1178 noster
1087 1125 1387 1179 secundum
1416 1123 1591 1196 legem
1617 1125 1799 1179 omnia
1827 1123 2062 1180 faciens:

489 1211 616 1266 Non
664 1214 808 1276 ueni,
854 1213 1051 1283 inquit,
1094 1215 1261 1283 legem
1295 1216 1514 1278 solvere,
1549 1215 1639 1268 sed
1675 1214 1961 1282 adimplere
1988 1215 2065 1280 ³⁷;
2105 1225 2111 1230 ’

487 1316 545 1360 et
578 1321 593 1358 :
627 1303 787 1358 Decet
815 1321 908 1359 nos
942 1305 1158 1374 implere
1192 1321 1400 1360 omnem
1435 1307 1712 1376 justitiam
1737 1305 1816 1368 ³³ς
1849 1315 2068 1376 oporte-

492 1394 586 1446 bat
622 1402 684 1446 ut
725 1393 934 1448 eisdem
987 1395 1040 1449 in
1075 1394 1237 1464 legali
1285 1394 1493 1450 Pascha
1541 1403 1792 1451 uteretur
1838 1397 2067 1467 azymis,

492 1484 706 1539 scilicet
734 1484 894 1551 juxta
939 1485 1284 1541 traditionem
1334 1486 1488 1555 legis,
1533 1501 1654 1556 qua:
1685 1487 1918 1542 sublatis
1954 1489 2068 1544 fer-

496 1575 772 1639 mentatis,
793 1590 983 1647 azyma
1007 1588 1119 1632 tum
1144 1577 1472 1647 apponebat.
1499 1577 1574 1632 Ex
1602 1579 1800 1648 quibus
1823 1579 2071 1647 profecto

496 1663 551 1718 in
583 1665 773 1720 eadem
824 1681 1038 1730 mensa,
1075 1667 1396 1738 mysterium
1439 1682 1655 1738 quoque
1697 1670 1779 1724 sui
1828 1671 2073 1740 corporis

495 1753 796 1812 conﬁciens
831 1756 1121 1811 tradidisse
1152 1757 1518 1828 cognoscitur.

2161 670 2302 724 hanc
2354 669 2408 722 in
2458 669 2682 726 civitate
2716 669 3070 724 celebrabant
3119 685 3134 722 :
3188 669 3259 722 ita
3313 678 3372 722 et
3429 668 3517 723 his
3555 667 3645 736 qui
3695 667 3746 722 in

2159 758 2386 814 civitate
2417 768 2575 813 erant
2620 759 2838 815 casibus
2866 758 3197 827 quibusdam
3247 757 3482 812 diﬂerre
3531 753 3748 822 licebat,

2163 848 2325 903 sicuti
2357 850 2576 917 quidam
2613 857 2742 904 tunc
2785 849 2948 904 etiam
2993 847 3244 904 fecerunt
3277 867 3293 902 :
3335 847 3600 918 nequiter
3632 849 3748 915 qui-

2164 940 2310 1002 dem,
2343 941 2470 1010 quia
2511 942 2672 996 morti
2700 942 2905 1011 justum
2935 941 3136 1011 injuste
3175 941 3484 1004 tradentes,
3520 939 3752 993 arbitra-

2163 1027 2363 1083 bantur
2393 1029 2631 1085 mundos
2653 1043 2714 1084 se
2738 1029 2944 1085 Pascha
2977 1030 3274 1085 secundum
3309 1030 3489 1099 legem
3525 1031 3756 1083 mandu-

2165 1131 2315 1173 care.
2354 1116 2697 1176 Distulerunt
2734 1125 2940 1183 tamen,
2971 1118 3074 1172 etsi
3107 1117 3504 1173 rationabilem
3539 1129 3753 1171 causam

2167 1208 2395 1264 minime
2425 1209 2713 1263 haberent.
2801 1251 2809 1258 .

2236 1299 2546 1355 Ridiculum
2592 1314 2724 1355 vero
2775 1307 2830 1354 et
2867 1299 3000 1354 illud
3034 1308 3153 1364 est,
3189 1299 3336 1369 quod
3383 1298 3631 1368 quidam,
3665 1311 3756 1366 pa-

2170 1393 2255 1448 nis
2319 1407 2539 1455 nomen,
2587 1392 2678 1461 qui
2736 1391 2925 1448 Graece
2985 1391 3148 1461 ἄρτος
3197 1391 3425 1459 dicitur,
3496 1390 3607 1444 ἀπὸ
3667 1387 3758 1442 τοῦ

2168 1482 2440 1552 αἱρεσθαι,
2469 1483 2520 1536 id
2551 1490 2636 1538 est
2661 1482 2730 1536 ab
2750 1497 2816 1536 eo
2845 1483 2989 1551 quod
3017 1490 3102 1536 est
3128 1482 3310 1535 attolli
3335 1521 3350 1546 ,
3387 1481 3517 1551 quia
3543 1490 3760 1550 pr0pter

2172 1571 2499 1628 fermentum
2552 1572 2836 1641 turgescit,
2892 1571 3098 1626 dictum
3137 1579 3428 1641 putantes,
3514 1584 3758 1640 azymum

2172 1679 2390 1736 panem,
2423 1665 2547 1734 quia
2583 1664 2856 1719 fermento
2885 1673 3094 1727 careat,
3146 1676 3327 1732 neque
3354 1676 3558 1732 panem
3587 1660 3765 1730 appel-

2173 1757 2276 1810 lari
2317 1755 2523 1810 volunt.
2557 1755 2724 1820 Quasi
2763 1768 2894 1810 vero
2925 1767 3149 1809 necesse
3182 1753 3256 1807 sit
3306 1753 3527 1822 linguas
3557 1766 3760 1817 omnes,

569 1847 724 1912 Quod
771 1845 1191 1919 Chrysostomus
1229 1863 1443 1918 quoque
1489 1860 1799 1914 attestatur,
1827 1852 2016 1908 dicens
2047 1867 2068 1910 :
2104 1865 2148 1920 Β
2177 1847 2247 1903 ita
2285 1861 2503 1915 quoque
2537 1846 2694 1915 panis
2725 1859 2921 1900 nomen
2951 1843 3227 1899 derivare-

496 1935 568 1990 ln
595 1937 690 1992 illa
720 1937 1070 2018 cmua‘omuia
1096 1954 1213 1993 eum
1238 1939 1526 1994 secundum
1557 1942 1719 2012 legem
1753 1946 2070 2012 patravisse.

501 2026 616 2082 Nisi
641 2029 786 2083 enim
815 2028 1114 2083 secundum
1137 2031 1310 2100 legem
1335 2035 1543 2102 azymis
1569 2035 1622 2090 iu
1646 2049 1804 2091 coena
1832 2037 1921 2091 illa
1942 2051 2076 2093 usus

501 2125 674 2185 esset,
729 2130 761 2171 a
816 2115 1019 2176 ludatis
1071 2123 1314 2188 omnino,
1373 2133 1432 2179 ut
1485 2128 1876 2194 praevaricator
1915 2128 2073 2199 legis,

501 2206 848 2266 insimulatus
877 2220 1022 2267 esset
1055 2229 1070 2268 :
1114 2209 1258 2266 Nam
1292 2229 1412 2269 cum
1437 2217 1588 2270 multi
1615 2219 1742 2287 falsi
1775 2227 1952 2288 testes,
1987 2221 2078 2274 in-

499 2298 641 2368 quit,
669 2301 1038 2364 surre‘xissent,
1065 2319 1286 2358 causam
1319 2321 1423 2359 non
1459 2307 1764 2363 invenerunt
1784 2310 1829 2344 η
1849 2327 1866 2364 :
1890 2310 2080 2365 maxi-

501 2400 590 2441 me
611 2401 734 2443 cum
760 2397 820 2464 et
840 2390 1083 2463 proditor;
1106 2405 1278 2448 coena:
1302 2393 1378 2448 illi
1403 2394 1714 2462 interesset,
1742 2399 1839 2467 qui
1880 2399 1925 2453 si
1947 2400 2079 2470 quid

502 2477 613 2534 tale
649 2477 843 2536 fuisset
875 2481 1194 2548 admissum,
1234 2482 1433 2540 Iudaeis
1487 2486 1626 2541 clam
1683 2490 2072 2546 renuntiasset.

502 2566 824 2640 Quanquam
873 2579 928 2626 et
960 2571 1224 2628 Dominus
1263 2574 1339 2652 ait
1387 2591 1404 2628 :
1459 2575 1737 2631 Desiderio
1778 2578 2081 2637 desideravi

502 2661 599 2714 hoc
624 2663 822 2729 pascha
854 2664 1175 2718 manducare
1207 2662 1476 2720 vobiscum
1502 2666 1587 2734 ⁸⁹;
1626 2669 1677 2721 in
1719 2684 1827 2738 quo
1866 2671 2079 2730 scilicet

505 2750 669 2804 etiam
737 2751 1057 2821 mysterium
1113 2755 1359 2823 corporis
1413 2757 1493 2810 sui
1555 2758 1878 2814 tradendum
1937 2773 2077 2831 erat,

507 2840 873 2911 praedixitque
901 2842 1125 2898 ubinam
1165 2859 1290 2900 cum
1319 2846 1603 2917 discipulis
1639 2858 1921 2918 oporteret
1952 2867 2078 2910 eum

508 2930 716 2986 Pascha
759 2933 1108 2989 manducare.

583 3020 640 3076 Si
672 3032 851 3077 autem
888 3027 1086 3094 pascha
1133 3026 1434 3098 legitimum
1471 3030 1594 3096 fuit,
1645 3033 1871 3088 omnino
1917 3034 2081 3090 etiam

508 3113 766 3182 legitimis
799 3117 854 3168 in
903 3115 994 3169 illo
1024 3117 1161 3170 cibis
1209 3134 1338 3200 usus
1367 3129 1468 3176 est.
1516 3120 1701 3192 Neque
1753 3125 1920 3188 enim,
1957 3141 2080 3180 cum

2245 1937 2472 1993 Latinus
2493 1936 2637 1992 enim
2683 1935 2940 1999 fortasse,
2967 1935 3046 1990 vel
3078 1933 3275 1990 Perses
3305 1948 3336 1986 a
3381 1929 3759 1988 conﬁrmando

2174 2031 2334 2102 panis
2361 2044 2554 2085 nomen
2582 2069 2597 2094 ,
2625 2029 2751 2096 quia
2777 2043 2879 2084 cor
2901 2027 3142 2083 hominis
3175 2026 3477 2082 conﬁrmat
3515 2023 3601 2079 vel
3633 2037 3765 2092 quo-
3793 2087 3801 2094 _

2177 2121 2472 2177 modolihet
2505 2120 2768 2187 aliter,.a
2817 2119 3251 2190 proprietatibus
3289 2118 3470 2187 ipsam
3521 2131 3638 2171 rem
3687 2129 3767 2169 se-

2177 2211 2472 2282 quentibus
2497 2211 2740 2266 deducit.
2777 2209 2836 2264 Si
2868 2219 3050 2265 autem
3083 2217 3140 2264 et
3172 2223 3374 2280 azyma
3407 2222 3506 2264 cor
3534 2206 3764 2261 hominis

2179 2304 2528 2368 conﬁrmant,
2573 2311 2628 2358 et
2660 2302 2776 2372 ipsa
2811 2301 3038 2357 omnino
3062 2301 3221 2370 panis
3260 2300 3494 2355 nomine
3522 2297 3760 2354 vocanda

2179 2403 2342 2464 sunt;
2399 2405 2456 2452 et
2502 2393 2811 2462 Scriptura,
2853 2407 2980 2448 cum
3021 2393 3090 2448 de
3122 2392 3256 2464 ipsis
3285 2393 3558 2464 loquitur,
3608 2401 3765 2460 panes

2183 2496 2414 2556 utraque
2437 2487 2697 2554 appellat.

2251 2579 2405 2646 Quod
2435 2580 2642 2636 indicat
2680 2582 2873 2637 beatus
2901 2579 3235 2652 evangelista
3274 2579 3486 2645 Lucas,
3519 2579 3610 2650 qui
3647 2576 3762 2634 Sal-

2181 2671 2388 2725 vatoris
2412 2680 2538 2740 post
2567 2673 3028 2728 resurrectionem
3056 2671 3122 2725 ad
3146 2669 3356 2725 Lucam
3388 2680 3446 2726 et
3473 2670 3763 2740 Cleopham

2183 2759 2239 2814 in
2281 2759 2533 2816 Emmaus
2578 2761 2995 2832 proﬁciscentes
3042 2762 3378 2816 locutionem
3417 2775 3764 2831 prosequens,

2180 2861 2306 2922 post
2361 2853 2607 2920 quasdam
2668 2854 2878 2908 infert:
2912 2852 3016 2909 Sed
3057 2870 3174 2908 cum
3215 2855 3299 2907 his
3328 2855 3574 2909 amnibus
3625 2852 3767 2906 hodie

2186 2943 2344 2996 tertia
2378 2943 2492 2998 dies
2523 2954 2621 3008 est,
2668 2960 2770 3015 quo
2803 2947 2919 3008 ipsa
2952 2947 3096 3014 facta
3125 2955 3245 2999 sunt
3287 2945 3374 3010 “,
3419 2947 3486 3000 de
3530 2943 3769 3022 passione

2183 3034 2390 3089 scilicet
2408 3035 2655 3104 loquens.
2671 3035 2744 3090 De
2773 3037 2877 3090 hac
2897 3037 3044 3090 enim
3068 3049 3248 3090 sermo
3270 3044 3428 3101 erat;
3457 3041 3768 3101 constatque

2189 3126 2316 3195 quia
2350 3125 2468 3181 haec
2495 3129 2650 3181 tertia
2682 3126 2824 3182 inter
2855 3138 3064 3195 septem
3102 3135 3225 3196 post
3249 3125 3470 3182 Pascha
3507 3127 3622 3180 dies
3653 3123 3765 3184 fuit,

509 3203 690 3257 omnia
722 3203 859 3273 legis
897 3204 1202 3276 implesset,
1235 3199 1354 3264 eam
1391 3211 1442 3265 in
1485 3211 1691 3267 Pascha
1738 3217 2083 3283 praevaricari
2113 3199 2158 3262 C
2191 3214 2245 3268 in
2273 3217 2472 3284 quibus
2497 3217 2797 3272 secundum
2837 3216 3012 3286 legem
3053 3217 3132 3272 eis
3161 3218 3521 3276 iuterdietum
3551 3223 3666 3270 erat
3693 3211 3764 3264 uti

512 3293 716 3348 debuit.
741 3294 1102 3352 Commendat
1135 3299 1234 3356 hoe
1260 3310 1316 3355 et
1336 3305 1690 3373 evangelista,
1730 3323 1853 3362 cum
1895 3309 2027 3365 dicit
2067 3329 2082 3367 :

505 3382 697 3438 Prima
736 3395 910 3439 autem
942 3387 1027 3442 die
1062 3390 1384 3459 Azymorum
1414 3393 1482 3447 δ’.

582 3471 764 3527 Prima
799 3491 927 3532 vero
951 3477 1277 3547 Azymorum
1307 3483 1565 3538 solemnis
1597 3493 1715 3538 erat
1746 3500 1811 3541 ac
1859 3487 2086 3558 legitimi

515 3562 762 3621 Paschae.
817 3567 911 3622 Sin
958 3585 1086 3626 vero
1135 3572 1292 3627 divus
1337 3570 1763 3642 Chrysostomus
1809 3593 2088 3650 esponens

513 3657 736 3722 primam
793 3659 1140 3730 Azymorum,
1203 3679 1326 3719 eam
1391 3683 1512 3736 qua:
1572 3671 1841 3738 praecedat
1895 3687 2087 3744 azyma

525 3747 683 3811 dixit,
730 3748 852 3805 ideo
900 3749 954 3804 id
985 3753 1079 3817 ait,
1115 3754 1242 3822 quia
1287 3753 1489 3811 Iudaeis
1517 3762 1850 3816 consuetudo
1891 3773 2031 3829 erat,
2060 3780 2092 3820 a

515 3849 744 3905 vespera
809 3854 1027 3910 semper
1090 3843 1308 3897 initium
1368 3847 1475 3901 diei
1529 3853 2002 3919 computantibus,
2062 3871 2093 3910 e

515 3939 743 3995 vespera
777 3928 942 3983 etiam
981 3929 1386 3989 solemnitatem
1420 3939 1750 4008 Azymorum
1789 3942 2089 4000 inchoare:

515 4031 679 4084 quam
707 4019 851 4071 enim
884 4020 984 4088 ipsi
1018 4032 1252 4088 noctem,
1281 4033 1488 4096 partem
1521 4031 1784 4096 praeteriti
1808 4033 1912 4088 diei
1945 4050 2096 4090 com-

517 4117 796 4174 putamus,
828 4109 1038 4165 initium
1085 4114 1188 4168 diei
1220 4130 1248 4168 a
1281 4117 1414 4171 solis
1443 4129 1568 4172 ortu
1612 4119 1872 4177 facientes
1895 4161 1910 4188 ,
1953 4123 2095 4181 hanc

521 4196 594 4249 illi
643 4196 750 4250 diei
801 4199 1078 4266 sequentis
1126 4203 1338 4286 initium
1369 4217 1923 4281 computaut;quam
1965 4229 2095 4283 ergo

521 4283 774 4344 uos'aute
820 4293 1043 4361 Azyma,
1093 4293 1170 4347 illi
1224 4283 1452 4364 primam
1503 4300 2094 4370 Azymorumdicuut.

521 4377 793 4443 Quocirca
825 4383 1157 4452 evangelista
1205 4401 1424 4458 quoque
1468 4389 1771 4445 secundum
1803 4405 2098 4449 consuetu-

519 4467 746 4534 dinem,
813 4474 1046 4541 primam
1115 4476 1437 4546 Azymorum
1522 4481 1852 4550 appellavit,
1932 4501 2093 4555 quam

521 4559 945 4634 Chrysostomus
1008 4579 1135 4625 ante
1187 4572 1391 4641 Azyma
1444 4573 1600 4640 dixit,
1657 4591 1942 4645 vesperam
2012 4579 2098 4634 in-

522 4654 743 4710 sinuare
803 4659 1026 4724 volens,
1095 4662 1148 4717 in
1215 4677 1327 4731 qua
1392 4663 1653 4722 Dominus
1718 4669 1892 4738 prima
1958 4671 2104 4743 Αιγ-

523 4763 733 4804 morum
770 4750 1086 4822 inchoante,
1132 4769 1257 4809 cum
1290 4755 1574 4826 discipulis
1622 4757 1831 4814 Pascha
1871 4763 2104 4819 mandu-

525 4842 691 4896 cavit.
1169 4904 1173 4908 ,

595 4935 749 4999 Quod
788 4937 832 4990 si
872 4939 1074 4993 dictum
1105 4946 1237 5014 est:
1272 4939 1340 4994 Et
1376 4941 1478 5010 ipsi
1531 4959 1633 4996 non
1682 4945 1995 4999 introierunt
2048 4947 2104 4999 in

525 5026 857 5090 prwtorium,
886 5038 942 5082 ut
989 5046 1092 5084 non
1121 5033 1632 5096 contaminarentur.
1668 5036 1758 5089 sed
1794 5045 1848 5089 ut
1875 5037 2106 5090 mandu-

527 5129 710 5168 careut
736 5114 944 5171 Pascha
971 5118 1040 5184 δ’,
1087 5135 1192 5175 non
1231 5122 1352 5177 ideo
1375 5126 1670 5192 putandum
1723 5138 1830 5191 est,
1869 5121 2106 5183 nondum

527 5204 811 5261 advenisse
863 5207 1116 5274 Pascha;
1168 5212 1261 5266 sed
1295 5214 1420 5282 quia
1468 5212 1674 5270 Iudaeis
1708 5216 1915 5271 licitum
1965 5230 2106 5284 erat,

529 5295 706 5364 ipsum
759 5296 813 5351 in
861 5299 1189 5369 quibusdam
1223 5304 1440 5360 casibus
1477 5305 1714 5363 differre.
1769 5308 1926 5364 Sicut
1954 5312 2100 5365 enim

602 5474 646 5554 τ’
677 5473 867 5532 Matth.
906 5479 1109 5554 v,_l7.
1219 5467 1500 5541 uusus.
1562 5504 1638 5554 ιιι,
1683 5490 1768 5548 15.

609 5684 720 5770 (εξ)
757 5687 899 5770 Lege
933 5692 1319 5770 Bellarmjnum
1343 5696 1444 5770 lib.
1495 5697 1677 5770 tthe
1731 5696 2094 5770 Eucharistia,

539 5750 890 5816 llumbertuin
915 5773 1102 5821 contra
1130 5750 1445 5825 Michaelem
1479 5750 1532 5826 et
1557 5750 1822 5827 Nic—ctam.

529 5541 576 5574 δι
602 5491 1183 5574 ἱᾏῗῗέηῗῖλῖνοὲἢη
1213 5491 1268 5574 fi
1309 5491 1638 5574 Μειιιιοημιιι
1675 5491 1768 5574 15.-
1874 5493 1919 5526 "
1967 5491 2154 5574 ΜθιΨ·
2191 5508 2345 5574 WE:
2373 5493 2464 5574 60.-

607 5541 758 5599 Joau.
794 5563 945 5616 xvut,
975 5549 1066 5605 28.
1097 5553 1142 5585 ”
1163 5555 1296 5611 Luc.
1325 5573 1474 5626 xxtv,
1503 5541 1638 5614 2|.“
1671 5541 1900 5619 (".l'oan.
1935 5541 2154 5630 x;l—,"9".‘
2537 5541 2791 5634 XVI,-‘6“.w
2816 5541 3087 5624 tiluCo‘rv.’
3115 5584 3167 5636 v,
3205 5569 3259 5624 8.

2191 3305 2573 3374 fermentatis,
2624 3308 2707 3361 vel
2761 3322 2824 3360 ea
2890 3317 3170 3377 utcunque
3230 3308 3614 3365 circumferre.
3675 3304 3766 3356 At-

2189 3411 2295 3466 que
2351 3397 2466 3452 illie
2530 3399 2702 3466 addit,
2748 3400 2875 3470 quia
2916 3399 3165 3470 cognitus
3219 3400 3328 3456 fuit
3395 3402 3452 3454 in
3517 3397 3764 3465 fractioae

2191 3489 2368 3558 panis.

2264 3577 2321 3631 ln
2371 3577 2484 3648 ipsa
2519 3593 2738 3648 quoque
2766 3580 3112 3649 apparitione
3149 3579 3391 3644 Domini,
3422 3595 3525 3649 qua
3555 3578 3765 3646 piscan-

2193 3666 2342 3724 tibus
2395 3671 2683 3738 apparuit,
2741 3673 3004 3741 scriptum
3071 3682 3157 3726 est
3207 3671 3408 3737 :Quia
3463 3671 3765 3742 invenerunt

2193 3776 2419 3828 prunam
2469 3764 2718 3828 positam,
2765 3771 2816 3816 et
2871 3763 3068 3831 piscem
3119 3764 3538 3831 superpositum,
3576 3769 3628 3813 et
3677 3771 3765 3825 pa-

2194 3868 2309 3907 nem
2339 3852 2404 3908 “.
2466 3853 2695 3908 Constat
2752 3868 2881 3920 ergo
2933 3869 3120 3925 azyma
3171 3867 3365 3922 panem
3421 3849 3769 3921 evangelistas

2195 3941 2519 4011 appellasse,
2570 3957 2749 4012 neque
2802 3944 2947 3998 enim
3004 3944 3088 3998 eis
3146 3943 3350 3997 licebat
3413 3951 3618 4010 septem
3678 3935 3770 3988 illis

2197 4033 2385 4089 diebus
2430 4034 2817 4090 fermentatum
2867 4049 3061 4106 panem
3119 4034 3352 4103 habere,
3406 4037 3492 4090 vel
3542 4033 3769 4088 circum-

2199 4123 2361 4180 ferre.
2574 4180 2579 4185 .
2893 4191 2898 4198 _

2269 4217 2558 4286 Praeterea,
2609 4221 2933 4276 fermentum
3024 4236 3126 4292 pro
3188 4222 3314 4277 dolo
3366 4232 3421 4276 et
3475 4217 3670 4274 malitia
3724 4213 3770 4268 in

2201 4309 2477 4377 Scriptura
2527 4313 2794 4379 accipitur
2845 4331 2860 4366 :
2915 4315 3186 4368 Attendile
3251 4315 3415 4379 enim,
3471 4311 3662 4379 inquit,
3737 4320 3766 4355 α

2202 4401 2456 4469 fermento
2513 4401 2912 4458 Pharisteorum
2932 4404 3002 4459 ⁸⁵.
3062 4405 3130 4460 Et
3181 4422 3198 4459 :
3253 4405 3548 4473 Epulemur
3581 4417 3676 4455 non
3723 4397 3772 4448 in

2122 4493 2459 4588 Dfermento
2517 4494 2696 4558 ueteri,
2757 4511 2921 4565 neque
2986 4496 3042 4550 in
3113 4495 3377 4565 fermento
3443 4493 3771 4588 malitiardet

2202 4583 2468 4651 nequitiis,
2500 4584 2592 4638 sed
2643 4586 2698 4638 in
2735 4586 2940 4653 azymis
2971 4586 3302 4640 sinceritatis
3337 4595 3388 4640 et
3440 4581 3672 4640 veritatis
3695 4567 3768 4635 ⁶“;

2200 4679 2328 4744 quia
2382 4675 2548 4732 etiam
2594 4681 2884 4747 'sumptum
2950 4694 3018 4733 ex
3076 4693 3235 4734 sacra
3287 4677 3518 4748 Virgine
3571 4663 3772 4725 Domini

2200 4781 2404 4836 corpus
2450 4769 2519 4823 ab
2561 4768 2708 4823 omni
2759 4770 2970 4840 peccati
3009 4771 3133 4824 labe
3165 4770 3466 4834 sincerum,
3500 4768 3767 4820 intactum.

2202 4859 2540 4914 inaccessum
2611 4859 2734 4928 fuit,
2799 4861 3007 4916 idcirco
3067 4863 3227 4931 panis
3283 4873 3500 4930 quoque
3558 4859 3770 4944 azymuf

2205 4952 2472 5006 sincerior
2496 4967 2559 5007 ac
2597 4953 2896 5022 simplicior
2927 4969 3048 5008 cum
3078 4955 3173 5020 sit,
3217 4954 3422 5008 merito
3449 4951 3499 5003 in
3529 4936 3768 5001 sacriﬁcii

2205 5039 2480 5096 oblatione
2519 5056 2832 5112 assumptus
2863 5044 2966 5099 dici
3001 5053 3199 5113 potest,
3244 5044 3295 5097 in
3324 5058 3455 5114 qua,
3479 5035 3769 5103 Stibiecll‘m

2206 5131 2338 5186 illud
2388 5133 2438 5187 in
2515 5134 2858 5189 Domiuicum
2923 5144 3164 5191 mutatur
3231 5150 3452 5204 corpus.
3514 5129 3568 5183 ld
3631 5119 3765 5177 enim

2207 5221 2427 5291 plenum
2479 5225 2706 5279 rationis
2756 5235 2877 5292 est,
2943 5237 3003 5281 ut
3061 5229 3127 5281 ad
3177 5227 3470 5299 mysteria,
3516 5230 3630 5288 qua!
3680 5223 3766 5278 Per

2211 5312 2498 5368 seusibiles
2533 5315 2747 5384 species
2787 5315 3099 5383 traduntur,
3143 5317 3526 5388 pretiosiores»
3561 5315 3614 5362 ει
3662 5309 3769 5366 (ιυπ

2580 5495 2625 5529 *θ
2657 5497 2791 5553 Luc.
2835 5475 2970 5562 xxtt,
3001 5499 3087 5554 15.
3193 5499 3237 5531 ⁵¹
3271 5495 3462 5551 Matth.
3493 5500 3635 5563 xxvi,
3677 5475 3756 5529 l7.
3809 5559 3819 5565 '

2169 5717 2219 5759 c.
2275 5705 2390 5761 7et
2438 5722 2634 5778 seqq.;
2684 5707 2932 5765 Gennad.
2989 5723 3090 5779 pro
3159 5705 3391 5765 concilio
3443 5687 3763 5757 Florentino,
