4052 6450
277 408 384 471 225

1366 399 1774 464 ADVERSUS
1809 397 2132 462 GBECOS
2170 400 2320 464 LIB.
2362 402 2465 466 IV.

3421 395 3529 462 236

279 485 391 575 sint
424 517 596 591 magis
638 517 740 585 eis,
783 529 906 588 qua
936 522 1252 584 sumuntur,
1287 516 1708 572 accommodatae
1753 512 1852 572 eli—
1882 513 1930 574 Α
1953 511 2522 595 Ecclesia‘canuntur,
2563 519 2624 570 ut
2655 512 2831 569 illud:
2865 511 3129 580 Quoniam
3159 510 3536 575 summa...

279 621 496 682 gattlur.

804 697 879 752 De
921 696 1321 753 dormientibus.

351 791 419 846 Et
496 791 600 846 hoc
680 791 810 846 item
866 789 1306 846 Occidentalibus
1381 789 1592 847 crimen
1649 790 1860 860 impin-

281 889 415 954 gunt
448 881 583 951 (86),
611 883 753 950 quod
787 897 883 938 eos
907 882 998 952 qui
1035 882 1144 936 vita
1170 883 1458 948 excedunt,
1491 881 1595 938 nisi
1633 890 1860 953 peccata

284 974 461 1044 aliqua
499 974 823 1042 impediant,
872 983 1097 1031 sanctos
1137 973 1321 1030 debita
1371 975 1632 1031 beatitate
1672 976 1858 1030 statim

286 1064 392 1120 frui
430 1065 637 1132 dicunt,
691 1074 744 1121 et
801 1074 1204 1138 consequenter
1256 1067 1576 1125 mortalibus
1622 1071 1861 1140 peccatis

288 1155 620 1219 obstrictos,
654 1167 818 1228 atque
865 1157 987 1214 ideo
1025 1174 1054 1214 a
1104 1159 1440 1216 beatitudine
1484 1161 1760 1232 indignos,
1794 1164 1861 1218 ad

288 1257 520 1302 aeternos
547 1250 828 1304 cruciatus
857 1251 1124 1319 pertrahi,
1147 1253 1325 1322 quoad
1352 1251 1495 1309 facta
1523 1262 1861 1311 mortuorum

293 1338 384 1392 illa
441 1341 677 1409 generali
736 1345 1181 1412 resurrectione,
1245 1346 1457 1417 singula
1523 1347 1862 1417 singulorum

289 1429 578 1484 animabus
611 1432 898 1501 conjuncta
941 1448 1171 1504 corpora
1202 1451 1306 1490 una
1339 1437 1420 1492 vel
1455 1436 1706 1493 fruantur
1734 1454 1866 1508 gau-

290 1517 418 1584 diis,
445 1520 524 1574 vel
560 1522 838 1591 suppliciis
861 1524 1189 1580 afﬁciantur.
1229 1527 1332 1594 Qui
1363 1539 1544 1584 autem
1573 1529 1627 1584 id
1657 1530 1866 1586 crimen

289 1608 575 1678 objiciunt,
621 1612 735 1667 sive
777 1615 949 1669 sacris
982 1614 1207 1672 Litteris
1242 1605 1596 1685 credendum,
1648 1621 1762 1676 sive
1796 1624 1867 1676 sit

290 1700 632 1756 observanda
669 1705 830 1770 ratio,
877 1707 1084 1776 culpari
1126 1709 1306 1778 potius
1352 1721 1650 1776 merentur,
1702 1727 1866 1780 quam

293 1792 513 1862 culpare
545 1793 648 1862 ipsi
680 1795 935 1852 debeant.
968 1799 1108 1853 Nam
1155 1799 1416 1858 Dominus
1442 1803 1682 1872 quidem,
1704 1813 1762 1859 ut
1801 1819 1866 1860 ex

293 1886 550 1954 pauperis
581 1884 794 1952 Lazari,
831 1897 887 1944 et
930 1889 1116 1945 divitis
1145 1892 1391 1962 epulonis
1432 1894 1692 1963 parabola
1733 1911 1864 1966 pro-

294 1976 494 2043 posita,
533 1987 748 2032 constat
775 1977 848 2044 ",
876 1983 1001 2048 quia
1040 1997 1146 2036 non
1181 1984 1345 2039 verba
1381 1985 1500 2040 sine
1535 1985 1698 2043 rebus
1740 2003 1866 2058 pro-

296 2065 553 2134 ponebat,
598 2070 935 2150 concludens
987 2073 1188 2144 adjecit
1223 2093 1236 2130 :
1273 2078 1420 2146 quod
1459 2076 1710 2145 Lazarus
1746 2081 1868 2150 qui-

297 2156 423 2212 dem
473 2168 710 2217 mortuus
739 2163 809 2216 ab
853 2163 1056 2230 angelis
1102 2165 1333 2221 Abrahae
1360 2168 1572 2225 sinibus
1621 2169 1869 2234 invectus

299 2255 422 2316 est;
457 2260 696 2308 mortuus
722 2263 806 2308 est
835 2265 1014 2311 autem
1045 2267 1100 2313 et
1133 2258 1285 2316 dives
1316 2269 1372 2316 et
1400 2263 1667 2332 sepultus,
1706 2274 1869 2335 atque

302 2341 360 2397 in
394 2341 660 2399 ﬂammam
693 2347 848 2402 abiit.
883 2349 991 2404 Per
1039 2365 1163 2421 quae
1200 2361 1324 2422 post
1372 2363 1607 2410 mortem
1643 2356 1870 2415 alterius

309 2433 524 2500 quidem
562 2435 790 2505 requies,
812 2446 868 2493 et
894 2439 1173 2496 beatitudo
1194 2443 1460 2515 signatur,
1487 2446 1714 2506 alterius
1740 2463 1870 2506 vero

308 2523 600 2590 cruciatus,
631 2527 839 2582 nullum
881 2529 1044 2585 linem
1079 2532 1312 2590 habens.

391 2613 688 2686 Quanquam
749 2629 806 2676 et
855 2621 910 2675 id
964 2624 1106 2693 quod
1163 2625 1234 2680 ad
1288 2628 1552 2685 latronem
1609 2632 1662 2686 in
1711 2645 1874 2690 cruce

305 2701 515 2793 .dictum
543 2720 622 2765 est
653 2729 668 2766 :
705 2711 878 2767 Hodie
902 2729 1102 2769 mecum
1128 2719 1231 2771 eris
1259 2718 1312 2772 in
1345 2721 1598 2788 paradiso
1625 2721 1695 2787 ⁸⁸,
1726 2721 1870 2793 jam-

306 2792 420 2863 jam
459 2795 687 2853 futuram
721 2801 1116 2858 beatitudinem
1161 2807 1524 2862 commendat.
1575 2792 1741 2864 Divus
1781 2825 1877 2882 au-

312 2897 419 2940 tem
478 2887 670 2948 Paulus
717 2892 943 2950 dissolvi
987 2897 1156 2966 cupit,
1206 2907 1259 2954 et
1295 2912 1415 2954 esse
1465 2915 1585 2955 cum
1631 2901 1872 2958 Christo.

311 2976 482 3047 Cujus
512 2980 586 3036 rei
635 2985 807 3052 gratia
841 2984 892 3039 id
941 2986 1231 3055 cupiebat?
1262 2985 1663 3060 Ingemiscimus
1709 2993 1872 3059 enim,

312 3069 507 3138 inquit,
541 3072 756 3128 scientes
789 3077 1039 3144 quoniam
1085 3078 1209 3132 dum
1257 3095 1440 3134 sumus
1485 3081 1540 3134 in
1575 3082 1675 3137 ltoc
1703 3086 1876 3138 taber-

1958 603 2211 660 thalamis
2242 606 2462 677 gloriosi
2493 617 2752 675 martyres
2800 614 3024 659 exorant
3069 613 3141 669 te,
3175 604 3414 658 Domine.
3471 605 3540 661 Et

1959 695 2132 751 illud:
2173 696 2440 768 Martyres
2470 696 2677 767 inclyti,
2714 711 2818 750 non
2858 704 3002 750 terra
3041 711 3132 750 vos
3164 696 3419 762 occuluit,
3447 694 3537 749 sed

1958 787 2146 842 cwlum
2197 789 2448 861 suscepit.
2498 791 2712 859 Aperta?
2739 795 2862 843 sunt
2895 787 3038 842 vobis
3077 788 3319 855 paradisi
3350 797 3539 857 portae,

1959 879 2202 946 intusque
2222 880 2611 944 accumbentes,
2636 879 2836 949 lignum
2863 879 2983 932 vita
3004 877 3257 948 gustatis.
3281 876 3346 932 Et
3369 879 3496 932 illud
3522 895 3537 934 :

1964 969 2285 1025 Sanctorum
2335 972 2525 1026 chorus
2575 971 2698 1026 vitae
2733 971 2933 1040 fontem
2983 970 3198 1036 invenit,
3234 981 3282 1025 et
3325 979 3534 1040 partum

1960 1061 2223 1131 paradisi.
2245 1059 2312 1115 Et
2334 1060 2466 1116 illud
2496 1078 2511 1115 :
2540 1061 2679 1126 Quia
2701 1077 2840 1114 nunc
2867 1060 3078 1115 assistis
3109 1059 3360 1115 Trinitati
3388 1061 3540 1132 felix,

1964 1154 2274 1222 interpellas
2316 1170 2414 1223 pro
2450 1153 2623 1222 nobis,
2655 1155 2746 1223 qui
2781 1153 2885 1222 fide
2933 1164 2982 1208 et
3011 1153 3202 1222 aﬂ'ectu
3229 1154 3533 1208 memoriam

1955 1245 2047 1301 tui
2068 1263 2316 1310 ueneram
2325 1262 2411 1302 ur.

2035 1336 2103 1392 Et
2155 1338 2356 1407 ubique
2407 1337 2629 1394 omnino
2680 1344 2909 1392 sanctos
2955 1335 3165 1405 angelis
3220 1337 3436 1399 adesse,
3489 1341 3543 1388 et

1973 1431 2340 1501 congaudere,
2389 1437 2446 1487 et
2477 1445 2584 1486 una
2615 1429 2844 1486 choreas
2891 1443 3054 1498 agere
3085 1428 3416 1483 conﬁtemur
3450 1441 3545 1479 vc-

1967 1533 2249 1588 nerantes,
2302 1531 2466 1594 atque
2500 1533 2557 1576 ut
2601 1536 2704 1592 pro
2755 1520 2913 1576 nobis
2943 1521 3308 1576 interveniant
3355 1533 3538 1588 preca.

1968 1629 2115 1679 mur,
2155 1613 2298 1682 quod
2340 1611 2584 1683 profecto
2615 1627 2722 1673 non
2757 1612 2932 1676 fleret,
2967 1611 3070 1666 nisi
3109 1620 3257 1666 esset
3295 1624 3548 1664 commu-

1968 1706 2056 1762 nis
2083 1707 2339 1763 Ecclesia
2367 1705 2571 1776 opinio,
2593 1704 2758 1758 etiam
2789 1712 2916 1759 ante
2951 1701 3186 1763 futuram
3212 1711 3546 1755 mortuorum

1971 1796 2430 1853 resurrectionem
2493 1804 2714 1850 sanctos
2771 1806 2964 1848 omnes
3010 1792 3277 1848 beatitate
3317 1789 3545 1860 perlrui.

1899 1850 1941 1912 Β
1966 1887 2118 1944 Alias
2147 1897 2330 1944 autem
2365 1887 2548 1944 miseri
2579 1884 2804 1940 omnino
2829 1893 3034 1948 essent,
3071 1884 3115 1938 si
3151 1885 3387 1952 reposita
3442 1883 3547 1938 sibi

1966 1982 2110 2039 bona
2139 1977 2327 2049 procul
2351 1978 2646 2043 intuentes,
2675 1986 2924 2046 prompte
2950 1990 3018 2034 ex
3049 1974 3154 2028 hac
3183 1974 3314 2038 vita,
3341 1984 3397 2029 et
3422 1989 3546 2029 cum

1967 2071 2244 2141 voluptate
2269 2069 2590 2139 migrarent.
3166 2069 3178 2078 ‘

2045 2158 2304 2222 Proinde,
2338 2155 2965 2228 quomodogconveniat,
2997 2153 3216 2210 illorum
3266 2155 3451 2227 aliquo
3489 2156 3544 2211 in

1970 2250 2091 2322 loco
2113 2260 2361 2306 servatas
2385 2248 2599 2303 animas
2631 2255 2782 2302 tanto
2814 2256 3052 2316 tempore
3079 2247 3320 2318 praemiis
3349 2249 3548 2304 debitis

1971 2341 2241 2408 fraudari,
2267 2341 2464 2411 quibus
2486 2339 2752 2395 Dominus
2780 2337 3038 2409 gaudium
3070 2347 3336 2394 aternum
3361 2355 3550 2410 repro-

1972 2431 2144 2499 misit,
2173 2445 2418 2501 quosque
2461 2429 2815 2486 assumendos
2849 2429 2927 2483 ait
2957 2445 2971 2482 :
3012 2429 3076 2484 Ut
3127 2428 3215 2482 ubi
3245 2429 3334 2484 ille
3368 2443 3466 2498 est,
3498 2442 3547 2486 et

1969 2522 2076 2591 ipsi
2107 2521 2211 2576 sint
2236 2520 2326 2574 "‘3
2377 2520 2484 2575 Sed
2516 2529 2570 2575 et
2613 2531 2736 2591 post
2775 2519 2918 2575 hanc
2949 2521 3118 2576 vitam
3153 2537 3274 2578 cum
3332 2524 3438 2581 fide
3495 2536 3550 2578 et

1971 2627 2070 2684 spe
2133 2622 2430 2676 vrveretur,
2463 2627 2583 2682 qua:
2628 2612 2821 2668 beatus
2866 2611 3065 2667 Paulus
3104 2615 3437 2682 evacuanda,
3463 2631 3554 2671 so-

1973 2704 2189 2773 lamque
2219 2704 2543 2761 cbaritatem
2577 2719 2986 2774 permansuram
3018 2706 3155 2760 dixit
3203 2705 3258 2762 in
3309 2707 3552 2764 beatitu-

1974 2795 2126 2874 dine,
2153 2810 2273 2865 quae
2330 2795 2384 2848 in
2419 2794 2602 2849 divina
2638 2795 3014 2863 speculatione
3058 2798 3337 2854 consistit.
3389 2801 3554 2871 Atqui

1974 2899 2151 2954 neque
2186 2881 2454 2939 Dominus
2508 2883 2559 2938 id
2595 2884 2874 2949 voluisset,
2907 2899 2998 2951 ne,
3053 2885 3096 2941 si
3160 2887 3262 2956 ipsi
3312 2888 3554 2958 quidem,

1979 2977 2072 3047 qui
2109 2976 2346 3031 debitam
2395 2975 2784 3030 beatitudinem
2832 2977 3138 3047 percepturi
3189 2987 3338 3043 sunt,
3372 2981 3556 3036 minus
3585 3017 3602 3036 .

1977 3070 2138 3138 digne
2171 3068 2238 3123 ad
2267 3081 2388 3122 eam
2425 3065 2832 3138 percipiendam
2869 3082 2940 3123 se.
2967 3081 3407 3137 comparassent,
3438 3065 3581 3142 ejus.

313 3163 524 3229 uacula,
571 3167 972 3236 ρετεςνξηαιηαν
1020 3188 1052 3225 α
1101 3171 1331 3227 Domino
1362 3189 1384 3232 ε
1413 3188 1508 3242 ρετ
1540 3175 1701 3244 βάθη,
1739 3178 1876 3232 enim
1904 3177 1949 3236 α
1983 3175 2192 3215 summa
2225 3160 2562 3231 benignitate
2595 3159 2735 3214 ultra
2770 3160 2960 3215 merita
2994 3174 3213 3230 semper
3237 3162 3556 3226 inundanto,

315 3254 667 3324 ambulamus,
707 3273 811 3313 non
867 3276 962 3330 per
1007 3263 1234 3330 speciem
1271 3264 1320 3296 “
1361 3281 1377 3320 :
1410 3267 1647 3336 speciem
1691 3268 1878 3325 dicens

318 3343 644 3400 creditarum
698 3364 881 3406 rerum
931 3347 1286 3408 substantiam
1349 3366 1511 3426 atque
1567 3358 1876 3414 veritatem.

320 3432 567 3492 Profecto
601 3453 779 3496 autem
811 3443 917 3498 ista
948 3459 1055 3499 non
1096 3446 1321 3512 diceret,
1347 3449 1449 3503 nisi
1476 3461 1663 3520 aperte
1688 3452 1878 3519 sciret,

323 3537 438 3596 post
475 3529 779 3600 hujusmodi
810 3537 1324 3606 peregrinationem,
1372 3542 1554 3597 carnis
1583 3557 1749 3600 onere
1779 3545 1876 3599 des

325 3619 519 3688 posito,
554 3636 614 3678 se
635 3637 734 3693 per
762 3627 1001 3696 speciem
1031 3630 1335 3700 concupitis
1362 3631 1675 3689 fruiturum.
1708 3634 1880 3690 Aliter

323 3710 542 3780 quippe,
595 3714 779 3771 vivere
833 3718 1176 3786 prtestitisset
1223 3735 1382 3789 quam
1419 3723 1582 3779 mori.
1635 3721 1770 3778 Nam
1825 3732 1882 3780 et

323 3799 564 3866 corporis
597 3798 667 3854 ad
697 3801 932 3858 animam
988 3807 1279 3866 connexio.
1319 3809 1484 3863 veluti
1539 3810 1780 3866 materiae
1814 3813 1881 3866 ad

322 3889 555 3955 speciem
576 3893 874 3949 naturalem
905 3901 1007 3951 est.
1041 3894 1305 3953 Omnibus
1329 3907 1511 3955 autem
1543 3915 1731 3956 eorum
1757 3917 1883 3973 qua:

323 3981 615 4035 secundum
646 3991 894 4040 naturam
931 3995 1078 4050 sunt,
1130 4001 1193 4042 ac
1223 3989 1590 4060 propriorum,
1622 3991 1762 4046 inest
1792 3994 1884 4048 de-

322 4070 581 4126 siderium
636 4091 652 4130 :
704 4091 876 4148 neque
921 4078 1102 4133 dirimi
1139 4081 1408 4151 quispiam
1459 4097 1490 4137 a
1545 4084 1884 4141 naturalibus

321 4161 551 4219 vinculis
580 4165 826 4237 eligeret,
860 4169 963 4225 nisi
1012 4178 1133 4239 post
1173 4171 1584 4227 dissolutionem
1619 4183 1882 4242 prmstan-

324 4253 555 4312 tioribus
601 4273 658 4314 se
697 4258 987 4315 fruiturum
1016 4265 1282 4328 crederet,
1310 4262 1679 4336 defunctoque
1729 4265 1884 4322 dolor

325 4343 544 4415 inesset,
581 4351 686 4406 nisi
716 4352 948 4419 speratis
975 4354 1262 4423 potiretur.

395 4439 655 4494 Craterum
682 4457 804 4496 cum
837 4443 1141 4511 hujusmodi
1167 4459 1293 4514 spes
1321 4444 1474 4500 ﬁrma
1500 4445 1704 4511 sanctis
1731 4459 1884 4515 repo-

1983 3252 2135 3308 nullo
2165 3251 2254 3308 hic
2284 3249 2626 3324 prohibente,
2663 3251 2930 3321 promissa
2971 3252 3080 3308 illis
3125 3252 3269 3307 bona
3300 3268 3466 3324 penes
3497 3271 3559 3311 se

1985 3344 2269 3402 recondita
2322 3358 2566 3410 servare,
2621 3345 2873 3400 maeroris
2913 3358 3078 3401 causa
3133 3348 3253 3405 suis
3308 3348 3556 3416 eﬂ'ectus,

1982 3437 2304 3507 meritisque
2347 3437 2468 3493 illos
2500 3436 2796 3494 honoribus
2831 3438 3073 3506 privans.

2054 3528 2192 3586 Nam
2233 3531 2279 3586 si
2309 3528 2564 3585 frustrari
2602 3528 2711 3584 line
2754 3543 3049 3586 maerorem
3081 3532 3282 3602 ubique
3317 3545 3559 3605 praestat,

1983 3623 2255 3693 quomodo
2287 3637 2398 3678 non
2438 3622 2489 3677 id
2519 3621 2724 3678 sanctis
2754 3623 3009 3679 mceroris
3034 3625 3141 3682 erit
3169 3639 3355 3695 causa,
3383 3642 3562 3698 eoque

1979 3715 2178 3784 magis,
2223 3708 2344 3785 quo
2397 3712 2505 3768 line
2555 3714 2794 3769 maximo
2849 3723 3011 3783 atque
3066 3715 3390 3786 dignissimo
3451 3737 3559 3776 non

1981 3804 2310 3876 potientur?
2369 3805 2598 3874 Semper
2652 3805 2799 3859 enim
2857 3805 3144 3874 cupientes
3195 3820 3458 3878 quaerent,
3505 3823 3559 3867 et

1987 3912 2098 3952 non
2128 3897 2398 3966 patientes
2421 3899 2745 3952 mterebunt.
2791 3894 2847 3950 Si
2881 3897 3023 3951 enim
3055 3897 3144 3954 hic
3175 3899 3561 3970 ingemiscunt,

1984 3987 2076 4042 ubi
2129 3987 2545 4056 peregrinantur
2593 4001 2621 4040 a
2676 3985 2944 4052 Domino,
3000 3992 3272 4056 quomodo
3333 4008 3441 4048 non
3497 3994 3554 4049 id

1983 4081 2148 4140 etiam
2211 4087 2338 4148 post
2393 4088 2718 4148 praesentem
2777 4080 2942 4134 vitam
3000 4083 3295 4150 patientur,
3353 4086 3396 4139 si
3452 4088 3561 4141 illic

1984 4171 2063 4226 eis
2107 4186 2228 4225 cum
2284 4169 2387 4224 fide
2437 4171 2600 4224 etiam
2642 4185 2710 4236 ac
2759 4185 2855 4240 spe
2904 4171 3192 4228 vivendum
3268 4177 3380 4231 sit?
3430 4177 3575 4244 Quae-

1982 4263 2193 4328 omnia,
2239 4271 2438 4330 praeter
2487 4259 2785 4332 Scriptura
2821 4279 3097 4333 normam,
3130 4278 3445 4339 praeterque
3473 4287 3563 4328 ra-

1985 4352 2184 4408 tionem
2211 4362 2360 4407 sunt.
2665 4364 2668 4366 ‘

2063 4443 2237 4499 Porro
2265 4445 2310 4500 si
2343 4445 2466 4514 quis
2503 4445 2684 4499 divum
2716 4444 2944 4501 Paulum
2982 4449 3209 4515 obiiciat
3237 4452 3510 4519 dicentem
3547 4473 3562 4509 :

327 4528 428 4582 sita
467 4533 556 4595 sit,
593 4546 767 4599 neque
818 4534 869 4586 in
921 4548 1104 4589 rerum
1161 4511 1474 4591 substantia
1509 4551 1632 4592 esse
1687 4511 1882 4612 possit,
1917 4511 1961 4567 θ
1991 4533 2064 4588 Et
2093 4537 2150 4589 lii
2193 4511 2392 4600 omnes,
2419 4536 2588 4590 sancti
2619 4537 2832 4592 scilicet
2861 4538 2928 4593 de
2954 4511 3155 4608 quibus
3187 4542 3424 4606 dicebat,
3462 4513 3566 4598 non

326 4619 429 4673 nisi
459 4630 742 4689 separetur
769 4623 946 4678 anima
977 4639 1008 4679 a
1037 4639 1290 4696 corpore,
1334 4626 1636 4704 naturalem
1669 4625 1893 4694 conjun—
1993 4628 2229 4691 tulerunt
2269 4629 2757 4698 repromissionem,
2798 4627 2904 4682 Deo
2937 4633 3126 4686 melius
3156 4633 3366 4704 aliquid
3391 4619 3567 4704 provi-

323 4710 556 4765 ctionem
611 4714 785 4767 sancti
843 4712 1136 4790 fugientes,
1187 4703 1596 4772 dissolutionem
1635 4715 1887 4786 cupiunt,
1989 4721 2168 4784 dente,
2216 4734 2280 4774 ne
2341 4719 2453 4774 sine
2525 4719 2675 4773 nobis
2722 4720 3161 4788 perﬁcerentur“
3207 4703 3568 4789 :scieudum,

324 4809 383 4854 ut
418 4802 497 4855 eis
524 4802 803 4859 destructa
849 4807 1102 4871 materia,
1135 4807 1295 4863 liceat
1338 4823 1530 4864 eorum
1561 4822 1680 4877 quae
1711 4807 1891 4862 credi-
1989 4813 2115 4884 quia
2145 4813 2248 4867 hoc
2276 4813 2510 4876 inloco,
2540 4813 2942 4880 perfectionem,
2974 4813 3116 4867 dixit
3150 4817 3347 4898 animae
3373 4831 3572 4888 corpo-

324 4891 538 4957 derunt,
567 4894 925 4950 substantiam
955 4896 1200 4965 recipere
1232 4913 1248 4951 :
1290 4897 1463 4953 donec
1489 4912 1586 4968 per
1620 4909 1888 4952 summam

326 4984 418 5039 Dei
451 4985 835 5058 benignitatem
889 4990 1151 5045 naturalis
1203 4990 1366 5046 etiam
1398 4991 1710 5063 coniunctio
1749 4989 1890 5045 divi-

326 5077 446 5130 nius
478 5087 531 5131 et
558 5080 913 5135 excellentius
953 5082 1166 5137 redeat.
1217 5082 1524 5137 Attestatur
1550 5091 1729 5137 autem
1777 5081 1885 5147 his,

319 5181 378 5225 et
406 5171 547 5241 quod
579 5170 628 5223 in
661 5172 996 5227 testamentis
1023 5190 1053 5228 a
1087 5173 1288 5244 Joseph
1331 5174 1640 5244 patriarcha
1681 5173 1889 5230 dictum

1992 4905 2180 4972 risque
2228 4903 2510 4967 unionem,
2557 4917 2678 4971 quae
2715 4903 3102 4960 universalitcr
3141 4906 3247 4962 en't
3298 4907 3350 4963 in
3388 4909 3569 4967 futura

1990 5005 2330 5051 mortuorum
2365 4996 2788 5051 resurrectione.
2823 4985 2958 5051 Nam
2993 5000 3294 5057 secundum
3323 5006 3574 5072 corporis

1993 5097 2199 5157 partem
2227 5086 2403 5141 sancti
2438 5087 2670 5140 necdum
2707 5087 2843 5142 beati
2875 5097 3021 5157 sunt,
3064 5093 3188 5159 quia
3222 5094 3402 5162 ipsum
3439 5111 3572 5152 nec-

1995 5178 2123 5232 dum
2155 5177 2356 5232 habent
2405 5177 2789 5246 gloriﬁcatum,
2836 5181 2992 5250 juxta
3028 5185 3293 5240 rationem
3334 5187 3572 5245 beatituo

321 5275 404 5320 est
433 5289 446 5322 :
477 5266 781 5320 Moriuntur
810 5277 1106 5337 peccatores
1159 5277 1210 5342 ent
1264 5270 1588 5324 descendunt
1634 5269 1690 5323 in
1728 5270 1894 5340 infer—
1995 5259 2139 5324 dinis
2170 5269 2386 5348 animae.
2415 5267 2550 5323 Cum
2585 5285 2712 5325 vero
2757 5273 2882 5328 talis
2911 5275 3042 5329 unio
3084 5276 3210 5344 erit,
3245 5288 3372 5336 tunc
3405 5291 3560 5336 utra-.-

323 5374 468 5412 num.
500 5359 842 5415 Attestantur
886 5361 1012 5416 item
1065 5370 1120 5418 et
1161 5378 1281 5433 quat
1333 5363 1523 5419 diebus
1566 5361 1799 5434 singulis
1830 5365 1884 5416 in
1994 5375 2102 5432 que
2129 5376 2259 5432 pars
2285 5361 2521 5417 hominis
2550 5363 2789 5434 perlecta
2830 5365 2975 5432 erit;
3003 5369 3145 5438 quod
3187 5385 3318 5441 ergo
3361 5372 3566 5427 dictum

391 5541 439 5576 "
472 5542 605 5600 Luc.
634 5558 746 5611 xvt,
775 5541 964 5599 19-31.
1043 5541 1090 5575 ⁸⁸
1148 5539 1581 5612 1.ιις.ιχιιι,43.
1660 5543 1707 5578 ⁵⁸
1766 5542 1873 5600 ηε

1981 5583 1996 5614 ,
2029 5559 2082 5612 v,
2119 5542 2174 5601 6.
2249 5540 2298 5612 P'
2323 5556 2484 5598 toan.
2533 5556 2649 5609 XIV,
2683 5541 2739 5598 5.
2813 5544 2860 5577 “
2911 5543 3078 5602 Hebr.
3141 5561 3218 5612 χι,
3265 5545 3450 5603 59-40.

329 5732 501 5856 4.(84)
535 5731 679 5803 Lege
738 5728 1070 5788 Genuadium
1119 5746 1218 5807 pro
1266 5733 1499 5791 concilio
1535 5733 1875 5803 Florentino,
1918 5747 1968 5792 c.
1997 5733 2050 5807 4,
2082 5740 2136 5790 et
2183 5731 2576 5792 Bellartninum
2633 5733 2781 5789 lib.t
2831 5731 2903 5789 De
2973 5745 3272 5790 sanctorum
3334 5731 3552 5789 beatitu-

361 5821 460 5856 ιηρ.
745 5830 752 5838 ·

361 5821 460 5858 me.
745 5830 752 5838 ”
