4052 6432
574 391 682 456 221

1841 387 2240 450 MANUELIS
2282 385 2586 450 CALECE

3684 391 3776 458 228

571 508 658 555 est
694 516 710 553 :
749 495 1001 567 Dempro
1051 494 1197 550 nobis
1237 495 1428 551 mlius
1469 465 1672 568 aliquid
1709 501 2036 568 providente,
2081 515 2146 555 ne
2172 505 2216 563 Α
2247 503 2464 572 quidem
2495 500 2846 556 satiabuntur
2861 508 2992 555 cum
3013 498 3324 570 apparuerit
3344 501 3423 555 eis
3442 501 3602 572 gloria
3631 504 3778 573 ipsius

573 591 686 643 sine
755 589 904 644 nobis
963 587 1329 657 perﬁciantur,
1395 589 1784 658 perfecﬁonetn
1845 591 2137 660 signiﬁcat,

576 693 741 748 quam
777 679 1032 745 diximus,
1054 693 1330 748 quamque
1352 678 1604 737 Patribus
1629 681 1688 736 in
1719 681 1912 752 spiritu
1932 685 2144 738 denun-

574 774 788 836 tiatam,
834 781 960 827 ante
1011 773 1246 826 futuram
1301 773 1704 829 restitutionem
1756 789 1866 828 non
1901 773 2142 830 reddidit

570 864 692 917 sive
731 862 864 916 aliis»
889 863 1115 926 sanctis,
1143 861 1317 918 donec
1345 863 1643 920 Jerusalem
1665 864 1764 940 illa
1792 865 2052 930 scelestis,
2076 879 2142 920 ex

567 953 654 1006 bis
681 953 772 1020 qui
820 964 947 1006 ante
978 952 1151 1023 legem
1184 964 1239 1008 et
1269 955 1322 1008 in
1356 953 1494 1024 lege,
1527 966 1581 1010 et
1632 954 1687 1010 in
1748 953 1900 1011 Novo
1945 950 2141 1011 Testa-

570 1053 750 1095 mento
805 1050 952 1106 sunt,
983 1040 1302 1112 impleatur,
1348 1043 1503 1112 juxta
1549 1043 2144 1113 magnum-consilium

567 1133 684 1193 Dei,
713 1142 768 1186 et
799 1134 1302 1202 praecognitionem,
1354 1133 1793 1206 ineti‘abilemque
1823 1133 2142 1206 dispositio-

560 1237 711 1277 nem.

633 1313 930 1378 Quocirca,
985 1328 1163 1384 neque
1206 1316 1500 1384 putandum
1549 1325 1655 1381 est,
1713 1316 1758 1372 si
1815 1317 1999 1382 modo,
2047 1316 2140 1387 qui

560 1404 718 1472 digni
751 1417 878 1460 sunt
923 1406 1282 1471 beatitudine,
1325 1407 1536 1462 meritis
1581 1407 1818 1475 pramiis
1863 1406 2137 1475 fruantur,

563 1495 764 1548 nullam
797 1495 912 1564 jam
958 1493 1075 1550 fore
1122 1497 1504 1552 necessitatem
1560 1497 1792 1554 illustris
1841 1498 2140 1554 Saivatoris

565 1585 834 1637 adventus
868 1585 1085 1638 venturi
1132 1583 1383 1653 judicare
1443 1585 1725 1641 mundum.
1781 1583 1935 1640 Tunc
1993 1587 2138 1642 enim

566 1687 692 1728 eum
739 1674 914 1729 aderit
963 1685 1302 1728 mortuorum
1336 1676 1687 1739 resurrectio,
1728 1676 1940 1746 singula
1970 1678 2138 1733 etiam

563 1779 821 1832 corpora,
842 1764 995 1832 juxta
1025 1765 1286 1834 cujusque
1315 1767 1508 1820 animae
1538 1767 1620 1820 vel
1651 1767 2022 1837 splendorem,
2054 1768 2136 1823 vel

2245 592 2539 662 perlectam
2592 593 2706 662 jam
2755 591 2920 646 etiam
2956 592 3256 646 secundum
3299 608 3495 662 corpus
3529 597 3780 652 consecuti

2243 685 2656 739 beatitudinem.
2688 683 2753 738 Et
2788 691 2977 738 contra
3022 681 3222 752 impios
3249 692 3303 738 et
3341 685 3581 739 lnlideies
3604 687 3652 739 in
3685 686 3780 742 cla-

2245 775 2466 830 rissimo
2498 772 2772 845 triumpho
2804 773 3048 838 vincent,
3078 775 3451 843 triumphatori
3478 777 3781 845 procidenti-

2244 867 2343 922 bus
2389 865 2642 921 omnibus
2677 881 2693 921 :
2741 862 2929 919 Omnis
2963 863 3102 917 enim
3137 863 3321 934 lingua
3361 864 3696 932 conﬁtebitur,
3738 875 3782 921 et

2243 973 2395 1012 omne
2415 973 2548 1027 genu
2569 957 2898 1024 curvabitur,
2945 957 3255 1021 calestium,
3281 957 3596 1010 terrestrium
3626 967 3673 1012 et
3707 957 3781 1010 in-

2242 1048 2514 1118 femorum
2543 1049 2614 1103 ".

2307 1141 2414 1206 Qui
2461 1147 2640 1194 autem
2685 1138 2969 1193 Dominum
3003 1138 3188 1210 gloria
3218 1137 3622 1202 cruciﬁxerunt,
3649 1139 3710 1193 ob
3736 1139 3782 1194 id

2139 1226 2156 1246 ⁸
2242 1233 2580 1289 solummodo
2618 1231 2769 1287 illum
2814 1232 3005 1317 videre“
3045 1236 3448 1302 permittentur,
3489 1242 3546 1287 ut
3576 1247 3781 1304 arguan-

2243 1333 2330 1379 tur
2359 1343 2376 1380 :
2410 1321 2670 1378 Videbunt
2701 1325 2862 1386 enim,
2897 1325 2953 1378 in
2987 1340 3141 1393 quem
3183 1336 3518 1395 pupugerun'r
3544 1324 3591 1358 ⁸⁸
3622 1342 3636 1378 :
3676 1326 3783 1393 qui-

2241 1428 2348 1486 que
2376 1416 2427 1469 in
2459 1417 2562 1470 hoc
2592 1415 2798 1470 mundo
2825 1415 3175 1483 praedicatum
3207 1431 3311 1470 non
3345 1424 3677 1486 receperunt,
3701 1415 3782 1470 sed

2242 1508 2294 1562 in
2345 1521 2448 1561 suo
2481 1521 2668 1562 errore
2699 1514 3143 1574 permanserunt,
3197 1507 3616 1562 confundantur.
3648 1506 3782 1560 Nun-

2239 1613 2400 1671 quam
2447 1611 2576 1653 vero
2628 1598 2930 1667 corporalia
2981 1595 3196 1652 Domini
3252 1597 3574 1653 lineamenta
3623 1597 3784 1651 videre

2240 1698 2484 1759 possent,
2526 1689 2627 1743 nisi
2663 1699 2719 1744 et
2769 1687 2868 1756 ipsi
2903 1703 3134 1757 corpora
3188 1687 3678 1759 suafillorumque
3720 1689 3785 1742 el-

2240 1779 2414 1834 lectus
2475 1779 2674 1832 habere
2753 1777 3204 1848 permitterentur
3269 1788 3394 1849 post
3456 1778 3782 1834 resurrectio-

495 1879 516 1887 λ·
562 1857 972 1920 obscuritatem,
1002 1856 1239 1924 praemiis
1263 1870 1416 1926 aequa
1471 1859 1822 1927 proportione
1857 1858 2142 1928 perfruen-
2172 1847 2213 1905 Β
2244 1886 2402 1936 nem,
2461 1869 2611 1936 juxta
2666 1847 2962 1939 cujusqur
2995 1869 3190 1923 animas
3245 1847 3666 1940 preportionetn.
3735 1877 3784 1923 ut

561 1955 675 2003 tur.
722 1947 1014 2011 Praeterea,
1065 1949 1324 2013 quoniam
1377 1963 1500 2003 cum
1549 1949 1926 2018 corporalibus
1963 1951 2140 2006 linea-

563 2040 759 2094 mentis
795 2040 1049 2094 adveniet
1076 2039 1130 2093 in
1161 2039 1354 2109 gloria,
1397 2054 1507 2094 non
1544 2041 1689 2095 sicut
1718 2042 1772 2095 in
1822 2043 1990 2112 priori
2039 2044 2138 2099 ad-

561 2143 728 2185 ventu
758 2129 812 2184 in
857 2129 1182 2195 humilitate,
1217 2129 1531 2185 necessario
1560 2144 1754 2187 omnes
1788 2145 2140 2204 resurgentes

557 2223 616 2278 iu
660 2223 976 2294 regno'cum
1021 2221 1192 2294 gloria
1229 2221 1485 2278 videbunt
1515 2235 1661 2290 eum,
1703 2227 1921 2294 quando
1959 2227 2137 2283 sancti

2237 1977 2399 2032 supra
2455 1963 2659 2016 dictum
2719 1971 2839 2029 est,
2900 1975 3010 2032 quo
3057 1960 3208 2018 facto
3255 1979 3272 2020 :
3328 1963 3436 2016 Alii
3485 1964 3685 2033 quidem
3736 1963 3783 2015 in

2237 2054 2554 2122 supplicium
2591 2061 2870 2120 (sternunt,
2923 2053 3020 2107 alii
3070 2067 3189 2107 vero
3244 2055 3301 2107 in
3351 2055 3512 2109 vitam
3558 2063 3784 2109 «sternant

2237 2142 2390 2196 ibunt
2409 2139 2477 2196 “.

1915 2387 1997 2444 De
2019 2387 2137 2458 igne
2170 2389 2487 2459 purgatorii.

637 2507 993 2562 Peccatorum
1052 2517 1179 2559 vero
1201 2502 1306 2558 alia
1359 2503 1579 2572 quidem
1641 2499 1889 2555 mortalia
1947 2501 2132 2556 dicun-

561 2608 672 2663 tur,
719 2613 782 2653 ea
815 2596 1048 2660 scilicet,
1094 2609 1213 2664 quae
1241 2595 1435 2648 animas
1465 2602 1697 2648 mortem
1734 2593 2016 2658 inducunt,
2041 2605 2140 2645 cu-

558 2690 644 2746 ius
670 2703 818 2744 mors
872 2695 955 2742 est
1007 2685 1279 2754 separatio
1314 2699 1344 2738 a
1375 2684 1521 2750 Deo;
1576 2683 1680 2737 alia
1729 2698 1861 2738 vero
1881 2682 2137 2749 venialia,

562 2794 794 2850 quasque
818 2778 1028 2834 scilicet
1051 2779 1243 2846 rugam
1277 2777 1494 2844 quidem
1541 2777 1804 2845 aliquam,
1836 2776 1919 2829 vel
1955 2790 2138 2829 macu-

2324 2505 2476 2559 Ἐπεὶ
2504 2506 2561 2558 δὲ
2592 2505 2671 2575 (a)
2698 2505 2811 2558 τῶν
2845 2501 3264 2572 ἁμαρτημάτων
3295 2505 3365 2557 τὰ
3399 2504 3498 2573 μὲν
3524 2501 3774 2572 θανάσιμα

2239 2595 2513 2666 λέγονται,
2547 2598 2652 2651 ὅσα
2683 2596 2784 2666 τήν
2805 2594 2985 2664 ψυχὴν
3007 2594 3380 2664 ἀποθνήσκειν
3408 2597 3569 2660 ποιεῖ,
3592 2591 3656 2668 ἧς
3680 2597 3778 2647 ἔστι

2239 2687 2466 2749 Θάνατος
2487 2689 2514 2738 ὁ
2537 2686 2646 2740 άπὸ
2663 2686 2758 2738 τοῦ
2775 2685 2910 2738 Θεοῦ
2943 2686 3248 2754 χωρισμὸς,
3281 2686 3352 2738 τά
3373 2685 3430 2740 δὲ
3457 2684 3787 2755 συγγνωστὰ,

2234 2778 2337 2831 ὅσα
2377 2778 2568 2848 ῥυτίδα
2616 2777 2742 2830 τινὰ
2779 2777 2874 2830 καὶ
2926 2777 3098 2848 ῥύπον
3137 2777 3387 2847 ἐντίθησι
3429 2781 3492 2847 τῇ
3532 2776 3692 2847 ψυχῇ,
3729 2775 3780 2826 οὐ

560 2869 666 2922 iam
714 2870 908 2922 anima:
952 2867 1258 2934 imponunt,
1309 2878 1415 2918 non
1465 2872 1646 2918 tamen
1705 2864 1803 2929 ita,
1834 2873 1892 2918 ut
1947 2879 2045 2931 per
2069 2878 2131 2918 ea

2241 2871 2350 2938 μὴν
2375 2869 2516 2922 ὥστε
2549 2867 2649 2938 τῆς
2696 2868 2918 2922 αίωνίου
2953 2867 3364 2938 μακαριότητος
3408 2867 3680 2938 εἵργεσθαι
3708 2865 3783 2918 διὰ

551 2968 758 3012 aterna
812 2954 1070 3009 beatitate
1124 2949 1395 3008 arceatur.
1452 2951 1613 3006 Solus
1638 2954 1834 3022 quippe
1868 2954 2130 3009 Dominus

2235 2959 2430 3013 ταῦτα.
2459 2959 2565 3013 Καὶ
2597 2958 2757 3028 μόνος
2787 2956 2893 3028 μὲν
2916 2959 2942 3010 ὁ
2969 2957 3174 3026 Κύριος
3219 2957 3321 3028 τὴν
3345 2959 3612 3028 ἡμετέραν
3641 2955 3782 3024 φύσιν
3825 3015 3828 3018 ,

560 3057 748 3101 nostra
797 3045 1108 3100 conditione
1172 3055 1424 3112 suscepta
1487 3043 1606 3097 sine
1656 3051 1881 3112 peccato
1947 3043 2126 3109 vixit;

2234 3050 2539 3112 ἀναλαϐὼν,
2559 3049 2938 3118 ἀναμάρτητος
2951 3047 3152 3111 διεϐίω,
3170 3047 3280 3100 τῶν
3296 3047 3350 3100 δὲ
3369 3048 3466 3100 ἀνθ
3475 3047 3661 3118 ρώπων
3674 3046 3784 3098 ἕκα-

557 3137 756 3208 singuli
813 3147 995 3190 autem
1032 3135 1309 3188 hominum
1335 3133 1474 3188 alius
1503 3133 1623 3188 aliis
1652 3133 1893 3200 peccatis
1925 3143 2133 3188 tenetur

2238 3156 2362 3203 στος
2399 3140 2557 3202 ἄλλος
2583 3137 2764 3201 ἄλλοις
2788 3137 2903 3190 τῶν
2952 3137 3383 3206 ἁμαρτημάτων
3411 3139 3666 3206 ἐνέχεται.
3706 3131 3781 3184 Ἐν

558 3231 845 3284 obnoxius.
900 3227 957 3280 In
984 3228 1223 3295 peccatis
1283 3225 1426 3280 enim
1462 3225 1569 3278 nati
1614 3241 1824 3290 sumus,
1861 3226 2136 3295 vitamque

2235 3235 2475 3306 ἁμαρτία
2485 3235 2642 3305 ιςγὰρ
2666 3233 2931 3302 ἐγεννήθη
2939 3248 3058 3301 μιν,
3100 3231 3310 3285 καὶτὸν
3333 3233 3448 3302 βίον
3463 3231 3677 3284 δελθεῐν
3697 3229 3782 3281 οὐκ

553 3322 675 3376 sine
732 3329 956 3388 peccato
989 3318 1219 3373 transire
1253 3333 1357 3372 non
1385 3332 1695 3386 possumus,
1738 3320 2137 3387 quantumlibet

2237 3328 2384 3381 ἔστιν
2401 3327 2822 3395 ἀναμαρτήτως,
2848 3324 2950 3378 κᾶν
2967 3321 3052 3391 ἐφ’
3067 3323 3189 3376 ὅσον
3216 3317 3313 3375 οὖν
3340 3323 3439 3392 τῆς
3462 3320 3653 3394 άρετῆς
3680 3318 3780 3388 εχε-

563 3410 751 3465 virtuti
822 3411 1155 3463 studeamus.
1195 3409 1307 3462 Etsi
1329 3408 1471 3462 enim
1503 3410 1770 3478 quispiam
1820 3410 2137 3463 mortalibus

556 3499 846 3564 abstineat,
892 3499 1188 3554 minoribus
1246 3508 1423 3553 tamen
1483 3497 1630 3552 illum
1679 3513 1787 3552 non
1851 3499 2132 3567 implicari,

561 3589 817 3658 possibile
866 3601 973 3641 non
1005 3593 1126 3642 est:
1164 3601 1260 3655 pro
1295 3587 1496 3655 quibus
1525 3588 1767 3655 quotidie
1815 3593 2037 3643 orantes
2061 3588 2139 3641 di-

552 3681 764 3733 cimus:
799 3679 1013 3732 Dimitte
1042 3679 1189 3732 nobis
1220 3679 1392 3733 debila
1421 3689 1604 3733 nostra
1629 3680 1675 3711 "
1706 3693 1721 3744 ;
1749 3679 2138 3747 quantumlibet

553 3770 702 3830 enim
727 3771 956 3839 quisque
983 3771 1608 3838 peccaverit,tninimum
1640 3770 1790 3834 licet,
1813 3771 1985 3824 reatui
2011 3772 2139 3825 sub-

555 3861 723 3924 ditur,
781 3862 1046 3930 iuniusque
1106 3859 1410 3915 satisfactio
1463 3861 1866 3928 quomodolibet
1901 3861 1974 3915 illi
2015 3875 2138 3931 per-

506 3955 511 3959 “
554 3951 810 4005 solvenda
843 3960 946 4006 est.
985 3950 1197 4019 Siquis
1221 3952 1368 4006 enim
1402 3953 1719 4006 mortalibus
1752 3955 1987 4021 peccatis
2037 3953 2136 4008 οι).

557 4043 790 4105 noxius,
830 4042 958 4097 hine
1015 4043 1134 4096 sine
1179 4043 1500 4112 paenitentia
1527 4045 1876 4107 discesserit,
1919 4046 2136 4100 aeternis

427 4171 444 4182 .
545 4135 838 4203 suppliciis
863 4137 1124 4189 subdctur
1152 4151 1170 4188 :
1203 4135 1306 4199 Qui
1352 4138 1487 4190 enim
1531 4139 1663 4219 talio
1680 4148 1859 4208 agunt,
1887 4139 1959 4191 ait
1991 4139 2137 4207 Apo—

435 4241 438 4244 ‘
549 4230 755 4292 stolus,
783 4243 1000 4297 regnum
1033 4227 1126 4279 Dei
1185 4243 1286 4280 non
1305 4229 1641 4297 possidebunt
1664 4231 1742 4292 ”;
1771 4231 1966 4299 quibus
2006 4244 2136 4284 vero

555 4318 704 4372 nulla
730 4318 843 4387 jam
893 4319 1081 4372 salutis
1102 4320 1206 4372 erit
1227 4335 1374 4387 spes,
1392 4332 1792 4390 resurgentque
1813 4321 1869 4374 in
1888 4323 2135 4377 condem-

538 4409 856 4473 nationem,
879 4409 932 4462 in
968 4411 1216 4464 eumdem
1247 4426 1441 4466 rursus
1473 4412 1723 4466 redibunt
1753 4411 1951 4467 locum.

626 4585 802 4641 Porro
836 4591 880 4641 si
911 4587 1033 4651 quis
1065 4587 1368 4651 conlbssus,
1408 4587 1720 4657 priusquam
1754 4602 1850 4657 pro
1886 4588 2127 4657 peccatis

552 4677 891 4748 satisfaciat,
925 4684 1058 4758 sive,
1081 4685 1269 4749 etiam,
1298 4685 1459 4739 simul
1507 4696 1668 4754 atque
1699 4685 1980 4741 confessus
2010 4685 2129 4741 fue-

549 4783 648 4839 rit,
680 4777 966 4843 paenitens,
1026 4776 1081 4830 in
1117 4778 1312 4844 quibus
1346 4777 1590 4845 peccavit
1614 4791 1680 4830 ex
1708 4779 1812 4831 vita
1849 4778 2122 4843 discedat,

550 4875 755 4919 aeterna
775 4867 990 4934 quidem
1025 4868 1371 4926 damnatione
1403 4868 1665 4921 liberatur
1697 4882 1794 4936 per
1819 4883 2130 4922 sacramen-

2238 3421 2361 3472 σθαι
2409 3417 2669 3488 βούλοιτο.
2718 3417 2782 3468 Εί
2824 3415 2934 3484 γάρ
2992 3413 3104 3467 τῶν
3147 3413 3470 3486 Θανασίμων
3519 3415 3779 3484 ἀπέχεται,

2236 3515 2347 3574 τοῖς
2387 3511 2498 3577 γὰρ
2529 3508 2880 3577 μικροτέροις
2912 3504 3173 3558 ἀδύνατον
3195 3505 3296 3574 ’μὴ
3331 3505 3626 3575 ἐνέχεσθαι,
3659 3502 3778 3571 ὑπὲρ

2237 3597 2312 3657 ὧν
2339 3598 2697 3655 κα“ιόστισοῦν
2735 3598 3030 3667 εὐχόμενος
3083 3597 3334 3666 ἐνέχεται
3372 3597 3548 3666 λέγειν
3575 3613 3588 3628 ο
3618 3597 3780 3661 Ἀφες

2237 3693 2385 3762 ἡμῖν·
2417 3691 2490 3746 τὰ
2529 3689 2904 3759 ὀφειλήματα
2935 3687 3124 3757 ἡμῶν.
3166 3689 3282 3755 Ἐφ’
3314 3691 3439 3742 ὅσον
3466 3691 3571 3756 γάρ
3599 3703 3676 3748 τις
3699 3681 3780 3736 καὶ

2236 3782 2490 3838 ὁπωσοῦν
2535 3781 2864 3852 ἁμαρτάνει,
2918 3779 3076 3849 ὲνοχῇ
3125 3775 3326 3849 χρέους
3374 3781 3669 3841 ὑπόκειται,
3699 3770 3779 3825 καὶ

2236 3877 2334 3946 τὴν
2369 3874 2510 3946 ὑπὲρ
2556 3872 2748 3926 τούτου
2801 3871 3193 3940 ίκανοποίησιν,
3241 3872 3591 3940 ὁπωσδήποτε
3631 3875 3779 3922 κατυ-

2236 3968 2454 4021 saltm
2485 3965 2710 4033 ὀφείλει.
2743 3963 2806 4017 Ei
2834 3963 2930 4033 μέν
2954 3977 3047 4025 τις
3063 3961 3253 4015 θανασι
3263 3979 3388 4029 μοις
3415 3959 3779 4030 ἁμαρτήμασιν

2237 4057 2598 4126 ὑποκείμενος
2648 4053 2742 4107 τοῦ
2775 4052 3044 4122 παρόντος
3097 4051 3394 4121 μετανοίας
3429 4050 3591 4120 χωρὶς
3622 4043 3778 4112 ἀπῆλο

2237 4148 2349 4210 θεν,
2401 4147 2429 4198 ὁ
2474 4143 2540 4214 δὴ
2587 4143 2830 4204 τοιοῦτος
2884 4139 3116 4203 αἱωνίως
3177 4139 3522 4209 κριθήσεται.
3577 4137 3639 4188 Ol
3684 4136 3780 4200 τὰρ

2233 4235 2510 4298 τοιοῦτοι,
2543 4235 2707 4302 φησὶν
2744 4233 2773 4284 ὁ
2817 4231 3158 4296 Ἀπύστολος,
3190 4231 3522 4294 ,βασιλείαν
3553 4224 3691 4280 Θεοῦ
3719 4221 3779 4274 οὐ

2235 4325 2836 4396 κληρονομήσουσιν.
2899 4322 3034 4392 Περὶ
3099 4315 3174 4375 ὧν
3240 4321 3471 4391 οὐδεμία
3536 4313 3780 4385 σωτηρίας

2235 4421 2410 4482 ὲλπίς,
2442 4419 2537 4469 καὶ
2581 4418 2678 4486 τῆς
2716 4415 3068 4476 ἀναστάσεως
3117 4414 3211 4466 ἐπὶ
3245 4413 3570 4484 κατακρίσει
3617 4406 3780 4477 τυχόν·

2232 4526 2344 4572 τες.
2375 4508 2538 4561 πάλιν
2572 4509 2652 4570 είς
2685 4507 2775 4559 τὸν
2810 4505 2972 4559 αὑτὸν
3007 4504 3400 4560 ἀπελεύσονται
3439 4507 3621 4558 τόπον.

2304 4600 2366 4652 Εί
2395 4599 2452 4652 δέ
2483 4616 2566 4661 τις
2599 4595 3156 4668 ἐξομολογησάμενος,
3194 4597 3360 4667 πρινὴ
3401 4598 3500 4667 τήν
3531 4594 3662 4663 ὑπὲρ
3689 4588 3780 4642 τῶν

2234 4689 2646 4761 ἁμαρτημάτων
2676 4686 3054 4756 ίκανοποίησιν
3083 4687 3467 4757 ἐκπληρῶσαι,
3493 4688 3542 4738 εί
3565 4689 3652 4738 καὶ
3678 4683 3779 4749 ἅμα

2233 4785 2311 4852 τῷ
2361 4778 2862 4848 ἐξομολογήσασθαι
2910 4775 3296 4846 μετανοοῦντα,
3346 4777 3432 4846 ἐφ’
3466 4773 3546 4839 οἷς
3583 4777 3779 4846 ἥμαρτε

2235 4869 2575 4937 θανασίμοις,
2607 4865 2858 4919 ἐντεῦθεν
2885 4867 3255 4937 ἀναχωρήσει,
3282 4866 3387 4935 τῆς
3441 4866 3538 4935 μὲν
3577 4861 3779 4916 αίωνίου

558 4967 671 5009 tum
699 4959 1049 5025 paenitentiae,
1073 4960 1124 5012 in
1146 4960 1246 5014 hoc
1269 4961 1415 5014 enim
1463 4960 1794 5026 pcenitentize
1825 4961 2122 5014 remedium

2234 4959 2536 5026 καταδίκης
2570 4956 2863 5027 λυτροῦται
2901 4956 2990 5008 διὰ
3034 4957 3128 5009 τοῦ
3165 4956 3464 5026 μυστηρίου
3491 4955 3586 5025 τῆς
3633 4966 3781 5023 μετα·

555 5050 824 5102 indultam
847 5061 949 5117 est;
973 5051 1130 5105 aliter
1159 5052 1358 5121 quippe
1392 5052 1536 5104 nulla
1573 5051 1761 5105 salutis
1791 5066 1912 5120 spes
1941 5052 2131 5106 luisset

2234 5049 2407 5112 νοίας.
2452 5047 2580 5102 Ἐπὶ
2604 5049 2781 5119 τούτῳ
2814 5051 2922 5117 γάρ
2947 5047 3008 5100 τὸ
3030 5048 3131 5116 τῆς
3163 5050 3458 5118 μετανοίας
3481 5049 3780 5117 κεχάρισται

557 5141 670 5201 itis,
701 5141 789 5206 qui
817 5140 871 5193 in
897 5141 1002 5200 (itte
1035 5144 1334 5211 paenitent;
1371 5141 1604 5196 debitam
1634 5157 1761 5196 vero
1783 5152 2131 5210 peccatorum

2238 5142 2551 5212 φάρμακον.
2583 5141 2792 5204 Ἀλλως
2821 5145 2930 5212 γὰρ
2967 5141 3070 5194 οὐκ
3097 5141 3162 5194 ἂν
3193 5142 3489 5195 ἐλυσιτέλει
3512 5142 3620 5201 τοῖς
3649 5137 3702 5187 ἐν
3721 5129 3778 5199 τῇ

556 5231 982 5287 satisfactionem
999 5236 1284 5303 persolvet.
1299 5240 1468 5299 Quam
1485 5235 1624 5288 enim
1644 5234 1979 5304 ltic,sive.per
1993 5235 2137 5291 elee-

2237 5233 2401 5304 ὲξὸδῳ
2455 5231 2797 5302 μετανοοῦσι,
2827 5233 2927 5300 τὴν
2973 5231 3032 5284 δὲ
3083 5231 3450 5303 ὀφειλομένην
3505 5229 3636 5298 ὑπὲρ
3685 5221 3780 5276 τῶν

558 5337 865 5393 ntosynam,
889 5335 944 5378 ct
972 5326 1131 5379 aliam
1163 5325 1598 5388 beneﬁcentiam,
1628 5324 1740 5378 sive
1761 5339 1852 5393 per
1867 5324 2131 5394 jejunium

2238 5325 2658 5394 ἁμαρτημάτων
2706 5323 3082 5393 ίκανοποίησιν
3108 5323 3406 5379 ἀποδώσει.
3447 5323 3550 5375 Ἦν
3577 5319 3677 5389 γάρ
3707 5313 3779 5365 ἐν·

621 5438 672 5468 ³³
698 5437 935 5508 Philipp.
964 5456 1025 5503 ιι,
1065 5437 1148 5500 l0,
1184 5439 1266 5491 ll.
1346 5438 1392 5468 "
1417 5437 1572 5494 Joan.
1607 5454 1723 5503 xui,
1758 5440 1848 5498 '57.
1905 5442 1967 5521 ‘5‘
1994 5439 2186 5496 Matth.
2221 5457 2349 5508 xxv,
2379 5441 2470 5498 46.
2547 5442 2594 5472 ⁸⁵
2627 5439 2820 5494 Matth.
2842 5453 2918 5506 Vt,
2949 5439 3038 5495 l2.
3067 5438 3194 5496 Gal.
3215 5457 3271 5505 ν,
3295 5439 3386 5495 2i.

622 5555 908 5625 ~.(85)i.ege
942 5554 999 5627 S.
1031 5551 1590 5627 fl‘itontatnitropusc.
1645 5566 1840 5609 contra
1888 5555 2111 5627 Graeco-
2219 5574 2379 5626 quem
2421 5567 2461 5627 te

557 5623 677 5699 rum
707 5638 919 5679 errores
951 5623 1420 5699 inulielia‘rminol.
1463 5625 1785 5699 De_Pu_rgat.
1813 5625 2116 5699 et_Genna-
2234 5623 2785 5699 cauitts'Calvinista.
3067 5623 3095 5633 ⁷
3483 5623 3539 5699 Ἀ
3637 5692 3650 5699 _
3730 5688 3757 5699 ,,

506 5739 509 5746 .
561 5696 709 5767 dium
736 5709 836 5767 pro
869 5694 1102 5767 concilio
1140 5691 1452 5767 Florentino
1476 5711 1506 5748 c
1537 5696 1588 5748 5.
1624 5689 1817 5750 Exstat
1846 5695 2033 5750 Graece
2068 5705 2122 5750 et
2307 5697 2386 5767 (a)
2415 5697 2569 5767 llunc
2603 5701 2776 5751 locum
2819 5699 3007 5754 (ἔναιρε
3034 5717 3065 5754 e
3088 5699 3340 5756 κάη-ιω
3388 5697 3609 5754 Allatius
3637 5692 3685 5746 iit
3728 5689 3782 5744 li-

562 5763 752 5817 Latittc
783 5763 918 5818 liber
969 5778 998 5815 a
1035 5763 1237 5816 Gtatcis
1282 5768 1458 5819 editus
1510 5775 1696 5820 contra
1750 5767 2122 5836 purgatorittm
2229 5763 2330 5824 bro
2363 5763 2434 5822 De
2475 5766 2812 5838 Purgatorio,
2849 5787 2902 5840 p.
2948 5770 3032 5822 12.
3069 5771 3220 5824 Enn.

2219 5574 2379 5633 quem
2421 5559 2844 5633 tenebrisqnam
2867 5559 2985 5615 luce
3006 5562 3310 5633 digniorem
3357 5558 3622 5630 evolgavit
3659 5549 3780 5609 Vul-
