  <div class='ocr_page' id='page_1' title='image "/cluster/home/n/w/nwhite01/storage/ocr_20150623/152/coo.31924054870575/123.png"; bbox 0 0 4052 6458; ppageno 0'>
   <div class='ocr_carea' id='block_1_1' title="bbox 514 411 615 475">
    <p class='ocr_par' dir='ltr' id='par_1_1' title="bbox 514 411 615 475">
     <span class='ocr_line' id='line_1_1' title="bbox 514 411 615 475; baseline -0.01 0"><span class='ocrx_word' id='word_1_1' title='bbox 514 411 615 475; x_wconf 77' lang='grc'><strong>231</strong></span> 
     </span>
    </p>
   </div>
   <div class='ocr_carea' id='block_1_2' title="bbox 1781 403 2534 468">
    <p class='ocr_par' dir='ltr' id='par_1_2' title="bbox 1781 403 2534 468">
     <span class='ocr_line' id='line_1_2' title="bbox 1781 403 2534 468; baseline -0.004 -1"><span class='ocrx_word' id='word_1_2' title='bbox 1781 403 2186 468; x_wconf 78' lang='lat' dir='ltr'><strong>MANUELIS</strong></span> <span class='ocrx_word' id='word_1_3' title='bbox 2226 403 2534 466; x_wconf 68' lang='lat' dir='ltr'><strong>CALECIE</strong></span> 
     </span>
    </p>
   </div>
   <div class='ocr_carea' id='block_1_3' title="bbox 3653 397 3750 460">
    <p class='ocr_par' dir='ltr' id='par_1_3' title="bbox 3653 397 3750 460">
     <span class='ocr_line' id='line_1_3' title="bbox 3653 397 3750 460; baseline -0.021 0"><span class='ocrx_word' id='word_1_4' title='bbox 3653 397 3750 460; x_wconf 63' lang='lat'><strong>932</strong></span> 
     </span>
    </p>
   </div>
   <div class='ocr_carea' id='block_1_4' title="bbox 513 516 2104 593">
    <p class='ocr_par' dir='ltr' id='par_1_4' title="bbox 513 518 2086 593">
     <span class='ocr_line' id='line_1_4' title="bbox 513 518 2086 593; baseline -0.005 -14"><span class='ocrx_word' id='word_1_5' title='bbox 513 524 757 593; x_wconf 86' lang='lat' dir='ltr'><strong>profecto</strong></span> <span class='ocrx_word' id='word_1_6' title='bbox 805 522 969 593; x_wconf 79' lang='lat' dir='ltr'><strong>judex</strong></span> <span class='ocrx_word' id='word_1_7' title='bbox 1016 536 1290 593; x_wconf 82' lang='lat' dir='ltr'><strong>nunquam</strong></span> <span class='ocrx_word' id='word_1_8' title='bbox 1337 519 1697 592; x_wconf 76' lang='lat' dir='ltr'><strong>permitteret.</strong></span> <span class='ocrx_word' id='word_1_9' title='bbox 1739 519 1889 574; x_wconf 81' lang='lat' dir='ltr'><strong>Alias</strong></span> <span class='ocrx_word' id='word_1_10' title='bbox 1941 518 2086 573; x_wconf 91' lang='lat' dir='ltr'><strong>enim</strong></span> 
     </span>
    </p>
   </div>
   <div class='ocr_carea' id='block_1_5' title="bbox 2203 516 3751 593">
    <p class='ocr_par' dir='ltr' id='par_1_5' title="bbox 2203 516 3751 591">
     <span class='ocr_line' id='line_1_5' title="bbox 2203 516 3751 591; baseline 0.002 -19"><span class='ocrx_word' id='word_1_11' title='bbox 2203 516 2341 590; x_wconf 77' lang='grc' dir='ltr'>ιόπῴ</span> <span class='ocrx_word' id='word_1_12' title='bbox 2369 521 2469 590; x_wconf 81' lang='grc' dir='ltr'>τῆς</span> <span class='ocrx_word' id='word_1_13' title='bbox 2513 519 2842 591; x_wconf 81' lang='grc' dir='ltr'><strong>καθάρσεως</strong></span> <span class='ocrx_word' id='word_1_14' title='bbox 2888 518 3118 582; x_wconf 76' lang='grc' dir='ltr'><strong>ἐντελῶς</strong></span> <span class='ocrx_word' id='word_1_15' title='bbox 3158 518 3451 573; x_wconf 85' lang='grc' dir='ltr'>ἀποδώσει.</span> <span class='ocrx_word' id='word_1_16' title='bbox 3500 518 3610 576; x_wconf 76' lang='grc' dir='ltr'><strong>,Τὸν</strong></span> <span class='ocrx_word' id='word_1_17' title='bbox 3659 521 3751 590; x_wconf 70' lang='grc' dir='ltr'>μὲν</span> 
     </span>
    </p>
   </div>
   <div class='ocr_carea' id='block_1_6' title="bbox 515 611 2090 686">
    <p class='ocr_par' dir='ltr' id='par_1_6' title="bbox 515 611 2090 686">
     <span class='ocr_line' id='line_1_6' title="bbox 515 611 2090 686; baseline -0.001 -20"><span class='ocrx_word' id='word_1_18' title='bbox 515 618 622 671; x_wconf 84' lang='lat' dir='ltr'><strong>vita</strong></span> <span class='ocrx_word' id='word_1_19' title='bbox 649 631 784 686; x_wconf 89' lang='lat' dir='ltr'><strong>pura</strong></span> <span class='ocrx_word' id='word_1_20' title='bbox 815 615 952 669; x_wconf 80' lang='lat' dir='ltr'><strong>nihil</strong></span> <span class='ocrx_word' id='word_1_21' title='bbox 979 629 1007 668; x_wconf 89' lang='lat' dir='ltr'><strong>a</strong></span> <span class='ocrx_word' id='word_1_22' title='bbox 1042 622 1297 682; x_wconf 87' lang='lat' dir='ltr'><strong>corrupta</strong></span> <span class='ocrx_word' id='word_1_23' title='bbox 1325 611 1587 666; x_wconf 76' lang='lat' dir='ltr'><strong>dilicrret:</strong></span> <span class='ocrx_word' id='word_1_24' title='bbox 1621 613 1694 674; x_wconf 86' lang='lat' dir='ltr'><strong>si,</strong></span> <span class='ocrx_word' id='word_1_25' title='bbox 1729 611 1820 680; x_wconf 89' lang='lat' dir='ltr'><strong>qui</strong></span> <span class='ocrx_word' id='word_1_26' title='bbox 1853 611 1971 665; x_wconf 87' lang='lat' dir='ltr'><strong>sine</strong></span> <span class='ocrx_word' id='word_1_27' title='bbox 1997 624 2090 665; x_wconf 83' lang='lat' dir='ltr'><strong>ve-</strong></span> 
     </span>
    </p>
   </div>
   <div class='ocr_carea' id='block_1_7' title="bbox 513 700 2088 776">
    <p class='ocr_par' dir='ltr' id='par_1_7' title="bbox 513 700 2088 776">
     <span class='ocr_line' id='line_1_7' title="bbox 513 700 2088 776; baseline -0.004 -13"><span class='ocrx_word' id='word_1_28' title='bbox 513 708 748 764; x_wconf 86' lang='lat' dir='ltr'><strong>nialibus</strong></span> <span class='ocrx_word' id='word_1_29' title='bbox 782 708 956 776; x_wconf 87' lang='lat' dir='ltr'><strong>culpis</strong></span> <span class='ocrx_word' id='word_1_30' title='bbox 979 721 1226 760; x_wconf 89' lang='lat' dir='ltr'><strong>essenon</strong></span> <span class='ocrx_word' id='word_1_31' title='bbox 1260 718 1549 774; x_wconf 85' lang='lat' dir='ltr'><strong>possumus</strong></span> <span class='ocrx_word' id='word_1_32' title='bbox 1569 701 1587 773; x_wconf 93' lang='lat'><strong>(</strong></span> <span class='ocrx_word' id='word_1_33' title='bbox 1609 717 1794 757; x_wconf 87' lang='lat' dir='ltr'><strong>sumus</strong></span> <span class='ocrx_word' id='word_1_34' title='bbox 1814 702 1957 757; x_wconf 90' lang='lat' dir='ltr'><strong>enim</strong></span> <span class='ocrx_word' id='word_1_35' title='bbox 1989 700 2088 756; x_wconf 82' lang='lat' dir='ltr'><strong>ho-</strong></span> 
     </span>
    </p>
   </div>
   <div class='ocr_carea' id='block_1_8' title="bbox 515 794 2094 870">
    <p class='ocr_par' dir='ltr' id='par_1_8' title="bbox 515 794 2094 870">
     <span class='ocr_line' id='line_1_8' title="bbox 515 794 2094 870; baseline -0.004 -17"><span class='ocrx_word' id='word_1_36' title='bbox 515 799 725 870; x_wconf 85' lang='lat' dir='ltr'><strong>mines)</strong></span> <span class='ocrx_word' id='word_1_37' title='bbox 755 815 910 868; x_wconf 65' lang='lat' dir='ltr'><strong>aeque</strong></span> <span class='ocrx_word' id='word_1_38' title='bbox 933 807 1152 868; x_wconf 77' lang='lat' dir='ltr'><strong>propter</strong></span> <span class='ocrx_word' id='word_1_39' title='bbox 1185 795 1298 862; x_wconf 90' lang='lat' dir='ltr'><strong>illa,</strong></span> <span class='ocrx_word' id='word_1_40' title='bbox 1327 804 1386 850; x_wconf 88' lang='lat' dir='ltr'><strong>ut</strong></span> <span class='ocrx_word' id='word_1_41' title='bbox 1417 795 1646 864; x_wconf 85' lang='lat' dir='ltr'><strong>quisque</strong></span> <span class='ocrx_word' id='word_1_42' title='bbox 1695 794 2094 862; x_wconf 77' lang='lat' dir='ltr'><strong>perditissimus</strong></span> 
     </span>
    </p>
   </div>
   <div class='ocr_carea' id='block_1_9' title="bbox 514 884 2092 960">
    <p class='ocr_par' dir='ltr' id='par_1_9' title="bbox 514 884 2092 960">
     <span class='ocr_line' id='line_1_9' title="bbox 514 884 2092 960; baseline -0.002 -18"><span class='ocrx_word' id='word_1_43' title='bbox 514 893 584 943; x_wconf 91' lang='lat' dir='ltr'><strong>ob</strong></span> <span class='ocrx_word' id='word_1_44' title='bbox 635 892 839 946; x_wconf 85' lang='lat' dir='ltr'><strong>scelera</strong></span> <span class='ocrx_word' id='word_1_45' title='bbox 886 889 1204 960; x_wconf 80' lang='lat' dir='ltr'><strong>gravissima</strong></span> <span class='ocrx_word' id='word_1_46' title='bbox 1255 887 1646 942; x_wconf 88' lang='lat' dir='ltr'><strong>cruciabimur.</strong></span> <span class='ocrx_word' id='word_1_47' title='bbox 1693 885 1764 939; x_wconf 90' lang='lat' dir='ltr'><strong>Et</strong></span> <span class='ocrx_word' id='word_1_48' title='bbox 1818 884 2092 954; x_wconf 90' lang='lat' dir='ltr'><strong>quomodo</strong></span> 
     </span>
    </p>
   </div>
   <div class='ocr_carea' id='block_1_10' title="bbox 515 972 2150 1050">
    <p class='ocr_par' dir='ltr' id='par_1_10' title="bbox 515 972 2150 1050">
     <span class='ocr_line' id='line_1_10' title="bbox 515 972 2150 1050; baseline -0.002 -16"><span class='ocrx_word' id='word_1_49' title='bbox 515 983 808 1050; x_wconf 84' lang='lat' dir='ltr'><strong>unicuique</strong></span> <span class='ocrx_word' id='word_1_50' title='bbox 860 981 1118 1034; x_wconf 84' lang='lat' dir='ltr'><strong>Dominus</strong></span> <span class='ocrx_word' id='word_1_51' title='bbox 1147 977 1333 1032; x_wconf 86' lang='lat' dir='ltr'><strong>reddet</strong></span> <span class='ocrx_word' id='word_1_52' title='bbox 1359 977 1655 1032; x_wconf 89' lang='lat' dir='ltr'><strong>secundum</strong></span> <span class='ocrx_word' id='word_1_53' title='bbox 1695 987 1860 1043; x_wconf 84' lang='lat' dir='ltr'><strong>opera</strong></span> <span class='ocrx_word' id='word_1_54' title='bbox 1891 972 2056 1026; x_wconf 74' lang='lat' dir='ltr'><strong>sua“</strong></span> <span class='ocrx_word' id='word_1_55' title='bbox 2077 1011 2093 1038; x_wconf 93' lang='lat'><strong>,</strong></span> <span class='ocrx_word' id='word_1_56' title='bbox 2135 1015 2150 1030; x_wconf 97' lang='lat'><strong>.</strong></span> 
     </span>
    </p>
   </div>
   <div class='ocr_carea' id='block_1_11' title="bbox 514 1063 2098 1137">
    <p class='ocr_par' dir='ltr' id='par_1_11' title="bbox 514 1063 2098 1137">
     <span class='ocr_line' id='line_1_11' title="bbox 514 1063 2098 1137; baseline -0.004 -12"><span class='ocrx_word' id='word_1_57' title='bbox 514 1073 560 1125; x_wconf 90' lang='lat' dir='ltr'><strong>si</strong></span> <span class='ocrx_word' id='word_1_58' title='bbox 593 1082 668 1125; x_wconf 88' lang='lat' dir='ltr'><strong>tot</strong></span> <span class='ocrx_word' id='word_1_59' title='bbox 696 1071 897 1125; x_wconf 88' lang='lat' dir='ltr'><strong>frustra</strong></span> <span class='ocrx_word' id='word_1_60' title='bbox 919 1071 1134 1124; x_wconf 83' lang='lat' dir='ltr'><strong>labores</strong></span> <span class='ocrx_word' id='word_1_61' title='bbox 1177 1068 1355 1130; x_wconf 87' lang='lat' dir='ltr'><strong>nobis,</strong></span> <span class='ocrx_word' id='word_1_62' title='bbox 1386 1081 1483 1137; x_wconf 90' lang='lat' dir='ltr'><strong>pro</strong></span> <span class='ocrx_word' id='word_1_63' title='bbox 1507 1065 1650 1120; x_wconf 85' lang='lat' dir='ltr'><strong>illius</strong></span> <span class='ocrx_word' id='word_1_64' title='bbox 1675 1065 1958 1134; x_wconf 80' lang='lat' dir='ltr'><strong>implendis</strong></span> <span class='ocrx_word' id='word_1_65' title='bbox 1983 1063 2098 1132; x_wconf 82' lang='lat' dir='ltr'><strong>jus-</strong></span> 
     </span>
    </p>
   </div>
   <div class='ocr_carea' id='block_1_12' title="bbox 513 1157 2094 1229">
    <p class='ocr_par' dir='ltr' id='par_1_12' title="bbox 513 1157 2094 1229">
     <span class='ocr_line' id='line_1_12' title="bbox 513 1157 2094 1229; baseline -0.005 -12"><span class='ocrx_word' id='word_1_66' title='bbox 513 1164 589 1217; x_wconf 82' lang='lat' dir='ltr'><strong>sis</strong></span> <span class='ocrx_word' id='word_1_67' title='bbox 618 1160 976 1216; x_wconf 80' lang='lat' dir='ltr'><strong>assumimus?</strong></span> <span class='ocrx_word' id='word_1_68' title='bbox 1009 1162 1118 1215; x_wconf 89' lang='lat' dir='ltr'><strong>imo</strong></span> <span class='ocrx_word' id='word_1_69' title='bbox 1140 1175 1290 1222; x_wconf 88' lang='lat' dir='ltr'><strong>vero,</strong></span> <span class='ocrx_word' id='word_1_70' title='bbox 1340 1173 1586 1229; x_wconf 69' lang='lat' dir='ltr'><strong>quasnam</strong></span> <span class='ocrx_word' id='word_1_71' title='bbox 1618 1166 1704 1213; x_wconf 89' lang='lat' dir='ltr'><strong>est</strong></span> <span class='ocrx_word' id='word_1_72' title='bbox 1727 1157 1918 1212; x_wconf 85' lang='lat' dir='ltr'><strong>salutis</strong></span> <span class='ocrx_word' id='word_1_73' title='bbox 1945 1170 2094 1226; x_wconf 85' lang='lat' dir='ltr'><strong>spes,</strong></span> 
     </span>
    </p>
   </div>
   <div class='ocr_carea' id='block_1_13' title="bbox 463 1248 2091 1323">
    <p class='ocr_par' dir='ltr' id='par_1_13' title="bbox 463 1248 2091 1323">
     <span class='ocr_line' id='line_1_13' title="bbox 463 1248 2091 1323; baseline -0.004 -14"><span class='ocrx_word' id='word_1_74' title='bbox 463 1251 466 1254; x_wconf 74' lang='grc'><strong>’</strong></span> <span class='ocrx_word' id='word_1_75' title='bbox 513 1255 559 1308; x_wconf 92' lang='lat' dir='ltr'><strong>si</strong></span> <span class='ocrx_word' id='word_1_76' title='bbox 588 1257 756 1308; x_wconf 88' lang='lat' dir='ltr'><strong>etiam</strong></span> <span class='ocrx_word' id='word_1_77' title='bbox 793 1268 954 1323; x_wconf 87' lang='lat' dir='ltr'><strong>parva</strong></span> <span class='ocrx_word' id='word_1_78' title='bbox 985 1267 1212 1323; x_wconf 67' lang='lat' dir='ltr'><strong>quaeque</strong></span> <span class='ocrx_word' id='word_1_79' title='bbox 1243 1260 1488 1320; x_wconf 86' lang='lat' dir='ltr'><strong>peccata,</strong></span> <span class='ocrx_word' id='word_1_80' title='bbox 1523 1263 1644 1318; x_wconf 65' lang='lat' dir='ltr'><strong>qua;</strong></span> <span class='ocrx_word' id='word_1_81' title='bbox 1699 1248 1844 1302; x_wconf 80' lang='lat' dir='ltr'><strong>velut</strong></span> <span class='ocrx_word' id='word_1_82' title='bbox 1898 1249 2091 1302; x_wconf 83' lang='lat' dir='ltr'><strong>umbra</strong></span> 
     </span>
    </p>
   </div>
   <div class='ocr_carea' id='block_1_14' title="bbox 517 1335 2096 1413">
    <p class='ocr_par' dir='ltr' id='par_1_14' title="bbox 517 1335 2096 1413">
     <span class='ocr_line' id='line_1_14' title="bbox 517 1335 2096 1413; baseline -0.006 -15"><span class='ocrx_word' id='word_1_83' title='bbox 517 1344 765 1398; x_wconf 86' lang='lat' dir='ltr'><strong>homines</strong></span> <span class='ocrx_word' id='word_1_84' title='bbox 794 1353 1120 1413; x_wconf 87' lang='lat' dir='ltr'><strong>sequuntur,</strong></span> <span class='ocrx_word' id='word_1_85' title='bbox 1153 1356 1305 1411; x_wconf 55' lang='lat' dir='ltr'><strong>atque</strong></span> <span class='ocrx_word' id='word_1_86' title='bbox 1355 1350 1415 1394; x_wconf 86' lang='lat' dir='ltr'><strong>ut</strong></span> <span class='ocrx_word' id='word_1_87' title='bbox 1477 1339 1725 1395; x_wconf 73' lang='lat' dir='ltr'><strong>mortalia</strong></span> <span class='ocrx_word' id='word_1_88' title='bbox 1749 1335 2096 1392; x_wconf 73' lang='lat' dir='ltr'><strong>damnantur?</strong></span> 
     </span>
    </p>
   </div>
   <div class='ocr_carea' id='block_1_15' title="bbox 515 1428 2095 1504">
    <p class='ocr_par' dir='ltr' id='par_1_15' title="bbox 515 1428 2095 1504">
     <span class='ocr_line' id='line_1_15' title="bbox 515 1428 2095 1504; baseline -0.004 -18"><span class='ocrx_word' id='word_1_89' title='bbox 515 1433 654 1489; x_wconf 84' lang='lat' dir='ltr'><strong>Nam</strong></span> <span class='ocrx_word' id='word_1_90' title='bbox 686 1435 804 1488; x_wconf 87' lang='lat' dir='ltr'><strong>sine</strong></span> <span class='ocrx_word' id='word_1_91' title='bbox 825 1435 956 1504; x_wconf 85' lang='lat' dir='ltr'><strong>ipsis</strong></span> <span class='ocrx_word' id='word_1_92' title='bbox 973 1435 1250 1500; x_wconf 86' lang='lat' dir='ltr'><strong>decedere,</strong></span> <span class='ocrx_word' id='word_1_93' title='bbox 1283 1433 1494 1488; x_wconf 90' lang='lat' dir='ltr'><strong>illorum</strong></span> <span class='ocrx_word' id='word_1_94' title='bbox 1517 1440 1620 1494; x_wconf 90' lang='lat' dir='ltr'><strong>est,</strong></span> <span class='ocrx_word' id='word_1_95' title='bbox 1651 1428 1745 1499; x_wconf 86' lang='lat' dir='ltr'><strong>qui</strong></span> <span class='ocrx_word' id='word_1_96' title='bbox 1766 1443 1862 1499; x_wconf 85' lang='lat' dir='ltr'><strong>per</strong></span> <span class='ocrx_word' id='word_1_97' title='bbox 1890 1437 2095 1496; x_wconf 85' lang='lat' dir='ltr'><strong>marty-</strong></span> 
     </span>
    </p>
   </div>
   <div class='ocr_carea' id='block_1_16' title="bbox 519 1517 2095 1593">
    <p class='ocr_par' dir='ltr' id='par_1_16' title="bbox 519 1517 2095 1593">
     <span class='ocr_line' id='line_1_16' title="bbox 519 1517 2095 1593; baseline -0.004 -15"><span class='ocrx_word' id='word_1_98' title='bbox 519 1525 662 1578; x_wconf 87' lang='lat' dir='ltr'><strong>rium</strong></span> <span class='ocrx_word' id='word_1_99' title='bbox 720 1524 1124 1588; x_wconf 82' lang='lat' dir='ltr'><strong>consummati,</strong></span> <span class='ocrx_word' id='word_1_100' title='bbox 1187 1528 1466 1593; x_wconf 78' lang='lat' dir='ltr'><strong>vitamque</strong></span> <span class='ocrx_word' id='word_1_101' title='bbox 1520 1521 1819 1590; x_wconf 78' lang='lat' dir='ltr'><strong>angelicam</strong></span> <span class='ocrx_word' id='word_1_102' title='bbox 1897 1517 2095 1573; x_wconf 84' lang='lat' dir='ltr'><strong>imitati</strong></span> 
     </span>
    </p>
   </div>
   <div class='ocr_carea' id='block_1_17' title="bbox 519 1608 2098 1682">
    <p class='ocr_par' dir='ltr' id='par_1_17' title="bbox 519 1608 2098 1682">
     <span class='ocr_line' id='line_1_17' title="bbox 519 1608 2098 1682; baseline -0.004 -15"><span class='ocrx_word' id='word_1_103' title='bbox 519 1621 669 1676; x_wconf 85' lang='lat' dir='ltr'><strong>sunt,</strong></span> <span class='ocrx_word' id='word_1_104' title='bbox 691 1627 988 1682; x_wconf 82' lang='lat' dir='ltr'><strong>eorumque</strong></span> <span class='ocrx_word' id='word_1_105' title='bbox 1013 1613 1102 1681; x_wconf 91' lang='lat' dir='ltr'><strong>qui</strong></span> <span class='ocrx_word' id='word_1_106' title='bbox 1141 1620 1388 1682; x_wconf 72' lang='lat' dir='ltr'><strong>ntagnaut</strong></span> <span class='ocrx_word' id='word_1_107' title='bbox 1425 1609 1783 1666; x_wconf 88' lang='lat' dir='ltr'><strong>ostenderunt</strong></span> <span class='ocrx_word' id='word_1_108' title='bbox 1829 1608 2098 1678; x_wconf 60' lang='lat' dir='ltr'><strong>pteuitens</strong></span> 
     </span>
    </p>
   </div>
   <div class='ocr_carea' id='block_1_18' title="bbox 519 1700 2098 1780">
    <p class='ocr_par' dir='ltr' id='par_1_18' title="bbox 519 1700 2098 1780">
     <span class='ocr_line' id='line_1_18' title="bbox 519 1700 2098 1780; baseline -0.003 -22"><span class='ocrx_word' id='word_1_109' title='bbox 519 1706 674 1768; x_wconf 85' lang='lat' dir='ltr'><strong>tiam,</strong></span> <span class='ocrx_word' id='word_1_110' title='bbox 708 1715 768 1758; x_wconf 92' lang='lat' dir='ltr'><strong>ut</strong></span> <span class='ocrx_word' id='word_1_111' title='bbox 830 1705 998 1772; x_wconf 86' lang='lat' dir='ltr'><strong>latro;</strong></span> <span class='ocrx_word' id='word_1_112' title='bbox 1061 1714 1116 1760; x_wconf 90' lang='lat' dir='ltr'><strong>et</strong></span> <span class='ocrx_word' id='word_1_113' title='bbox 1171 1719 1308 1774; x_wconf 90' lang='lat' dir='ltr'><strong>quos</strong></span> <span class='ocrx_word' id='word_1_114' title='bbox 1348 1702 1553 1780; x_wconf 81' lang='lat' dir='ltr'><strong>divina</strong></span> <span class='ocrx_word' id='word_1_115' title='bbox 1591 1701 1768 1774; x_wconf 86' lang='lat' dir='ltr'><strong>gratia</strong></span> <span class='ocrx_word' id='word_1_116' title='bbox 1829 1700 2098 1770; x_wconf 70' lang='lat' dir='ltr'><strong>praecipue</strong></span> 
     </span>
    </p>
   </div>
   <div class='ocr_carea' id='block_1_19' title="bbox 511 1793 851 1860">
    <p class='ocr_par' dir='ltr' id='par_1_19' title="bbox 511 1793 851 1860">
     <span class='ocr_line' id='line_1_19' title="bbox 511 1793 851 1860; baseline 0.006 -14"><span class='ocrx_word' id='word_1_117' title='bbox 511 1793 851 1860; x_wconf 80' lang='lat' dir='ltr'><strong>justiﬁcavit.</strong></span> 
     </span>
    </p>
   </div>
   <div class='ocr_carea' id='block_1_20' title="bbox 2193 607 3751 681">
    <p class='ocr_par' dir='ltr' id='par_1_20' title="bbox 2193 607 3751 681">
     <span class='ocr_line' id='line_1_20' title="bbox 2193 607 3751 681; baseline 0.002 -19"><span class='ocrx_word' id='word_1_118' title='bbox 2193 611 2306 680; x_wconf 84' lang='grc' dir='ltr'><strong>γάρ</strong></span> <span class='ocrx_word' id='word_1_119' title='bbox 2338 611 2448 663; x_wconf 84' lang='grc' dir='ltr'><strong>τῶν</strong></span> <span class='ocrx_word' id='word_1_120' title='bbox 2495 611 2816 681; x_wconf 75' lang='grc' dir='ltr'><strong>θανασίμων</strong></span> <span class='ocrx_word' id='word_1_121' title='bbox 2861 611 3238 681; x_wconf 80' lang='grc' dir='ltr'><strong>ἀποσχόμενον</strong></span> <span class='ocrx_word' id='word_1_122' title='bbox 3269 609 3359 663; x_wconf 86' lang='grc' dir='ltr'><strong>διά</strong></span> <span class='ocrx_word' id='word_1_123' title='bbox 3409 607 3526 674; x_wconf 86' lang='grc' dir='ltr'>βίου</span> <span class='ocrx_word' id='word_1_124' title='bbox 3571 609 3654 663; x_wconf 90' lang='grc' dir='ltr'><strong>διά</strong></span> <span class='ocrx_word' id='word_1_125' title='bbox 3689 611 3751 665; x_wconf 87' lang='grc' dir='ltr'><strong>τά</strong></span> 
     </span>
    </p>
   </div>
   <div class='ocr_carea' id='block_1_21' title="bbox 2196 698 3752 770">
    <p class='ocr_par' dir='ltr' id='par_1_21' title="bbox 2196 698 3752 770">
     <span class='ocr_line' id='line_1_21' title="bbox 2196 698 3752 770; baseline 0.002 -20"><span class='ocrx_word' id='word_1_126' title='bbox 2196 698 2376 770; x_wconf 86' lang='grc' dir='ltr'>μικρά</span> <span class='ocrx_word' id='word_1_127' title='bbox 2405 698 2583 754; x_wconf 90' lang='grc' dir='ltr'>ταῦτα</span> <span class='ocrx_word' id='word_1_128' title='bbox 2617 703 2734 763; x_wconf 86' lang='grc' dir='ltr'>τοῖς</span> <span class='ocrx_word' id='word_1_129' title='bbox 2761 700 2990 764; x_wconf 81' lang='grc' dir='ltr'><strong>ἀσώτοις</strong></span> <span class='ocrx_word' id='word_1_130' title='bbox 3013 700 3371 754; x_wconf 80' lang='grc' dir='ltr'>διαδιώσασιν</span> <span class='ocrx_word' id='word_1_131' title='bbox 3391 699 3584 768; x_wconf 87' lang='grc' dir='ltr'>ἐπίσης</span> <span class='ocrx_word' id='word_1_132' title='bbox 3607 701 3661 753; x_wconf 83' lang='grc' dir='ltr'><strong>ἐν</strong></span> <span class='ocrx_word' id='word_1_133' title='bbox 3682 699 3752 770; x_wconf 84' lang='grc' dir='ltr'><strong>τῷ</strong></span> 
     </span>
    </p>
   </div>
   <div class='ocr_carea' id='block_1_22' title="bbox 2195 787 3752 862">
    <p class='ocr_par' dir='ltr' id='par_1_22' title="bbox 2195 787 3752 862">
     <span class='ocr_line' id='line_1_22' title="bbox 2195 787 3752 862; baseline -0.001 -19"><span class='ocrx_word' id='word_1_134' title='bbox 2195 790 2299 862; x_wconf 71' lang='grc' dir='ltr'><strong>ᾅδῃ</strong></span> <span class='ocrx_word' id='word_1_135' title='bbox 2328 791 2756 862; x_wconf 77' lang='grc' dir='ltr'><strong>κατακριθῆναι,</strong></span> <span class='ocrx_word' id='word_1_136' title='bbox 2788 793 3005 855; x_wconf 84' lang='grc' dir='ltr'>πάντως</span> <span class='ocrx_word' id='word_1_137' title='bbox 3034 792 3138 846; x_wconf 88' lang='grc' dir='ltr'><strong>ούκ</strong></span> <span class='ocrx_word' id='word_1_138' title='bbox 3165 790 3232 845; x_wconf 75' lang='grc' dir='ltr'>ἂν</span> <span class='ocrx_word' id='word_1_139' title='bbox 3254 789 3407 860; x_wconf 85' lang='grc' dir='ltr'>παρὰ</span> <span class='ocrx_word' id='word_1_140' title='bbox 3436 787 3532 842; x_wconf 88' lang='grc' dir='ltr'><strong>τοῦ</strong></span> <span class='ocrx_word' id='word_1_141' title='bbox 3556 789 3752 843; x_wconf 80' lang='grc' dir='ltr'><strong>δικαίου</strong></span> 
     </span>
    </p>
   </div>
   <div class='ocr_carea' id='block_1_23' title="bbox 2195 880 3756 954">
    <p class='ocr_par' dir='ltr' id='par_1_23' title="bbox 2195 880 3756 954">
     <span class='ocr_line' id='line_1_23' title="bbox 2195 880 3756 954; baseline -0.001 -20"><span class='ocrx_word' id='word_1_142' title='bbox 2195 881 2385 951; x_wconf 81' lang='grc' dir='ltr'>κριτοῦ</span> <span class='ocrx_word' id='word_1_143' title='bbox 2410 885 2814 954; x_wconf 81' lang='grc' dir='ltr'>συγχωρηθείη.</span> <span class='ocrx_word' id='word_1_144' title='bbox 2843 885 3053 947; x_wconf 67' lang='grc' dir='ltr'>’Δλλως</span> <span class='ocrx_word' id='word_1_145' title='bbox 3082 883 3190 953; x_wconf 83' lang='grc' dir='ltr'><strong>γάρ</strong></span> <span class='ocrx_word' id='word_1_146' title='bbox 3219 883 3320 937; x_wconf 88' lang='grc' dir='ltr'><strong>ούκ</strong></span> <span class='ocrx_word' id='word_1_147' title='bbox 3349 881 3418 935; x_wconf 79' lang='grc' dir='ltr'><strong>ἀν</strong></span> <span class='ocrx_word' id='word_1_148' title='bbox 3444 883 3473 935; x_wconf 87' lang='grc' dir='ltr'><strong>ὀ</strong></span> <span class='ocrx_word' id='word_1_149' title='bbox 3501 881 3636 951; x_wconf 85' lang='grc' dir='ltr'><strong>μετά</strong></span> <span class='ocrx_word' id='word_1_150' title='bbox 3655 880 3756 934; x_wconf 86' lang='grc' dir='ltr'><strong>τῶν</strong></span> 
     </span>
    </p>
   </div>
   <div class='ocr_carea' id='block_1_24' title="bbox 2196 973 3749 1050">
    <p class='ocr_par' dir='ltr' id='par_1_24' title="bbox 2196 973 3749 1050">
     <span class='ocr_line' id='line_1_24' title="bbox 2196 973 3749 1050; baseline 0.003 -25"><span class='ocrx_word' id='word_1_151' title='bbox 2196 973 2430 1026; x_wconf 87' lang='grc' dir='ltr'>ἐντολῶν</span> <span class='ocrx_word' id='word_1_152' title='bbox 2480 974 2576 1029; x_wconf 91' lang='grc' dir='ltr'><strong>τοῦ</strong></span> <span class='ocrx_word' id='word_1_153' title='bbox 2629 976 2767 1030; x_wconf 89' lang='grc' dir='ltr'>Θεοῦ</span> <span class='ocrx_word' id='word_1_154' title='bbox 2817 976 2932 1050; x_wconf 83' lang='grc' dir='ltr'>βίος</span> <span class='ocrx_word' id='word_1_155' title='bbox 2960 975 3056 1030; x_wconf 86' lang='grc' dir='ltr'><strong>τοῦ</strong></span> <span class='ocrx_word' id='word_1_156' title='bbox 3106 976 3456 1044; x_wconf 82' lang='grc' dir='ltr'><strong>διεφθορότος</strong></span> <span class='ocrx_word' id='word_1_157' title='bbox 3495 973 3749 1043; x_wconf 79' lang='grc' dir='ltr'>διαφέροι,</span> 
     </span>
    </p>
   </div>
   <div class='ocr_carea' id='block_1_25' title="bbox 2196 1064 3758 1138">
    <p class='ocr_par' dir='ltr' id='par_1_25' title="bbox 2196 1064 3758 1138">
     <span class='ocr_line' id='line_1_25' title="bbox 2196 1064 3758 1138; baseline -0.001 -20"><span class='ocrx_word' id='word_1_158' title='bbox 2196 1064 2254 1118; x_wconf 84' lang='grc' dir='ltr'>εῐ</span> <span class='ocrx_word' id='word_1_159' title='bbox 2270 1081 2335 1130; x_wconf 89' lang='grc' dir='ltr'><strong>γε</strong></span> <span class='ocrx_word' id='word_1_160' title='bbox 2369 1065 2477 1119; x_wconf 88' lang='grc' dir='ltr'><strong>τῶν</strong></span> <span class='ocrx_word' id='word_1_161' title='bbox 2521 1067 2622 1136; x_wconf 72' lang='grc' dir='ltr'>μὶν</span> <span class='ocrx_word' id='word_1_162' title='bbox 2655 1067 3020 1136; x_wconf 87' lang='grc' dir='ltr'>συγγνωστῶν</span> <span class='ocrx_word' id='word_1_163' title='bbox 3058 1066 3480 1138; x_wconf 81' lang='grc' dir='ltr'><strong>ἁμαρτημάτων</strong></span> <span class='ocrx_word' id='word_1_164' title='bbox 3507 1065 3758 1119; x_wconf 86' lang='grc' dir='ltr'>ἀδύνατον</span> 
     </span>
    </p>
   </div>
   <div class='ocr_carea' id='block_1_26' title="bbox 2200 1155 3757 1228">
    <p class='ocr_par' dir='ltr' id='par_1_26' title="bbox 2200 1155 3757 1228">
     <span class='ocr_line' id='line_1_26' title="bbox 2200 1155 3757 1228; baseline -0.002 -18"><span class='ocrx_word' id='word_1_165' title='bbox 2200 1155 2277 1227; x_wconf 70' lang='grc' dir='ltr'>μὴ</span> <span class='ocrx_word' id='word_1_166' title='bbox 2309 1160 2609 1227; x_wconf 79' lang='grc' dir='ltr'>κατασχεῖν</span> <span class='ocrx_word' id='word_1_167' title='bbox 2643 1158 2930 1228; x_wconf 75' lang='grc' dir='ltr'>ἄνθρωπον</span> <span class='ocrx_word' id='word_1_168' title='bbox 2962 1159 3114 1225; x_wconf 71' lang='grc' dir='ltr'>ὅντα,</span> <span class='ocrx_word' id='word_1_169' title='bbox 3149 1159 3346 1228; x_wconf 89' lang='grc' dir='ltr'>ἐπίσης</span> <span class='ocrx_word' id='word_1_170' title='bbox 3372 1157 3433 1210; x_wconf 83' lang='grc' dir='ltr'><strong>δέ</strong></span> <span class='ocrx_word' id='word_1_171' title='bbox 3465 1157 3553 1210; x_wconf 85' lang='grc' dir='ltr'><strong>διά</strong></span> <span class='ocrx_word' id='word_1_172' title='bbox 3593 1155 3757 1208; x_wconf 86' lang='grc' dir='ltr'>ταῦτα</span> 
     </span>
    </p>
   </div>
   <div class='ocr_carea' id='block_1_27' title="bbox 2195 1247 3760 1321">
    <p class='ocr_par' dir='ltr' id='par_1_27' title="bbox 2195 1247 3760 1321">
     <span class='ocr_line' id='line_1_27' title="bbox 2195 1247 3760 1321; baseline -0.003 -19"><span class='ocrx_word' id='word_1_173' title='bbox 2195 1249 2306 1309; x_wconf 77' lang='grc' dir='ltr'>τοῖς</span> <span class='ocrx_word' id='word_1_174' title='bbox 2346 1250 2525 1319; x_wconf 84' lang='grc' dir='ltr'>πάντη</span> <span class='ocrx_word' id='word_1_175' title='bbox 2563 1250 2874 1321; x_wconf 79' lang='grc' dir='ltr'>διεφθορόσι</span> <span class='ocrx_word' id='word_1_176' title='bbox 2929 1249 3423 1321; x_wconf 81' lang='grc' dir='ltr'>κατακριθήσεται.</span> <span class='ocrx_word' id='word_1_177' title='bbox 3449 1249 3562 1303; x_wconf 70' lang='grc' dir='ltr'><strong>Καὶ</strong></span> <span class='ocrx_word' id='word_1_178' title='bbox 3597 1247 3707 1310; x_wconf 83' lang='grc' dir='ltr'><strong>πῶς</strong></span> <span class='ocrx_word' id='word_1_179' title='bbox 3735 1247 3760 1298; x_wconf 83' lang='grc' dir='ltr'><strong>ὀ</strong></span> 
     </span>
    </p>
   </div>
   <div class='ocr_carea' id='block_1_28' title="bbox 2199 1337 3760 1411">
    <p class='ocr_par' dir='ltr' id='par_1_28' title="bbox 2199 1337 3760 1411">
     <span class='ocr_line' id='line_1_28' title="bbox 2199 1337 3760 1411; baseline -0.001 -22"><span class='ocrx_word' id='word_1_180' title='bbox 2199 1337 2406 1408; x_wconf 79' lang='grc' dir='ltr'>Κύριος</span> <span class='ocrx_word' id='word_1_181' title='bbox 2441 1339 2659 1410; x_wconf 82' lang='grc' dir='ltr'>ἐκάστῳ</span> <span class='ocrx_word' id='word_1_182' title='bbox 2686 1341 2830 1395; x_wconf 86' lang='grc' dir='ltr'>κατὰ</span> <span class='ocrx_word' id='word_1_183' title='bbox 2871 1341 2938 1395; x_wconf 91' lang='grc' dir='ltr'><strong>τά</strong></span> <span class='ocrx_word' id='word_1_184' title='bbox 2968 1340 3107 1411; x_wconf 87' lang='grc' dir='ltr'>ἐργα</span> <span class='ocrx_word' id='word_1_185' title='bbox 3145 1339 3312 1395; x_wconf 85' lang='grc' dir='ltr'>αὐτοῦ</span> <span class='ocrx_word' id='word_1_186' title='bbox 3362 1338 3634 1393; x_wconf 84' lang='grc' dir='ltr'>ἀποδώσει</span> <span class='ocrx_word' id='word_1_187' title='bbox 3661 1337 3760 1389; x_wconf 83' lang='grc' dir='ltr'><strong>τῶν</strong></span> 
     </span>
    </p>
   </div>
   <div class='ocr_carea' id='block_1_29' title="bbox 2197 1427 3760 1500">
    <p class='ocr_par' dir='ltr' id='par_1_29' title="bbox 2197 1427 3760 1500">
     <span class='ocr_line' id='line_1_29' title="bbox 2197 1427 3760 1500; baseline -0.002 -20"><span class='ocrx_word' id='word_1_188' title='bbox 2197 1427 2469 1481; x_wconf 80' lang='grc' dir='ltr'>τοσούτων</span> <span class='ocrx_word' id='word_1_189' title='bbox 2500 1429 2641 1500; x_wconf 84' lang='grc' dir='ltr'><strong>ύπέρ</strong></span> <span class='ocrx_word' id='word_1_190' title='bbox 2667 1429 2780 1482; x_wconf 84' lang='grc' dir='ltr'>τῶν</span> <span class='ocrx_word' id='word_1_191' title='bbox 2819 1431 3049 1483; x_wconf 89' lang='grc' dir='ltr'>ἐντολῶν</span> <span class='ocrx_word' id='word_1_192' title='bbox 3077 1430 3244 1484; x_wconf 84' lang='grc' dir='ltr'>αὐτοῦ</span> <span class='ocrx_word' id='word_1_193' title='bbox 3293 1429 3474 1482; x_wconf 89' lang='grc' dir='ltr'>πόνων</span> <span class='ocrx_word' id='word_1_194' title='bbox 3500 1428 3580 1489; x_wconf 88' lang='grc' dir='ltr'><strong>είς</strong></span> <span class='ocrx_word' id='word_1_195' title='bbox 3617 1427 3760 1480; x_wconf 86' lang='grc' dir='ltr'>κενὺν</span> 
     </span>
    </p>
   </div>
   <div class='ocr_carea' id='block_1_30' title="bbox 2197 1516 3760 1591">
    <p class='ocr_par' dir='ltr' id='par_1_30' title="bbox 2197 1516 3760 1591">
     <span class='ocr_line' id='line_1_30' title="bbox 2197 1516 3760 1591; baseline -0.001 -22"><span class='ocrx_word' id='word_1_196' title='bbox 2197 1516 2567 1587; x_wconf 77' lang='grc' dir='ltr'>ἀνηλωμένων</span> <span class='ocrx_word' id='word_1_197' title='bbox 2611 1519 2690 1589; x_wconf 83' lang='grc' dir='ltr'>τῷ</span> <span class='ocrx_word' id='word_1_198' title='bbox 2717 1519 3167 1591; x_wconf 85' lang='grc' dir='ltr'>κατορθώσαντι;</span> <span class='ocrx_word' id='word_1_199' title='bbox 3203 1520 3424 1574; x_wconf 80' lang='grc' dir='ltr'>Μᾶλλον</span> <span class='ocrx_word' id='word_1_200' title='bbox 3453 1518 3511 1572; x_wconf 85' lang='grc' dir='ltr'><strong>δέ</strong></span> <span class='ocrx_word' id='word_1_201' title='bbox 3553 1517 3634 1581; x_wconf 88' lang='grc' dir='ltr'><strong>τίς</strong></span> <span class='ocrx_word' id='word_1_202' title='bbox 3665 1533 3760 1568; x_wconf 90' lang='grc' dir='ltr'>σω-</span> 
     </span>
    </p>
   </div>
   <div class='ocr_carea' id='block_1_31' title="bbox 2197 1606 3761 1682">
    <p class='ocr_par' dir='ltr' id='par_1_31' title="bbox 2197 1606 3761 1682">
     <span class='ocr_line' id='line_1_31' title="bbox 2197 1606 3761 1682; baseline 0.006 -22"><span class='ocrx_word' id='word_1_203' title='bbox 2197 1607 2391 1678; x_wconf 87' lang='grc' dir='ltr'>τηρίας</span> <span class='ocrx_word' id='word_1_204' title='bbox 2424 1609 2598 1673; x_wconf 74' lang='grc' dir='ltr'>ἐλπὶς,</span> <span class='ocrx_word' id='word_1_205' title='bbox 2635 1611 2683 1662; x_wconf 89' lang='grc' dir='ltr'><strong>εί</strong></span> <span class='ocrx_word' id='word_1_206' title='bbox 2708 1613 2801 1665; x_wconf 80' lang='grc' dir='ltr'>καὶ</span> <span class='ocrx_word' id='word_1_207' title='bbox 2831 1612 2903 1664; x_wconf 90' lang='grc' dir='ltr'><strong>τά</strong></span> <span class='ocrx_word' id='word_1_208' title='bbox 2935 1613 3109 1682; x_wconf 89' lang='grc' dir='ltr'>μικρά</span> <span class='ocrx_word' id='word_1_209' title='bbox 3141 1613 3250 1665; x_wconf 86' lang='grc' dir='ltr'>τῶν</span> <span class='ocrx_word' id='word_1_210' title='bbox 3273 1606 3761 1682; x_wconf 69' lang='grc' dir='ltr'>ἁμαρτημάτωνο’ἃ</span> 
     </span>
    </p>
   </div>
   <div class='ocr_carea' id='block_1_32' title="bbox 2199 1697 3761 1772">
    <p class='ocr_par' dir='ltr' id='par_1_32' title="bbox 2199 1697 3761 1772">
     <span class='ocr_line' id='line_1_32' title="bbox 2199 1697 3761 1772; baseline -0.002 -22"><span class='ocrx_word' id='word_1_211' title='bbox 2199 1698 2452 1770; x_wconf 85' lang='grc' dir='ltr'>καθάπερ</span> <span class='ocrx_word' id='word_1_212' title='bbox 2485 1701 2614 1754; x_wconf 85' lang='grc' dir='ltr'>σκιὰ</span> <span class='ocrx_word' id='word_1_213' title='bbox 2639 1703 2777 1755; x_wconf 74' lang='grc' dir='ltr'>πᾶσι</span> <span class='ocrx_word' id='word_1_214' title='bbox 2814 1703 2928 1766; x_wconf 82' lang='grc' dir='ltr'>τοῖς</span> <span class='ocrx_word' id='word_1_215' title='bbox 2958 1702 3270 1771; x_wconf 85' lang='grc' dir='ltr'>ἀνθρώποις</span> <span class='ocrx_word' id='word_1_216' title='bbox 3302 1701 3633 1772; x_wconf 77' lang='grc' dir='ltr'>παρέπεται,</span> <span class='ocrx_word' id='word_1_217' title='bbox 3661 1697 3761 1757; x_wconf 83' lang='grc' dir='ltr'>τοῖς</span> 
     </span>
    </p>
   </div>
   <div class='ocr_carea' id='block_1_33' title="bbox 2200 1784 3763 1863">
    <p class='ocr_par' dir='ltr' id='par_1_33' title="bbox 2200 1784 3763 1863">
     <span class='ocr_line' id='line_1_33' title="bbox 2200 1784 3763 1863; baseline 0.003 -21"><span class='ocrx_word' id='word_1_218' title='bbox 2200 1789 2526 1860; x_wconf 75' lang='grc' dir='ltr'>θανασίμοις</span> <span class='ocrx_word' id='word_1_219' title='bbox 2554 1791 2752 1862; x_wconf 88' lang='grc' dir='ltr'>ἐπίσης</span> <span class='ocrx_word' id='word_1_220' title='bbox 2780 1793 3207 1863; x_wconf 88' lang='grc' dir='ltr'>κατακρινοῦσι;</span> <span class='ocrx_word' id='word_1_221' title='bbox 3239 1793 3314 1845; x_wconf 84' lang='grc' dir='ltr'><strong>Τὸ</strong></span> <span class='ocrx_word' id='word_1_222' title='bbox 3344 1791 3456 1861; x_wconf 80' lang='grc' dir='ltr'><strong>γὰρ</strong></span> <span class='ocrx_word' id='word_1_223' title='bbox 3489 1788 3582 1841; x_wconf 72' lang='grc' dir='ltr'>καὶ</span> <span class='ocrx_word' id='word_1_224' title='bbox 3607 1784 3763 1856; x_wconf 73' lang='grc' dir='ltr'>χωρὶς</span> 
     </span>
    </p>
   </div>
   <div class='ocr_carea' id='block_1_34' title="bbox 514 1875 3762 1960">
    <p class='ocr_par' dir='ltr' id='par_1_34' title="bbox 514 1875 3762 1960">
     <span class='ocr_line' id='line_1_34' title="bbox 514 1875 3762 1960; baseline -0.002 -19"><span class='ocrx_word' id='word_1_225' title='bbox 514 1889 696 1942; x_wconf 78' lang='grc' dir='ltr'>αὐτῶν</span> <span class='ocrx_word' id='word_1_226' title='bbox 753 1890 1031 1959; x_wconf 81' lang='grc' dir='ltr'>ἀπελθεῖν,</span> <span class='ocrx_word' id='word_1_227' title='bbox 1065 1891 1174 1944; x_wconf 83' lang='grc' dir='ltr'><strong>τῶν</strong></span> <span class='ocrx_word' id='word_1_228' title='bbox 1217 1889 1303 1943; x_wconf 77' lang='grc' dir='ltr'>διὰ</span> <span class='ocrx_word' id='word_1_229' title='bbox 1377 1885 1681 1959; x_wconf 82' lang='grc' dir='ltr'>μαρτυρίου</span> <span class='ocrx_word' id='word_1_230' title='bbox 1725 1875 2174 1955; x_wconf 30' lang='grc' dir='ltr'>τελειωθέντων(</span> <span class='ocrx_word' id='word_1_231' title='bbox 2203 1886 2298 1940; x_wconf 79' lang='grc' dir='ltr'>καὶ</span> <span class='ocrx_word' id='word_1_232' title='bbox 2347 1887 2457 1943; x_wconf 86' lang='grc' dir='ltr'><strong>τῶν</strong></span> <span class='ocrx_word' id='word_1_233' title='bbox 2519 1889 2579 1943; x_wconf 89' lang='grc' dir='ltr'><strong>ἐν</strong></span> <span class='ocrx_word' id='word_1_234' title='bbox 2625 1887 2839 1960; x_wconf 82' lang='grc' dir='ltr'>σώματι</span> <span class='ocrx_word' id='word_1_235' title='bbox 2877 1889 3131 1958; x_wconf 63' lang='grc' dir='ltr'>καθάπερ</span> <span class='ocrx_word' id='word_1_236' title='bbox 3179 1889 3405 1956; x_wconf 82' lang='grc' dir='ltr'>άγγελοι</span> <span class='ocrx_word' id='word_1_237' title='bbox 3456 1885 3762 1938; x_wconf 80' lang='grc' dir='ltr'>πολιτευσα-</span> 
     </span>
    </p>
   </div>
   <div class='ocr_carea' id='block_1_35' title="bbox 517 1979 3762 2058">
    <p class='ocr_par' dir='ltr' id='par_1_35' title="bbox 517 1979 3762 2058">
     <span class='ocr_line' id='line_1_35' title="bbox 517 1979 3762 2058; baseline -0.002 -20"><span class='ocrx_word' id='word_1_238' title='bbox 517 1986 699 2053; x_wconf 73' lang='grc' dir='ltr'>μένων</span> <span class='ocrx_word' id='word_1_239' title='bbox 737 1989 895 2056; x_wconf 89' lang='grc' dir='ltr'>μόνον</span> <span class='ocrx_word' id='word_1_240' title='bbox 930 1988 1070 2050; x_wconf 79' lang='grc' dir='ltr'>ἐστὶ,</span> <span class='ocrx_word' id='word_1_241' title='bbox 1100 1987 1193 2039; x_wconf 78' lang='grc' dir='ltr'>καὶ</span> <span class='ocrx_word' id='word_1_242' title='bbox 1241 1986 1426 2055; x_wconf 88' lang='grc' dir='ltr'>μέντοι</span> <span class='ocrx_word' id='word_1_243' title='bbox 1469 1985 1566 2037; x_wconf 66' lang='grc' dir='ltr'>καὶ</span> <span class='ocrx_word' id='word_1_244' title='bbox 1637 1983 1748 2036; x_wconf 86' lang='grc' dir='ltr'><strong>τῶν</strong></span> <span class='ocrx_word' id='word_1_245' title='bbox 1789 1983 2035 2053; x_wconf 81' lang='grc' dir='ltr'>μεγάλην</span> <span class='ocrx_word' id='word_1_246' title='bbox 2080 1985 2475 2055; x_wconf 69' lang='grc' dir='ltr'>ἐνδειξαμένων</span> <span class='ocrx_word' id='word_1_247' title='bbox 2544 1987 2852 2056; x_wconf 85' lang='grc' dir='ltr'>μετάνοιαν,</span> <span class='ocrx_word' id='word_1_248' title='bbox 2911 1985 3102 2058; x_wconf 84' lang='grc' dir='ltr'>ὥσπερ</span> <span class='ocrx_word' id='word_1_249' title='bbox 3142 1987 3171 2042; x_wconf 85' lang='grc' dir='ltr'><strong>ὀ</strong></span> <span class='ocrx_word' id='word_1_250' title='bbox 3231 1983 3460 2056; x_wconf 78' lang='grc' dir='ltr'>λῃστὴς,</span> <span class='ocrx_word' id='word_1_251' title='bbox 3495 1979 3591 2036; x_wconf 69' lang='grc' dir='ltr'>καὶ</span> <span class='ocrx_word' id='word_1_252' title='bbox 3617 1979 3762 2050; x_wconf 72' lang='grc' dir='ltr'>οὓςὴ</span> 
     </span>
    </p>
   </div>
   <div class='ocr_carea' id='block_1_36' title="bbox 515 2077 2271 2152">
    <p class='ocr_par' dir='ltr' id='par_1_36' title="bbox 515 2077 2271 2152">
     <span class='ocr_line' id='line_1_36' title="bbox 515 2077 2271 2152; baseline -0.003 -15"><span class='ocrx_word' id='word_1_253' title='bbox 515 2081 652 2137; x_wconf 83' lang='grc' dir='ltr'>Θεοῦ</span> <span class='ocrx_word' id='word_1_254' title='bbox 697 2081 858 2152; x_wconf 86' lang='grc' dir='ltr'>χάρις</span> <span class='ocrx_word' id='word_1_255' title='bbox 904 2079 1224 2134; x_wconf 73' lang='grc' dir='ltr'>ἐδικαίωσεν</span> <span class='ocrx_word' id='word_1_256' title='bbox 1276 2079 1595 2149; x_wconf 80' lang='grc' dir='ltr'>ἐξαιρέτως,</span> <span class='ocrx_word' id='word_1_257' title='bbox 1629 2077 1767 2148; x_wconf 81' lang='grc' dir='ltr'>ὅπερ</span> <span class='ocrx_word' id='word_1_258' title='bbox 1805 2077 2094 2145; x_wconf 83' lang='grc' dir='ltr'>ὀλιγίστων</span> <span class='ocrx_word' id='word_1_259' title='bbox 2131 2077 2271 2132; x_wconf 83' lang='grc' dir='ltr'>ἐστί.</span> 
     </span>
    </p>
   </div>
   <div class='ocr_carea' id='block_1_37' title="bbox 584 2161 2104 2242">
    <p class='ocr_par' dir='ltr' id='par_1_37' title="bbox 584 2169 2096 2241">
     <span class='ocr_line' id='line_1_37' title="bbox 584 2169 2096 2241; baseline -0.004 -12"><span class='ocrx_word' id='word_1_260' title='bbox 584 2174 872 2237; x_wconf 63' lang='lat' dir='ltr'><strong>Ceterum,</strong></span> <span class='ocrx_word' id='word_1_261' title='bbox 908 2183 966 2226; x_wconf 93' lang='lat' dir='ltr'><strong>ut</strong></span> <span class='ocrx_word' id='word_1_262' title='bbox 995 2173 1327 2226; x_wconf 87' lang='lat' dir='ltr'><strong>sordidatum</strong></span> <span class='ocrx_word' id='word_1_263' title='bbox 1361 2171 1444 2225; x_wconf 84' lang='lat' dir='ltr'><strong>vel</strong></span> <span class='ocrx_word' id='word_1_264' title='bbox 1471 2185 1632 2241; x_wconf 82' lang='lat' dir='ltr'><strong>parva</strong></span> <span class='ocrx_word' id='word_1_265' title='bbox 1657 2171 1893 2234; x_wconf 90' lang='lat' dir='ltr'><strong>macula,</strong></span> <span class='ocrx_word' id='word_1_266' title='bbox 1954 2169 2096 2224; x_wconf 91' lang='lat' dir='ltr'><strong>uniri</strong></span> 
     </span>
    </p>
   </div>
   <div class='ocr_carea' id='block_1_38' title="bbox 2203 2161 3757 2242">
    <p class='ocr_par' dir='ltr' id='par_1_38' title="bbox 2271 2161 3757 2242">
     <span class='ocr_line' id='line_1_38' title="bbox 2271 2161 3757 2242; baseline -0.001 -19"><span class='ocrx_word' id='word_1_267' title='bbox 2271 2170 2346 2223; x_wconf 86' lang='grc' dir='ltr'>Τδ</span> <span class='ocrx_word' id='word_1_268' title='bbox 2379 2169 2439 2225; x_wconf 86' lang='grc' dir='ltr'><strong>δέ</strong></span> <span class='ocrx_word' id='word_1_269' title='bbox 2471 2169 2566 2224; x_wconf 76' lang='grc' dir='ltr'>καὶ</span> <span class='ocrx_word' id='word_1_270' title='bbox 2595 2170 2689 2226; x_wconf 80' lang='grc' dir='ltr'><strong>τὸν</strong></span> <span class='ocrx_word' id='word_1_271' title='bbox 2722 2171 2929 2242; x_wconf 81' lang='grc' dir='ltr'>βραχὺν</span> <span class='ocrx_word' id='word_1_272' title='bbox 2958 2169 3152 2242; x_wconf 73' lang='grc' dir='ltr'>ἔχοντα</span> <span class='ocrx_word' id='word_1_273' title='bbox 3185 2169 3361 2242; x_wconf 80' lang='grc' dir='ltr'>ῥύπον</span> <span class='ocrx_word' id='word_1_274' title='bbox 3395 2164 3658 2236; x_wconf 81' lang='grc' dir='ltr'>ἐνωθῆναι</span> <span class='ocrx_word' id='word_1_275' title='bbox 3687 2161 3757 2232; x_wconf 80' lang='grc' dir='ltr'><strong>τῷ</strong></span> 
     </span>
    </p>
   </div>
   <div class='ocr_carea' id='block_1_39' title="bbox 515 2260 2100 2335">
    <p class='ocr_par' dir='ltr' id='par_1_39' title="bbox 515 2260 2100 2335">
     <span class='ocr_line' id='line_1_39' title="bbox 515 2260 2100 2335; baseline -0.004 -13"><span class='ocrx_word' id='word_1_276' title='bbox 515 2268 650 2334; x_wconf 87' lang='lat' dir='ltr'><strong>Deo,</strong></span> <span class='ocrx_word' id='word_1_277' title='bbox 671 2278 727 2322; x_wconf 90' lang='lat' dir='ltr'><strong>et</strong></span> <span class='ocrx_word' id='word_1_278' title='bbox 763 2263 962 2335; x_wconf 80' lang='lat' dir='ltr'><strong>perfrui</strong></span> <span class='ocrx_word' id='word_1_279' title='bbox 1013 2263 1378 2329; x_wconf 85' lang='lat' dir='ltr'><strong>beatitudine,</strong></span> <span class='ocrx_word' id='word_1_280' title='bbox 1404 2263 1658 2331; x_wconf 84' lang='lat' dir='ltr'><strong>possibile</strong></span> <span class='ocrx_word' id='word_1_281' title='bbox 1683 2277 1792 2316; x_wconf 92' lang='lat' dir='ltr'><strong>non</strong></span> <span class='ocrx_word' id='word_1_282' title='bbox 1829 2273 1934 2328; x_wconf 87' lang='lat' dir='ltr'><strong>est,</strong></span> <span class='ocrx_word' id='word_1_283' title='bbox 1965 2260 2100 2315; x_wconf 85' lang='lat' dir='ltr'><strong>nihil</strong></span> 
     </span>
    </p>
   </div>
   <div class='ocr_carea' id='block_1_40' title="bbox 513 2351 2100 2424">
    <p class='ocr_par' dir='ltr' id='par_1_40' title="bbox 513 2351 2100 2424">
     <span class='ocr_line' id='line_1_40' title="bbox 513 2351 2100 2424; baseline -0.005 -12"><span class='ocrx_word' id='word_1_284' title='bbox 513 2361 658 2412; x_wconf 83' lang='lat' dir='ltr'><strong>enim</strong></span> <span class='ocrx_word' id='word_1_285' title='bbox 719 2356 914 2410; x_wconf 72' lang='lat' dir='ltr'><strong>divinae</strong></span> <span class='ocrx_word' id='word_1_286' title='bbox 961 2363 1166 2410; x_wconf 67' lang='lat' dir='ltr'><strong>natura:</strong></span> <span class='ocrx_word' id='word_1_287' title='bbox 1211 2354 1496 2424; x_wconf 84' lang='lat' dir='ltr'><strong>profanum</strong></span> <span class='ocrx_word' id='word_1_288' title='bbox 1535 2353 1965 2424; x_wconf 86' lang='lat' dir='ltr'><strong>appropinquat;</strong></span> <span class='ocrx_word' id='word_1_289' title='bbox 2000 2351 2100 2415; x_wconf 88' lang='lat' dir='ltr'><strong>ita,</strong></span> 
     </span>
    </p>
   </div>
   <div class='ocr_carea' id='block_1_41' title="bbox 514 2442 2101 2515">
    <p class='ocr_par' dir='ltr' id='par_1_41' title="bbox 514 2442 2101 2515">
     <span class='ocr_line' id='line_1_41' title="bbox 514 2442 2101 2515; baseline -0.003 -14"><span class='ocrx_word' id='word_1_290' title='bbox 514 2447 769 2501; x_wconf 85' lang='lat' dir='ltr'><strong>omnibus</strong></span> <span class='ocrx_word' id='word_1_291' title='bbox 789 2447 1030 2515; x_wconf 85' lang='lat' dir='ltr'><strong>peccatis</strong></span> <span class='ocrx_word' id='word_1_292' title='bbox 1059 2446 1358 2515; x_wconf 81' lang='lat' dir='ltr'><strong>expiatum,</strong></span> <span class='ocrx_word' id='word_1_293' title='bbox 1394 2455 1603 2512; x_wconf 91' lang='lat' dir='ltr'><strong>putare,</strong></span> <span class='ocrx_word' id='word_1_294' title='bbox 1627 2458 1732 2498; x_wconf 93' lang='lat' dir='ltr'><strong>non</strong></span> <span class='ocrx_word' id='word_1_295' title='bbox 1761 2442 1979 2497; x_wconf 89' lang='lat' dir='ltr'><strong>admitti</strong></span> <span class='ocrx_word' id='word_1_296' title='bbox 2034 2442 2101 2496; x_wconf 88' lang='lat' dir='ltr'><strong>ad</strong></span> 
     </span>
    </p>
   </div>
   <div class='ocr_carea' id='block_1_42' title="bbox 516 2533 2100 2605">
    <p class='ocr_par' dir='ltr' id='par_1_42' title="bbox 516 2533 2100 2605">
     <span class='ocr_line' id='line_1_42' title="bbox 516 2533 2100 2605; baseline -0.004 -11"><span class='ocrx_word' id='word_1_297' title='bbox 516 2537 932 2601; x_wconf 86' lang='lat' dir='ltr'><strong>beatitudinem,</strong></span> <span class='ocrx_word' id='word_1_298' title='bbox 985 2551 1108 2591; x_wconf 91' lang='lat' dir='ltr'><strong>cum</strong></span> <span class='ocrx_word' id='word_1_299' title='bbox 1141 2536 1276 2590; x_wconf 90' lang='lat' dir='ltr'><strong>nihil</strong></span> <span class='ocrx_word' id='word_1_300' title='bbox 1307 2536 1416 2605; x_wconf 78' lang='lat' dir='ltr'><strong>iam</strong></span> <span class='ocrx_word' id='word_1_301' title='bbox 1441 2535 1693 2602; x_wconf 86' lang='lat' dir='ltr'><strong>obsistat,</strong></span> <span class='ocrx_word' id='word_1_302' title='bbox 1729 2533 2100 2588; x_wconf 88' lang='lat' dir='ltr'><strong>irrationabile</strong></span> 
     </span>
    </p>
   </div>
   <div class='ocr_carea' id='block_1_43' title="bbox 517 2625 2104 2697">
    <p class='ocr_par' dir='ltr' id='par_1_43' title="bbox 517 2625 2104 2697">
     <span class='ocr_line' id='line_1_43' title="bbox 517 2625 2104 2697; baseline -0.004 -12"><span class='ocrx_word' id='word_1_303' title='bbox 517 2629 678 2685; x_wconf 88' lang='lat' dir='ltr'><strong>simul</strong></span> <span class='ocrx_word' id='word_1_304' title='bbox 707 2637 763 2682; x_wconf 89' lang='lat' dir='ltr'><strong>et</strong></span> <span class='ocrx_word' id='word_1_305' title='bbox 797 2627 1042 2695; x_wconf 90' lang='lat' dir='ltr'><strong>iniquum</strong></span> <span class='ocrx_word' id='word_1_306' title='bbox 1076 2637 1179 2694; x_wconf 81' lang='lat' dir='ltr'><strong>est,</strong></span> <span class='ocrx_word' id='word_1_307' title='bbox 1215 2627 1622 2697; x_wconf 64' lang='lat' dir='ltr'><strong>Scripturaque</strong></span> <span class='ocrx_word' id='word_1_308' title='bbox 1660 2625 1951 2680; x_wconf 88' lang='lat' dir='ltr'><strong>sententiis</strong></span> <span class='ocrx_word' id='word_1_309' title='bbox 1977 2639 2104 2679; x_wconf 83' lang='lat' dir='ltr'><strong>con-</strong></span> 
     </span>
    </p>
   </div>
   <div class='ocr_carea' id='block_1_44' title="bbox 517 2717 2100 2786">
    <p class='ocr_par' dir='ltr' id='par_1_44' title="bbox 517 2717 2100 2786">
     <span class='ocr_line' id='line_1_44' title="bbox 517 2717 2100 2786; baseline -0.003 -12"><span class='ocrx_word' id='word_1_310' title='bbox 517 2719 769 2774; x_wconf 83' lang='lat' dir='ltr'><strong>trarium.</strong></span> <span class='ocrx_word' id='word_1_311' title='bbox 807 2717 898 2772; x_wconf 91' lang='lat' dir='ltr'><strong>Sic</strong></span> <span class='ocrx_word' id='word_1_312' title='bbox 925 2719 1106 2786; x_wconf 86' lang='lat' dir='ltr'><strong>itaque</strong></span> <span class='ocrx_word' id='word_1_313' title='bbox 1141 2717 1284 2772; x_wconf 88' lang='lat' dir='ltr'><strong>inter</strong></span> <span class='ocrx_word' id='word_1_314' title='bbox 1309 2718 1721 2783; x_wconf 87' lang='lat' dir='ltr'><strong>beatitudinem,</strong></span> <span class='ocrx_word' id='word_1_315' title='bbox 1747 2723 1803 2769; x_wconf 82' lang='lat' dir='ltr'><strong>et</strong></span> <span class='ocrx_word' id='word_1_316' title='bbox 1839 2725 2100 2771; x_wconf 65' lang='lat' dir='ltr'><strong>aeternum</strong></span> 
     </span>
    </p>
   </div>
   <div class='ocr_carea' id='block_1_45' title="bbox 517 2807 2105 2878">
    <p class='ocr_par' dir='ltr' id='par_1_45' title="bbox 517 2807 2105 2878">
     <span class='ocr_line' id='line_1_45' title="bbox 517 2807 2105 2878; baseline -0.003 -13"><span class='ocrx_word' id='word_1_317' title='bbox 517 2811 822 2865; x_wconf 76' lang='lat' dir='ltr'><strong>cruciatum</strong></span> <span class='ocrx_word' id='word_1_318' title='bbox 865 2810 1054 2864; x_wconf 86' lang='lat' dir='ltr'><strong>tertius</strong></span> <span class='ocrx_word' id='word_1_319' title='bbox 1085 2809 1235 2865; x_wconf 82' lang='lat' dir='ltr'><strong>locus</strong></span> <span class='ocrx_word' id='word_1_320' title='bbox 1269 2808 1619 2878; x_wconf 88' lang='lat' dir='ltr'><strong>relinquitur,</strong></span> <span class='ocrx_word' id='word_1_321' title='bbox 1672 2808 1728 2862; x_wconf 90' lang='lat' dir='ltr'><strong>in</strong></span> <span class='ocrx_word' id='word_1_322' title='bbox 1775 2823 1882 2878; x_wconf 93' lang='lat' dir='ltr'><strong>quo</strong></span> <span class='ocrx_word' id='word_1_323' title='bbox 1915 2807 2105 2874; x_wconf 85' lang='lat' dir='ltr'><strong>hujus-</strong></span> 
     </span>
    </p>
   </div>
   <div class='ocr_carea' id='block_1_46' title="bbox 518 2899 2106 2972">
    <p class='ocr_par' dir='ltr' id='par_1_46' title="bbox 518 2899 2106 2972">
     <span class='ocr_line' id='line_1_46' title="bbox 518 2899 2106 2972; baseline -0.001 -17"><span class='ocrx_word' id='word_1_324' title='bbox 518 2905 664 2956; x_wconf 80' lang='lat' dir='ltr'><strong>lltudl</strong></span> <span class='ocrx_word' id='word_1_325' title='bbox 700 2913 917 2970; x_wconf 86' lang='lat' dir='ltr'><strong>peccata</strong></span> <span class='ocrx_word' id='word_1_326' title='bbox 941 2911 1259 2972; x_wconf 86' lang='lat' dir='ltr'><strong>purgantur.</strong></span> <span class='ocrx_word' id='word_1_327' title='bbox 1281 2901 1414 2954; x_wconf 86' lang='lat' dir='ltr'><strong>Eum</strong></span> <span class='ocrx_word' id='word_1_328' title='bbox 1435 2914 1563 2954; x_wconf 86' lang='lat' dir='ltr'><strong>vero</strong></span> <span class='ocrx_word' id='word_1_329' title='bbox 1580 2899 1752 2953; x_wconf 93' lang='lat' dir='ltr'><strong>locum</strong></span> <span class='ocrx_word' id='word_1_330' title='bbox 1777 2899 1954 2968; x_wconf 79' lang='lat' dir='ltr'><strong>ignem</strong></span> <span class='ocrx_word' id='word_1_331' title='bbox 1986 2913 2106 2953; x_wconf 89' lang='lat' dir='ltr'><strong>esse</strong></span> 
     </span>
    </p>
   </div>
   <div class='ocr_carea' id='block_1_47' title="bbox 517 2989 2104 3064">
    <p class='ocr_par' dir='ltr' id='par_1_47' title="bbox 517 2989 2104 3064">
     <span class='ocr_line' id='line_1_47' title="bbox 517 2989 2104 3064; baseline -0.002 -18"><span class='ocrx_word' id='word_1_332' title='bbox 517 2993 708 3059; x_wconf 89' lang='lat' dir='ltr'><strong>aiunt;</strong></span> <span class='ocrx_word' id='word_1_333' title='bbox 739 3009 849 3049; x_wconf 90' lang='lat' dir='ltr'><strong>non</strong></span> <span class='ocrx_word' id='word_1_334' title='bbox 873 3009 999 3049; x_wconf 89' lang='lat' dir='ltr'><strong>eum</strong></span> <span class='ocrx_word' id='word_1_335' title='bbox 1029 2993 1121 3064; x_wconf 83' lang='lat' dir='ltr'><strong>qui</strong></span> <span class='ocrx_word' id='word_1_336' title='bbox 1153 3001 1277 3047; x_wconf 89' lang='lat' dir='ltr'><strong>ante</strong></span> <span class='ocrx_word' id='word_1_337' title='bbox 1317 2992 1511 3047; x_wconf 83' lang='lat' dir='ltr'><strong>faciem</strong></span> <span class='ocrx_word' id='word_1_338' title='bbox 1549 2991 1751 3046; x_wconf 85' lang='lat' dir='ltr'><strong>Christi</strong></span> <span class='ocrx_word' id='word_1_339' title='bbox 1780 2989 1971 3060; x_wconf 74' lang='lat' dir='ltr'><strong>ineius</strong></span> <span class='ocrx_word' id='word_1_340' title='bbox 2017 3005 2104 3044; x_wconf 84' lang='lat' dir='ltr'><strong>re-</strong></span> 
     </span>
    </p>
   </div>
   <div class='ocr_carea' id='block_1_48' title="bbox 2201 2253 3765 2336">
    <p class='ocr_par' dir='ltr' id='par_1_48' title="bbox 2201 2253 3765 2336">
     <span class='ocr_line' id='line_1_48' title="bbox 2201 2253 3765 2336; baseline -0.003 -21"><span class='ocrx_word' id='word_1_341' title='bbox 2201 2263 2325 2333; x_wconf 86' lang='grc' dir='ltr'><strong>Θεῳ</strong></span> <span class='ocrx_word' id='word_1_342' title='bbox 2366 2263 2792 2335; x_wconf 83' lang='grc' dir='ltr'>συγχωρηθῆναι</span> <span class='ocrx_word' id='word_1_343' title='bbox 2821 2265 2919 2335; x_wconf 83' lang='grc' dir='ltr'>τῆς</span> <span class='ocrx_word' id='word_1_344' title='bbox 2954 2263 3366 2336; x_wconf 83' lang='grc' dir='ltr'>μακαριότητος</span> <span class='ocrx_word' id='word_1_345' title='bbox 3393 2253 3765 2324; x_wconf 75' lang='grc' dir='ltr'>ἐπιτετευγμέο</span> 
     </span>
    </p>
   </div>
   <div class='ocr_carea' id='block_1_49' title="bbox 2201 2343 3764 2426">
    <p class='ocr_par' dir='ltr' id='par_1_49' title="bbox 2201 2343 3764 2426">
     <span class='ocr_line' id='line_1_49' title="bbox 2201 2343 3764 2426; baseline -0.008 -17"><span class='ocrx_word' id='word_1_346' title='bbox 2201 2373 2290 2409; x_wconf 92' lang='grc' dir='ltr'><strong>νον</strong></span> <span class='ocrx_word' id='word_1_347' title='bbox 2341 2355 2626 2409; x_wconf 87' lang='grc' dir='ltr'>ἀδύνατον.</span> <span class='ocrx_word' id='word_1_348' title='bbox 2675 2353 2847 2409; x_wconf 86' lang='grc' dir='ltr'>Ούδέν</span> <span class='ocrx_word' id='word_1_349' title='bbox 2891 2356 2958 2426; x_wconf 77' lang='grc' dir='ltr'><strong>τῇ</strong></span> <span class='ocrx_word' id='word_1_350' title='bbox 3016 2353 3140 2424; x_wconf 80' lang='grc' dir='ltr'>θείᾳ</span> <span class='ocrx_word' id='word_1_351' title='bbox 3198 2353 3364 2424; x_wconf 74' lang='grc' dir='ltr'>σοφίᾳ</span> <span class='ocrx_word' id='word_1_352' title='bbox 3425 2343 3764 2421; x_wconf 78' lang='grc' dir='ltr'>προσυπαντᾷ</span> 
     </span>
    </p>
   </div>
   <div class='ocr_carea' id='block_1_50' title="bbox 2204 2437 3762 2518">
    <p class='ocr_par' dir='ltr' id='par_1_50' title="bbox 2204 2437 3762 2518">
     <span class='ocr_line' id='line_1_50' title="bbox 2204 2437 3762 2518; baseline -0.004 -18"><span class='ocrx_word' id='word_1_353' title='bbox 2204 2446 2454 2518; x_wconf 69' lang='grc' dir='ltr'>βέϐηλον,</span> <span class='ocrx_word' id='word_1_354' title='bbox 2490 2446 2627 2500; x_wconf 87' lang='grc' dir='ltr'>ἀλλὰ</span> <span class='ocrx_word' id='word_1_355' title='bbox 2673 2447 2769 2500; x_wconf 75' lang='grc' dir='ltr'>καὶ</span> <span class='ocrx_word' id='word_1_356' title='bbox 2813 2445 2874 2500; x_wconf 82' lang='grc' dir='ltr'>τὸ</span> <span class='ocrx_word' id='word_1_357' title='bbox 2916 2447 3120 2510; x_wconf 81' lang='grc' dir='ltr'>παντὸς</span> <span class='ocrx_word' id='word_1_358' title='bbox 3166 2444 3646 2515; x_wconf 84' lang='grc' dir='ltr'>ἐκκεκαθαρμένον</span> <span class='ocrx_word' id='word_1_359' title='bbox 3697 2437 3762 2509; x_wconf 82' lang='grc' dir='ltr'>μὴ</span> 
     </span>
    </p>
   </div>
   <div class='ocr_carea' id='block_1_51' title="bbox 2205 2532 3760 2610">
    <p class='ocr_par' dir='ltr' id='par_1_51' title="bbox 2205 2532 3760 2610">
     <span class='ocr_line' id='line_1_51' title="bbox 2205 2532 3760 2610; baseline -0.007 -19"><span class='ocrx_word' id='word_1_360' title='bbox 2205 2539 2614 2610; x_wconf 86' lang='grc' dir='ltr'>συγχωρεῖσθαι</span> <span class='ocrx_word' id='word_1_361' title='bbox 2643 2539 2856 2592; x_wconf 87' lang='grc' dir='ltr'>οῐεσθαι</span> <span class='ocrx_word' id='word_1_362' title='bbox 2887 2539 2989 2608; x_wconf 85' lang='grc' dir='ltr'>τῆς</span> <span class='ocrx_word' id='word_1_363' title='bbox 3023 2539 3434 2609; x_wconf 84' lang='grc' dir='ltr'>μακαριότητος</span> <span class='ocrx_word' id='word_1_364' title='bbox 3463 2532 3760 2590; x_wconf 83' lang='grc' dir='ltr'>ἀπολαύειν.</span> 
     </span>
    </p>
   </div>
   <div class='ocr_carea' id='block_1_52' title="bbox 2206 2625 3761 2700">
    <p class='ocr_par' dir='ltr' id='par_1_52' title="bbox 2206 2625 3761 2700">
     <span class='ocr_line' id='line_1_52' title="bbox 2206 2625 3761 2700; baseline 0.001 -19"><span class='ocrx_word' id='word_1_365' title='bbox 2206 2628 2438 2700; x_wconf 80' lang='grc' dir='ltr'>μηδενὸς</span> <span class='ocrx_word' id='word_1_366' title='bbox 2473 2630 2574 2700; x_wconf 72' lang='grc' dir='ltr'>ἠδη</span> <span class='ocrx_word' id='word_1_367' title='bbox 2609 2631 3082 2700; x_wconf 85' lang='grc' dir='ltr'>προσισταμένου,</span> <span class='ocrx_word' id='word_1_368' title='bbox 3118 2628 3316 2696; x_wconf 85' lang='grc' dir='ltr'>ἀλογόν</span> <span class='ocrx_word' id='word_1_369' title='bbox 3353 2645 3413 2682; x_wconf 87' lang='grc' dir='ltr'><strong>τε</strong></span> <span class='ocrx_word' id='word_1_370' title='bbox 3443 2625 3536 2680; x_wconf 81' lang='grc' dir='ltr'>καὶ</span> <span class='ocrx_word' id='word_1_371' title='bbox 3572 2625 3761 2682; x_wconf 77' lang='grc' dir='ltr'>ἀδικονο</span> 
     </span>
    </p>
   </div>
   <div class='ocr_carea' id='block_1_53' title="bbox 2203 2711 3764 2790">
    <p class='ocr_par' dir='ltr' id='par_1_53' title="bbox 2203 2711 3764 2790">
     <span class='ocr_line' id='line_1_53' title="bbox 2203 2711 3764 2790; baseline -0.007 -17"><span class='ocrx_word' id='word_1_372' title='bbox 2203 2719 2298 2773; x_wconf 79' lang='grc' dir='ltr'>καὶ</span> <span class='ocrx_word' id='word_1_373' title='bbox 2339 2721 2458 2782; x_wconf 79' lang='grc' dir='ltr'>ταῖς</span> <span class='ocrx_word' id='word_1_374' title='bbox 2502 2721 2601 2788; x_wconf 80' lang='grc' dir='ltr'>τῆς</span> <span class='ocrx_word' id='word_1_375' title='bbox 2652 2719 2876 2790; x_wconf 83' lang='grc' dir='ltr'>Γραφῆς</span> <span class='ocrx_word' id='word_1_376' title='bbox 2929 2719 3272 2789; x_wconf 81' lang='grc' dir='ltr'>ἀποφάσεσιν</span> <span class='ocrx_word' id='word_1_377' title='bbox 3314 2719 3577 2774; x_wconf 87' lang='grc' dir='ltr'>ἐναντίον.</span> <span class='ocrx_word' id='word_1_378' title='bbox 3621 2711 3764 2767; x_wconf 74' lang='grc' dir='ltr'>Οὕτω</span> 
     </span>
    </p>
   </div>
   <div class='ocr_carea' id='block_1_54' title="bbox 2203 2809 3765 2882">
    <p class='ocr_par' dir='ltr' id='par_1_54' title="bbox 2203 2809 3765 2882">
     <span class='ocr_line' id='line_1_54' title="bbox 2203 2809 3765 2882; baseline -0.004 -19"><span class='ocrx_word' id='word_1_379' title='bbox 2203 2810 2386 2863; x_wconf 87' lang='grc' dir='ltr'>τοίνυν</span> <span class='ocrx_word' id='word_1_380' title='bbox 2413 2809 2618 2880; x_wconf 80' lang='grc' dir='ltr'>μεταξὺ</span> <span class='ocrx_word' id='word_1_381' title='bbox 2652 2811 3056 2882; x_wconf 87' lang='grc' dir='ltr'>μακαριότητος</span> <span class='ocrx_word' id='word_1_382' title='bbox 3113 2813 3208 2866; x_wconf 84' lang='grc' dir='ltr'>καὶ</span> <span class='ocrx_word' id='word_1_383' title='bbox 3231 2812 3332 2882; x_wconf 82' lang='grc' dir='ltr'>τῆς</span> <span class='ocrx_word' id='word_1_384' title='bbox 3359 2810 3578 2865; x_wconf 74' lang='grc' dir='ltr'>αἰωνίου</span> <span class='ocrx_word' id='word_1_385' title='bbox 3614 2821 3765 2860; x_wconf 83' lang='grc' dir='ltr'>κατα-</span> 
     </span>
    </p>
   </div>
   <div class='ocr_carea' id='block_1_55' title="bbox 2202 2897 3763 2972">
    <p class='ocr_par' dir='ltr' id='par_1_55' title="bbox 2202 2897 3763 2972">
     <span class='ocr_line' id='line_1_55' title="bbox 2202 2897 3763 2972; baseline -0.004 -19"><span class='ocrx_word' id='word_1_386' title='bbox 2202 2901 2357 2971; x_wconf 88' lang='grc' dir='ltr'>δίκης</span> <span class='ocrx_word' id='word_1_387' title='bbox 2390 2901 2572 2970; x_wconf 87' lang='grc' dir='ltr'>τρίτος</span> <span class='ocrx_word' id='word_1_388' title='bbox 2618 2903 3012 2958; x_wconf 85' lang='grc' dir='ltr'>καταλείπεται</span> <span class='ocrx_word' id='word_1_389' title='bbox 3041 2904 3227 2970; x_wconf 89' lang='grc' dir='ltr'>τόπος,</span> <span class='ocrx_word' id='word_1_390' title='bbox 3274 2906 3334 2957; x_wconf 84' lang='grc' dir='ltr'><strong>ἐν</strong></span> <span class='ocrx_word' id='word_1_391' title='bbox 3367 2897 3412 2972; x_wconf 81' lang='grc' dir='ltr'>ᾧ</span> <span class='ocrx_word' id='word_1_392' title='bbox 3444 2901 3513 2956; x_wconf 84' lang='grc' dir='ltr'><strong>τά</strong></span> <span class='ocrx_word' id='word_1_393' title='bbox 3555 2897 3763 2954; x_wconf 83' lang='grc' dir='ltr'>τοιαῦτα</span> 
     </span>
    </p>
   </div>
   <div class='ocr_carea' id='block_1_56' title="bbox 2203 2983 3762 3064">
    <p class='ocr_par' dir='ltr' id='par_1_56' title="bbox 2203 2983 3762 3064">
     <span class='ocr_line' id='line_1_56' title="bbox 2203 2983 3762 3064; baseline 0 -22"><span class='ocrx_word' id='word_1_394' title='bbox 2203 2991 2314 3050; x_wconf 78' lang='grc' dir='ltr'><strong>τῶν</strong></span> <span class='ocrx_word' id='word_1_395' title='bbox 2359 2991 2782 3062; x_wconf 84' lang='grc' dir='ltr'>ἁμαρτημάτων</span> <span class='ocrx_word' id='word_1_396' title='bbox 2820 2993 3168 3064; x_wconf 85' lang='grc' dir='ltr'>καθαίρεται.</span> <span class='ocrx_word' id='word_1_397' title='bbox 3211 2994 3311 3046; x_wconf 86' lang='grc' dir='ltr'>Ὃν</span> <span class='ocrx_word' id='word_1_398' title='bbox 3341 2994 3406 3062; x_wconf 81' lang='grc' dir='ltr'>δὴ</span> <span class='ocrx_word' id='word_1_399' title='bbox 3452 2990 3615 3044; x_wconf 80' lang='grc' dir='ltr'>τόπον</span> <span class='ocrx_word' id='word_1_400' title='bbox 3664 2983 3762 3052; x_wconf 82' lang='grc' dir='ltr'><strong>πῦρ</strong></span> 
     </span>
    </p>
   </div>
   <div class='ocr_carea' id='block_1_57' title="bbox 519 3074 2104 3155">
    <p class='ocr_par' dir='ltr' id='par_1_57' title="bbox 519 3082 2104 3152">
     <span class='ocr_line' id='line_1_57' title="bbox 519 3082 2104 3152; baseline -0.003 -13"><span class='ocrx_word' id='word_1_401' title='bbox 519 3086 805 3146; x_wconf 83' lang='lat' dir='ltr'><strong>velatione,</strong></span> <span class='ocrx_word' id='word_1_402' title='bbox 824 3095 883 3138; x_wconf 94' lang='lat' dir='ltr'><strong>ut</strong></span> <span class='ocrx_word' id='word_1_403' title='bbox 901 3085 977 3138; x_wconf 90' lang='lat' dir='ltr'><strong>ait</strong></span> <span class='ocrx_word' id='word_1_404' title='bbox 996 3084 1183 3139; x_wconf 91' lang='lat' dir='ltr'><strong>Daniel</strong></span> <span class='ocrx_word' id='word_1_405' title='bbox 1207 3085 1276 3147; x_wconf 79' lang='grc'><strong>⁵⁸,</strong></span> <span class='ocrx_word' id='word_1_406' title='bbox 1298 3083 1574 3151; x_wconf 73' lang='lat' dir='ltr'><strong>pmcedit,</strong></span> <span class='ocrx_word' id='word_1_407' title='bbox 1594 3089 1652 3136; x_wconf 89' lang='lat' dir='ltr'><strong>et</strong></span> <span class='ocrx_word' id='word_1_408' title='bbox 1672 3096 1830 3152; x_wconf 88' lang='lat' dir='ltr'><strong>quem</strong></span> <span class='ocrx_word' id='word_1_409' title='bbox 1843 3082 2104 3151; x_wconf 73' lang='lat' dir='ltr'><strong>gehennze</strong></span> 
     </span>
    </p>
   </div>
   <div class='ocr_carea' id='block_1_58' title="bbox 2203 3074 3766 3155">
    <p class='ocr_par' dir='ltr' id='par_1_58' title="bbox 2207 3074 3766 3155">
     <span class='ocr_line' id='line_1_58' title="bbox 2207 3074 3766 3155; baseline -0.002 -21"><span class='ocrx_word' id='word_1_410' title='bbox 2207 3077 2351 3134; x_wconf 70' lang='grc' dir='ltr'>εἷναί</span> <span class='ocrx_word' id='word_1_411' title='bbox 2383 3099 2568 3150; x_wconf 91' lang='grc' dir='ltr'>φασιν,</span> <span class='ocrx_word' id='word_1_412' title='bbox 2615 3085 2716 3137; x_wconf 90' lang='grc' dir='ltr'><strong>ούκ</strong></span> <span class='ocrx_word' id='word_1_413' title='bbox 2745 3086 2924 3139; x_wconf 78' lang='grc' dir='ltr'>ἐκεῖνο</span> <span class='ocrx_word' id='word_1_414' title='bbox 2957 3084 3018 3138; x_wconf 85' lang='grc' dir='ltr'>τὸ</span> <span class='ocrx_word' id='word_1_415' title='bbox 3064 3087 3199 3155; x_wconf 84' lang='grc' dir='ltr'>πῦρ.</span> <span class='ocrx_word' id='word_1_416' title='bbox 3239 3085 3380 3154; x_wconf 76' lang='grc' dir='ltr'>ὅπερ</span> <span class='ocrx_word' id='word_1_417' title='bbox 3419 3083 3526 3154; x_wconf 77' lang='grc' dir='ltr'><strong>πρὸ</strong></span> <span class='ocrx_word' id='word_1_418' title='bbox 3570 3074 3766 3151; x_wconf 79' lang='grc' dir='ltr'>προσώ·</span> 
     </span>
    </p>
   </div>
   <div class='ocr_carea' id='block_1_59' title="bbox 521 3171 2104 3248">
    <p class='ocr_par' dir='ltr' id='par_1_59' title="bbox 521 3171 2104 3248">
     <span class='ocr_line' id='line_1_59' title="bbox 521 3171 2104 3248; baseline -0.003 -17"><span class='ocrx_word' id='word_1_419' title='bbox 521 3179 701 3248; x_wconf 83' lang='lat' dir='ltr'><strong>ignem</strong></span> <span class='ocrx_word' id='word_1_420' title='bbox 725 3177 1003 3248; x_wconf 90' lang='lat' dir='ltr'><strong>Scriptura</strong></span> <span class='ocrx_word' id='word_1_421' title='bbox 1024 3187 1182 3233; x_wconf 82' lang='lat' dir='ltr'><strong>vocat</strong></span> <span class='ocrx_word' id='word_1_422' title='bbox 1197 3177 1242 3208; x_wconf 77' lang='grc' dir='ltr'><strong>⁸ο</strong></span> <span class='ocrx_word' id='word_1_423' title='bbox 1263 3193 1280 3243; x_wconf 89' lang='lat'><strong>;</strong></span> <span class='ocrx_word' id='word_1_424' title='bbox 1307 3177 1389 3230; x_wconf 90' lang='lat' dir='ltr'><strong>his</strong></span> <span class='ocrx_word' id='word_1_425' title='bbox 1405 3176 1569 3241; x_wconf 88' lang='lat' dir='ltr'><strong>enim,</strong></span> <span class='ocrx_word' id='word_1_426' title='bbox 1586 3175 1750 3245; x_wconf 91' lang='lat' dir='ltr'><strong>quiin</strong></span> <span class='ocrx_word' id='word_1_427' title='bbox 1779 3173 1926 3227; x_wconf 91' lang='lat' dir='ltr'><strong>illum</strong></span> <span class='ocrx_word' id='word_1_428' title='bbox 1941 3171 2104 3227; x_wconf 89' lang='lat' dir='ltr'><strong>semel</strong></span> 
     </span>
    </p>
   </div>
   <div class='ocr_carea' id='block_1_60' title="bbox 2203 3171 3763 3248">
    <p class='ocr_par' dir='ltr' id='par_1_60' title="bbox 2207 3171 3763 3247">
     <span class='ocr_line' id='line_1_60' title="bbox 2207 3171 3763 3247; baseline 0.003 -22"><span class='ocrx_word' id='word_1_429' title='bbox 2207 3191 2310 3226; x_wconf 91' lang='grc' dir='ltr'><strong>που</strong></span> <span class='ocrx_word' id='word_1_430' title='bbox 2346 3173 2584 3244; x_wconf 80' lang='grc' dir='ltr'>Χριστοῦ</span> <span class='ocrx_word' id='word_1_431' title='bbox 2619 3176 2677 3228; x_wconf 93' lang='grc' dir='ltr'><strong>ἐν</strong></span> <span class='ocrx_word' id='word_1_432' title='bbox 2705 3177 2772 3246; x_wconf 77' lang='grc' dir='ltr'><strong>τῇ</strong></span> <span class='ocrx_word' id='word_1_433' title='bbox 2820 3175 3138 3247; x_wconf 79' lang='grc' dir='ltr'>ἐπιφανείᾳ,</span> <span class='ocrx_word' id='word_1_434' title='bbox 3164 3174 3238 3239; x_wconf 89' lang='grc' dir='ltr'><strong>ὡς</strong></span> <span class='ocrx_word' id='word_1_435' title='bbox 3275 3178 3304 3229; x_wconf 88' lang='grc' dir='ltr'><strong>ὀ</strong></span> <span class='ocrx_word' id='word_1_436' title='bbox 3353 3171 3552 3244; x_wconf 80' lang='grc' dir='ltr'>Δανιὴλ</span> <span class='ocrx_word' id='word_1_437' title='bbox 3595 3183 3763 3240; x_wconf 59' lang='grc' dir='ltr'>φησιν,</span> 
     </span>
    </p>
   </div>
   <div class='ocr_carea' id='block_1_61' title="bbox 522 3258 2104 3338">
    <p class='ocr_par' dir='ltr' id='par_1_61' title="bbox 522 3265 2099 3338">
     <span class='ocr_line' id='line_1_61' title="bbox 522 3265 2099 3338; baseline -0.003 -15"><span class='ocrx_word' id='word_1_438' title='bbox 522 3278 865 3337; x_wconf 81' lang='lat' dir='ltr'><strong>merguntur,</strong></span> <span class='ocrx_word' id='word_1_439' title='bbox 931 3269 1075 3323; x_wconf 85' lang='lat' dir='ltr'><strong>nulla</strong></span> <span class='ocrx_word' id='word_1_440' title='bbox 1130 3277 1214 3324; x_wconf 88' lang='lat' dir='ltr'><strong>est</strong></span> <span class='ocrx_word' id='word_1_441' title='bbox 1259 3267 1572 3338; x_wconf 87' lang='lat' dir='ltr'><strong>emergendi</strong></span> <span class='ocrx_word' id='word_1_442' title='bbox 1626 3280 1792 3337; x_wconf 84' lang='lat' dir='ltr'><strong>spes;</strong></span> <span class='ocrx_word' id='word_1_443' title='bbox 1831 3267 1927 3321; x_wconf 91' lang='lat' dir='ltr'><strong>sed</strong></span> <span class='ocrx_word' id='word_1_444' title='bbox 1959 3265 2099 3336; x_wconf 87' lang='lat' dir='ltr'><strong>ignis</strong></span> 
     </span>
    </p>
   </div>
   <div class='ocr_carea' id='block_1_62' title="bbox 2203 3258 3765 3338">
    <p class='ocr_par' dir='ltr' id='par_1_62' title="bbox 2207 3258 3765 3338">
     <span class='ocr_line' id='line_1_62' title="bbox 2207 3258 3765 3338; baseline -0.003 -20"><span class='ocrx_word' id='word_1_445' title='bbox 2207 3265 2453 3332; x_wconf 82' lang='grc' dir='ltr'>ἐλκεται,</span> <span class='ocrx_word' id='word_1_446' title='bbox 2482 3267 2578 3319; x_wconf 78' lang='grc' dir='ltr'><strong>καὶ</strong></span> <span class='ocrx_word' id='word_1_447' title='bbox 2608 3266 2637 3319; x_wconf 87' lang='grc' dir='ltr'><strong>ὀ</strong></span> <span class='ocrx_word' id='word_1_448' title='bbox 2661 3266 2772 3337; x_wconf 89' lang='grc' dir='ltr'><strong>πῦρ</strong></span> <span class='ocrx_word' id='word_1_449' title='bbox 2801 3267 3028 3338; x_wconf 81' lang='grc' dir='ltr'>γεέννης</span> <span class='ocrx_word' id='word_1_450' title='bbox 3062 3269 3096 3336; x_wconf 81' lang='grc' dir='ltr'><strong>ἡ</strong></span> <span class='ocrx_word' id='word_1_451' title='bbox 3127 3267 3322 3338; x_wconf 79' lang='grc' dir='ltr'>Γραφὴ</span> <span class='ocrx_word' id='word_1_452' title='bbox 3343 3266 3518 3330; x_wconf 82' lang='grc' dir='ltr'>καλεῖ,</span> <span class='ocrx_word' id='word_1_453' title='bbox 3542 3263 3650 3323; x_wconf 87' lang='grc' dir='ltr'>τοῖς</span> <span class='ocrx_word' id='word_1_454' title='bbox 3669 3258 3765 3326; x_wconf 82' lang='grc' dir='ltr'><strong>γὰρ</strong></span> 
     </span>
    </p>
   </div>
   <div class='ocr_carea' id='block_1_63' title="bbox 521 3343 2104 3430">
    <p class='ocr_par' dir='ltr' id='par_1_63' title="bbox 521 3356 2104 3430">
     <span class='ocr_line' id='line_1_63' title="bbox 521 3356 2104 3430; baseline -0.003 -16"><span class='ocrx_word' id='word_1_455' title='bbox 521 3360 682 3422; x_wconf 85' lang='lat' dir='ltr'><strong>alius,</strong></span> <span class='ocrx_word' id='word_1_456' title='bbox 705 3375 865 3428; x_wconf 88' lang='lat' dir='ltr'><strong>quem</strong></span> <span class='ocrx_word' id='word_1_457' title='bbox 921 3359 1292 3430; x_wconf 84' lang='lat' dir='ltr'><strong>purgatorium</strong></span> <span class='ocrx_word' id='word_1_458' title='bbox 1331 3359 1521 3414; x_wconf 87' lang='lat' dir='ltr'><strong>dicunt</strong></span> <span class='ocrx_word' id='word_1_459' title='bbox 1550 3374 1568 3426; x_wconf 90' lang='lat'><strong>;</strong></span> <span class='ocrx_word' id='word_1_460' title='bbox 1611 3359 1754 3427; x_wconf 89' lang='lat' dir='ltr'><strong>quod</strong></span> <span class='ocrx_word' id='word_1_461' title='bbox 1786 3357 1840 3411; x_wconf 92' lang='lat' dir='ltr'><strong>in</strong></span> <span class='ocrx_word' id='word_1_462' title='bbox 1867 3372 1932 3412; x_wconf 92' lang='lat' dir='ltr'><strong>eo</strong></span> <span class='ocrx_word' id='word_1_463' title='bbox 1977 3356 2104 3411; x_wconf 90' lang='lat' dir='ltr'><strong>deli-</strong></span> 
     </span>
    </p>
   </div>
   <div class='ocr_carea' id='block_1_64' title="bbox 2203 3343 3766 3430">
    <p class='ocr_par' dir='ltr' id='par_1_64' title="bbox 2210 3343 3766 3426">
     <span class='ocr_line' id='line_1_64' title="bbox 2210 3343 3766 3426; baseline -0.006 -16"><span class='ocrx_word' id='word_1_464' title='bbox 2210 3359 2269 3410; x_wconf 91' lang='grc' dir='ltr'><strong>ἐν</strong></span> <span class='ocrx_word' id='word_1_465' title='bbox 2299 3357 2476 3426; x_wconf 86' lang='grc' dir='ltr'>τούτῳ</span> <span class='ocrx_word' id='word_1_466' title='bbox 2513 3356 2934 3426; x_wconf 85' lang='grc' dir='ltr'>καθακριθεῖσιν</span> <span class='ocrx_word' id='word_1_467' title='bbox 2983 3358 3083 3410; x_wconf 83' lang='grc' dir='ltr'>οὐκ</span> <span class='ocrx_word' id='word_1_468' title='bbox 3124 3357 3276 3411; x_wconf 79' lang='grc' dir='ltr'>ἐστιν</span> <span class='ocrx_word' id='word_1_469' title='bbox 3335 3355 3610 3420; x_wconf 85' lang='grc' dir='ltr'>ἀνάδυσις,</span> <span class='ocrx_word' id='word_1_470' title='bbox 3661 3343 3766 3402; x_wconf 85' lang='grc' dir='ltr'>ἀλλ’</span> 
     </span>
    </p>
   </div>
   <div class='ocr_carea' id='block_1_65' title="bbox 526 3439 2104 3520">
    <p class='ocr_par' dir='ltr' id='par_1_65' title="bbox 526 3445 2104 3518">
     <span class='ocr_line' id='line_1_65' title="bbox 526 3445 2104 3518; baseline -0.003 -14"><span class='ocrx_word' id='word_1_471' title='bbox 526 3457 616 3504; x_wconf 87' lang='lat' dir='ltr'><strong>cta</strong></span> <span class='ocrx_word' id='word_1_472' title='bbox 668 3459 988 3518; x_wconf 80' lang='lat' dir='ltr'><strong>purgentur,</strong></span> <span class='ocrx_word' id='word_1_473' title='bbox 1054 3463 1118 3502; x_wconf 91' lang='lat' dir='ltr'><strong>ac</strong></span> <span class='ocrx_word' id='word_1_474' title='bbox 1168 3450 1316 3504; x_wconf 86' lang='lat' dir='ltr'><strong>velut</strong></span> <span class='ocrx_word' id='word_1_475' title='bbox 1372 3448 1691 3512; x_wconf 84' lang='lat' dir='ltr'><strong>infornace,</strong></span> <span class='ocrx_word' id='word_1_476' title='bbox 1747 3449 1839 3518; x_wconf 84' lang='lat' dir='ltr'><strong>qui</strong></span> <span class='ocrx_word' id='word_1_477' title='bbox 1870 3447 1926 3501; x_wconf 93' lang='lat' dir='ltr'><strong>in</strong></span> <span class='ocrx_word' id='word_1_478' title='bbox 1955 3445 2104 3500; x_wconf 91' lang='lat' dir='ltr'><strong>illum</strong></span> 
     </span>
    </p>
   </div>
   <div class='ocr_carea' id='block_1_66' title="bbox 2203 3439 3766 3520">
    <p class='ocr_par' dir='ltr' id='par_1_66' title="bbox 2211 3439 3766 3520">
     <span class='ocr_line' id='line_1_66' title="bbox 2211 3439 3766 3520; baseline 0.002 -19"><span class='ocrx_word' id='word_1_479' title='bbox 2211 3448 2420 3519; x_wconf 72' lang='grc' dir='ltr'>ἕτερον,</span> <span class='ocrx_word' id='word_1_480' title='bbox 2453 3449 2482 3502; x_wconf 83' lang='grc' dir='ltr'><strong>ὃ</strong></span> <span class='ocrx_word' id='word_1_481' title='bbox 2512 3449 2901 3520; x_wconf 81' lang='grc' dir='ltr'>Καθαρτήριον</span> <span class='ocrx_word' id='word_1_482' title='bbox 2927 3449 3016 3504; x_wconf 83' lang='grc' dir='ltr'>διὰ</span> <span class='ocrx_word' id='word_1_483' title='bbox 3064 3449 3164 3520; x_wconf 80' lang='grc' dir='ltr'>τὴν</span> <span class='ocrx_word' id='word_1_484' title='bbox 3201 3449 3477 3520; x_wconf 84' lang='grc' dir='ltr'>κάθαρσιν</span> <span class='ocrx_word' id='word_1_485' title='bbox 3520 3439 3766 3512; x_wconf 69' lang='grc' dir='ltr'>ὀνομάξεο</span> 
     </span>
    </p>
   </div>
   <div class='ocr_carea' id='block_1_67' title="bbox 522 3509 2104 3614">
    <p class='ocr_par' dir='ltr' id='par_1_67' title="bbox 522 3509 2104 3610">
     <span class='ocr_line' id='line_1_67' title="bbox 522 3509 2104 3610; baseline -0.001 -16"><span class='ocrx_word' id='word_1_486' title='bbox 522 3542 832 3604; x_wconf 89' lang='lat' dir='ltr'><strong>mittuntur,</strong></span> <span class='ocrx_word' id='word_1_487' title='bbox 879 3541 1267 3607; x_wconf 85' lang='lat' dir='ltr'><strong>emundantur;</strong></span> <span class='ocrx_word' id='word_1_488' title='bbox 1302 3542 1554 3610; x_wconf 90' lang='lat' dir='ltr'><strong>istudque</strong></span> <span class='ocrx_word' id='word_1_489' title='bbox 1582 3553 1708 3595; x_wconf 90' lang='lat' dir='ltr'><strong>ante</strong></span> <span class='ocrx_word' id='word_1_490' title='bbox 1726 3509 1990 3610; x_wconf 76' lang='lat' dir='ltr'><strong>judicium</strong></span> <span class='ocrx_word' id='word_1_491' title='bbox 2019 3552 2104 3593; x_wconf 80' lang='lat' dir='ltr'><strong>ex-</strong></span> 
     </span>
    </p>
   </div>
   <div class='ocr_carea' id='block_1_68' title="bbox 2203 3509 3768 3614">
    <p class='ocr_par' dir='ltr' id='par_1_68' title="bbox 2212 3509 3768 3614">
     <span class='ocr_line' id='line_1_68' title="bbox 2212 3509 3768 3614; baseline -0.006 -22"><span class='ocrx_word' id='word_1_492' title='bbox 2212 3509 2328 3603; x_wconf 60' lang='lat' dir='ltr'><strong>eat,</strong></span> <span class='ocrx_word' id='word_1_493' title='bbox 2358 3509 2455 3593; x_wconf 76' lang='grc' dir='ltr'>καὶ</span> <span class='ocrx_word' id='word_1_494' title='bbox 2483 3540 2545 3594; x_wconf 80' lang='grc' dir='ltr'>τὸ</span> <span class='ocrx_word' id='word_1_495' title='bbox 2577 3509 2834 3612; x_wconf 65' lang='grc' dir='ltr'>καθάπερ</span> <span class='ocrx_word' id='word_1_496' title='bbox 2865 3543 2923 3595; x_wconf 85' lang='grc' dir='ltr'><strong>ἐν</strong></span> <span class='ocrx_word' id='word_1_497' title='bbox 2956 3509 3316 3614; x_wconf 76' lang='grc' dir='ltr'>χωνεύτηρίῳ</span> <span class='ocrx_word' id='word_1_498' title='bbox 3356 3509 3485 3602; x_wconf 61' lang='grc' dir='ltr'>τοὺς</span> <span class='ocrx_word' id='word_1_499' title='bbox 3517 3509 3768 3592; x_wconf 77' lang='grc' dir='ltr'>είσελθόν-</span> 
     </span>
    </p>
   </div>
   <div class='ocr_carea' id='block_1_69' title="bbox 524 3618 2104 3705">
    <p class='ocr_par' dir='ltr' id='par_1_69' title="bbox 524 3629 2104 3701">
     <span class='ocr_line' id='line_1_69' title="bbox 524 3629 2104 3701; baseline -0.003 -16"><span class='ocrx_word' id='word_1_500' title='bbox 524 3639 776 3685; x_wconf 87' lang='lat' dir='ltr'><strong>tremum.</strong></span> <span class='ocrx_word' id='word_1_501' title='bbox 804 3631 932 3686; x_wconf 87' lang='lat' dir='ltr'><strong>Post</strong></span> <span class='ocrx_word' id='word_1_502' title='bbox 967 3634 1068 3686; x_wconf 90' lang='lat' dir='ltr'><strong>hoc</strong></span> <span class='ocrx_word' id='word_1_503' title='bbox 1091 3633 1260 3697; x_wconf 87' lang='lat' dir='ltr'><strong>enim,</strong></span> <span class='ocrx_word' id='word_1_504' title='bbox 1285 3632 1462 3687; x_wconf 89' lang='lat' dir='ltr'><strong>nullus</strong></span> <span class='ocrx_word' id='word_1_505' title='bbox 1507 3633 1601 3701; x_wconf 89' lang='lat' dir='ltr'><strong>qui</strong></span> <span class='ocrx_word' id='word_1_506' title='bbox 1650 3629 1948 3686; x_wconf 89' lang='lat' dir='ltr'><strong>mundetur</strong></span> <span class='ocrx_word' id='word_1_507' title='bbox 1984 3629 2104 3694; x_wconf 87' lang='lat' dir='ltr'><strong>erit,</strong></span> 
     </span>
    </p>
   </div>
   <div class='ocr_carea' id='block_1_70' title="bbox 2203 3618 3767 3705">
    <p class='ocr_par' dir='ltr' id='par_1_70' title="bbox 2209 3618 3767 3705">
     <span class='ocr_line' id='line_1_70' title="bbox 2209 3618 3767 3705; baseline 0 -22"><span class='ocrx_word' id='word_1_508' title='bbox 2209 3647 2310 3694; x_wconf 85' lang='grc' dir='ltr'><strong>τας</strong></span> <span class='ocrx_word' id='word_1_509' title='bbox 2352 3631 2733 3702; x_wconf 82' lang='grc' dir='ltr'>καθαίρεσθαι.</span> <span class='ocrx_word' id='word_1_510' title='bbox 2789 3633 2902 3686; x_wconf 54' lang='grc' dir='ltr'><strong>Καὶ⁸</strong></span> <span class='ocrx_word' id='word_1_511' title='bbox 2948 3634 3110 3688; x_wconf 87' lang='grc' dir='ltr'>τοῦτο</span> <span class='ocrx_word' id='word_1_512' title='bbox 3153 3633 3260 3705; x_wconf 83' lang='grc' dir='ltr'>πρὸ</span> <span class='ocrx_word' id='word_1_513' title='bbox 3317 3618 3418 3705; x_wconf 73' lang='grc' dir='ltr'>τῆς</span> <span class='ocrx_word' id='word_1_514' title='bbox 3470 3624 3767 3685; x_wconf 83' lang='grc' dir='ltr'>τελευταίας</span> 
     </span>
    </p>
   </div>
   <div class='ocr_carea' id='block_1_71' title="bbox 523 3717 2104 3797">
    <p class='ocr_par' dir='ltr' id='par_1_71' title="bbox 523 3722 2104 3792">
     <span class='ocr_line' id='line_1_71' title="bbox 523 3722 2104 3792; baseline 0.001 -17"><span class='ocrx_word' id='word_1_515' title='bbox 523 3737 847 3792; x_wconf 83' lang='lat' dir='ltr'><strong>unoquoque</strong></span> <span class='ocrx_word' id='word_1_516' title='bbox 863 3723 1138 3792; x_wconf 90' lang='lat' dir='ltr'><strong>proprium</strong></span> <span class='ocrx_word' id='word_1_517' title='bbox 1158 3725 1259 3777; x_wconf 89' lang='lat' dir='ltr'><strong>sibi</strong></span> <span class='ocrx_word' id='word_1_518' title='bbox 1286 3723 1469 3777; x_wconf 89' lang='lat' dir='ltr'><strong>locum</strong></span> <span class='ocrx_word' id='word_1_519' title='bbox 1512 3734 1715 3778; x_wconf 65' lang='lat' dir='ltr'><strong>aeterne</strong></span> <span class='ocrx_word' id='word_1_520' title='bbox 1739 3722 2104 3787; x_wconf 78' lang='lat' dir='ltr'><strong>vindicatura,</strong></span> 
     </span>
    </p>
   </div>
   <div class='ocr_carea' id='block_1_72' title="bbox 2203 3717 3768 3797">
    <p class='ocr_par' dir='ltr' id='par_1_72' title="bbox 2211 3717 3768 3797">
     <span class='ocr_line' id='line_1_72' title="bbox 2211 3717 3768 3797; baseline 0.007 -24"><span class='ocrx_word' id='word_1_521' title='bbox 2211 3721 2470 3792; x_wconf 87' lang='grc' dir='ltr'>κρίσεως.</span> <span class='ocrx_word' id='word_1_522' title='bbox 2524 3725 2682 3777; x_wconf 86' lang='grc' dir='ltr'>Μετά</span> <span class='ocrx_word' id='word_1_523' title='bbox 2711 3723 3067 3797; x_wconf 81' lang='grc' dir='ltr'>γὰρ’ταύτην</span> <span class='ocrx_word' id='word_1_524' title='bbox 3112 3727 3238 3780; x_wconf 74' lang='grc' dir='ltr'>ἐπεὶ</span> <span class='ocrx_word' id='word_1_525' title='bbox 3287 3727 3385 3781; x_wconf 76' lang='grc' dir='ltr'>καὶ</span> <span class='ocrx_word' id='word_1_526' title='bbox 3432 3723 3537 3796; x_wconf 87' lang='grc' dir='ltr'><strong>πρδ</strong></span> <span class='ocrx_word' id='word_1_527' title='bbox 3585 3717 3768 3783; x_wconf 68' lang='grc' dir='ltr'>ταύτης</span> 
     </span>
    </p>
   </div>
   <div class='ocr_carea' id='block_1_73' title="bbox 527 3811 2104 3886">
    <p class='ocr_par' dir='ltr' id='par_1_73' title="bbox 527 3811 2104 3883">
     <span class='ocr_line' id='line_1_73' title="bbox 527 3811 2104 3883; baseline 0.001 -17"><span class='ocrx_word' id='word_1_528' title='bbox 527 3811 714 3867; x_wconf 89' lang='lat' dir='ltr'><strong>Solum</strong></span> <span class='ocrx_word' id='word_1_529' title='bbox 765 3813 909 3867; x_wconf 87' lang='lat' dir='ltr'><strong>enim</strong></span> <span class='ocrx_word' id='word_1_530' title='bbox 955 3824 1082 3868; x_wconf 87' lang='lat' dir='ltr'><strong>ante</strong></span> <span class='ocrx_word' id='word_1_531' title='bbox 1113 3815 1216 3868; x_wconf 89' lang='lat' dir='ltr'><strong>hoc</strong></span> <span class='ocrx_word' id='word_1_532' title='bbox 1241 3811 1510 3881; x_wconf 84' lang='lat' dir='ltr'><strong>judicium</strong></span> <span class='ocrx_word' id='word_1_533' title='bbox 1537 3828 1657 3881; x_wconf 67' lang='lat' dir='ltr'><strong>quae</strong></span> <span class='ocrx_word' id='word_1_534' title='bbox 1688 3829 1786 3883; x_wconf 89' lang='lat' dir='ltr'><strong>pro</strong></span> <span class='ocrx_word' id='word_1_535' title='bbox 1817 3813 2104 3867; x_wconf 83' lang='lat' dir='ltr'><strong>animabus</strong></span> 
     </span>
    </p>
   </div>
   <div class='ocr_carea' id='block_1_74' title="bbox 2203 3811 3768 3886">
    <p class='ocr_par' dir='ltr' id='par_1_74' title="bbox 2213 3813 3768 3886">
     <span class='ocr_line' id='line_1_74' title="bbox 2213 3813 3768 3886; baseline -0.004 -21"><span class='ocrx_word' id='word_1_536' title='bbox 2213 3813 2374 3882; x_wconf 91' lang='grc' dir='ltr'>μόνον</span> <span class='ocrx_word' id='word_1_537' title='bbox 2406 3814 2476 3869; x_wconf 83' lang='grc' dir='ltr'><strong>τά</strong></span> <span class='ocrx_word' id='word_1_538' title='bbox 2506 3815 2650 3885; x_wconf 80' lang='grc' dir='ltr'>ὑπὲρ</span> <span class='ocrx_word' id='word_1_539' title='bbox 2680 3815 2790 3869; x_wconf 86' lang='grc' dir='ltr'><strong>τῶν</strong></span> <span class='ocrx_word' id='word_1_540' title='bbox 2835 3814 3026 3885; x_wconf 84' lang='grc' dir='ltr'>ψυχῶν</span> <span class='ocrx_word' id='word_1_541' title='bbox 3053 3817 3317 3886; x_wconf 86' lang='grc' dir='ltr'>γινόμενα</span> <span class='ocrx_word' id='word_1_542' title='bbox 3344 3817 3566 3870; x_wconf 88' lang='grc' dir='ltr'>δύναται</span> <span class='ocrx_word' id='word_1_543' title='bbox 3599 3821 3768 3862; x_wconf 80' lang='grc' dir='ltr'>συντε-</span> 
     </span>
    </p>
   </div>
   <div class='ocr_carea' id='block_1_75' title="bbox 525 3904 2106 3973">
    <p class='ocr_par' dir='ltr' id='par_1_75' title="bbox 525 3904 2106 3973">
     <span class='ocr_line' id='line_1_75' title="bbox 525 3904 2106 3973; baseline -0.001 -15"><span class='ocrx_word' id='word_1_544' title='bbox 525 3906 682 3968; x_wconf 87' lang='lat' dir='ltr'><strong>liunt.</strong></span> <span class='ocrx_word' id='word_1_545' title='bbox 735 3907 986 3960; x_wconf 81' lang='lat' dir='ltr'><strong>conferre</strong></span> <span class='ocrx_word' id='word_1_546' title='bbox 1035 3916 1284 3973; x_wconf 90' lang='lat' dir='ltr'><strong>possunt.</strong></span> <span class='ocrx_word' id='word_1_547' title='bbox 1321 3906 1427 3958; x_wconf 80' lang='lat' dir='ltr'><strong>Sed</strong></span> <span class='ocrx_word' id='word_1_548' title='bbox 1459 3914 1514 3958; x_wconf 91' lang='lat' dir='ltr'><strong>et</strong></span> <span class='ocrx_word' id='word_1_549' title='bbox 1542 3905 1589 3959; x_wconf 88' lang='lat' dir='ltr'><strong>si</strong></span> <span class='ocrx_word' id='word_1_550' title='bbox 1639 3904 1732 3973; x_wconf 90' lang='lat' dir='ltr'><strong>qui</strong></span> <span class='ocrx_word' id='word_1_551' title='bbox 1779 3904 2106 3959; x_wconf 82' lang='lat' dir='ltr'><strong>adveniente</strong></span> 
     </span>
    </p>
   </div>
   <div class='ocr_carea' id='block_1_76' title="bbox 525 3993 2111 4065">
    <p class='ocr_par' dir='ltr' id='par_1_76' title="bbox 525 3993 2111 4065">
     <span class='ocr_line' id='line_1_76' title="bbox 525 3993 2111 4065; baseline -0.002 -16"><span class='ocrx_word' id='word_1_552' title='bbox 525 3996 756 4051; x_wconf 83' lang='lat' dir='ltr'><strong>Domino</strong></span> <span class='ocrx_word' id='word_1_553' title='bbox 781 3997 848 4050; x_wconf 89' lang='lat' dir='ltr'><strong>ad</strong></span> <span class='ocrx_word' id='word_1_554' title='bbox 873 3996 1230 4065; x_wconf 87' lang='lat' dir='ltr'><strong>jndicandum</strong></span> <span class='ocrx_word' id='word_1_555' title='bbox 1265 3997 1549 4059; x_wconf 89' lang='lat' dir='ltr'><strong>mundum,</strong></span> <span class='ocrx_word' id='word_1_556' title='bbox 1579 3995 1740 4050; x_wconf 87' lang='lat' dir='ltr'><strong>modo</strong></span> <span class='ocrx_word' id='word_1_557' title='bbox 1789 3993 1968 4049; x_wconf 88' lang='lat' dir='ltr'><strong>sanari</strong></span> <span class='ocrx_word' id='word_1_558' title='bbox 1987 4006 2111 4062; x_wconf 89' lang='lat' dir='ltr'><strong>pos-</strong></span> 
     </span>
    </p>
   </div>
   <div class='ocr_carea' id='block_1_77' title="bbox 525 4083 2106 4155">
    <p class='ocr_par' dir='ltr' id='par_1_77' title="bbox 525 4083 2106 4155">
     <span class='ocr_line' id='line_1_77' title="bbox 525 4083 2106 4155; baseline -0.002 -14"><span class='ocrx_word' id='word_1_559' title='bbox 525 4087 657 4154; x_wconf 80' lang='lat' dir='ltr'><strong>sint,</strong></span> <span class='ocrx_word' id='word_1_560' title='bbox 682 4089 1060 4155; x_wconf 85' lang='lat' dir='ltr'><strong>relinquentur</strong></span> <span class='ocrx_word' id='word_1_561' title='bbox 1082 4103 1096 4140; x_wconf 93' lang='lat'><strong>:</strong></span> <span class='ocrx_word' id='word_1_562' title='bbox 1122 4086 1313 4141; x_wconf 81' lang='lat' dir='ltr'><strong>Omnes</strong></span> <span class='ocrx_word' id='word_1_563' title='bbox 1339 4087 1597 4142; x_wconf 78' lang='lat' dir='ltr'><strong>enimnon</strong></span> <span class='ocrx_word' id='word_1_564' title='bbox 1621 4087 1942 4141; x_wconf 81' lang='lat' dir='ltr'><strong>dormiemus</strong></span> <span class='ocrx_word' id='word_1_565' title='bbox 1968 4083 2106 4154; x_wconf 86' lang='lat'><strong>(86),</strong></span> 
     </span>
    </p>
   </div>
   <div class='ocr_carea' id='block_1_78' title="bbox 523 4179 2105 4248">
    <p class='ocr_par' dir='ltr' id='par_1_78' title="bbox 523 4179 2105 4248">
     <span class='ocr_line' id='line_1_78' title="bbox 523 4179 2105 4248; baseline -0.001 -15"><span class='ocrx_word' id='word_1_566' title='bbox 523 4195 701 4234; x_wconf 72' lang='lat' dir='ltr'><strong>omnes</strong></span> <span class='ocrx_word' id='word_1_567' title='bbox 750 4196 870 4234; x_wconf 82' lang='lat' dir='ltr'><strong>vero</strong></span> <span class='ocrx_word' id='word_1_568' title='bbox 913 4180 1320 4233; x_wconf 77' lang='lat' dir='ltr'><strong>immutabimur</strong></span> <span class='ocrx_word' id='word_1_569' title='bbox 1343 4181 1386 4212; x_wconf 85' lang='grc'><strong>⁶¹</strong></span> <span class='ocrx_word' id='word_1_570' title='bbox 1415 4197 1435 4247; x_wconf 90' lang='grc'><strong><em>;</em></strong></span> <span class='ocrx_word' id='word_1_571' title='bbox 1465 4191 1514 4234; x_wconf 84' lang='lat' dir='ltr'><strong>et</strong></span> <span class='ocrx_word' id='word_1_572' title='bbox 1575 4195 1694 4241; x_wconf 78' lang='lat' dir='ltr'><strong>nos,</strong></span> <span class='ocrx_word' id='word_1_573' title='bbox 1729 4179 1820 4248; x_wconf 86' lang='lat' dir='ltr'><strong>qui</strong></span> <span class='ocrx_word' id='word_1_574' title='bbox 1863 4179 2105 4245; x_wconf 75' lang='lat' dir='ltr'><strong>vivimus,</strong></span> 
     </span>
    </p>
   </div>
   <div class='ocr_carea' id='block_1_79' title="bbox 523 4270 2104 4343">
    <p class='ocr_par' dir='ltr' id='par_1_79' title="bbox 523 4270 2104 4343">
     <span class='ocr_line' id='line_1_79' title="bbox 523 4270 2104 4343; baseline -0.001 -18"><span class='ocrx_word' id='word_1_575' title='bbox 523 4275 614 4343; x_wconf 76' lang='lat' dir='ltr'><strong>qui</strong></span> <span class='ocrx_word' id='word_1_576' title='bbox 649 4274 845 4326; x_wconf 80' lang='lat' dir='ltr'><strong>residui</strong></span> <span class='ocrx_word' id='word_1_577' title='bbox 875 4289 1078 4338; x_wconf 76' lang='lat' dir='ltr'><strong>sumus,</strong></span> <span class='ocrx_word' id='word_1_578' title='bbox 1111 4275 1273 4328; x_wconf 80' lang='lat' dir='ltr'><strong>simul</strong></span> <span class='ocrx_word' id='word_1_579' title='bbox 1300 4291 1419 4327; x_wconf 84' lang='lat' dir='ltr'><strong>cum</strong></span> <span class='ocrx_word' id='word_1_580' title='bbox 1437 4274 1510 4328; x_wconf 80' lang='lat' dir='ltr'><strong>eis</strong></span> <span class='ocrx_word' id='word_1_581' title='bbox 1540 4273 1808 4339; x_wconf 78' lang='lat' dir='ltr'><strong>rapientur</strong></span> <span class='ocrx_word' id='word_1_582' title='bbox 1829 4271 1873 4303; x_wconf 78' lang='grc'><strong>⁸³</strong></span> <span class='ocrx_word' id='word_1_583' title='bbox 1901 4287 1915 4336; x_wconf 91' lang='grc'>;</span> <span class='ocrx_word' id='word_1_584' title='bbox 1942 4270 2104 4335; x_wconf 90' lang='lat' dir='ltr'><strong>Deus,</strong></span> 
     </span>
    </p>
   </div>
   <div class='ocr_carea' id='block_1_80' title="bbox 525 4362 2109 4442">
    <p class='ocr_par' dir='ltr' id='par_1_80' title="bbox 525 4362 2109 4442">
     <span class='ocr_line' id='line_1_80' title="bbox 525 4362 2109 4442; baseline -0.001 -23"><span class='ocrx_word' id='word_1_585' title='bbox 525 4375 587 4419; x_wconf 89' lang='lat' dir='ltr'><strong>ut</strong></span> <span class='ocrx_word' id='word_1_586' title='bbox 617 4367 708 4435; x_wconf 90' lang='lat' dir='ltr'><strong>qui</strong></span> <span class='ocrx_word' id='word_1_587' title='bbox 744 4367 913 4434; x_wconf 87' lang='lat' dir='ltr'><strong>possit</strong></span> <span class='ocrx_word' id='word_1_588' title='bbox 977 4367 1188 4431; x_wconf 87' lang='lat' dir='ltr'><strong>mortis,</strong></span> <span class='ocrx_word' id='word_1_589' title='bbox 1243 4376 1408 4434; x_wconf 85' lang='lat' dir='ltr'><strong>atque</strong></span> <span class='ocrx_word' id='word_1_590' title='bbox 1439 4365 1651 4442; x_wconf 76' lang='lat' dir='ltr'><strong>illorum</strong></span> <span class='ocrx_word' id='word_1_591' title='bbox 1680 4362 2109 4432; x_wconf 77' lang='lat' dir='ltr'><strong>regenerationis</strong></span> 
     </span>
    </p>
   </div>
   <div class='ocr_carea' id='block_1_81' title="bbox 526 4455 2106 4529">
    <p class='ocr_par' dir='ltr' id='par_1_81' title="bbox 526 4455 2106 4529">
     <span class='ocr_line' id='line_1_81' title="bbox 526 4455 2106 4529; baseline -0.002 -18"><span class='ocrx_word' id='word_1_592' title='bbox 526 4460 708 4512; x_wconf 86' lang='lat' dir='ltr'><strong>omnia</strong></span> <span class='ocrx_word' id='word_1_593' title='bbox 740 4459 790 4512; x_wconf 91' lang='lat' dir='ltr'><strong>in</strong></span> <span class='ocrx_word' id='word_1_594' title='bbox 835 4466 1111 4513; x_wconf 85' lang='lat' dir='ltr'><strong>momento</strong></span> <span class='ocrx_word' id='word_1_595' title='bbox 1132 4459 1388 4529; x_wconf 81' lang='lat' dir='ltr'><strong>persequi</strong></span> <span class='ocrx_word' id='word_1_596' title='bbox 1417 4476 1431 4525; x_wconf 91' lang='lat'><strong>;</strong></span> <span class='ocrx_word' id='word_1_597' title='bbox 1462 4460 1533 4512; x_wconf 91' lang='lat' dir='ltr'><strong>ita</strong></span> <span class='ocrx_word' id='word_1_598' title='bbox 1559 4468 1612 4513; x_wconf 89' lang='lat' dir='ltr'><strong>et</strong></span> <span class='ocrx_word' id='word_1_599' title='bbox 1644 4457 1976 4527; x_wconf 78' lang='lat' dir='ltr'><strong>purgationis</strong></span> <span class='ocrx_word' id='word_1_600' title='bbox 2007 4455 2106 4509; x_wconf 88' lang='lat' dir='ltr'><strong>do-</strong></span> 
     </span>
    </p>
   </div>
   <div class='ocr_carea' id='block_1_82' title="bbox 525 4547 2105 4620">
    <p class='ocr_par' dir='ltr' id='par_1_82' title="bbox 525 4547 2105 4620">
     <span class='ocr_line' id='line_1_82' title="bbox 525 4547 2105 4620; baseline -0.002 -16"><span class='ocrx_word' id='word_1_601' title='bbox 525 4551 717 4614; x_wconf 82' lang='lat' dir='ltr'><strong>lorem,</strong></span> <span class='ocrx_word' id='word_1_602' title='bbox 736 4551 826 4620; x_wconf 90' lang='lat' dir='ltr'><strong>qui</strong></span> <span class='ocrx_word' id='word_1_603' title='bbox 851 4547 1017 4606; x_wconf 79' lang='lat' dir='ltr'><strong>multo</strong></span> <span class='ocrx_word' id='word_1_604' title='bbox 1045 4559 1290 4620; x_wconf 85' lang='lat' dir='ltr'><strong>tempore</strong></span> <span class='ocrx_word' id='word_1_605' title='bbox 1312 4550 1580 4615; x_wconf 89' lang='lat' dir='ltr'><strong>durasset,</strong></span> <span class='ocrx_word' id='word_1_606' title='bbox 1606 4549 1841 4605; x_wconf 86' lang='lat' dir='ltr'><strong>breviter</strong></span> <span class='ocrx_word' id='word_1_607' title='bbox 1885 4558 2105 4603; x_wconf 86' lang='lat' dir='ltr'><strong>contra-</strong></span> 
     </span>
    </p>
   </div>
   <div class='ocr_carea' id='block_1_83' title="bbox 510 4641 2102 4713">
    <p class='ocr_par' dir='ltr' id='par_1_83' title="bbox 510 4641 2102 4713">
     <span class='ocr_line' id='line_1_83' title="bbox 510 4641 2102 4713; baseline -0.003 -17"><span class='ocrx_word' id='word_1_608' title='bbox 510 4641 1064 4713; x_wconf 62' lang='lat' dir='ltr'><strong>,liens,reddetjuxta</strong></span> <span class='ocrx_word' id='word_1_609' title='bbox 1113 4643 1394 4713; x_wconf 86' lang='lat' dir='ltr'><strong>temporis,</strong></span> <span class='ocrx_word' id='word_1_610' title='bbox 1448 4642 1762 4711; x_wconf 90' lang='lat' dir='ltr'><strong>dolorisque</strong></span> <span class='ocrx_word' id='word_1_611' title='bbox 1813 4642 2102 4704; x_wconf 89' lang='lat' dir='ltr'><strong>rationem,</strong></span> 
     </span>
    </p>
   </div>
   <div class='ocr_carea' id='block_1_84' title="bbox 2208 3904 3766 3983">
    <p class='ocr_par' dir='ltr' id='par_1_84' title="bbox 2208 3904 3766 3983">
     <span class='ocr_line' id='line_1_84' title="bbox 2208 3904 3766 3983; baseline -0.003 -26"><span class='ocrx_word' id='word_1_612' title='bbox 2208 3905 2322 3959; x_wconf 79' lang='grc' dir='ltr'>λε’ίν</span> <span class='ocrx_word' id='word_1_613' title='bbox 2343 3923 2358 3938; x_wconf 75' lang='grc' dir='ltr'><strong>ο</strong></span> <span class='ocrx_word' id='word_1_614' title='bbox 2391 3907 2534 3977; x_wconf 86' lang='grc' dir='ltr'><strong>μετά</strong></span> <span class='ocrx_word' id='word_1_615' title='bbox 2565 3908 2623 3960; x_wconf 80' lang='grc' dir='ltr'>δὲ</span> <span class='ocrx_word' id='word_1_616' title='bbox 2652 3910 2862 3978; x_wconf 89' lang='grc' dir='ltr'>ταύτην</span> <span class='ocrx_word' id='word_1_617' title='bbox 2905 3911 3081 3974; x_wconf 66' lang='grc' dir='ltr'>οὐδεὶς</span> <span class='ocrx_word' id='word_1_618' title='bbox 3116 3911 3145 3964; x_wconf 90' lang='grc' dir='ltr'><strong>ὀ</strong></span> <span class='ocrx_word' id='word_1_619' title='bbox 3179 3911 3580 3983; x_wconf 83' lang='grc' dir='ltr'>καθαιρόμενος</span> <span class='ocrx_word' id='word_1_620' title='bbox 3607 3904 3766 3960; x_wconf 74' lang='grc' dir='ltr'>ἔσται,</span> 
     </span>
    </p>
   </div>
   <div class='ocr_carea' id='block_1_85' title="bbox 2212 3994 3769 4070">
    <p class='ocr_par' dir='ltr' id='par_1_85' title="bbox 2212 3994 3769 4070">
     <span class='ocr_line' id='line_1_85' title="bbox 2212 3994 3769 4070; baseline 0.006 -21"><span class='ocrx_word' id='word_1_621' title='bbox 2212 3997 2453 4050; x_wconf 79' lang='grc' dir='ltr'>ἑκάστου</span> <span class='ocrx_word' id='word_1_622' title='bbox 2485 3998 2578 4052; x_wconf 81' lang='grc' dir='ltr'>τὸν</span> <span class='ocrx_word' id='word_1_623' title='bbox 2611 3999 2812 4054; x_wconf 75' lang='grc' dir='ltr'>οἰκεῖον</span> <span class='ocrx_word' id='word_1_624' title='bbox 2843 4001 3023 4070; x_wconf 88' lang='grc' dir='ltr'>ἐαυτῷ</span> <span class='ocrx_word' id='word_1_625' title='bbox 3056 4004 3223 4055; x_wconf 88' lang='grc' dir='ltr'>τόπον</span> <span class='ocrx_word' id='word_1_626' title='bbox 3257 4004 3495 4063; x_wconf 89' lang='grc' dir='ltr'>αίωνίως</span> <span class='ocrx_word' id='word_1_627' title='bbox 3531 3994 3769 4058; x_wconf 73' lang='grc' dir='ltr'>καθέξον⁶</span> 
     </span>
    </p>
   </div>
   <div class='ocr_carea' id='block_1_86' title="bbox 2209 4079 3770 4162">
    <p class='ocr_par' dir='ltr' id='par_1_86' title="bbox 2209 4079 3770 4162">
     <span class='ocr_line' id='line_1_86' title="bbox 2209 4079 3770 4162; baseline -0.006 -24"><span class='ocrx_word' id='word_1_628' title='bbox 2209 4103 2330 4149; x_wconf 88' lang='grc' dir='ltr'>τος.</span> <span class='ocrx_word' id='word_1_629' title='bbox 2370 4087 2536 4140; x_wconf 80' lang='grc' dir='ltr'>Ἀλλά</span> <span class='ocrx_word' id='word_1_630' title='bbox 2578 4088 2671 4141; x_wconf 67' lang='grc' dir='ltr'>καὶ</span> <span class='ocrx_word' id='word_1_631' title='bbox 2705 4090 2757 4141; x_wconf 82' lang='grc' dir='ltr'>εἴ</span> <span class='ocrx_word' id='word_1_632' title='bbox 2780 4107 2927 4154; x_wconf 89' lang='grc' dir='ltr'>τινες</span> <span class='ocrx_word' id='word_1_633' title='bbox 2969 4091 3169 4160; x_wconf 74' lang='grc' dir='ltr'>αἴφνης</span> <span class='ocrx_word' id='word_1_634' title='bbox 3213 4094 3310 4145; x_wconf 77' lang='grc' dir='ltr'>ἐπὶ</span> <span class='ocrx_word' id='word_1_635' title='bbox 3353 4091 3432 4162; x_wconf 83' lang='grc' dir='ltr'>τῷ</span> <span class='ocrx_word' id='word_1_636' title='bbox 3472 4089 3648 4160; x_wconf 84' lang='grc' dir='ltr'>κρῖναι</span> <span class='ocrx_word' id='word_1_637' title='bbox 3691 4079 3770 4132; x_wconf 81' lang='grc' dir='ltr'>τὸν</span> 
     </span>
    </p>
   </div>
   <div class='ocr_carea' id='block_1_87' title="bbox 2213 4167 3771 4256">
    <p class='ocr_par' dir='ltr' id='par_1_87' title="bbox 2213 4167 3771 4256">
     <span class='ocr_line' id='line_1_87' title="bbox 2213 4167 3771 4256; baseline -0.004 -24"><span class='ocrx_word' id='word_1_638' title='bbox 2213 4178 2423 4256; x_wconf 78' lang='grc' dir='ltr'>κόσμον</span> <span class='ocrx_word' id='word_1_639' title='bbox 2456 4180 2782 4244; x_wconf 80' lang='grc' dir='ltr'>ἐπιστάντος</span> <span class='ocrx_word' id='word_1_640' title='bbox 2811 4181 2904 4234; x_wconf 88' lang='grc' dir='ltr'><strong>τοῦ</strong></span> <span class='ocrx_word' id='word_1_641' title='bbox 2956 4183 3188 4248; x_wconf 82' lang='grc' dir='ltr'>Κυρίου,</span> <span class='ocrx_word' id='word_1_642' title='bbox 3224 4185 3395 4252; x_wconf 88' lang='grc' dir='ltr'>μόνον</span> <span class='ocrx_word' id='word_1_643' title='bbox 3425 4183 3474 4234; x_wconf 89' lang='grc' dir='ltr'><strong>εί</strong></span> <span class='ocrx_word' id='word_1_644' title='bbox 3515 4178 3618 4232; x_wconf 85' lang='grc' dir='ltr'>τῶν</span> <span class='ocrx_word' id='word_1_645' title='bbox 3650 4167 3771 4227; x_wconf 82' lang='grc' dir='ltr'>ίασί·</span> 
     </span>
    </p>
   </div>
   <div class='ocr_carea' id='block_1_88' title="bbox 2212 4267 3769 4345">
    <p class='ocr_par' dir='ltr' id='par_1_88' title="bbox 2212 4267 3769 4345">
     <span class='ocr_line' id='line_1_88' title="bbox 2212 4267 3769 4345; baseline 0.004 -24"><span class='ocrx_word' id='word_1_646' title='bbox 2212 4287 2330 4339; x_wconf 89' lang='grc' dir='ltr'><strong>μων</strong></span> <span class='ocrx_word' id='word_1_647' title='bbox 2362 4270 2491 4337; x_wconf 77' lang='grc' dir='ltr'>είσὶ,</span> <span class='ocrx_word' id='word_1_648' title='bbox 2529 4272 2965 4343; x_wconf 90' lang='grc' dir='ltr'>περιλείπονται,</span> <span class='ocrx_word' id='word_1_649' title='bbox 2998 4273 3228 4341; x_wconf 77' lang='grc' dir='ltr'>Πάντες</span> <span class='ocrx_word' id='word_1_650' title='bbox 3262 4276 3376 4345; x_wconf 79' lang='grc' dir='ltr'>γὰρ</span> <span class='ocrx_word' id='word_1_651' title='bbox 3401 4275 3473 4329; x_wconf 85' lang='grc' dir='ltr'>οὐ</span> <span class='ocrx_word' id='word_1_652' title='bbox 3509 4267 3769 4338; x_wconf 82' lang='grc' dir='ltr'>κοιμηθη·</span> 
     </span>
    </p>
   </div>
   <div class='ocr_carea' id='block_1_89' title="bbox 2207 4353 3770 4438">
    <p class='ocr_par' dir='ltr' id='par_1_89' title="bbox 2207 4353 3770 4438">
     <span class='ocr_line' id='line_1_89' title="bbox 2207 4353 3770 4438; baseline 0.007 -23"><span class='ocrx_word' id='word_1_653' title='bbox 2207 4362 2461 4431; x_wconf 82' lang='grc' dir='ltr'>σόμεθα,</span> <span class='ocrx_word' id='word_1_654' title='bbox 2492 4364 2720 4432; x_wconf 80' lang='grc' dir='ltr'>πάντες</span> <span class='ocrx_word' id='word_1_655' title='bbox 2748 4365 2817 4418; x_wconf 82' lang='grc' dir='ltr'>δὲ</span> <span class='ocrx_word' id='word_1_656' title='bbox 2845 4367 3346 4438; x_wconf 70' lang='grc' dir='ltr'>ἀλλαγησόμεθα,</span> <span class='ocrx_word' id='word_1_657' title='bbox 3383 4369 3481 4422; x_wconf 78' lang='grc' dir='ltr'>καὶ</span> <span class='ocrx_word' id='word_1_658' title='bbox 3527 4360 3686 4433; x_wconf 78' lang='grc' dir='ltr'>ἡμεῖς</span> <span class='ocrx_word' id='word_1_659' title='bbox 3722 4353 3770 4409; x_wconf 61' lang='grc' dir='ltr'><strong>οἱ</strong></span> 
     </span>
    </p>
   </div>
   <div class='ocr_carea' id='block_1_90' title="bbox 2208 4452 3770 4530">
    <p class='ocr_par' dir='ltr' id='par_1_90' title="bbox 2208 4452 3770 4530">
     <span class='ocr_line' id='line_1_90' title="bbox 2208 4452 3770 4530; baseline 0.003 -23"><span class='ocrx_word' id='word_1_660' title='bbox 2208 4452 2422 4520; x_wconf 80' lang='grc' dir='ltr'>ζῶντες</span> <span class='ocrx_word' id='word_1_661' title='bbox 2449 4458 2506 4509; x_wconf 82' lang='grc' dir='ltr'>οι</span> <span class='ocrx_word' id='word_1_662' title='bbox 2536 4459 3021 4526; x_wconf 77' lang='grc' dir='ltr'>περιλειπόμενοι</span> <span class='ocrx_word' id='word_1_663' title='bbox 3058 4459 3180 4530; x_wconf 84' lang='grc' dir='ltr'>ἅμα</span> <span class='ocrx_word' id='word_1_664' title='bbox 3208 4464 3336 4514; x_wconf 81' lang='grc' dir='ltr'><strong>σὺν</strong></span> <span class='ocrx_word' id='word_1_665' title='bbox 3372 4456 3575 4522; x_wconf 84' lang='grc' dir='ltr'>αὐτοῖς</span> <span class='ocrx_word' id='word_1_666' title='bbox 3606 4453 3770 4520; x_wconf 74' lang='grc' dir='ltr'><strong>ἀρπα’</strong></span> 
     </span>
    </p>
   </div>
   <div class='ocr_carea' id='block_1_91' title="bbox 2207 4544 3770 4618">
    <p class='ocr_par' dir='ltr' id='par_1_91' title="bbox 2207 4544 3770 4618">
     <span class='ocr_line' id='line_1_91' title="bbox 2207 4544 3770 4618; baseline -0.01 -14"><span class='ocrx_word' id='word_1_667' title='bbox 2207 4548 2543 4617; x_wconf 79' lang='grc' dir='ltr'>τησόμεθα,</span> <span class='ocrx_word' id='word_1_668' title='bbox 2585 4548 2787 4618; x_wconf 81' lang='grc' dir='ltr'>-ὥσπερ</span> <span class='ocrx_word' id='word_1_669' title='bbox 2822 4550 3051 4614; x_wconf 85' lang='grc' dir='ltr'>δυνατὸς</span> <span class='ocrx_word' id='word_1_670' title='bbox 3079 4555 3106 4604; x_wconf 89' lang='grc' dir='ltr'><strong>ό</strong></span> <span class='ocrx_word' id='word_1_671' title='bbox 3141 4551 3276 4615; x_wconf 81' lang='grc' dir='ltr'>Θεὸς</span> <span class='ocrx_word' id='word_1_672' title='bbox 3318 4555 3386 4606; x_wconf 79' lang='grc' dir='ltr'><strong>τά</strong></span> <span class='ocrx_word' id='word_1_673' title='bbox 3417 4549 3509 4604; x_wconf 90' lang='grc' dir='ltr'><strong>τοῦ</strong></span> <span class='ocrx_word' id='word_1_674' title='bbox 3561 4544 3770 4599; x_wconf 78' lang='grc' dir='ltr'>θανάτου</span> 
     </span>
    </p>
   </div>
   <div class='ocr_carea' id='block_1_92' title="bbox 2210 4632 3770 4712">
    <p class='ocr_par' dir='ltr' id='par_1_92' title="bbox 2210 4632 3770 4712">
     <span class='ocr_line' id='line_1_92' title="bbox 2210 4632 3770 4712; baseline -0.001 -22"><span class='ocrx_word' id='word_1_675' title='bbox 2210 4639 2306 4691; x_wconf 77' lang='grc' dir='ltr'>καὶ</span> <span class='ocrx_word' id='word_1_676' title='bbox 2339 4639 2440 4707; x_wconf 82' lang='grc' dir='ltr'>τῆς</span> <span class='ocrx_word' id='word_1_677' title='bbox 2485 4638 2667 4692; x_wconf 84' lang='grc' dir='ltr'>αὐτῶν</span> <span class='ocrx_word' id='word_1_678' title='bbox 2699 4641 3127 4710; x_wconf 85' lang='grc' dir='ltr'>παλιγγενεσίας</span> <span class='ocrx_word' id='word_1_679' title='bbox 3155 4643 3214 4696; x_wconf 90' lang='grc' dir='ltr'><strong>ἐν</strong></span> <span class='ocrx_word' id='word_1_680' title='bbox 3243 4645 3434 4712; x_wconf 86' lang='grc' dir='ltr'>ἀτόμῳ</span> <span class='ocrx_word' id='word_1_681' title='bbox 3482 4632 3770 4702; x_wconf 69' lang='grc' dir='ltr'>διεξελθεῖν.</span> 
     </span>
    </p>
   </div>
   <div class='ocr_carea' id='block_1_93' title="bbox 525 4721 2104 4806">
    <p class='ocr_par' dir='ltr' id='par_1_93' title="bbox 525 4725 2101 4806">
     <span class='ocr_line' id='line_1_93' title="bbox 525 4725 2101 4806; baseline -0.001 -20"><span class='ocrx_word' id='word_1_682' title='bbox 525 4743 583 4786; x_wconf 89' lang='lat' dir='ltr'><strong>ut</strong></span> <span class='ocrx_word' id='word_1_683' title='bbox 619 4749 808 4790; x_wconf 87' lang='lat' dir='ltr'><strong>omnes</strong></span> <span class='ocrx_word' id='word_1_684' title='bbox 844 4735 990 4790; x_wconf 85' lang='lat' dir='ltr'><strong>illius</strong></span> <span class='ocrx_word' id='word_1_685' title='bbox 1023 4735 1335 4806; x_wconf 87' lang='lat' dir='ltr'><strong>conspectui</strong></span> <span class='ocrx_word' id='word_1_686' title='bbox 1374 4725 1654 4800; x_wconf 76' lang='lat' dir='ltr'><strong>assistant,</strong></span> <span class='ocrx_word' id='word_1_687' title='bbox 1701 4733 1845 4788; x_wconf 90' lang='lat' dir='ltr'><strong>omni</strong></span> <span class='ocrx_word' id='word_1_688' title='bbox 1885 4731 2101 4801; x_wconf 83' lang='lat' dir='ltr'><strong>quidem</strong></span> 
     </span>
    </p>
   </div>
   <div class='ocr_carea' id='block_1_94' title="bbox 2203 4721 3772 4806">
    <p class='ocr_par' dir='ltr' id='par_1_94' title="bbox 2203 4721 3772 4804">
     <span class='ocr_line' id='line_1_94' title="bbox 2203 4721 3772 4804; baseline -0.002 -24"><span class='ocrx_word' id='word_1_689' title='bbox 2203 4727 2348 4782; x_wconf 73' lang='grc' dir='ltr'>οὕτω</span> <span class='ocrx_word' id='word_1_690' title='bbox 2375 4728 2472 4782; x_wconf 79' lang='grc' dir='ltr'>καὶ</span> <span class='ocrx_word' id='word_1_691' title='bbox 2495 4730 2596 4800; x_wconf 80' lang='grc' dir='ltr'>τὴν</span> <span class='ocrx_word' id='word_1_692' title='bbox 2629 4730 2720 4784; x_wconf 83' lang='grc' dir='ltr'><strong>διὰ</strong></span> <span class='ocrx_word' id='word_1_693' title='bbox 2742 4732 2836 4785; x_wconf 86' lang='grc' dir='ltr'><strong>τοῦ</strong></span> <span class='ocrx_word' id='word_1_694' title='bbox 2869 4732 3237 4803; x_wconf 90' lang='grc' dir='ltr'>καθαίρεσθαι</span> <span class='ocrx_word' id='word_1_695' title='bbox 3267 4735 3463 4804; x_wconf 86' lang='grc' dir='ltr'>ὀδύνην</span> <span class='ocrx_word' id='word_1_696' title='bbox 3504 4733 3560 4783; x_wconf 86' lang='grc' dir='ltr'><strong>ἐν</strong></span> <span class='ocrx_word' id='word_1_697' title='bbox 3587 4721 3772 4778; x_wconf 83' lang='grc' dir='ltr'>πλείονι</span> 
     </span>
    </p>
   </div>
   <div class='ocr_carea' id='block_1_95' title="bbox 493 4807 2104 4910">
    <p class='ocr_par' dir='ltr' id='par_1_95' title="bbox 493 4825 2104 4897">
     <span class='ocr_line' id='line_1_95' title="bbox 493 4825 2104 4897; baseline -0.001 -19"><span class='ocrx_word' id='word_1_698' title='bbox 493 4855 496 4858; x_wconf 57' lang='grc' dir='ltr'><strong>ι</strong></span> <span class='ocrx_word' id='word_1_699' title='bbox 524 4839 695 4892; x_wconf 86' lang='lat' dir='ltr'><strong>motu,</strong></span> <span class='ocrx_word' id='word_1_700' title='bbox 752 4841 1028 4897; x_wconf 89' lang='lat' dir='ltr'><strong>cursuque</strong></span> <span class='ocrx_word' id='word_1_701' title='bbox 1067 4825 1499 4895; x_wconf 81' lang='lat' dir='ltr'><strong>quiescentibus,</strong></span> <span class='ocrx_word' id='word_1_702' title='bbox 1530 4825 1893 4894; x_wconf 87' lang='lat' dir='ltr'><strong>omnibusque</strong></span> <span class='ocrx_word' id='word_1_703' title='bbox 1919 4837 2104 4877; x_wconf 86' lang='lat' dir='ltr'><strong>sacra-</strong></span> 
     </span>
    </p>
   </div>
   <div class='ocr_carea' id='block_1_96' title="bbox 2203 4807 3776 4910">
    <p class='ocr_par' dir='ltr' id='par_1_96' title="bbox 2207 4807 3776 4910">
     <span class='ocr_line' id='line_1_96' title="bbox 2207 4807 3776 4910; baseline -0.001 -32"><span class='ocrx_word' id='word_1_704' title='bbox 2207 4826 2546 4910; x_wconf 75' lang='grc' dir='ltr'>διαστήματι</span> <span class='ocrx_word' id='word_1_705' title='bbox 2606 4829 2723 4891; x_wconf 77' lang='grc' dir='ltr'>τοῖς</span> <span class='ocrx_word' id='word_1_706' title='bbox 2777 4827 3058 4900; x_wconf 83' lang='grc' dir='ltr'>δεομένοις</span> <span class='ocrx_word' id='word_1_707' title='bbox 3112 4829 3440 4901; x_wconf 85' lang='grc' dir='ltr'>καθάρσεως</span> <span class='ocrx_word' id='word_1_708' title='bbox 3487 4829 3544 4880; x_wconf 92' lang='grc' dir='ltr'><strong>ἐν</strong></span> <span class='ocrx_word' id='word_1_709' title='bbox 3595 4807 3776 4910; x_wconf 33' lang='grc' dir='ltr'>βραχῌετ</span> 
     </span>
    </p>
   </div>
   <div class='ocr_carea' id='block_1_97' title="bbox 529 4905 2104 4995">
    <p class='ocr_par' dir='ltr' id='par_1_97' title="bbox 529 4915 2104 4987">
     <span class='ocr_line' id='line_1_97' title="bbox 529 4915 2104 4987; baseline -0.003 -15"><span class='ocrx_word' id='word_1_710' title='bbox 529 4919 754 4985; x_wconf 88' lang='lat' dir='ltr'><strong>mentis,</strong></span> <span class='ocrx_word' id='word_1_711' title='bbox 784 4933 848 4973; x_wconf 89' lang='lat' dir='ltr'><strong>ac</strong></span> <span class='ocrx_word' id='word_1_712' title='bbox 873 4918 1376 4987; x_wconf 86' lang='lat' dir='ltr'><strong>dispensationibus</strong></span> <span class='ocrx_word' id='word_1_713' title='bbox 1410 4916 1667 4985; x_wconf 85' lang='lat' dir='ltr'><strong>impletis.</strong></span> <span class='ocrx_word' id='word_1_714' title='bbox 1698 4915 1846 4970; x_wconf 81' lang='lat' dir='ltr'><strong>Idem</strong></span> <span class='ocrx_word' id='word_1_715' title='bbox 1897 4929 2028 4968; x_wconf 85' lang='lat' dir='ltr'><strong>vero</strong></span> <span class='ocrx_word' id='word_1_716' title='bbox 2053 4926 2104 4970; x_wconf 79' lang='lat' dir='ltr'><strong>et</strong></span> 
     </span>
    </p>
   </div>
   <div class='ocr_carea' id='block_1_98' title="bbox 2203 4905 3771 4995">
    <p class='ocr_par' dir='ltr' id='par_1_98' title="bbox 2219 4905 3771 4995">
     <span class='ocr_line' id='line_1_98' title="bbox 2219 4905 3771 4995; baseline 0.001 -25"><span class='ocrx_word' id='word_1_717' title='bbox 2219 4905 2459 4971; x_wconf 74' lang='grc' dir='ltr'>συνελὼν</span> <span class='ocrx_word' id='word_1_718' title='bbox 2499 4919 2792 4986; x_wconf 86' lang='grc' dir='ltr'>ἀποδώσει,</span> <span class='ocrx_word' id='word_1_719' title='bbox 2843 4923 2989 4976; x_wconf 86' lang='grc' dir='ltr'>κατὰ</span> <span class='ocrx_word' id='word_1_720' title='bbox 3027 4922 3090 4976; x_wconf 85' lang='grc' dir='ltr'>τὸ</span> <span class='ocrx_word' id='word_1_721' title='bbox 3139 4922 3234 4976; x_wconf 87' lang='grc' dir='ltr'><strong>τοῦ</strong></span> <span class='ocrx_word' id='word_1_722' title='bbox 3288 4923 3480 4995; x_wconf 87' lang='grc' dir='ltr'>χρόνου</span> <span class='ocrx_word' id='word_1_723' title='bbox 3533 4913 3624 4970; x_wconf 76' lang='grc' dir='ltr'>καὶ</span> <span class='ocrx_word' id='word_1_724' title='bbox 3682 4905 3771 4995; x_wconf 71' lang='grc' dir='ltr'>τῆξ</span> 
     </span>
    </p>
   </div>
   <div class='ocr_carea' id='block_1_99' title="bbox 525 5004 2112 5078">
    <p class='ocr_par' dir='ltr' id='par_1_99' title="bbox 525 5004 2112 5078">
     <span class='ocr_line' id='line_1_99' title="bbox 525 5004 2112 5078; baseline -0.004 -15"><span class='ocrx_word' id='word_1_725' title='bbox 525 5009 597 5064; x_wconf 89' lang='lat' dir='ltr'><strong>de</strong></span> <span class='ocrx_word' id='word_1_726' title='bbox 641 5011 981 5078; x_wconf 88' lang='lat' dir='ltr'><strong>corporibus,</strong></span> <span class='ocrx_word' id='word_1_727' title='bbox 1005 5010 1049 5064; x_wconf 90' lang='lat' dir='ltr'><strong>si</strong></span> <span class='ocrx_word' id='word_1_728' title='bbox 1081 5024 1243 5078; x_wconf 89' lang='lat' dir='ltr'><strong>quem</strong></span> <span class='ocrx_word' id='word_1_729' title='bbox 1285 5023 1348 5061; x_wconf 78' lang='lat' dir='ltr'><strong>ex</strong></span> <span class='ocrx_word' id='word_1_730' title='bbox 1405 5009 1489 5061; x_wconf 89' lang='lat' dir='ltr'><strong>his</strong></span> <span class='ocrx_word' id='word_1_731' title='bbox 1523 5006 1766 5060; x_wconf 88' lang='lat' dir='ltr'><strong>dolorem</strong></span> <span class='ocrx_word' id='word_1_732' title='bbox 1799 5004 1922 5074; x_wconf 86' lang='lat' dir='ltr'><strong>quis</strong></span> <span class='ocrx_word' id='word_1_733' title='bbox 1948 5007 2112 5060; x_wconf 88' lang='lat' dir='ltr'><strong>obve-</strong></span> 
     </span>
    </p>
   </div>
   <div class='ocr_carea' id='block_1_100' title="bbox 524 5097 2110 5172">
    <p class='ocr_par' dir='ltr' id='par_1_100' title="bbox 524 5097 2110 5172">
     <span class='ocr_line' id='line_1_100' title="bbox 524 5097 2110 5172; baseline -0.003 -17"><span class='ocrx_word' id='word_1_734' title='bbox 524 5104 641 5155; x_wconf 90' lang='lat' dir='ltr'><strong>nire</strong></span> <span class='ocrx_word' id='word_1_735' title='bbox 671 5101 794 5155; x_wconf 87' lang='lat' dir='ltr'><strong>velit</strong></span> <span class='ocrx_word' id='word_1_736' title='bbox 813 5113 1032 5172; x_wconf 81' lang='lat' dir='ltr'><strong>pmpter</strong></span> <span class='ocrx_word' id='word_1_737' title='bbox 1061 5100 1397 5154; x_wconf 86' lang='lat' dir='ltr'><strong>consortium</strong></span> <span class='ocrx_word' id='word_1_738' title='bbox 1418 5100 1483 5153; x_wconf 88' lang='lat' dir='ltr'><strong>ad</strong></span> <span class='ocrx_word' id='word_1_739' title='bbox 1503 5097 1738 5151; x_wconf 89' lang='lat' dir='ltr'><strong>animam</strong></span> <span class='ocrx_word' id='word_1_740' title='bbox 1768 5098 1822 5152; x_wconf 87' lang='lat' dir='ltr'><strong>in</strong></span> <span class='ocrx_word' id='word_1_741' title='bbox 1853 5100 1955 5152; x_wconf 78' lang='lat' dir='ltr'><strong>hac</strong></span> <span class='ocrx_word' id='word_1_742' title='bbox 1981 5100 2110 5164; x_wconf 82' lang='lat' dir='ltr'><strong>vita,</strong></span> 
     </span>
    </p>
   </div>
   <div class='ocr_carea' id='block_1_101' title="bbox 523 5187 1236 5258">
    <p class='ocr_par' dir='ltr' id='par_1_101' title="bbox 523 5187 1236 5258">
     <span class='ocr_line' id='line_1_101' title="bbox 523 5187 1236 5258; baseline -0.001 -17"><span class='ocrx_word' id='word_1_743' title='bbox 523 5188 658 5241; x_wconf 85' lang='lat' dir='ltr'><strong>nihil</strong></span> <span class='ocrx_word' id='word_1_744' title='bbox 688 5187 928 5258; x_wconf 84' lang='lat' dir='ltr'><strong>cogitare</strong></span> <span class='ocrx_word' id='word_1_745' title='bbox 960 5188 1236 5258; x_wconf 89' lang='lat' dir='ltr'><strong>prohibet.</strong></span> 
     </span>
    </p>
   </div>
   <div class='ocr_carea' id='block_1_102' title="bbox 521 5277 2181 5350">
    <p class='ocr_par' dir='ltr' id='par_1_102' title="bbox 521 5277 2181 5350">
     <span class='ocr_line' id='line_1_102' title="bbox 521 5277 2181 5350; baseline 0.001 -20"><span class='ocrx_word' id='word_1_746' title='bbox 521 5280 841 5350; x_wconf 69' lang='grc' dir='ltr'>οἰκονομίας</span> <span class='ocrx_word' id='word_1_747' title='bbox 868 5277 1257 5332; x_wconf 85' lang='grc' dir='ltr'>τελεσθέντων.</span> <span class='ocrx_word' id='word_1_748' title='bbox 1287 5277 1360 5328; x_wconf 87' lang='grc' dir='ltr'>Τὸ</span> <span class='ocrx_word' id='word_1_749' title='bbox 1391 5277 1437 5328; x_wconf 84' lang='grc' dir='ltr'>δ’</span> <span class='ocrx_word' id='word_1_750' title='bbox 1479 5277 1611 5330; x_wconf 77' lang='grc' dir='ltr'>αὐτὸ</span> <span class='ocrx_word' id='word_1_751' title='bbox 1639 5277 1737 5331; x_wconf 76' lang='grc' dir='ltr'>καὶ</span> <span class='ocrx_word' id='word_1_752' title='bbox 1771 5278 1884 5340; x_wconf 81' lang='grc' dir='ltr'>τοῖς</span> <span class='ocrx_word' id='word_1_753' title='bbox 1912 5278 2181 5349; x_wconf 87' lang='grc' dir='ltr'>σώμασιν,</span> 
     </span>
    </p>
   </div>
   <div class='ocr_carea' id='block_1_103' title="bbox 2218 4992 3771 5086">
    <p class='ocr_par' dir='ltr' id='par_1_103' title="bbox 2218 4992 3771 5086">
     <span class='ocr_line' id='line_1_103' title="bbox 2218 4992 3771 5086; baseline -0.005 -24"><span class='ocrx_word' id='word_1_754' title='bbox 2218 5008 2423 5079; x_wconf 81' lang='grc' dir='ltr'>ὀδύνης</span> <span class='ocrx_word' id='word_1_755' title='bbox 2473 5011 2760 5080; x_wconf 87' lang='grc' dir='ltr'>ἀνάλογον,</span> <span class='ocrx_word' id='word_1_756' title='bbox 2811 5010 2953 5066; x_wconf 85' lang='grc' dir='ltr'>ὥστε</span> <span class='ocrx_word' id='word_1_757' title='bbox 3003 5016 3214 5078; x_wconf 86' lang='grc' dir='ltr'>πάντας</span> <span class='ocrx_word' id='word_1_758' title='bbox 3266 4992 3573 5086; x_wconf 78' lang='grc' dir='ltr'>ἔμπροσθεν</span> <span class='ocrx_word' id='word_1_759' title='bbox 3622 4992 3771 5086; x_wconf 58' lang='grc' dir='ltr'>αὐτοῦ</span> 
     </span>
    </p>
   </div>
   <div class='ocr_carea' id='block_1_104' title="bbox 2222 5084 3769 5178">
    <p class='ocr_par' dir='ltr' id='par_1_104' title="bbox 2222 5084 3769 5178">
     <span class='ocr_line' id='line_1_104' title="bbox 2222 5084 3769 5178; baseline -0.017 -5"><span class='ocrx_word' id='word_1_760' title='bbox 2222 5103 2598 5171; x_wconf 77' lang='grc' dir='ltr'>παραστῆναι,</span> <span class='ocrx_word' id='word_1_761' title='bbox 2641 5106 2821 5176; x_wconf 88' lang='grc' dir='ltr'>πάσης</span> <span class='ocrx_word' id='word_1_762' title='bbox 2877 5107 3149 5178; x_wconf 82' lang='grc' dir='ltr'>κινήσεως</span> <span class='ocrx_word' id='word_1_763' title='bbox 3193 5084 3531 5177; x_wconf 16' lang='grc' dir='ltr'>καὶτδρόμου</span> <span class='ocrx_word' id='word_1_764' title='bbox 3587 5084 3769 5149; x_wconf 75' lang='grc' dir='ltr'>παντὸς</span> 
     </span>
    </p>
   </div>
   <div class='ocr_carea' id='block_1_105' title="bbox 2222 5183 3771 5271">
    <p class='ocr_par' dir='ltr' id='par_1_105' title="bbox 2222 5183 3771 5271">
     <span class='ocr_line' id='line_1_105' title="bbox 2222 5183 3771 5271; baseline 0.003 -27"><span class='ocrx_word' id='word_1_765' title='bbox 2222 5195 2628 5264; x_wconf 75' lang='grc' dir='ltr'>παυσαμένων,</span> <span class='ocrx_word' id='word_1_766' title='bbox 2690 5198 2910 5252; x_wconf 87' lang='grc' dir='ltr'>πάντων</span> <span class='ocrx_word' id='word_1_767' title='bbox 2963 5200 3022 5253; x_wconf 85' lang='grc' dir='ltr'>δὲ</span> <span class='ocrx_word' id='word_1_768' title='bbox 3088 5203 3406 5271; x_wconf 83' lang='grc' dir='ltr'>μυστηρίων</span> <span class='ocrx_word' id='word_1_769' title='bbox 3454 5193 3546 5248; x_wconf 80' lang='grc' dir='ltr'>καὶ</span> <span class='ocrx_word' id='word_1_770' title='bbox 3607 5183 3771 5271; x_wconf 71' lang='grc' dir='ltr'>πάσης</span> 
     </span>
    </p>
   </div>
   <div class='ocr_carea' id='block_1_106' title="bbox 2207 5270 3772 5360">
    <p class='ocr_par' dir='ltr' id='par_1_106' title="bbox 2207 5270 3772 5360">
     <span class='ocr_line' id='line_1_106' title="bbox 2207 5270 3772 5360; baseline 0.006 -26"><span class='ocrx_word' id='word_1_771' title='bbox 2207 5281 2260 5335; x_wconf 87' lang='grc' dir='ltr'><strong>εί</strong></span> <span class='ocrx_word' id='word_1_772' title='bbox 2285 5299 2410 5336; x_wconf 86' lang='grc' dir='ltr'>τινα</span> <span class='ocrx_word' id='word_1_773' title='bbox 2460 5288 2558 5340; x_wconf 79' lang='grc' dir='ltr'>καὶ</span> <span class='ocrx_word' id='word_1_774' title='bbox 2586 5286 2800 5351; x_wconf 86' lang='grc' dir='ltr'>τούτοις</span> <span class='ocrx_word' id='word_1_775' title='bbox 2869 5288 3014 5354; x_wconf 81' lang='grc' dir='ltr'>ἀξιοῖ</span> <span class='ocrx_word' id='word_1_776' title='bbox 3076 5307 3162 5353; x_wconf 88' lang='grc' dir='ltr'><strong>τις</strong></span> <span class='ocrx_word' id='word_1_777' title='bbox 3245 5270 3435 5360; x_wconf 87' lang='grc' dir='ltr'>ὀδύνην</span> <span class='ocrx_word' id='word_1_778' title='bbox 3495 5270 3772 5354; x_wconf 77' lang='grc' dir='ltr'>προσγενέ-</span> 
     </span>
    </p>
   </div>
   <div class='ocr_carea' id='block_1_107' title="bbox 529 5369 3236 5452">
    <p class='ocr_par' dir='ltr' id='par_1_107' title="bbox 529 5369 3236 5452">
     <span class='ocr_line' id='line_1_107' title="bbox 529 5369 3236 5452; baseline 0.004 -25"><span class='ocrx_word' id='word_1_779' title='bbox 529 5374 656 5427; x_wconf 84' lang='grc' dir='ltr'>σθαι</span> <span class='ocrx_word' id='word_1_780' title='bbox 683 5373 770 5426; x_wconf 83' lang='grc' dir='ltr'><strong>διά</strong></span> <span class='ocrx_word' id='word_1_781' title='bbox 803 5373 907 5427; x_wconf 51' lang='lat' dir='ltr'><strong>sitv</strong></span> <span class='ocrx_word' id='word_1_782' title='bbox 935 5374 994 5424; x_wconf 86' lang='grc' dir='ltr'><strong>ἐν</strong></span> <span class='ocrx_word' id='word_1_783' title='bbox 1023 5370 1100 5442; x_wconf 83' lang='grc' dir='ltr'><strong>τῷ</strong></span> <span class='ocrx_word' id='word_1_784' title='bbox 1136 5371 1236 5442; x_wconf 80' lang='grc' dir='ltr'><strong>βίῳ</strong></span> <span class='ocrx_word' id='word_1_785' title='bbox 1265 5369 1442 5442; x_wconf 87' lang='grc' dir='ltr'>τούτῳ</span> <span class='ocrx_word' id='word_1_786' title='bbox 1476 5370 1611 5442; x_wconf 81' lang='grc' dir='ltr'>πρὸς</span> <span class='ocrx_word' id='word_1_787' title='bbox 1641 5373 1742 5442; x_wconf 74' lang='grc' dir='ltr'>τὴν</span> <span class='ocrx_word' id='word_1_788' title='bbox 1770 5372 1949 5444; x_wconf 76' lang='grc' dir='ltr'>ψυχὴν</span> <span class='ocrx_word' id='word_1_789' title='bbox 1991 5377 2303 5442; x_wconf 86' lang='grc' dir='ltr'>κοινωνίαν,</span> <span class='ocrx_word' id='word_1_790' title='bbox 2339 5379 2493 5432; x_wconf 77' lang='grc' dir='ltr'>οὐδὲν</span> <span class='ocrx_word' id='word_1_791' title='bbox 2521 5381 2729 5436; x_wconf 86' lang='grc' dir='ltr'>άτοπον</span> <span class='ocrx_word' id='word_1_792' title='bbox 2759 5381 3236 5452; x_wconf 84' lang='grc' dir='ltr'>προσλογίζεσθαι.</span> 
     </span>
    </p>
   </div>
   <div class='ocr_carea' id='block_1_108' title="bbox 597 5541 2104 5659">
    <p class='ocr_par' dir='ltr' id='par_1_108' title="bbox 597 5541 2034 5654">
     <span class='ocr_line' id='line_1_108' title="bbox 597 5541 2034 5654; baseline 0.003 -16"><span class='ocrx_word' id='word_1_793' title='bbox 597 5587 643 5620; x_wconf 76' lang='grc' dir='ltr'>ι·</span> <span class='ocrx_word' id='word_1_794' title='bbox 679 5588 837 5640; x_wconf 69' lang='lat' dir='ltr'><strong>llum.</strong></span> <span class='ocrx_word' id='word_1_795' title='bbox 859 5541 920 5651; x_wconf 65' lang='grc' dir='ltr'>ξι,</span> <span class='ocrx_word' id='word_1_796' title='bbox 949 5583 1002 5639; x_wconf 82' lang='lat'><strong>6&#39;.</strong></span> <span class='ocrx_word' id='word_1_797' title='bbox 1077 5585 1123 5617; x_wconf 71' lang='grc' dir='ltr'>ιο</span> <span class='ocrx_word' id='word_1_798' title='bbox 1149 5583 1283 5638; x_wconf 89' lang='lat' dir='ltr'><strong>Dan.</strong></span> <span class='ocrx_word' id='word_1_799' title='bbox 1310 5598 1402 5650; x_wconf 83' lang='lat' dir='ltr'><strong>vn,</strong></span> <span class='ocrx_word' id='word_1_800' title='bbox 1426 5582 1481 5638; x_wconf 86' lang='lat'><strong>9.</strong></span> <span class='ocrx_word' id='word_1_801' title='bbox 1556 5583 1602 5616; x_wconf 79' lang='grc' dir='ltr'><strong>ο·</strong></span> <span class='ocrx_word' id='word_1_802' title='bbox 1629 5583 1821 5646; x_wconf 79' lang='lat' dir='ltr'><strong>Matth.</strong></span> <span class='ocrx_word' id='word_1_803' title='bbox 1851 5602 1908 5654; x_wconf 73' lang='grc' dir='ltr'><strong>ι,</strong></span> <span class='ocrx_word' id='word_1_804' title='bbox 1944 5585 2034 5644; x_wconf 81' lang='lat'><strong>‘28.</strong></span> 
     </span>
    </p>
   </div>
   <div class='ocr_carea' id='block_1_109' title="bbox 2203 5541 3232 5659">
    <p class='ocr_par' dir='ltr' id='par_1_109' title="bbox 2203 5586 3232 5659">
     <span class='ocr_line' id='line_1_109' title="bbox 2203 5586 3232 5659; baseline 0.009 -19"><span class='ocrx_word' id='word_1_805' title='bbox 2203 5586 2367 5645; x_wconf 89' lang='lat' dir='ltr'><strong>lCor.</strong></span> <span class='ocrx_word' id='word_1_806' title='bbox 2397 5603 2489 5659; x_wconf 78' lang='lat' dir='ltr'><strong>xv,</strong></span> <span class='ocrx_word' id='word_1_807' title='bbox 2520 5588 2609 5647; x_wconf 81' lang='lat' dir='ltr'><strong>5i.</strong></span> <span class='ocrx_word' id='word_1_808' title='bbox 2685 5590 2730 5623; x_wconf 80' lang='lat'>“</span> <span class='ocrx_word' id='word_1_809' title='bbox 2763 5587 2782 5644; x_wconf 93' lang='lat' dir='ltr'><strong>l</strong></span> <span class='ocrx_word' id='word_1_810' title='bbox 2813 5586 3015 5649; x_wconf 77' lang='lat' dir='ltr'><strong>Thess.</strong></span> <span class='ocrx_word' id='word_1_811' title='bbox 3043 5602 3120 5659; x_wconf 75' lang='lat' dir='ltr'><strong>tv,</strong></span> <span class='ocrx_word' id='word_1_812' title='bbox 3143 5589 3232 5649; x_wconf 80' lang='lat' dir='ltr'><strong>i6.</strong></span> 
     </span>
    </p>
   </div>
   <div class='ocr_carea' id='block_1_110' title="bbox 599 5792 1271 5867">
    <p class='ocr_par' dir='ltr' id='par_1_110' title="bbox 599 5792 1271 5867">
     <span class='ocr_line' id='line_1_110' title="bbox 599 5792 1271 5867; baseline 0 -15"><span class='ocrx_word' id='word_1_813' title='bbox 599 5793 713 5867; x_wconf 83' lang='lat'><strong>(86)</strong></span> <span class='ocrx_word' id='word_1_814' title='bbox 752 5792 1055 5867; x_wconf 82' lang='lat' dir='ltr'><strong>Siclegunt</strong></span> <span class='ocrx_word' id='word_1_815' title='bbox 1076 5796 1271 5854; x_wconf 63' lang='lat' dir='ltr'><strong>Graeci.</strong></span> 
     </span>
    </p>
   </div>
  </div>
