4052 6438
548 379 650 444 23⁵5

1793 373 2186 440 MANUELIS
2225 371 2523 435 CALECE

3640 363 3730 424 “236

547 502 748 552 tionem
780 509 841 551 ac
893 493 1132 566 requiem
1181 509 1366 568 eorum
1395 496 1484 566 qui
1511 498 1728 551 reternis
1764 497 1937 566 poenis
1981 512 2108 551 cru-

2228 496 2358 548 πᾶσα
2387 495 2420 564 ἡ
2462 489 2758 562 Ἐκκλησία
2781 488 2848 542 τὰ
2882 487 3101 542 τοιαῦτα
3135 484 3276 555 ὑπὲρ
3310 484 3505 537 τούτων
3535 483 3736 553 δεομένη

549 589 781 652 ciantur,
832 596 1051 642 orantes
1112 597 1319 655 petunt.
1365 586 1460 642 His
1481 589 1625 642 enim
1656 588 1745 656 qui
1775 587 1945 643 semel
2000 587 2106 642 illis

549 678 746 732 fuerint
807 678 1069 742 immersi,
1104 679 1409 749 emergendi
1466 679 1696 735 facultas
1779 679 1929 735 nulla
2001 690 2106 734 est.

549 773 698 826 Alias
757 782 850 825 eos
901 769 990 838 qui
1026 771 1262 824 damnati
1313 771 1392 825 eis
1442 778 1588 837 sunt,
1634 770 1866 825 relaxari
1925 760 2110 826 neces-

550 864 691 916 sario
743 863 1033 931 putandmn
1074 873 1188 927 est;
1255 863 1524 933 ﬁnemque
1555 863 1670 920 fore
1733 862 1957 918 inﬁnitis
1985 878 2112 916 eru-

548 955 775 1009 ciatibus
823 954 1138 1022 putandum.
1192 956 1259 1010 At
1319 958 1370 1012 id
1391 969 1582 1012 contra
1627 956 1932 1012 communis
1988 954 2109 1010 ﬁdei

548 1047 871 1114 positionem
897 1056 1001 1104 est.

616 1225 880 1286 Quoniam
926 1240 1054 1279 vero
1106 1241 1278 1294 neque
1308 1239 1403 1292 pro
1445 1225 1526 1280 his
1553 1226 1642 1292 qui
1675 1235 1802 1280 sunt
1825 1234 1885 1278 “tn
1938 1226 2110 1281 oeati-

549 1313 732 1367 tudine
757 1314 835 1380 (hi
864 1315 1058 1382 quippe
1092 1314 1276 1381 optato
1302 1314 1406 1368 ﬁne
1435 1314 1768 1384 quietissime
1800 1313 2112 1378 fruuntur),

485 1462 488 1466 _
550 1417 720 1471 neque
747 1418 842 1472 pro
877 1399 960 1457 his
992 1419 1129 1470 quos
1159 1413 1390 1458 aeternus
1432 1405 1894 1472 urgetcrueiatus,
1928 1402 2113 1456 Eccle-

552 1496 630 1548 sia
680 1495 806 1548 talia
851 1504 994 1560 orat,
1031 1497 1319 1564 colligitur,
1353 1498 1494 1566 quod
1518 1497 1721 1549 dictum
1758 1505 1861 1558 est,
1898 1497 2112 1548 tertium

552 1587 838 1653 quemdam
874 1586 1046 1639 locum
1077 1587 1414 1654 purgationis
1437 1600 1578 1647 esse,
1603 1587 1690 1640 ubi
1712 1587 1804 1655 qui
1830 1588 2108 1641 continen-

552 1683 642 1728 tur
667 1688 762 1742 per
777 1690 1039 1729 summam
1063 1675 1449 1745 Deijnstitiam,
1474 1677 1701 1745 ejusque
1717 1678 2114 1732 miserationem

554 1766 840 1830 inﬁnitam,
897 1767 984 1821 his
1032 1769 1226 1835 quibus
1285 1771 1656 1830 continentur,
1712 1769 1956 1824 tristibus
2000 1771 2112 1824 eri-

2211 586 2494 653 προσάγει,
2550 583 2644 636 καὶ
2675 581 2856 651 δῆλον,
2901 579 2976 643 ὡς
3009 579 3070 631 οὐ
3111 579 3266 631 λύσιν
3297 578 3388 630 καὶ
3425 575 3599 629 ἄνεσιν
3645 575 3738 626 τῶν

2207 675 2359 745 ὲντῇ
2407 674 2611 742 αἰωνίῳ
2636 672 2856 726 κολάσει
2901 669 3272 740 πειρατηρίων
3323 669 3429 729 τοῖς
3475 667 3747 747 κατεχομέε.

2209 781 2321 827 νοις
2348 765 2630 836 εὐχόμενοι
2675 765 2908 819 δέονται.
2940 764 3067 826 Τοῖς
3105 762 3213 832 γὰρ
3242 761 3320 823 είς
3353 760 3562 828 ἐκείνην
3590 758 3743 811 εἰσελ-

2209 855 2390 910 θοῦσιν
2415 857 2515 910 οὐκ
2543 856 2692 910 ἔστιν
2710 855 2987 921 ἀνάδυσις,
3018 855 3050 924 ἢ
3077 857 3204 918 τοίς
3245 856 3302 906 ἐν
3331 853 3462 922 αὐτῇ
3493 869 3742 920 κατακριο

2210 947 2399 1009 θέντας
2439 947 2652 1016 ἀνάγκη
2707 947 2954 1012 νομίζειν
3002 946 3264 1009 ἀνίεσθαι,
3291 944 3576 1015 καὶταύτῃ
3614 943 3746 1005 τέλος

2212 1037 2311 1105 τῆς
2344 1035 2700 1107 ἀτελευτήτου
2732 1036 3008 1099 κολάσεως
3049 1035 3277 1091 οἴεσθαι.
3307 1036 3437 1089 Τόδε
3471 1035 3583 1088 ἐστὶ
3614 1034 3748 1104 παρὰ

2211 1127 2308 1196 τὴν
2343 1129 2527 1196 κοινὴν
2552 1129 2652 1194 τῆς
2679 1129 2914 1192 πίστεως
2953 1128 3120 1185 θέσιν.

2283 1219 2392 1271 Καὶ
2423 1220 2546 1270 ἐπεὶ
2567 1218 2684 1272 οὗθ’
2723 1220 2864 1290 ὑπὲρ
2895 1221 3002 1273 τῶν
3025 1221 3086 1273 ὲν
3109 1220 3471 1290 μακαριότητι
3493 1217 3751 1271 καθεστῶ-

2212 1324 2318 1359 των
2353 1301 2520 1378 (οὗτοι
2545 1310 2654 1380 γὰρ
2687 1311 2782 1362 τοῦ
2816 1311 3006 1373 τέλους
3059 1312 3228 1374 ἀδεῶς
3256 1309 3634 1378 ἀπολαύουσιν)
3653 1304 3755 1361 οὗθ’

2214 1397 2354 1466 ὑπὲρ
2382 1398 2492 1452 τῶν
2525 1400 2584 1451 ἐν
2612 1400 2804 1470 αἰωνίᾳ
2835 1401 3105 1471 καταδίκῃ
3141 1402 3442 1470 κριθέντων
3478 1401 3510 1471 η
3544 1398 3753 1467 Ἐκκλη-

2215 1489 2304 1540 σία
2335 1491 2426 1542 καὶ
2459 1489 2685 1542 τοιαῦτα
2712 1493 2999 1560 προσάγει,
3039 1494 3100 1545 τὸ
3139 1494 3433 1562 εἰρημένον
3465 1492 3755 1560 συνάγεται,

2214 1577 2394 1646 τρίτον
2413 1580 2530 1632 τινὰ
2550 1581 2716 1635 τόπον
2747 1581 2844 1649 τῆς
2867 1583 3189 1653 καθάρσεως
3225 1578 3391 1649 εἴναι,
3416 1584 3548 1636 ὅπου
3576 1585 3622 1636 οἱ
3649 1598 3760 1634 κατ-

2217 1671 2466 1737 εχόμενοι
2519 1672 2659 1724 κατὰ
2696 1670 2792 1742 τὴν
2841 1672 3018 1741 ἄκραν
3075 1673 3170 1727 τοῦ
3219 1674 3354 1729 Θεοῦ
3415 1673 3790 1742 δικαιοσύνην,”

2218 1761 2310 1810 καὶ
2342 1760 2404 1811 τὸ
2437 1761 2572 1814 πολὺ
2607 1762 2776 1815 αὐτοῦ
2821 1763 2968 1826 ἔλεος
3001 1764 3109 1818 τῶν
3141 1765 3484 1835 κατεχόντων
3520 1765 3759 1825 ἀνίενται,

554 1856 796 1924 piuntur,
825 1865 880 1910 ut
912 1872 1006 1925 per
1039 1858 1324 1912 eharitatis
1351 1871 1512 1924 opera
1539 1858 1954 1927 benignissimus
1974 1861 2118 1916 Deus

2228 1849 2319 1902 καὶ
2344 1850 2431 1910 διὰ
2456 1853 2564 1904 τῶν
2591 1851 2690 1921 τῆς
2719 1855 2940 1923 ἀγάπης
2964 1854 3144 1924 ἔργων
3164 1855 3192 1906 ό
3218 1856 3532 1924 πανάγαθος
3555 1854 3762 1920 ὲξιλεού-

553 1947 819 2014 propitius
879 1946 1123 2011 effectus,
1189 1948 1450 2016 poenalem
1505 1949 1802 2002 cruciatum
1879 1949 2117 2003 breviori

553 2038 882 2092 concludens
907 2037 1210 2108 intervallo,
1237 2038 1303 2090 ad
1327 2039 1717 2092 beatitudinem
1748 2053 1842 2093 eos
1863 2038 2121 2094 transfert

555 2140 666 2180 non
727 2126 988 2182 habentes
1051 2128 1318 2182 maculam
1365 2128 1450 2183 vel
1506 2143 1714 2196 rugam.
1761 2126 1990 2198 Propter
2019 2129 2120 2184 hoc

551 2219 695 2274 enim
729 2234 860 2274 cura
897 2234 993 2286 pro
1029 2222 1258 2277 mortuis
1289 2220 1578 2289 suscipitur
1605 2220 1835 2290 agenda.

626 2495 763 2550 llnic
793 2493 1099 2562 purgationi
1164 2494 1356 2548 beatus
1409 2492 1570 2548 etiam
1623 2493 1864 2548 concinit
1917 2493 2121 2553 Paulus

551 2591 739 2644 dicens
761 2605 776 2641 :
803 2585 1250 2655 Qualeqcujusque
1271 2564 1398 2653 opus
1412 2596 1510 2646 est,
1534 2586 1669 2654 ignis
1681 2587 1892 2654 probat;
1913 2588 1959 2640 si
1973 2589 2123 2656 cujus

551 2694 684 2748 opus
708 2677 1311 2741 arserit,dctrimentum
1337 2676 1590 2743 patietur,
1624 2679 1707 2729 hic
1739 2689 1916 2730 autem
1946 2680 2120 2732 salva-

559 2772 724 2834 bitur,
746 2769 820 2822 sic
863 2781 1044 2820 autem
1063 2769 1222 2834 quasi
1258 2783 1351 2836 per
1409 2769 1576 2837 ignem
1598 2769 1665 2823 “‘.
1691 2769 1865 2839 Opera
1907 2772 2118 2840 quidem

557 2859 804 2914 ardentia
834 2860 1020 2912 dicens
1059 2857 1223 2932 facile
1252 2853 1669 2928 conflagrantem
1725 2863 1970 2916 inccndio
1999 2879 2111 2915 rna-

561 2949 753 3005 teriam
781 2967 797 3002 :
825 2950 1108 3018 quam~qui
1145 2950 1567 3016 mdiﬁcauerunt,
1598 2951 1811 3019 penitus
1831 2954 2119 3008 ardebunt.

556 3041 956 3095 Detrimentum
1012 3042 1158 3093 enim
1200 3055 1357 3107 passa
1398 3052 1523 3096 sunt
1555 3043 1734 3096 omnia
1766 3044 1980 3098 illorum
2006 3054 2122 3098 stu-

557 3133 669 3198 dia,
700 3141 754 3186 et
786 3133 905 3186 sine
939 3131 1046 3185 ullo
1087 3131 1190 3185 ﬁne
1223 3132 1588 3186 torrebuntur.
1631 3133 1802 3202 Opera
1845 3149 2126 3202 vero,quac

557 3223 1081 3292 superatdiﬁcantur,
1152 3221 1274 3277 ﬁdei
1303 3223 1510 3278 scilicet
1537 3233 1593 3278 et
1636 3240 1757 3293 quae
1788 3236 2124 3295 permanent,

564 3313 781 3368 virtutis
847 3313 1034 3367 dicens
1063 3327 1250 3382 opera,
1297 3314 1481 3382 qualia
1519 3312 1665 3382 iuxta
1724 3314 2123 3382 proportionem

554 3412 692 3460 sunt
747 3417 962 3467 aurum,
1020 3412 1300 3471 argentum
1345 3411 1408 3458 et
1467 3404 1685 3471 pretiosi
1748 3403 1975 3472 lapides,
2010 3417 2129 3471 quae

561 3496 652 3564 qui
684 3494 988 3565 perfecerit,
1015 3495 1317 3548 mercedem
1345 3504 1541 3559 sumet,
1609 3494 1836 3548 salutem
1895 3495 2125 3548 scilicet.

565 3588 819 3656 Sequitur
869 3585 1045 3638 enim:
1101 3583 1204 3637 llic
1240 3594 1415 3637 autem
1467 3586 1775 3640 saloabitur.
1851 3583 2046 3640 Verum
2075 3593 2132 3640 et

565 3680 677 3745 ipse
708 3685 828 3731 cum
885 3675 1090 3740 dolore,
1139 3684 1199 3728 ut
1233 3676 1440 3729 scilicet
1484 3691 1579 3746 per
1628 3682 1802 3747 ignem
1835 3678 2128 3740 transicits,

557 3770 931 3837 purgatusque
992 3781 1022 3819 a
1047 3766 1196 3819 brevi
1227 3765 1330 3820 sibi
1360 3767 1532 3822 inusta
1575 3770 1802 3823 macula.
1836 3770 1924 3823 Dei
1980 3771 2127 3824 enim
2194 3752 2214 3768 ⁸

558 3868 647 3912 est
673 3858 897 3912 omnino
925 3858 1043 3910 sine
1071 3865 1297 3924 peccato
1331 3872 1471 3912 esse.
1524 3858 1598 3912 De
1631 3861 1931 3916 hominibus
1982 3875 2128 3927 vero,

560 3951 912 4021 quantumvis
968 3949 1076 4003 sint
1126 3949 1332 4012 mundi,
1379 3949 1581 4003 dictum
1624 3961 1712 4004 est
1743 3969 1758 4005 :
1793 3952 2055 4016 Quoniam
2075 3953 2132 4006 in

563 4042 744 4095 multis
764 4039 1074 4108 offendimus
1093 4053 1267 4091 omnes
1286 4039 1353 4104 ";
1378 4039 1619 4105 et,Nemo
1639 4041 1862 4095 mundus
1878 4058 1910 4095 a
1925 4052 2132 4110 peccato

566 4147 728 4200 neque
755 4130 936 4198 infans
965 4129 1122 4183 unius
1144 4129 1248 4182 diei
1272 4129 1341 4181 ⁸⁸.
1364 4128 1573 4184 Dictum
1595 4140 1677 4184 est
1705 4142 1881 4184 autem
1907 4143 1960 4184 et
1991 4133 2132 4200 apud

567 4222 924 4290 Malachiam:
970 4220 1254 4286 Quoniam,
1321 4221 1456 4275 sicut
1509 4221 1646 4291 ignis
1690 4227 1746 4274 in
1810 4222 2044 4290 fornace,
2083 4233 2133 4276 et

567 4315 704 4368 velut
735 4314 893 4367 herba
921 4311 1205 4379 fullonum,
1234 4310 1502 4383 conﬂabit,
1543 4323 1591 4367 et
1630 4313 1932 4366 emundabit
1977 4330 2134 4385 quos.

569 4413 692 4460 dam
712 4407 784 4461 σθ.

2227 1941 2410 2010 μενος,
2461 1944 2558 1996 καὶ
2602 1945 2774 2015 ταύτῃ
2801 1935 2893 2000 ’τὰ
2927 1947 3024 2015 τῆς
3063 1949 3340 2002 ὲπωδύνου
3381 1949 3689 2016 καθάρσεως
3716 1947 3768 1996 ἐν

2227 2032 2543 2104 βραχυτέρῳ
2592 2038 2894 2107 συγχωρῶν
2941 2039 3277 2110 διαστήματι
3329 2041 3423 2093 ἐπὶ
3469 2040 3564 2108 τὴν
3613 2054 3768 2107 μακε-

2229 2123 2456 2198 ριότητα
2491 2126 2868 2192 μεταϐιϐάζει,
2903 2131 2977 2198 μὴ
3001 2129 3223 2198 ἔχοντας
3253 2130 3446 2184 σπῖλον
3501 2131 3534 2200 ἢ
3578 2128 3765 2198 ῥυτίδα.

2243 2215 2368 2267 Ἐπὶ
2399 2215 2608 2270 τούτων
2637 2217 2748 2288 γὰρ
2781 2218 2850 2272 τὰ
2892 2221 3033 2290 ὑπὲρ
3061 2221 3170 2275 τῶν
3198 2222 3541 2292 τεθνηκότων
3575 2234 3773 2290 πρεσει-

2229 2307 2453 2376 ληπται.
2539 2375 2558 2390 1
3014 2327 3016 2330 ν

2228 2498 2340 2552 bat.
2379 2497 2482 2554 Per
2521 2503 2664 2557 enim
2720 2501 3004 2558 transitum
3050 2501 3342 2572 quemdam
3391 2503 3774 2574 motumquesi-

2227 2587 2464 2656 gniﬁcat.
2499 2589 2631 2644 Eum
2683 2606 2830 2655 vero.
2861 2592 2952 2661 qui
2995 2589 3158 2645 semel
3200 2591 3252 2644 in
3313 2596 3569 2662 gehennze
3615 2595 3773 2660 ignem

2226 2677 2455 2745 injectus
2487 2679 2671 2746 fuerit,
2721 2695 2938 2735 manere
2992 2693 3203 2749 semper
3235 2683 3290 2734 in
3326 2697 3394 2736 eo
3447 2697 3664 2737 necesse
3686 2691 3772 2734 est.

2296 2773 2590 2826 Attesmtur
2617 2774 2698 2827 his
2721 2783 2776 2829 et
2793 2776 2945 2830 divus
2961 2773 3404 2846 Chrysostomus,
3423 2777 3474 2830 in
3497 2785 3678 2847 quarta
3699 2789 3776 2827 su-

2229 2877 2324 2930 per
2355 2862 2662 2918 Matthteum
2705 2864 2948 2927 ltomilia,
2995 2863 3176 2920 Sancti
3222 2870 3457 2937 quidem,
3492 2868 3674 2938 inquit,
3701 2881 3779 2931 per

2226 2954 2424 3022 ignium
2453 2956 2646 3023 [lumen
2662 2959 2980 3025 gradientes,
3016 2959 3146 3012 nihil
3170 2960 3322 3014 triste
3354 2961 3642 3029 patientur,
3664 2959 3775 3022 imo,

2230 3045 2351 3097 inde
2377 3045 2626 3099 clariores
2650 3048 2810 3100 etiam
2844 3048 3145 3103 reddentur.
3178 3048 3416 3108 Sanctos
3478 3051 3656 3105 ﬁdeles
3703 3049 3778 3102 di-

2229 3137 2324 3198 cit,
2375 3139 2466 3204 qui
2519 3137 2636 3194 siue
2682 3139 2998 3194 mortalibus
3053 3141 3290 3209 peccatis
3324 3149 3512 3198 sancte
3557 3143 3782 3212 justeque

2229 3230 2512 3298 vixerunt;
2571 3230 2669 3286 hos
2729 3233 2896 3296 enim,
2939 3233 3033 3301 qui
3097 3233 3167 3286 ita
3239 3233 3468 3300 vivunt,
3525 3231 3782 3300 Scriptura

2227 3326 2439 3372 sanctos
2473 3327 2652 3374 vocat.
2687 3318 2752 3373 Et
2783 3323 2923 3390 quod
2959 3323 3086 3374 item
3113 3321 3315 3377 dicitur
3340 3337 3360 3374 :
3393 3321 3454 3377 Si
3495 3323 3672 3390 justus
3711 3319 3783 3372 eis:

2226 3410 2543 3478 salvabitur,
2573 3424 2820 3478 peccator
2856 3413 2944 3465 ubi
2985 3412 3188 3480 parebit
3218 3412 3265 3444 ⁷⁸
3293 3414 3318 3467 1
3362 3415 3430 3468 ad
3486 3416 3619 3467 lianc
3650 3410 3788 3464 intel-

2227 3500 2503 3568 ligentiam
2551 3505 2765 3558 ducitur
2822 3517 2918 3572 per
2942 3517 3066 3557 eum
3096 3504 3190 3574 qui
3241 3505 3332 3559 vix
3364 3506 3622 3568 salvatur,
3653 3501 3785 3556 illum

2229 3593 2638 3660 commendans,
2666 3595 2754 3663 qui
2789 3608 2883 3662 per
2935 3595 3310 3664 purgationem
3359 3595 3536 3651 salute
3585 3592 3787 3649 fruitur.

2301 3683 2526 3748 Quidam
2559 3685 2721 3738 etiam
2755 3685 2893 3752 apud
2925 3698 3023 3738 nos
3051 3684 3249 3739 dictum
3286 3687 3418 3741 illud
3456 3684 3787 3755 apostolicum

2229 3787 2504 3843 exponens
2554 3774 2674 3827 ait:
2718 3771 2784 3827 In
2835 3775 3158 3841 expositione
3193 3771 3359 3830 Isaia:
3397 3783 3614 3830 sanctus
3652 3772 3789 3826 Busic

2231 3862 2333 3914 lius
2379 3862 2536 3930 hujus
2581 3861 2708 3916 dicti
2754 3864 3068 3915 mentionem
3117 3865 3350 3919 secundo
3399 3865 3618 3934 faciens,
3638 3864 3792 3930 ipsum
3854 3905 3862 3915 .

2231 3968 2326 4021 pro
2375 3954 2684 4023 purgatione
2734 3955 2982 4021 suscepit.
3008 3952 3068 4007 ln
3120 3953 3262 4008 hanc
3323 3954 3795 4026 intelligentiamct

2231 4043 2504 4112 Nyssenus
2564 4043 2861 4113 Gregorius
2911 4045 3113 4098 dictum
3187 4047 3525 4113 explanavit.
3572 4045 3794 4109 Quorum

2233 4135 2521 4188 verborum
2545 4137 2649 4186 vim
2681 4134 2898 4202 quidam
2933 4149 3039 4188 non
3071 4136 3462 4204 intelligentes,
3496 4140 3653 4191 linem
3687 4141 3796 4202 post

2229 4225 2488 4293 judicium
2515 4226 2763 4280 ultimum
2797 4226 2982 4279 azterni
3015 4227 3291 4281 cruciatus
3343 4230 3528 4284 dicere
3557 4235 3794 4296 putarunt

2238 4316 2290 4369 in
2344 4317 2518 4385 ipsam
2581 4314 2989 4384 intelligentiam
3045 4325 3101 4370 et
3158 4315 3566 4373 Occidentalcm
3622 4315 3792 4369 Eccleo

2231 4406 2397 4478 slain,
2450 4409 2574 4476 quia
2609 4408 2900 4476 purgatorii
2931 4406 3072 4475 ignis
3123 4417 3248 4460 ante
3280 4409 3532 4463 ultimum
3565 4409 3796 4463 Salvato-

629 4498 706 4553 -Et
733 4506 899 4562 certe,
957 4497 1004 4553 si
1036 4499 1293 4568 gehennae
1345 4499 1517 4567 ignem
1575 4497 1661 4552 hic
1723 4497 1889 4552 voluit
1932 4498 2131 4564 dicere,
2161 4496 2214 4556 D
2242 4499 2317 4553 ris
2345 4498 2635 4554 adventum
2670 4500 3046 4569 purgationem
3099 4501 3381 4568 praedicat,
3414 4519 3521 4573 qua
3579 4501 3794 4557 sublata.

559 4590 842 4660 quomodo
866 4589 1125 4658 possibile
1171 4597 1253 4646 est
1280 4589 1450 4657 utqui
1485 4591 1536 4641 in
1565 4604 1686 4642 eum
1723 4591 1921 4644 missus
1949 4588 2133 4653 fuerit,

565 4683 744 4737 salute
782 4682 1059 4752 potiatur?
1088 4679 1142 4734 ln
1171 4696 1234 4735 eo
1253 4681 1450 4751 quippe
1479 4681 1622 4734 nulla
1649 4691 1735 4734 est
1764 4681 1959 4734 salutis
1987 4695 2132 4748 spes.

565 4774 793 4829 Constat
821 4774 983 4844 igitur
1006 4773 1077 4828 dc
1110 4773 1230 4842 igne
1271 4781 1536 4841 purgante
1571 4780 1623 4825 et
1652 4771 1933 4840 probante,
1987 4773 2136 4826 velut

567 4879 759 4920 aurum
792 4864 844 4919 in
869 4864 1114 4928 fornace,
1145 4878 1241 4917 eos
1263 4865 1354 4932 qui
1387 4865 1440 4916 in
1461 4861 1611 4916 illum
1640 4863 2028 4928 immittuntur,
2065 4866 2138 4918 illi

566 4971 870 5014 sermonem
903 4972 1042 5012 esse.
1105 4955 1238 5009 Nam
1300 4957 1559 5024 gebenna:
1594 4955 1731 5024 ignis
1759 4970 1934 5024 neque
1986 4972 2140 5009 ιιιιιιιο

569 5050 716 5104 dabit
745 5049 976 5117 aliquos,
1010 5059 1186 5115 neque
1214 5047 1479 5113 probabit.

635 5141 790 5207 Quod
819 5140 864 5193 si
888 5140 1105 5208 quidam
1136 5145 1482 5202 sanctorum,
1515 5136 1660 5206 quod
1681 5137 1880 5192 dictum
1904 5149 2007 5204 est,
2039 5143 2146 5194 sal-

566 5235 774 5288 uabitur
798 5230 955 5285 veluti
975 5244 1065 5298 per
1084 5227 1340 5300 ignem”,
1371 5229 1423 5282 itt
1451 5229 1572 5297 igne
1598 5232 1852 5295 manebit,
1872 5238 2142 5300 eXposuit,

569 5327 700 5379 nihil
724 5324 1055 5377 contrarium
1079 5329 1192 5386 est;
1215 5320 1304 5387 qui
1334 5319 1476 5374 enim
1509 5329 1831 5388 purgaturet
1858 5326 2136 5392 probatur,

569 5414 968 5484 quantumlibet
1001 5413 1052 5464 in
1085 5425 1150 5464 eo
1199 5411 1340 5478 quod
1372 5424 1429 5464 se
1476 5413 1665 5479 pmbat
1692 5419 1743 5466 et
1799 5425 2011 5482 purgat,
2043 5431 2135 5470 ue-

570 5525 723 5562 cesse
754 5516 833 5558 est
866 5509 1100 5564 maneat,
1137 5507 1193 5552 ut
1223 5500 1409 5554 sordes
1439 5512 1621 5568 ponat.
1660 5501 1939 5572 Simulque
1989 5507 2131 5574 quod

572 5601 772 5653 dictum
809 5604 910 5656 est,
950 5607 1041 5657 per
1083 5593 1273 5656 ignem,
1307 5592 1356 5645 id
1408 5592 1552 5660 quod
1603 5594 1852 5660 dicimus,
1891 5611 2137 5665 compro-

644 5716 688 5746 ⁸⁸
724 5714 740 5764 ι
801 5711 950 5772 Ωον..
986 5725 1066 5772 ιιι,
1101 5709 1285 5765 1546.
1361 5709 1543 5766 "Jac.
1580 5727 1661 5776 ιιι,
1687 5711 1739 5766 2.

575 5787 618 5817 ⁷³
649 5784 670 5836 1
697 5781 840 5834 l’ctr.
882 5795 956 5842 ιν,
991 5781 1074 5833 l8.

1818 5713 1861 5747 ⁸⁸
1883 5713 2006 5768 Job.
2038 5702 2146 5779 τιν’,
2176 5715 2228 5778 4,
2246 5731 2356 5769 sec.
2378 5713 2536 5769 LXX.

2244 4591 2475 4659 plurima
2517 4591 2752 4645 absurda
2802 4590 2955 4660 sequi
3006 4605 3225 4646 necesse
3254 4603 3381 4648 est:
3424 4609 3454 4646 a
3481 4593 3680 4647 nostris
3699 4589 3798 4642 cul—

2244 4691 2418 4749 patill‘,
2452 4682 2600 4749 quasi
2633 4693 2753 4750 post
2789 4681 3050 4750 judicium
3099 4684 3258 4736 ﬁnem
3309 4686 3652 4739 cruciatuum
3695 4681 3800 4734 fore

2245 4772 2547 4829 afﬁrmans.
2587 4773 2691 4827 Sed
2739 4773 2927 4828 falsum
2979 4775 3220 4843 profecto
3268 4786 3375 4840 est,
3416 4777 3491 4832 ita
3521 4779 3661 4830 illam
3685 4789 3801 4829 seu-

2246 4868 2392 4929 tire;
2429 4866 2583 4927 adeo,
2619 4866 2742 4922 utsi
2793 4866 2882 4936 qui
2922 4868 3024 4921 hoc
3059 4878 3243 4936 aperte
3297 4869 3511 4923 sentire
3566 4853 3802 4934 compro—

2246 4958 2462 5020 bautur,
2483 4972 2575 5011 eos
2600 4971 2630 5010 a
2660 4971 2722 5012 se
2764 4957 3069 5022 abscindat,
3095 4973 3274 5030 neque
3321 4961 3446 5016 illos
3468 4963 3536 5015 ad
3573 4971 3804 5014 commu-

2247 5049 2458 5102 nionem
2479 5059 2943 5104 sacramentorum
2972 5051 3240 5107 admittat.
3272 5052 3442 5124 quue
3469 5053 3798 5123 perspicuum

2249 5147 2331 5192 est
2359 5147 2415 5192 et
2462 5154 2527 5191 ex
2585 5139 2821 5208 antiquis
2867 5149 3008 5194 etex
3041 5141 3357 5209 junioribus
3407 5144 3554 5198 illius
3574 5139 3806 5196 Ecclesia

2250 5231 2580 5294 doctoribus,
2612 5238 2668 5284 ut
2696 5245 2760 5285 ex
2801 5231 2884 5284 his
2919 5247 3036 5299 qua:
3073 5233 3128 5285 in
3159 5241 3402 5287 nostram
3439 5233 3681 5289 Grrecam
3707 5227 3807 5282 sri-

2248 5322 2372 5376 licet
2421 5323 2656 5391 linguam
2709 5321 2834 5376 inde
2891 5323 3151 5377 translata
3205 5333 3352 5388 sum,
3386 5327 3433 5378 si
3459 5327 3588 5394 quis
3639 5324 3806 5389 legere

2249 5413 2498 5476 voluerit,
2524 5412 2932 5466 animadvertet.
2959 5411 3063 5467 Sed
3093 5415 3206 5468 haec
3233 5416 3526 5471 hactenus.

2466 5501 2539 5555 De
2572 5504 2839 5556 sacerdote
2875 5504 3083 5556 diaconi
3117 5505 3338 5572 oﬁicium
3371 5507 3640 5574 implente.

2316 5592 2382 5645 Et
2409 5592 2538 5645 illud
2573 5594 2698 5647 item
2729 5595 3090 5663 adjiciendum
3127 5607 3228 5661 est,
3259 5599 3403 5663 quod
3445 5612 3568 5651 cum
3608 5597 3675 5650 sit
3702 5593 3808 5648 sine

2616 5713 2658 5744 °°
2698 5712 2924 5768 Malarh.
2963 5730 3042 5781 ιιι,
3072 5714 3128 5780 2,
3162 5717 3213 5773 5.
3293 5715 3337 5745 ⁷⁰
3372 5715 3390 5768 ι
3428 5715 3556 5770 Cor.
3610 5729 3691 5780 ttt,
3731 5707 3808 5762 l5.
