4052 6470
321 420 422 479 237

1360 413 1780 474 .ADV’ERSUS
1817 411 2133 479 GRAECOS
2161 413 2308 474 LIB.
2353 414 2428 474 iV

3451 407 3558 470 238

326 524 576 588 crimine,
610 523 854 594 culpatur
881 530 1058 578 tamen
1086 537 1114 576 a
1147 524 1370 578 nostris.
1404 524 1519 578 Hoc
1569 533 1746 577 autem
1779 530 1880 578 est.
1916 526 1959 580 Α
1993 523 2128 589 Quia
2169 525 2308 578 enim
2341 523 2703 579 sacerdotium
2757 536 2947 576 omnes
2979 521 3082 577 sub
3127 534 3185 574 se
3215 518 3412 590 gradus
3432 531 3566 571 con

327 619 466 685 quod
506 616 559 668 in
603 615 878 670 oﬂ‘erendo
903 613 1175 678 sa’eriﬁcio
1211 615 1465 669 sacerdos
1499 630 1640 684 srrpe
1677 611 1886 668 diaconi

329 710 502 774 CXpiel
554 708 932 763 ministerium.
960 705 1205 774 improbe
1231 722 1380 762 sane.
1413 706 1666 772 ignorant
1724 706 1891 779 enim,

329 800 455 866 quia
488 801 532 852 is
570 801 782 868 quidem
838 799 952 866 qui,
989 798 1130 864 quod
1159 801 1331 867 majus
1383 808 1485 863 est,
1517 799 1701 857 habet.
1733 796 1893 848 etiam

333 890 476 959 quod
512 891 686 943 minus
711 899 790 944 est
838 890 1077 959 ejusdem
1105 890 1324 956 generis
1357 891 1520 946 habet
1570 887 1894 944 necessario.

336 982 450 1038 Non
483 990 660 1035 autem
691 995 722 1036 e
747 995 1027 1043 converso.
1057 981 1220 1050 quue
1261 982 1440 1036 omnia
1491 980 1902 1049 inspicientibns

335 1075 621 1128 constabit.
658 1073 834 1128 Homo
863 1073 1006 1128 enim
1037 1074 1354 1128 rationalem
1383 1073 1594 1128 habens
1635 1073 1897 1132 animum,

339 1165 649 1222 sensibilem
695 1180 907 1236 quoque
965 1174 1019 1220 et
1073 1165 1426 1235 vegetabilem
1471 1166 1571 1220 sub
1605 1179 1668 1220 ea
1723 1163 1906 1218 habet.

337 1257 526 1323 Neque
552 1265 731 1312 tamen
770 1272 902 1329 quas.
943 1257 1224 1326 vegetabili
1278 1253 1458 1314 anima
1512 1264 1758 1319 utuntur,
1790 1269 1914 1310 sen-

342 1351 486 1405 sibili
509 1353 679 1426 etiam
704 1361 756 1404 et
805 1350 1052 1405 rationali
1080 1350 1378 1417 potiuntur.
1412 1352 1592 1419 Atque
1621 1349 1805 1404 itid'Cm
1855 1347 1910 1400 in

344 1443 484 1504 aliis.
520 1443 635 1497 sive
660 1443 928 1508 humana;
950 1443 1064 1497 sive
1095 1442 1274 1497 divina
1323 1443 1590 1512 inspicere
1616 1442 1737 1507 quis
1762 1442 1914 1497 velit.

345 1530 546 1600 Nempe
568 1539 620 1586 et
653 1531 911 1586 Dominus
940 1532 1236 1587 secundum
1271 1532 1542 1586 hominem
1569 1531 1778 1600 primus
1817 1522 1916 1585 ex-

347 1620 572 1684 sistens,
601 1629 654 1674 et
691 1620 966 1675 maximus
1024 1621 1300 1683 sacerdos,
1337 1634 1442 1678 non
1492 1621 1635 1686 ideo,
1665 1621 1789 1690 quia
1821 1620 1923 1674 mi-

357 1708 516 1763 nistri
572 1710 838 1772 habitum.
884 1720 941 1766 et
1010 1711 1376 1768 ministerium
1441 1713 1606 1782 pedes
1660 1712 1935 1767 abluendo

353 1800 717 1867 monstravit,
762 1801 1053 1855 sacerdotii
1116 1802 1361 1856 confudit
1417 1803 1684 1857 ordinem.
1723 1803 1789 1856 Et
1837 1802 1926 1858 hic

356 1891 522 1960 igitur
554 1894 827 1956 sacerdos,
869 1893 1125 1961 quoniam
1161 1894 1434 1949 inferioris
1474 1895 1760 1949 sacerdoti]
1802 1909 1926 1964 gra-

356 1985 458 2035 dus
486 1983 540 2037 in
598 1983 773 2052 seipso
819 1985 1080 2049 continet,
1108 1985 1491 2053 constat,quia
1538 1984 1791 2038 omnibus
1811 1999 1931 2054 qua

357 2077 461 2130 Sub
489 2089 546 2130 se
574 2086 715 2142 sunt,
744 2076 1210 2144 legitime‘utetur.

431 2167 544 2223 Non
569 2177 742 2224 tamen
764 2168 906 2223 illius
925 2169 1170 2226 ordinem
1201 2169 1456 2223 diaconus
1487 2167 1710 2238 implere
1736 2177 1930 2237 pote5t.

361 2262 479 2320 Nisi
505 2265 648 2320 'euim
688 2281 784 2321 eos
812 2267 901 2336 qui
933 2267 1033 2321 sub
1064 2267 1178 2332 ipso
1211 2275 1356 2333 sunt,
1396 2267 1592 2334 gradus
1618 2267 1937 2329 contineret,
1973 2270 1980 2273 ’

358 2356 601 2426 profecto
627 2371 798 2427 neque
825 2373 1059 2422 unquam
1089 2358 1226 2426 apud
1258 2371 1317 2412 se
1348 2358 1588 2412 omnium
1623 2356 1783 2410 simul
1815 2373 1938 2428 gra-

368 2446 530 2499 duum
567 2448 916 2502 ministerium
937 2449 1186 2517 impleret
1219 2447 1504 2514 sacerdos;
1527 2447 1784 2517 quoniam
1809 2463 1939 2503 vero

375 2538 572 2606 implet,
603 2548 837 2606 consmt,
886 2541 1014 2609 quia
1049 2541 1167 2595 illos
1205 2540 1433 2605 habens,
1468 2541 1763 2597 secundum
1821 2540 1942 2594 illos

384 2631 537 2683 etiam
561 2633 861 2688 ministrare
886 2641 1082 2704 potest.
1117 2632 1210 2687 Est
1239 2634 1382 2687 enim
1412 2633 1783 2688 irrationabilc
1827 2648 1943 2689 om-

385 2719 472 2773 nia
503 2721 648 2775 s'tnul
680 2723 891 2791 quidem
919 2723 1094 2778 facere
1116 2725 1460 2794 permittere;
1495 2726 1728 2779 discrete
1759 2732 1937 2779 autem

379 2829 483 2868 non
525 2815 615 2882 ita,
657 2830 778 2870 eum
834 2815 963 2870 nihil
1005 2816 1098 2879 sit,
1141 2817 1284 2886 quod
1346 2817 1648 2886 prohibeat.
1695 2817 1853 2886 Atqui
1907 2831 1936 2869 a

377 2905 584 2960 diaconi
633 2906 768 2961 stola
813 2906 1048 2977 dignitas
1076 2906 1427 2962 sacerdotalis
1459 2921 1564 2962 non
1618 2907 1939 2961 excluditur.

375 2993 493 3048 Non
527 2996 660 3050 enim
699 2997 799 3050 sibi
825 2995 1053 3052 invicem
1082 2996 1178 3050 ista
1212 2996 1482 3050 contraria
1517 3006 1667 3058 sunt,
1711 3006 1768 3050 ut
1823 3011 1943 3050 cum

379 3086 606 3141 alterum
638 3089 725 3150 sit,
756 3092 981 3161 alterum
1021 3102 1142 3145 esse
1191 3102 1297 3142 non
1343 3088 1534 3157 possit.
1578 3087 1764 3156 Neque
1810 3087 1945 3141 stola

1995 619 2149 684 tinet,
2175 628 2391 672 constat
2420 619 2472 672 in
2505 632 2608 670 una
2643 631 2871 687 persona
2913 629 3035 685 qua:
3075 614 3208 667 alios
3264 611 3564 672 contineat.

1997 711 2207 776 majore
2254 712 2488 770 sublato.
2543 721 2597 766 et
2636 711 2738 764 alia
2773 709 2935 764 simul
2981 707 3202 763 auferri.
3253 704 3406 760 Sicut
3438 718 3564 758 cum

2000 801 2278 854 rationalis
2304 803 2483 855 anima
2515 810 2802 870 separatur
2827 817 2856 856 a
2884 816 3130 870 corpore,
3151 799 3325 854 otiosa
3353 797 3564 866 reliqua

2001 903 2057 947 et
2097 893 2298 946 inutilia
2331 893 2485 959 ﬁunt,
2517 903 2569 948 et
2606 894 2961 963 quorumdam
2992 893 3297 946 sacerdotio
3331 890 3577 950 sublato,

2003 1000 2111 1040 non
2145 985 2481 1052 permittitur
2505 986 2589 1038 his
2613 986 2694 1040 vel
2721 985 2935 1039 diaconi
2965 983 3049 1039 vel
3081 983 3395 1038 subtliacooi
3442 995 3568 1051 gra-

2007 1074 2136 1128 dum
2190 1073 2492 1139 continere,
2540 1083 2704 1142 atque
2741 1075 2884 1128 illius
2937 1074 3162 1143 implere
3186 1057 3570 1126 ministerium.

2011 1163 2116 1218 Sed
2146 1172 2197 1218 et
2235 1165 2390 1218 aliter
2427 1164 2660 1220 Ecclesia
2705 1166 2952 1233 prohibet
2997 1180 3091 1220 eos
3149 1165 3238 1235 qni
3285 1163 3574 1218 sacerdotii

2013 1257 2273 1312 deserunt
2314 1257 2566 1326 gradum,
2601 1257 2866 1312 minorem
2902 1272 3116 1326 quoque
3159 1257 3302 1326 apud
3342 1272 3402 1312 se
3447 1257 3616 1310 reti-'
3663 1301 3673 1325 ._

2017 1363 2168 1403 nere.
2201 1348 2384 1416 Neque
2420 1348 2564 1403 enim
2603 1348 2875 1411 deessent,
2919 1349 3008 1418 qui
3043 1350 3123 1404 vel
3154 1356 3369 1418 propter
3411 1362 3582 1402 cano.
3668 1335 3678 1390 Ὗ

2021 1441 2106 1496 nis
2151 1439 2492 1503 facilitatem,
2545 1440 2627 1494 vel
2693 1441 2792 1496 sibi
2857 1443 3113 1496 honorem
3187 1449 3584 1506 comparantes,

2021 1546 2180 1602 quem
2213 1531 2360 1597 solisj
2391 1530 2634 1587 diaconis
2674 1532 2876 1588 habere
2931 1533 3075 1595 licet,
3121 1531 3236 1585 sive
3259 1531 3424 1584 etiam
3468 1530 3590 1584 aliis

2024 1625 2350 1695 quibusdam
2400 1625 2620 1680 casibus
2677 1624 3042 1680 sacerdotium
3071 1623 3296 1678 omnino
3317 1626 3589 1688 deserere,

2028 1704 2182 1786 quasi
2215 1718 2522 1774 sacerdotes
2575 1719 2646 1773 ab
2680 1717 2838 1772 ioitio
2873 1715 3174 1772 consecrati
3234 1730 3338 1769 non
3387 1722 3594 1778 essent,

2030 1827 2094 1867 ac
2142 1813 2491 1868 diaconorum
2542 1811 2804 1882 dignitate
2858 1811 2936 1865 uti
2984 1825 3088 1865 non
3143 1809 3362 1864 vellent.
3384 1807 3458 1861 Ex
3486 1820 3596 1876 quo

2033 1903 2336 1960 ministeria
2371 1901 2741 1958 ecclesiastica
2777 1899 3031 1955 confundi
3063 1909 3224 1969 atque
3272 1897 3463 1952 ordine
3506 1910 3598 1949 ca-

2033 2010 2153 2051 rere
2183 1995 2539 2062 coutingeret,
2573 1991 2822 2060 singulis,
2854 2006 2973 2060 quae
2993 1990 3092 2045 sibi
3132 1989 3368 2060 gratiora
3395 1995 3599 2049 essent,

2033 2083 2376 2156 eligentibus.
2415 2082 2547 2137 Eam
2586 2096 2714 2135 vero
2752 2078 3305 2159 licentiam_Ecclesia
3336 2078 3600 2134 coercuit.

2235 2174 2308 2229 De
2344 2175 2548 2229 duobus
2585 2172 2842 2228 Romanis
2873 2172 3203 2243 pontiﬁcibus
3227 2171 3367 2242 (85).

2106 2270 2395 2326 Enimvero
2453 2271 2544 2340 qui
2626 2267 3060 2324 dissensionibus
3124 2265 3390 2335 gaudent,
3473 2263 3604 2317 illud

2038 2375 2251 2433 quoque
2291 2362 2679 2426 criminantur,
2717 2360 2860 2430 quod
2886 2367 3029 2412 nunc
3064 2355 3373 2412 Occidentis
3419 2353 3607 2411 Eccle~

2040 2454 2174 2507 siam
2229 2453 2335 2508 dno
2363 2461 2530 2522 agunt
2589 2450 2890 2520 pontilices,
2934 2448 3096 2504 ambo
3153 2463 3248 2517 per
3299 2454 3488 2516 gentes
3552 2455 3608 2500 et

2041 2557 2234 2614 genera
2274 2543 2457 2607 divisi,
2507 2540 2662 2611 quasi
2693 2555 2801 2596 non
2833 2540 2938 2595 hoc
2984 2539 3159 2608 ipsum
3190 2538 3270 2594 eis
3301 2551 3444 2606 saepe
3471 2550 3606 2590 con-

2043 2635 2245 2706 tigerit.
2278 2634 2433 2701 Quod
2479 2634 2523 2688 si
2558 2635 2718 2687 ambo
2746 2631 3133 2688 ecclesiasticis
3160 2645 3265 2684 non
3292 2629 3608 2691 utebantur,

2044 2731 2174 2785 illud
2202 2728 2423 2785 omnino
2476 2725 2532 2782 in
2577 2740 2739 2781 causa
2769 2732 2853 2780 est
2905 2723 3050 2793 quod
3083 2722 3322 2779 conclusi
3369 2721 3614 2790 undique

2045 2821 2175 2886 sint,
2220 2833 2395 2889 neque
2419 2831 2478 2873 se
2526 2817 2780 2872 Ecclesiae
2829 2826 3033 2870 nostra:
3080 2812 3154 2868 ita
3208 2811 3464 2866 extendat
3515 2827 3614 2864 au-

2047 2914 2292 2980 ctoritas,
2323 2909 2593 2967 hostiliter
2623 2919 2802 2971 tamen
2836 2905 3192 2963 nihilominus
3224 2904 3403 2960 aﬁ‘ecti
3433 2913 3612 2958 erant.

2049 3004 2368 3073 Quanquam
2415 3015 2544 3057 vero
2591 2999 2924 3056 istud-nemo
2956 2997 3057 3052 rite
3115 2995 3455 3061 laudaverit;
3489 3009 3613 3050 cum

2052 3109 2230 3151 tamen
2271 3109 2357 3148 res
2388 3094 2459 3146 ita
2507 3105 2568 3147 se
2602 3089 2964 3156 habeat,circa
2994 3102 3084 3144 res
3114 3096 3319 3143 tantum
3351 3085 3618 3142 Occiden-

377 3178 615 3243 diaconi,
659 3193 817 3236 causa
888 3179 1304 3234 sacerdotalinm
1377 3177 1642 3246 graduum
1707 3178 1942 3233 exsistit.

2051 3188 2119 3244 tis
2150 3193 2396 3243 versatur
2424 3184 2524 3238 ista
2549 3181 2839 3247 dissensio,
2867 3179 3002 3235 ﬁdes
3031 3186 3207 3233 autem
3241 3177 3486 3245 utrisque
3505 3191 3613 3230 una

382 3271 489 3324 Sed
529 3271 718 3324 horum
765 3271 960 3339 gratia,
995 3271 1161 3325 etiam
1198 3269 1352 3326 stola:
1388 3268 1692 3324 diﬁ'erentia
1744 3270 1948 3324 haben-

384 3362 528 3414 tibus
557 3361 836 3415 distributa
865 3369 966 3416 εει.

457 3452 608 3518 Quod
641 3453 685 3508 si
719 3467 808 3506 eos
834 3453 923 3521 qui
953 3452 1052 3507 sub
1085 3466 1143 3506 se
1184 3458 1329 3513 sunt,
1389 3452 1442 3504 in
1475 3451 1653 3519 seipse
1697 3448 1952 3505 sacerdos

391 3548 591 3616 gradus
638 3546 914 3609 continet,
964 3550 1173 3597 constat
1228 3542 1392 3611 quia,
1456 3544 1672 3608 quando
1743 3538 1953 3594 diaconi

388 3639 612 3693 seorsim
649 3637 831 3706 implet
871 3635 1251 3697 ministerium,
1287 3634 1413 3689 licet
1443 3633 1516 3687 illi
1561 3633 1754 3689 stolam
1790 3631 1954 3684 etiam

391 3730 543 3785 illius
568 3729 734 3783 indui.
764 3727 933 3782 Aliter
964 3735 1144 3780 autem
1180 3734 1324 3781 esset
1353 3724 1765 3785 inconveniens,
1819 3737 1957 3791 pou-

394 3821 592 3875 tiﬁrem
642 3819 875 3889 aliquem
935 3817 1020 3872 vel
1066 3815 1280 3879 exsilio,
1342 3815 1426 3870 vel
1465 3814 1572 3868 alio
1613 3828 1741 3868 casu
1779 3813 1960 3882 aliquo

394 3914 670 3979 ali‘ectnm,
731 3915 990 3968 ministris
1054 3911 1370 3968 absentibus
1428 3911 1520 3978 qui
1575 3909 1648 3962 illi
1711 3910 1764 3963 in
1810 3908 1962 3963 obla-

395 4008 545 4062 tione
591 4005 837 4059 salutaris
885 4003 1078 4058 hostite
1131 4001 1408 4064 assistant,
1443 4015 1546 4054 non
1573 4013 1668 4069 per
1719 3999 1956 4068 seipsum

399 4096 580 4152 Omnia
609 4096 850 4166 implere,
880 4096 994 4161 sed,
1030 4095 1148 4150 sine
1164 4102 1632 4150 sacramentorum
1666 4091 1964 4160 participa-

401 4190 548 4242 tione
578 4186 881 4241 diutissime
901 4184 1213 4254 persistere,
1260 4182 1345 4236 vel
1377 4183 1492 4237 sine
1519 4181 1652 4250 ipsis
1673 4183 1838 4236 etiam
1869 4184 1967 4235 de-

406 4277 597 4331 cedere
624 4319 637 4342 ,
673 4291 794 4331 cum
826 4275 957 4329 nihil
979 4274 1138 4338 adsit,
1180 4271 1324 4341 quod
1362 4269 1754 4326 rationabiliter
1782 4284 1847 4324 ac
1877 4284 1969 4326 ne-

404 4370 640 4424 cessario
668 4369 917 4423 obsistat.

2052 3287 2157 3340 est,
2183 3274 2442 3345 quocirca
2482 3271 2655 3341 magis
2685 3284 2750 3325 ac
2784 3269 2959 3340 magis
2985 3267 3231 3324 veritatis
3263 3267 3490 3320 ﬁrmitas
3520 3263 3619 3318 ad-

2053 3367 2301 3423 miranda
2331 3373 2416 3420 est
2450 3406 2466 3421 .
2528 3363 2696 3432 quod,
2753 3375 2876 3416 cum
2935 3359 3014 3414 illi
3067 3358 3408 3414 extrinsecus
3455 3355 3622 3410 divisi
3669 3421 3687 3438 .

2053 3462 2192 3524 sint,
2243 3471 2350 3512 non
2405 3464 2586 3512 tamen
2620 3454 2752 3508 ﬁdes
2795 3452 2903 3506 illis
2931 3451 3166 3506 discreta
3191 3457 3294 3503 est.
3323 3445 3624 3516 Propterea

2056 3554 2275 3615 propter
2327 3542 2685 3611 principatum
2742 3537 3083 3594 solummodo
3151 3534 3394 3597 differre,
3465 3533 3624 3604 longe

2058 3638 2229 3692 levius
2263 3643 2346 3690 est
2373 3647 2538 3706 quam
2570 3631 2689 3687 ﬁdei
2710 3631 2920 3685 ratione
2945 3627 3211 3698 separari.
3259 3625 3444 3682 Utrum
3477 3627 3622 3679 enim

2061 3731 2274 3785 illorum
2313 3728 2548 3798 quisque
2599 3724 2703 3781 sibi
2741 3723 2925 3793 eligat,
2991 3720 3193 3776 nullum
3252 3719 3372 3774 ﬁdei
3430 3719 3627 3774 discri-

2064 3833 2182 3873 men
2228 3817 2476 3872 incnrrit.
3460 3807 3465 3812 ’

2484 3905 2561 3959 De
2585 3902 2866 3958 Dominicis
2899 3887 3234 3968 imaginibus.

2137 3999 2365 4066 Quidam
2385 3987 2514 4050 vero
2543 4001 2850 4048 nostrorum
2874 3990 3008 4042 adeo
3038 3988 3242 4055 perdita
3269 3993 3449 4041 mente
3479 3996 3628 4047 sunt,

2069 4098 2125 4142 ut
2153 4087 2312 4141 etiam
2362 4079 2659 4138 Salvatoris
2707 4075 3031 4148 imaginem,
3056 4073 3260 4130 Latinis
3302 4082 3511 4128 tantum
3553 4075 3636 4127 in—
3668 4091 3684 4106 -

2046 4178 2326 4246 scriptam
2369 4167 2563 4226 litteris
2615 4167 3146 4238 adorare,rennant.
3208 4163 3637 4233 ipsamoqnoque

2075 4267 2448 4325 adorationcm
2500 4261 2651 4315 ﬂexis
2679 4257 2903 4328 genibus
2935 4256 3044 4310 Deo
3068 4254 3294 4309 reddere
3319 4254 3635 4308 haereticum

2075 4359 2390 4416 existimant
2443 4367 2663 4422 :neque
2713 4348 3059 4419 evangelistm
3103 4361 3375 4402 memores
3425 4346 3492 4399 de
3538 4343 3641 4398 Do-

487 4463 638 4526 Quod
670 4459 814 4514 enim
865 4457 1085 4521 dicitur,
1121 4472 1224 4510 non
1253 4433 1490 4524 oportere
1520 4451 1877 4524 presbyterum
1913 4452 1968 4503 in
2001 4514 2041 4526 _
2077 4453 2225 4507 mino
2253 4447 2483 4505 dicentis
2513 4464 2526 4500 :
2558 4444 2743 4511 positis
2774 4439 2988 4511 genibus
3012 4441 3219 4503 oravit;
3249 4452 3424 4508 neque
3452 4451 3641 4492 sacer-

408 4551 617 4606 diawni
675 4548 909 4603 ordinem
945 4548 1138 4610 venire.
1171 4529 1480 4615 huiusmodi
1519 4555 1622 4606 est.
1691 4558 1754 4596 ac
1807 4541 1852 4595 si
1893 4541 1972 4594 di-
2001 4514 2046 4569 θ
2076 4545 2265 4600 dolum
2318 4536 2723 4593 admonendum
2755 4532 3010 4603 populum
3047 4545 3178 4584 voce
3207 4529 3389 4598 magni
3422 4527 3632 4588 Basilii,

410 4631 610 4696 eaturz'
673 4639 790 4694 Non
837 4638 1057 4708 expedit
1111 4647 1174 4691 ut
1224 4635 1515 4691 sacerdotii
1559 4633 1784 4703 gradum
1818 4632 1973 4686 dese-

317 4807 322 4809 _
411 4748 538 4788 rens
597 4731 870 4802 quispiam
925 4731 994 4785 ad
1043 4729 1261 4784 diaconi
1312 4727 1658 4782 transcendat
1703 4724 1970 4780 ordinem.

2078 4646 2142 4686 ac
2177 4627 2473 4683 dicentium
2510 4641 2524 4680 :
2559 4621 2760 4677 Iterum
2806 4630 2963 4690 atque
3008 4620 3200 4673 iterum
3229 4623 3507 4670 curvantes
3558 4631 3644 4682 ge-

2079 4717 2186 4776 nua
2221 4715 2503 4772 Dominum
2531 4727 2818 4783 precemur.
3156 4707 3164 4720 '

1705 4840 1779 4893 De
1811 4839 1982 4892 crucis
2006 4837 2156 4906 signa
2198 4830 2336 4901 (84).

493 4945 652 4999 Ἀλλὰ
693 4945 786 4999 καὶ
831 4943 907 5018 (l)
948 4942 1038 4999 τὸν
1094 4941 1346 5012 σταυρὸν,
1385 4940 1575 5007 Ξτιπερ
1607 4934 1976 5005 ἀντιστρόφως

415 5040 640 5107 ἑαυτοὺς
687 5037 1082 5107 σχηματίζουσι
1117 5033 1524 5106 σημειούμενοι,
1567 5027 1869 5089 αἰτιῶνται,
1900 5025 1980 5078 ὥσ

415 5146 521 5198 περ
547 5105 645 5180 οὐκ
675 5105 826 5198 tisi;
854 5126 1082 5194 δυνάμει
1101 5105 1193 5177 τοῦ
1217 5124 1517 5194 σχήματος,
1538 5117 1725 5172 eam
1745 5119 1813 5187 τῇ
1837 5115 1982 5169 Θέσει

415 5222 515 5291 τῆς
547 5220 676 5291 περὶ
697 5218 788 5282 τὸν
818 5217 1079 5280 {tuomth
1111 5215 1346 5285 σταυρὸν
1383 5212 1673 5271 εὐλαϐείας
1702 5210 1800 5263 καὶ
1842 5209 1982 5261 θεω-

491 5362 600 5431 (8'5)
662 5361 819 5415 Forte
849 5359 1083 5431 loquitur
1131 5355 1321 5431 Qaleca
1363 5355 1428 5407 de
1454 5352 1745 5431 schismate
1775 5355 1978 5431 tempor-

422 5448 479 5485 re
496 5422 706 5485 concilii
729 5422 1051 5484 Basileensis
1081 5427 1161 5480 vel
1192 5422 1650 5485 Constantiensis;
1675 5427 1804 5472 tunc
1832 5422 1976 5470 enim

424 5503 604 5568 piures
634 5500 782 5554 fuere
813 5498 1092 5568 pontiﬁces
1114 5504 1168 5550 et
1195 5495 1408 5562 quidem
1428 5491 1562 5568 dn_o,_
1581 5501 1824 5567 tempore
1843 5501 1974 5568 con-

425 5560 533 5624 cilii
567 5560 894 5623 Basileen'sis
921 5585 936 5629 ;
968 5581 1031 5619 ex
1063 5580 1170 5634 quo
1197 5560 1262 5618 de
1288 5573 1444 5617 :etate
1473 5560 1678 5615 Calecaa
1709 5560 1980 5634 conjectu-

427 5655 539 5692 ram
580 5655 798 5707 capere'
832 5625 1327 5707 Ιίρεέινς(ιιιξιιηιιιιῐξι⁸
1358 5634 1496 5686 idem
1551 5643 1709 5707 casus
1759 5625 1978 5681 accidit.

430 5699 663 5762 maxime
691 5708 907 5776 quando
929 5699 1148 5762 Urbano
1177 5703 1245 5758 Vl
1271 5702 1518 5755 Cletueus
1563 5699 1654 5752 γη
1690 5707 1773 5767 est
1811 5709 1982 5764 oppo-

492 5828 564 5888 (i)
595 5825 766 5876 Grece
790 5823 914 5884 apud
940 5821 1175 5872 Allatium
1208 5819 1276 5869 De
1296 5827 1547 5873 consensu,
1569 5828 1619 5875 p.
1650 5811 1793 5888 1560.¹

2153 4931 2458 4986 Causantur
2509 4927 2636 4981 item
2657 4964 2674 4989 ,
2720 4922 2845 4992 quia
2878 4921 3001 4976 dum
3034 4913 3200 4974 vitale
3229 4918 3330 4973 sibi
3363 4917 3542 4972 crucis
3571 4915 3646 4970 si-

2086 5033 2247 5091 gnum
2284 5018 2624 5086 imprimunt,
2677 5020 2984 5066 transverse
3015 5023 3045 5062 a
3099 5007 3308 5063 dextris
3349 5005 3654 5060 inchoando

2089 5121 2307 5164 crucem
2342 5107 2598 5167 formant,
2657 5099 2813 5171 quasi
2848 5113 2952 5152 non
3012 5097 3214 5150 virtute
3272 5097 3434 5164 signi,
3469 5096 3562 5149 sed
3601 5093 3652 5145 in

2091 5199 2481 5269 compositione
2523 5193 2747 5248 viviﬁcm
2774 5191 2954 5246 crucis
2990 5189 3198 5258 religio,
3231 5198 3285 5243 et
3319 5187 3650 5248 reverentia,

2087 5343 2225 5398 situs
2252 5343 2527 5408 amipapa,
2562 5352 2706 5391 anno
2731 5332 3140 5408 Cliristi__1578.
3191 5330 3342 5398 Quod
3417 5328 3655 5408 scitis-ma

2086 5397 2678 5482 qttinquagint'aiannos
2713 5407 2922 5482 ten_uit._
2943 5403 3054 5482 Hoc
3104 5397 3285 5482 tamen
3305 5415 3470 5482 .nonr
3498 5397 3658 5482 habet

2089 5468 2288 5546 locum,
2320 5468 2364 5534 si
2405 5481 2598 5535 Caleca
2641 5477 2872 5530 concilio
2903 5471 3248 5546 Lugdunensi
3305 5468 3566 5526 interfuit,
3603 5472 3660 5517 ut

2088 5543 2609 5608 scribitGalesinius
2645 5548 2692 5599 in
2730 5546 2848 5598 Vita
2889 5545 3061 5599 sancti
3098 5543 3510 5608 Bonaveuturre.

2162 5622 2276 5692 (84)
2311 5617 2759 5689 Gretserumlege
2784 5616 2876 5670 lib.
2910 5630 2981 5676 tv,
3017 5628 3066 5667 c.
3097 5611 3148 5674 i,
3181 5611 3251 5661 De
3270 5606 3326 5660 S.
3360 5605 3548 5659 Cruce.
3625 5633 3630 5638 -
3689 5627 3694 5643 .-
